{"host":"TheHustler","time":1612534283,"event":{"mods":["BaseMod","Block Reminder","Colored Map","Colored Powertips","Minty Spire (QoL Compilation)","Quick Restart","StSLib","SuperFastMode","Unceasing Turn Reminder"],"gold_per_floor":[111,129,30,41,41,73,90,90,139,155,184,184,215,229,229,330,330,345,356,356,356,356],"floor_reached":21,"language":"ENG","playtime":396,"items_purged":["Strike_G"],"score":226,"play_id":"28dc24c6-14bb-4454-94f2-18bf98e0aab4","local_time":"20210205151123","is_ascension_mode":false,"campfire_choices":[{"data":"Poisoned Stab","floor":8,"key":"SMITH"},{"floor":15,"key":"REST"}],"circlet_count":0,"master_deck":["Strike_G","Strike_G","Strike_G","Strike_G","Defend_G","Defend_G","Defend_G","Defend_G","Defend_G","Survivor","Neutralize","Quick Slash","Poisoned Stab+1","Backflip","Crippling Poison","Dagger Throw","Catalyst","Deadly Poison","Dagger Spray","Envenom","Escape Plan","Corpse Explosion","Blur","Backflip+1","Necronomicurse"],"relics":["Ring of the Snake","NeowsBlessing","Mercury Hourglass","PreservedInsect","Orichalcum","Bird Faced Urn","Toy Ornithopter","WristBlade","Necronomicon"],"acts_visited":["Exordium","TheCity"],"potions_floor_usage":[13,13,18],"damage_taken":[{"damage":0,"enemies":"Cultist","floor":1,"turns":1},{"damage":0,"enemies":"Jaw Worm","floor":2,"turns":1},{"damage":0,"enemies":"Small Slimes","floor":4,"turns":1},{"damage":26,"enemies":"Gremlin Nob","floor":6,"turns":5},{"damage":2,"enemies":"3 Louse","floor":7,"turns":3},{"damage":5,"enemies":"Large Slime","floor":10,"turns":4},{"damage":11,"enemies":"3 Sentries","floor":11,"turns":5},{"damage":0,"enemies":"Gremlin Nob","floor":13,"turns":2},{"damage":0,"enemies":"Blue Slaver","floor":14,"turns":4},{"damage":37,"enemies":"Slime Boss","floor":16,"turns":9},{"damage":0,"enemies":"3 Byrds","floor":18,"turns":2},{"damage":14,"enemies":"Chosen","floor":19,"turns":6},{"damage":42,"enemies":"Sentry and Sphere","floor":21,"turns":5}],"seed_played":"-1979770102345892732","potions_obtained":[{"floor":1,"key":"Fire Potion"},{"floor":4,"key":"DuplicationPotion"},{"floor":7,"key":"SkillPotion"},{"floor":16,"key":"Energy Potion"},{"floor":18,"key":"AttackPotion"}],"is_trial":false,"path_per_floor":["M","M","$","M","?","E","M","R","T","M","E","?","E","M","R","B",null,"M","M","?","M"],"character_chosen":"THE_SILENT","items_purchased":["Backflip"],"campfire_rested":1,"item_purchase_floors":[3],"current_hp_per_floor":[70,70,70,70,58,32,30,30,30,25,14,14,14,16,37,2,70,70,56,40,0,0],"gold":356,"neow_bonus":"THREE_ENEMY_KILL","is_daily":false,"chose_seed":false,"campfire_upgraded":1,"win_rate":0.0,"timestamp":1612534283,"path_taken":["M","?","$","?","?","E","M","R","T","M","E","?","E","M","R","BOSS","M","M","?","M"],"items_purchased_type":["Card"],"build_version":"2020-12-18","purchased_purges":1,"victory":false,"max_hp_per_floor":[70,70,70,70,70,70,70,70,70,70,70,70,70,70,70,70,70,70,70,70,70,70],"card_choices":[{"not_picked":["Distraction","Sucker Punch"],"picked":"Quick Slash","floor":1},{"not_picked":["Acrobatics","Dodge and Roll"],"picked":"Poisoned Stab","floor":2},{"not_picked":["Quick Slash","Dodge and Roll"],"picked":"Crippling Poison","floor":4},{"not_picked":["Eviscerate","Setup"],"picked":"Dagger Throw","floor":6},{"not_picked":["Backflip","Endless Agony"],"picked":"Catalyst","floor":7},{"not_picked":["Leg Sweep","Night Terror"],"picked":"Deadly Poison","floor":10},{"not_picked":["Deflect","Setup"],"picked":"Dagger Spray","floor":11},{"not_picked":["Concentrate","Setup"],"picked":"Envenom","floor":13},{"not_picked":["Quick Slash","Underhanded Strike"],"picked":"Escape Plan","floor":14},{"not_picked":["A Thousand Cuts","After Image"],"picked":"Corpse Explosion","floor":16},{"not_picked":["Quick Slash","Riddle With Holes+1"],"picked":"Blur","floor":18},{"not_picked":["Skewer","Deadly Poison"],"picked":"Backflip+1","floor":19}],"player_experience":664322,"relics_obtained":[{"floor":6,"key":"PreservedInsect"},{"floor":9,"key":"Orichalcum"},{"floor":11,"key":"Bird Faced Urn"},{"floor":13,"key":"Toy Ornithopter"},{"floor":20,"key":"Necronomicon"}],"event_choices":[{"damage_healed":0,"gold_gain":0,"player_choice":"Success","damage_taken":12,"relics_obtained":["Mercury Hourglass"],"max_hp_gain":0,"max_hp_loss":0,"event_name":"Scrap Ooze","floor":5,"gold_loss":0},{"damage_healed":0,"gold_gain":0,"player_choice":"Ignored","damage_taken":0,"max_hp_gain":0,"max_hp_loss":0,"event_name":"Golden Wing","floor":12,"gold_loss":0},{"damage_healed":0,"gold_gain":0,"player_choice":"Obtained Book","damage_taken":16,"max_hp_gain":0,"max_hp_loss":0,"event_name":"Cursed Tome","floor":20,"gold_loss":0}],"is_beta":true,"boss_relics":[{"not_picked":["Tiny House","Cursed Key"],"picked":"WristBlade"}],"items_purged_floors":[3],"is_endless":false,"potions_floor_spawned":[1,4,7,16,18],"killed_by":"Sentry and Sphere","ascension_level":0}}