{"host":"7fyy23rucerupe6i","time":1612505088,"event":{"mods":["BaseMod","Minty Spire (QoL Compilation)","StSLib","The Senshi"],"gold_per_floor":[116,130,130,130,130,164,164,194,246,19,30,48,82,97,97,97,97],"floor_reached":16,"language":"ZHS","playtime":808,"items_purged":[],"score":110,"play_id":"2fac38b9-f4c8-4439-b1f7-f366334e011f","local_time":"20210205140448","is_ascension_mode":false,"campfire_choices":[{"data":"theSenshi:SailorKick","floor":7.0,"key":"SMITH"},{"data":"theSenshi:SteeledNerves","floor":15,"key":"SMITH"}],"circlet_count":0,"master_deck":["theSenshi:SailorKick","theSenshi:SailorKick","theSenshi:SailorKick+1","theSenshi:SailorBlock","theSenshi:SailorBlock","theSenshi:SailorBlock","theSenshi:SailorBlock","theSenshi:RoseThrow+1","theSenshi:MoonPrismPowerMakeUp+1","theSenshi:YouCanTalk","theSenshi:SailorVenusAssists","theSenshi:MoonCrystalPowerMakeUp","theSenshi:SteeledNerves+1","theSenshi:TallSilhouette","theSenshi:MoonCrystalPowerMakeUp"],"relics":["SlaversCollar","Shuriken","Mercury Hourglass","Toy Ornithopter","Sling","theSenshi:CrescentMoonWandRelic"],"acts_visited":["Exordium"],"potions_floor_usage":[13,16,16],"damage_taken":[{"damage":8.0,"enemies":"Jaw Worm","floor":1.0,"turns":4.0},{"damage":0.0,"enemies":"Small Slimes","floor":2.0,"turns":5.0},{"damage":19.0,"enemies":"Gremlin Nob","floor":6.0,"turns":5.0},{"damage":0,"enemies":"2 Louse","floor":11,"turns":2},{"damage":1,"enemies":"Looter","floor":12,"turns":3},{"damage":15,"enemies":"3 Sentries","floor":13,"turns":7},{"damage":2,"enemies":"Large Slime","floor":14,"turns":6},{"damage":30,"enemies":"Slime Boss","floor":16,"turns":11}],"seed_played":"7688609396233874181","potions_obtained":[{"floor":6.0,"key":"DistilledChaos"},{"floor":11,"key":"SkillPotion"},{"floor":12,"key":"Energy Potion"}],"is_trial":false,"path_per_floor":["M","M","?","?","?","E","R","?","T","$","M","M","E","M","R","B"],"character_chosen":"THE_SENSHI","items_purchased":["theSenshi:MoonCrystalPowerMakeUp","Sling"],"campfire_rested":0,"item_purchase_floors":[10,10],"current_hp_per_floor":[67,67,67,52,45,26,26,26,26,26,26,25,15,13,13,0,0],"gold":97,"neow_bonus":"BOSS_RELIC","is_daily":false,"chose_seed":false,"campfire_upgraded":2,"win_rate":0.0,"timestamp":1612505088,"path_taken":["M","M","?","?","?","E","R","?","T","?","M","M","E","M","R","BOSS"],"items_purchased_type":["Card","Relic"],"build_version":"2020-12-22","purchased_purges":0,"victory":false,"max_hp_per_floor":[75,75,75,75,75,75,75,75,75,75,75,75,75,75,75,75,75],"card_choices":[{"not_picked":["theSenshi:SailorMarsAssists","theSenshi:MoonPower","theSenshi:MercurysCunning"],"picked":"SKIP","floor":1.0},{"not_picked":["theSenshi:MoonsReflection","theSenshi:SailorChibiMoonAssists"],"picked":"theSenshi:YouCanTalk","floor":2.0},{"not_picked":["theSenshi:MercurysCunning","theSenshi:MoonPower","theSenshi:TuxedoSmokingBomber"],"picked":"SKIP","floor":6.0},{"not_picked":["theSenshi:TallSilhouette","theSenshi:SailorV"],"picked":"theSenshi:SteeledNerves","floor":11},{"not_picked":["theSenshi:SailorStarFighterAssists","theSenshi:LateForSchool"],"picked":"theSenshi:TallSilhouette","floor":12},{"not_picked":["theSenshi:KlutzyLuck","theSenshi:SailorPlanetAttack","theSenshi:HesSoDreamy"],"picked":"SKIP","floor":13},{"not_picked":["theSenshi:MoonKick","theSenshi:SailorStarFighterAssists"],"picked":"theSenshi:MoonCrystalPowerMakeUp","floor":14}],"player_experience":330815,"relics_obtained":[{"floor":6.0,"key":"Mercury Hourglass"},{"floor":9,"key":"Toy Ornithopter"},{"floor":13,"key":"theSenshi:CrescentMoonWandRelic"}],"event_choices":[{"damage_healed":0.0,"max_hp_gain":0.0,"max_hp_loss":0.0,"gold_gain":0.0,"cards_transformed":["theSenshi:SailorKick"],"event_name":"Living Wall","player_choice":"Change","floor":3.0,"gold_loss":0.0,"damage_taken":0.0,"cards_obtained":["theSenshi:SailorVenusAssists"]},{"damage_healed":0.0,"max_hp_gain":0.0,"max_hp_loss":0.0,"gold_gain":0.0,"event_name":"Shining Light","player_choice":"Entered Light","floor":4.0,"gold_loss":0.0,"damage_taken":15.0,"cards_upgraded":["theSenshi:MoonPrismPowerMakeUp","theSenshi:RoseThrow"]},{"damage_healed":0.0,"max_hp_gain":0.0,"max_hp_loss":0.0,"gold_gain":0.0,"event_name":"Scrap Ooze","player_choice":"Success","floor":5.0,"gold_loss":0.0,"damage_taken":7.0,"relics_obtained":["Shuriken"]},{"damage_healed":0,"gold_gain":30,"player_choice":"Searched \u00272\u0027 times","damage_taken":0,"max_hp_gain":0,"max_hp_loss":0,"event_name":"Dead Adventurer","floor":8,"gold_loss":0}],"is_beta":false,"boss_relics":[],"items_purged_floors":[],"is_endless":false,"potions_floor_spawned":[6,11,12],"killed_by":"Slime Boss","ascension_level":0}}