{"host":"xpgmdkzynapqiwc4","time":1612547139,"event":{"mods":["BaseMod","Colored Map","Hubris","Minty Spire (QoL Compilation)","StSLib"],"gold_per_floor":[116,116,116,116,137,171,191,224,250,281,246,262,262,280,280,399,399,420,345,383,383,401,401,436,211,290,190,208,208,232,272,272,400,400,423,448,466,466,466,501,501,525,525,525,540,540,564,127,127,127],"floor_reached":51,"language":"ENG","playtime":2793,"items_purged":["Strike_R","Strike_R","Strike_R"],"score":969,"play_id":"9143c732-f343-483b-852d-e9c1e81a5f4c","local_time":"20210205114539","is_ascension_mode":true,"campfire_choices":[{"data":"hubris:ReadiedAction","floor":13,"key":"SMITH"},{"data":"Heavy Blade","floor":15,"key":"SMITH"},{"data":"Double Tap","floor":23,"key":"SMITH"},{"data":"Flame Barrier","floor":32,"key":"SMITH"},{"data":"Inflame","floor":41,"key":"SMITH"},{"data":"Battle Trance","floor":44,"key":"SMITH"},{"data":"Shockwave","floor":49,"key":"SMITH"}],"circlet_count":0,"master_deck":["Strike_R","Defend_R","Defend_R","Defend_R","Defend_R","Bash","Spot Weakness","Flame Barrier","hubris:ReadiedAction+1","Heavy Blade+1","Double Tap+1","Battle Trance+1","Reaper","Clothesline+1","Inflame+1","Heavy Blade+1","Barricade","Pommel Strike+1","Entrench","Flame Barrier+1","Impervious","Heavy Blade+1","Shockwave+1","Good Instincts"],"relics":["Burning Blood","NeowsBlessing","Golden Idol","Bronze Scales","Strawberry","hubris:ChampionShield","Pen Nib","hubris:IronBody","Snecko Eye","Red Mask","Boot","Orrery","hubris:PeanutButter","hubris:Spice","Lizard Tail","hubris:Icosahedron","MealTicket","InkBottle","hubris:Towel","Bag of Preparation"],"acts_visited":["Exordium","TheCity","TheBeyond"],"potions_floor_usage":[8,8,20,31,50,50],"damage_taken":[{"damage":0,"enemies":"Jaw Worm","floor":1,"turns":1},{"damage":0,"enemies":"2 Louse","floor":5,"turns":1},{"damage":0,"enemies":"Gremlin Nob","floor":6,"turns":1},{"damage":0,"enemies":"Small Slimes","floor":7,"turns":4},{"damage":16,"enemies":"Lagavulin","floor":8,"turns":5},{"damage":32,"enemies":"Gremlin Nob","floor":10,"turns":5},{"damage":20,"enemies":"Exordium Thugs","floor":12,"turns":3},{"damage":0,"enemies":"3 Louse","floor":14,"turns":4},{"damage":20,"enemies":"Slime Boss","floor":16,"turns":4},{"damage":0,"enemies":"3 Byrds","floor":18,"turns":3},{"damage":9,"enemies":"Masked Bandits","floor":20,"turns":3},{"damage":3,"enemies":"Spheric Guardian","floor":22,"turns":3},{"damage":8,"enemies":"Gremlin Leader","floor":24,"turns":5},{"damage":0,"enemies":"Chosen and Byrds","floor":28,"turns":4},{"damage":0,"enemies":"Snake Plant","floor":30,"turns":2},{"damage":1,"enemies":"Slavers","floor":31,"turns":4},{"damage":0,"enemies":"Automaton","floor":33,"turns":8},{"damage":0,"enemies":"3 Darklings","floor":35,"turns":9},{"damage":0,"enemies":"Orb Walker","floor":36,"turns":3},{"damage":9,"enemies":"Jaw Worm Horde","floor":37,"turns":4},{"damage":3,"enemies":"Nemesis","floor":40,"turns":8},{"damage":0,"enemies":"Sphere and 2 Shapes","floor":42,"turns":3},{"damage":20,"enemies":"Spire Growth","floor":45,"turns":5},{"damage":0,"enemies":"Transient","floor":47,"turns":5},{"damage":0,"enemies":"Time Eater","floor":50,"turns":7}],"seed_played":"3600287713639661659","potions_obtained":[{"floor":1,"key":"HeartOfIron"},{"floor":7,"key":"PowerPotion"},{"floor":10,"key":"Fire Potion"},{"floor":18,"key":"Regen Potion"},{"floor":20,"key":"SmokeBomb"},{"floor":28,"key":"Swift Potion"},{"floor":35,"key":"PowerPotion"},{"floor":47,"key":"EssenceOfSteel"}],"is_trial":false,"path_per_floor":["M","?","?","?","M","E","M","E","T","E","?","M","R","M","R","B",null,"M","?","?","?","M","R","E","$","T","$","M","?","M","E","R","B",null,"M","M","M","?","?","E","R","M","T","R","M","?","M","$","R","B",null],"character_chosen":"IRONCLAD","items_purchased":["Orrery","Bag of Preparation","Shockwave","Good Instincts"],"campfire_rested":0,"item_purchase_floors":[25,48,48,48],"current_hp_per_floor":[80,60,48,48,54,67,73,63,63,37,58,44,44,50,50,36,87,87,87,84,84,87,87,85,85,85,85,87,95,95,95,95,95,103,103,103,103,103,98,98,98,98,98,98,91,91,98,98,98,98],"gold":127,"neow_bonus":"THREE_ENEMY_KILL","is_daily":false,"chose_seed":false,"campfire_upgraded":7,"win_rate":0.0,"timestamp":1612547139,"path_taken":["M","?","?","?","?","E","M","E","T","E","?","M","R","M","R","BOSS","M","?","?","?","?","R","E","$","T","$","M","?","M","E","R","BOSS","M","?","M","?","?","E","R","M","T","R","M","?","M","$","R","BOSS"],"items_purchased_type":["Relic","Relic","Card","Card"],"build_version":"2020-12-22","purchased_purges":3,"victory":true,"max_hp_per_floor":[80,80,80,80,80,87,87,87,87,87,87,87,87,87,87,87,87,87,87,87,87,87,87,87,87,87,87,87,95,95,95,95,95,103,103,103,103,103,98,98,98,98,98,98,98,98,98,98,98,98],"card_choices":[{"not_picked":["Fire Breathing","Iron Wave"],"picked":"Spot Weakness","floor":1},{"not_picked":["Spot Weakness","Sword Boomerang"],"picked":"Flame Barrier","floor":5},{"not_picked":["Sword Boomerang","Thunderclap"],"picked":"hubris:ReadiedAction","floor":6},{"not_picked":["Rupture","Pommel Strike"],"picked":"Heavy Blade","floor":7},{"not_picked":["hubris:SharpeningStone","Thunderclap"],"picked":"Double Tap","floor":8},{"not_picked":["Infernal Blade","Headbutt","Combust"],"picked":"SKIP","floor":10},{"not_picked":["Pommel Strike","Feel No Pain","Bloodletting"],"picked":"SKIP","floor":12},{"not_picked":["Bloodletting","Anger"],"picked":"Battle Trance","floor":14},{"not_picked":["Feed","Barricade"],"picked":"Reaper","floor":16},{"not_picked":["Pommel Strike","Whirlwind+1","Clash+1"],"picked":"SKIP","floor":18},{"not_picked":["Thunderclap+1","Blood for Blood"],"picked":"Clothesline+1","floor":20},{"not_picked":["Dark Embrace","Perfected Strike+1","Sever Soul"],"picked":"SKIP","floor":22},{"not_picked":["Pummel","Inflame","Headbutt+1"],"picked":"SKIP","floor":24},{"not_picked":["Sever Soul","Thunderclap"],"picked":"Heavy Blade+1","floor":25},{"not_picked":["Thunderclap","Shrug It Off"],"picked":"Barricade","floor":25},{"not_picked":["Body Slam","Clash"],"picked":"Pommel Strike+1","floor":25},{"not_picked":["Rampage","Flex+1","Headbutt"],"picked":"SKIP","floor":28},{"not_picked":["Rupture","Perfected Strike"],"picked":"Entrench","floor":30},{"not_picked":["Shrug It Off","Body Slam"],"picked":"Flame Barrier","floor":31},{"not_picked":["Fiend Fire","Brutality"],"picked":"Impervious","floor":33},{"not_picked":["Battle Trance","Pommel Strike"],"picked":"Heavy Blade+1","floor":35},{"not_picked":["Uppercut","Twin Strike+1","Cleave"],"picked":"SKIP","floor":36},{"not_picked":["Anger+1","Inflame","Clothesline+1"],"picked":"SKIP","floor":37},{"not_picked":["Rage+1","Seeing Red","Sword Boomerang+1"],"picked":"SKIP","floor":40},{"not_picked":["Feel No Pain+1","Anger+1","Whirlwind+1"],"picked":"SKIP","floor":42},{"not_picked":["Headbutt+1","Infernal Blade+1","Dark Embrace"],"picked":"SKIP","floor":45},{"not_picked":["Double Tap","Twin Strike+1","Sword Boomerang+1"],"picked":"SKIP","floor":47}],"player_experience":16524,"relics_obtained":[{"floor":6,"key":"Strawberry"},{"floor":8,"key":"hubris:ChampionShield"},{"floor":9,"key":"Pen Nib"},{"floor":10,"key":"hubris:IronBody"},{"floor":20,"key":"Red Mask"},{"floor":24,"key":"Boot"},{"floor":26,"key":"hubris:PeanutButter"},{"floor":29,"key":"hubris:Spice"},{"floor":31,"key":"Lizard Tail"},{"floor":40,"key":"MealTicket"},{"floor":43,"key":"InkBottle"}],"event_choices":[{"damage_healed":0,"gold_gain":0,"player_choice":"Take Damage","damage_taken":20,"relics_obtained":["Golden Idol"],"max_hp_gain":0,"max_hp_loss":0,"event_name":"Golden Idol","floor":2,"gold_loss":0},{"damage_healed":0,"gold_gain":0,"player_choice":"Success","damage_taken":12,"relics_obtained":["Bronze Scales"],"max_hp_gain":0,"max_hp_loss":0,"event_name":"Scrap Ooze","floor":3,"gold_loss":0},{"damage_healed":0,"gold_gain":0,"player_choice":"Ignored","damage_taken":0,"max_hp_gain":0,"max_hp_loss":0,"event_name":"Golden Wing","floor":4,"gold_loss":0},{"damage_healed":21,"gold_gain":0,"player_choice":"Healed","damage_taken":0,"max_hp_gain":0,"max_hp_loss":0,"event_name":"The Cleric","floor":11,"gold_loss":35},{"cards_removed":["Strike_R"],"damage_healed":0,"gold_gain":0,"player_choice":"Gave Gold","damage_taken":0,"max_hp_gain":0,"max_hp_loss":0,"event_name":"Beggar","floor":19,"gold_loss":75},{"damage_healed":0,"gold_gain":0,"player_choice":"Fought Bandits","damage_taken":0,"max_hp_gain":0,"max_hp_loss":0,"event_name":"Masked Bandits","floor":20,"gold_loss":0},{"damage_healed":0,"gold_gain":0,"player_choice":"Relic","damage_taken":0,"max_hp_gain":0,"max_hp_loss":0,"event_name":"Wheel of Change","floor":29,"gold_loss":0},{"damage_healed":0,"gold_gain":0,"player_choice":"Max HP","damage_taken":0,"max_hp_gain":0,"max_hp_loss":5,"event_name":"Winding Halls","floor":39,"gold_loss":0}],"is_beta":false,"boss_relics":[{"not_picked":["Empty Cage","Coffee Dripper"],"picked":"Snecko Eye"},{"not_picked":["Velvet Choker","Calling Bell"],"picked":"hubris:Spice"}],"items_purged_floors":[25,27,48],"is_endless":false,"potions_floor_spawned":[1,7,10,18,20,28,35,37,45,47],"ascension_level":2}}