{"host":"072lmn9sfokvtood","time":1612489556,"event":{"mods":["BaseMod","Colored Powertips","Curses Come First","Minty Spire (QoL Compilation)","StSLib"],"gold_per_floor":[18,18,18,18,41,17,40,40,92,130,155,199,199,212,212,333,333,352,273,292,316,211,211,211,221,221,236,236,236],"floor_reached":28,"language":"ENG","playtime":1545,"items_purged":[],"score":306,"play_id":"cbaca688-1d5a-49f3-8358-1415f48810ae","local_time":"20210204194556","is_ascension_mode":true,"campfire_choices":[{"floor":8,"key":"REST"},{"floor":13,"key":"REST"},{"floor":15,"key":"REST"},{"floor":23,"key":"REST"}],"circlet_count":0,"master_deck":["Survivor","Neutralize","Blade Dance+1","Cloak And Dagger","Blade Dance","A Thousand Cuts","Acrobatics","Masterful Stab","Venomology","Well Laid Plans","Corpse Explosion","Flying Knee","Phantasmal Killer","Masterful Stab","Tools of the Trade","Bouncing Flask","Malaise","All Out Attack","A Thousand Cuts","Blade Dance","Backstab","Blade Dance","Blade Dance+1","Infinite Blades","Flying Knee","Noxious Fumes+1"],"relics":["Ring of the Snake","Bloody Idol","Akabeko","MealTicket","Centennial Puzzle","Pandora\u0027s Box","Singing Bowl"],"acts_visited":["Exordium","TheCity"],"potions_floor_usage":[16,16,16,20,27,27,28],"damage_taken":[{"damage":3,"enemies":"2 Louse","floor":1,"turns":4},{"damage":0,"enemies":"Jaw Worm","floor":5,"turns":3},{"damage":0,"enemies":"Small Slimes","floor":7,"turns":2},{"damage":9,"enemies":"3 Sentries","floor":10,"turns":5},{"damage":13,"enemies":"Blue Slaver","floor":11,"turns":2},{"damage":0,"enemies":"Gremlin Nob","floor":12,"turns":3},{"damage":6,"enemies":"Lots of Slimes","floor":14,"turns":2},{"damage":20,"enemies":"Hexaghost","floor":16,"turns":10},{"damage":22,"enemies":"2 Thieves","floor":18,"turns":2},{"damage":13,"enemies":"Shell Parasite","floor":20,"turns":3},{"damage":36,"enemies":"Snake Plant","floor":21,"turns":4},{"damage":12,"enemies":"Chosen and Byrds","floor":25,"turns":4},{"damage":12,"enemies":"Cultist and Chosen","floor":27,"turns":4},{"damage":38,"enemies":"Shelled Parasite and Fungi","floor":28,"turns":3}],"seed_played":"7442746463654946685","potions_obtained":[{"floor":10,"key":"Ancient Potion"},{"floor":11,"key":"Fire Potion"},{"floor":12,"key":"PowerPotion"},{"floor":18,"key":"GamblersBrew"},{"floor":21,"key":"Swift Potion"}],"is_trial":false,"path_per_floor":["M","?","?","?","M","$","M","R","T","E","M","E","R","M","R","B",null,"M","$","M","M","$","R","?","M","T","M","M"],"character_chosen":"THE_SILENT","items_purchased":["Blade Dance","Backstab","Infinite Blades","Flying Knee"],"campfire_rested":4,"item_purchase_floors":[6,19,22,22],"current_hp_per_floor":[67,50,50,36,36,36,36,57,57,48,35,35,56,50,70,50,70,48,63,50,14,29,50,50,43,43,38,0,0],"gold":236,"neow_bonus":"REMOVE_TWO","is_daily":false,"chose_seed":false,"campfire_upgraded":0,"win_rate":0.0,"timestamp":1612489556,"path_taken":["M","?","?","?","M","?","?","R","T","E","M","E","R","M","R","BOSS","M","$","M","M","$","R","?","M","T","M","M"],"items_purchased_type":["Card","Card","Card","Card"],"build_version":"2020-12-22","purchased_purges":0,"victory":false,"max_hp_per_floor":[70,70,70,70,70,70,70,70,70,70,70,70,70,70,70,70,70,70,70,70,70,70,70,70,70,70,72,72,72],"card_choices":[{"not_picked":["Prepared","Predator"],"picked":"Blade Dance","floor":1},{"not_picked":["Acrobatics","Flying Knee"],"picked":"Cloak And Dagger","floor":5},{"not_picked":["Prepared","Outmaneuver"],"picked":"A Thousand Cuts","floor":7},{"not_picked":["Blur","Underhanded Strike"],"picked":"Acrobatics","floor":10},{"not_picked":["Acrobatics","Expertise"],"picked":"Masterful Stab","floor":11},{"not_picked":["Escape Plan","Cloak And Dagger"],"picked":"Venomology","floor":12},{"not_picked":["Poisoned Stab","Prepared"],"picked":"Well Laid Plans","floor":14},{"not_picked":["Malaise","Die Die Die"],"picked":"Corpse Explosion","floor":16},{"not_picked":["Predator+1","Expertise+1"],"picked":"Blade Dance","floor":18},{"not_picked":["Quick Slash+1","Dagger Spray"],"picked":"Blade Dance","floor":20},{"not_picked":["Poisoned Stab","PiercingWail"],"picked":"Blade Dance+1","floor":21},{"not_picked":["Flying Knee","Dagger Spray"],"picked":"Noxious Fumes+1","floor":25},{"not_picked":["Heel Hook+1","Escape Plan","Deadly Poison+1"],"picked":"Singing Bowl","floor":27}],"player_experience":271305,"relics_obtained":[{"floor":9,"key":"Akabeko"},{"floor":10,"key":"MealTicket"},{"floor":12,"key":"Centennial Puzzle"},{"floor":26,"key":"Singing Bowl"}],"event_choices":[{"damage_healed":0,"gold_gain":0,"player_choice":"Take Damage","damage_taken":17,"relics_obtained":["Golden Idol"],"max_hp_gain":0,"max_hp_loss":0,"event_name":"Golden Idol","floor":2,"gold_loss":0},{"damage_healed":0,"gold_gain":0,"player_choice":"Grow","damage_taken":0,"max_hp_gain":0,"max_hp_loss":0,"event_name":"Living Wall","floor":3,"gold_loss":0,"cards_upgraded":["Blade Dance"]},{"damage_healed":0,"gold_gain":0,"player_choice":"Entered Light","damage_taken":14,"max_hp_gain":0,"max_hp_loss":0,"event_name":"Shining Light","floor":4,"gold_loss":0,"cards_upgraded":["Strike_G","Defend_G"]},{"damage_healed":0,"gold_gain":0,"player_choice":"Gave Idol","damage_taken":0,"relics_obtained":["Bloody Idol"],"max_hp_gain":0,"max_hp_loss":0,"event_name":"Forgotten Altar","floor":24,"relics_lost":["Golden Idol"],"gold_loss":0}],"is_beta":false,"boss_relics":[{"not_picked":["Ectoplasm","Busted Crown"],"picked":"Pandora\u0027s Box"}],"items_purged_floors":[],"is_endless":false,"potions_floor_spawned":[10,11,12,18,21],"killed_by":"Shelled Parasite and Fungi","ascension_level":2}}