{"host":"4eao2pkwlmv012cz","time":1612510230,"event":{"mods":["BaseMod","Colored Powertips","Minty Spire (QoL Compilation)","Permanent Neow","Quick Restart","Random Character Button","StSLib"],"gold_per_floor":[119,119,131,149,14,49,49,49,74,74,74],"floor_reached":10,"language":"ENG","playtime":281,"items_purged":[],"score":132,"play_id":"62a5e7fb-37d8-42ec-a895-e6cbd4c0a89c","local_time":"20210205023030","is_ascension_mode":true,"campfire_choices":[{"floor":7,"key":"REST"}],"circlet_count":0,"master_deck":["AscendersBane","Strike_B","Strike_B","Strike_B","Strike_B","Defend_B","Defend_B","Defend_B","Defend_B","Zap","Dualcast","Redo","Hologram","Go for the Eyes","Steam Power"],"relics":["Busted Crown","WarpedTongs","Smiling Mask","Vajra"],"acts_visited":["Exordium"],"potions_floor_usage":[4,6,10],"damage_taken":[{"damage":7,"enemies":"Jaw Worm","floor":1,"turns":3},{"damage":5,"enemies":"Cultist","floor":3,"turns":4},{"damage":14,"enemies":"Small Slimes","floor":4,"turns":4},{"damage":40,"enemies":"3 Sentries","floor":6,"turns":9},{"damage":8,"enemies":"Gremlin Nob","floor":10,"turns":3}],"seed_played":"-1868249611863138439","potions_obtained":[{"floor":3,"key":"LiquidMemories"},{"floor":6,"key":"Fire Potion"}],"is_trial":false,"path_per_floor":["M","?","M","M","$","E","R","?","T","E"],"character_chosen":"DEFECT","items_purchased":["Regen Potion","Go for the Eyes"],"campfire_rested":1,"item_purchase_floors":[5,5],"current_hp_per_floor":[57,57,52,38,38,13,34,27,27,19,19],"gold":74,"neow_bonus":"BOSS_RELIC","is_daily":false,"chose_seed":false,"campfire_upgraded":0,"win_rate":0.0,"timestamp":1612510230,"path_taken":["M","?","M","M","?","E","R","?","T","E"],"items_purchased_type":["Potion","Card"],"build_version":"2020-12-22","purchased_purges":0,"victory":false,"max_hp_per_floor":[71,71,71,71,71,71,71,71,71,71,71],"card_choices":[{"not_picked":[],"picked":"Redo","floor":1},{"not_picked":["Scrape"],"picked":"SKIP","floor":3},{"not_picked":[],"picked":"Hologram","floor":4},{"not_picked":[],"picked":"Steam Power","floor":6}],"player_experience":2881747,"relics_obtained":[{"floor":6,"key":"Smiling Mask"},{"floor":9,"key":"Vajra"}],"event_choices":[{"damage_healed":0,"gold_gain":0,"player_choice":"Rummage","damage_taken":0,"relics_obtained":["WarpedTongs"],"max_hp_gain":0,"max_hp_loss":0,"event_name":"Accursed Blacksmith","floor":2,"gold_loss":0,"cards_obtained":["Pain"]},{"cards_removed":["Pain"],"damage_healed":0,"gold_gain":0,"player_choice":"Card Removal","damage_taken":7,"max_hp_gain":0,"max_hp_loss":0,"event_name":"Golden Wing","floor":8,"gold_loss":0}],"is_beta":false,"boss_relics":[],"items_purged_floors":[],"is_endless":false,"potions_floor_spawned":[3,6],"killed_by":"Gremlin Nob","ascension_level":20}}