{"host":"k5fgrtcqzqosfxt0","time":1612534443,"event":{"mods":["Act Like it!","Aspiration","BaseMod","Downfall","Gensokyo","Minty Spire (QoL Compilation)","StSLib","TestMod","The Runesmith","UnlockEverythingMod"],"gold_per_floor":[118,118,118,118,118,146,146,179,179,191,207,207,132,152,152,226,226,241,241,254,274,2,29,46,71,71,71,98,498,528,546,546,625,661,680,690,459,476,476,509,509,541,592,610,610,455,472,487,487,487,487,487,487,399,430,430],"floor_reached":57,"language":"ZHS","playtime":2431,"items_purged":["Injury","Strike_G","Choke","Neutralize+1","Survivor+1"],"score":3260,"play_id":"207ede22-0015-40f3-b3d8-3b96badf760b","local_time":"20210205221403","is_ascension_mode":true,"campfire_choices":[{"data":"Flechettes","floor":7.0,"key":"SMITH"},{"data":"Acrobatics","floor":12.0,"key":"SMITH"},{"data":"Survivor","floor":15.0,"key":"SMITH"},{"floor":27.0,"key":"RECALL"},{"data":"Caltrops","floor":32.0,"key":"SMITH"}],"circlet_count":0,"master_deck":["AscendersBane","Acrobatics+1","Flechettes+1","Reflex+1","Prepared+1","Acrobatics+1","Adrenaline+1","Backflip+1","Caltrops+1","Blur+1","Tactician+1","Leg Sweep+1"],"relics":["Ring of the Snake","testmod-TestBox","hexamod:SpiritBrand","testmod-RealStoneCalender","Toxic Egg 2","Mango","Whetstone","Happy Flower","Coffee Dripper","TheAbacus","Matryoshka","StrikeDummy","CeramicFish","Pocketwatch","Pandora\u0027s Box","Membership Card","Anchor","Singing Bowl","Akabeko","Juzu Bracelet","PrismaticShard","aspiration:SeaSaltIceCream","testmod-TestBox"],"acts_visited":["Exordium","TheCity","TheBeyond","TheEnding"],"potions_floor_usage":[],"damage_taken":[{"damage":4.0,"enemies":"Small Slimes","floor":1.0,"turns":3.0},{"damage":17.0,"enemies":"3 Sentries","floor":6.0,"turns":5.0},{"damage":12.0,"enemies":"Lagavulin","floor":8.0,"turns":6.0},{"damage":0.0,"enemies":"Jaw Worm","floor":10.0,"turns":3.0},{"damage":1.0,"enemies":"2 Louse","floor":11.0,"turns":2.0},{"damage":0.0,"enemies":"Exordium Thugs","floor":14.0,"turns":2.0},{"damage":1.0,"enemies":"Hexaghost","floor":16.0,"turns":6.0},{"damage":1.0,"enemies":"2 Thieves","floor":18.0,"turns":3.0},{"damage":0.0,"enemies":"Spheric Guardian","floor":20.0,"turns":1.0},{"damage":0.0,"enemies":"Cultist and Chosen","floor":21.0,"turns":3.0},{"damage":0.0,"enemies":"Gremlin Leader","floor":23.0,"turns":3.0},{"damage":0.0,"enemies":"Shelled Parasite and Fungi","floor":24.0,"turns":3.0},{"damage":0.0,"enemies":"Book of Stabbing","floor":25.0,"turns":2.0},{"damage":0.0,"enemies":"Snecko","floor":28.0,"turns":1.0},{"damage":6.0,"enemies":"Gremlin Leader","floor":30.0,"turns":2.0},{"damage":7.0,"enemies":"Collector","floor":33.0,"turns":4.0},{"damage":0.0,"enemies":"3 Darklings","floor":35.0,"turns":1.0},{"damage":0.0,"enemies":"Orb Walker","floor":36.0,"turns":2.0},{"damage":0.0,"enemies":"3 Darklings","floor":38.0,"turns":1.0},{"damage":0.0,"enemies":"Reptomancer","floor":40.0,"turns":1.0},{"damage":0.0,"enemies":"Giant Head","floor":42.0,"turns":1.0},{"damage":0.0,"enemies":"Spire Growth","floor":44.0,"turns":1.0},{"damage":0.0,"enemies":"Maw","floor":47.0,"turns":1.0},{"damage":0,"enemies":"Transient","floor":48,"turns":6},{"damage":0,"enemies":"Awakened One","floor":50,"turns":2},{"damage":0,"enemies":"Donu and Deca","floor":51,"turns":1},{"damage":0,"enemies":"Shield and Spear","floor":55,"turns":1},{"damage":71,"enemies":"The Heart","floor":56,"turns":5}],"seed_played":"2214327656900390231","potions_obtained":[{"floor":8.0,"key":"Fire Potion"},{"floor":11.0,"key":"LiquidBronze"},{"floor":14.0,"key":"DuplicationPotion"},{"floor":21.0,"key":"Block Potion"},{"floor":33.0,"key":"Energy Potion"}],"is_trial":false,"path_per_floor":["M","?","?","?","?","E","R","E","T","M","M","R","$","M","R","B",null,"M","?","M","M","$","E","M","E","T","R","M","?","E","?","R","B",null,"M","M","$","M","?","E","?","E","T","M","?","$","M","M","R","B","B",null,"R","$","E","B",null],"character_chosen":"THE_SILENT","items_purchased":["TheAbacus","Membership Card","PrismaticShard"],"campfire_rested":0,"item_purchase_floors":[22,37,46],"current_hp_per_floor":[55,48,48,48,48,45,45,33,33,33,32,32,32,32,32,31,68,67,67,67,67,67,67,67,67,67,67,67,67,61,61,61,54,74,74,74,74,74,74,74,74,76,76,78,78,78,80,82,82,82,82,87,87,87,89,18],"gold":430,"neow_bonus":"NOSTALGIA","is_daily":false,"chose_seed":false,"campfire_upgraded":4,"win_rate":0.0,"timestamp":1612534443,"path_taken":["M","?","?","?","?","E","R","E","T","M","M","R","$","M","R","BOSS","M","?","M","M","?","E","?","E","T","R","?","?","E","?","R","BOSS","M","M","$","M","?","E","?","E","T","M","?","$","M","M","R","BOSS","BOSS","R","$","E","BOSS"],"items_purchased_type":["Relic","Relic","Relic"],"build_version":"2020-12-22","purchased_purges":5,"victory":true,"max_hp_per_floor":[66,66,66,66,66,80,80,80,80,80,80,80,80,80,80,80,80,80,80,80,80,80,80,80,80,80,80,80,80,80,80,80,80,80,80,80,80,80,80,80,80,82,82,84,84,84,86,88,88,88,88,88,88,88,90,90],"card_choices":[{"not_picked":["Deflect","Bane","Sucker Punch"],"picked":"SKIP","floor":1.0},{"not_picked":["Terror+1","Endless Agony"],"picked":"Flechettes","floor":6.0},{"not_picked":["Blade Dance+1","Dagger Spray"],"picked":"Reflex+1","floor":8.0},{"not_picked":["Skewer","Backstab","Deadly Poison+1"],"picked":"SKIP","floor":10.0},{"not_picked":["Leg Sweep+1","Riddle With Holes","Slice"],"picked":"SKIP","floor":11.0},{"not_picked":["Dagger Spray","Venomology+1"],"picked":"Prepared+1","floor":14.0},{"not_picked":["Flying Knee","Cloak And Dagger+1"],"picked":"Acrobatics+1","floor":18.0},{"not_picked":["Dagger Spray","Sucker Punch","Bane"],"picked":"SKIP","floor":20.0},{"not_picked":["Accuracy","Flechettes+1","Sucker Punch"],"picked":"SKIP","floor":21.0},{"not_picked":["Distraction+1","Poisoned Stab","Dodge and Roll+1"],"picked":"SKIP","floor":23.0},{"not_picked":["Distraction+1","Poisoned Stab","Dodge and Roll+1"],"picked":"SKIP","floor":23.0},{"not_picked":["Blade Dance+1","Poisoned Stab"],"picked":"Adrenaline+1","floor":24.0},{"not_picked":["Bane+1","Deadly Poison+1","Bouncing Flask+1"],"picked":"SKIP","floor":25.0},{"not_picked":["Blade Dance+1","Underhanded Strike"],"picked":"Backflip+1","floor":28.0},{"not_picked":["Riddle With Holes","Acrobatics+1","Eviscerate"],"picked":"SKIP","floor":30.0},{"not_picked":["Deadly Poison+1","Dagger Throw","Flying Knee"],"picked":"SKIP","floor":35.0},{"not_picked":["Underhanded Strike","Prepared+1","Blade Dance+1"],"picked":"SKIP","floor":36.0},{"not_picked":["Poisoned Stab","Acrobatics+1","Slice+1"],"picked":"SKIP","floor":38.0},{"not_picked":["A Thousand Cuts","Leg Sweep+1","Dagger Throw"],"picked":"SKIP","floor":40.0},{"not_picked":["Dash","PiercingWail+1","Footwork"],"picked":"Singing Bowl","floor":42.0},{"not_picked":["Dodge and Roll+1","Skewer","Heel Hook"],"picked":"Singing Bowl","floor":44.0},{"not_picked":["Slimebound:FlameTackle","Slimebound:ItLooksTasty","Runesmith:BackupBattery+1"],"picked":"Singing Bowl","floor":47},{"not_picked":["FollowUp","sneckomod:SoulDraw+1","Heavy Blade"],"picked":"Singing Bowl","floor":48},{"not_picked":["sneckomod:SlitherStrike","hexamod:BacktrackSmack","Runesmith:CraftObretio+1"],"picked":"Singing Bowl","floor":55}],"player_experience":624824,"relics_obtained":[{"floor":6.0,"key":"Mango"},{"floor":8.0,"key":"Whetstone"},{"floor":9.0,"key":"Happy Flower"},{"floor":23.0,"key":"Matryoshka"},{"floor":25.0,"key":"StrikeDummy"},{"floor":26.0,"key":"CeramicFish"},{"floor":30.0,"key":"Pocketwatch"},{"floor":40.0,"key":"Anchor"},{"floor":42.0,"key":"Singing Bowl"},{"floor":43.0,"key":"Akabeko"},{"floor":43.0,"key":"Juzu Bracelet"},{"floor":55,"key":"aspiration:SeaSaltIceCream"}],"event_choices":[{"cards_removed":["Strike_G"],"damage_healed":0.0,"max_hp_gain":0.0,"max_hp_loss":0.0,"gold_gain":0.0,"event_name":"Golden Wing","player_choice":"Card Removal","floor":2.0,"gold_loss":0.0,"damage_taken":7.0},{"damage_healed":0.0,"max_hp_gain":0.0,"max_hp_loss":0.0,"gold_gain":0.0,"event_name":"给自己的盒子","player_choice":"Swap Relic","floor":3.0,"relics_lost":["aspiration:Nostalgia"],"gold_loss":0.0,"damage_taken":0.0,"relics_obtained":["testmod-TestBox"]},{"damage_healed":0.0,"max_hp_gain":0.0,"max_hp_loss":0.0,"gold_gain":0.0,"cards_transformed":["Strike_G"],"event_name":"Living Wall","player_choice":"Change","floor":4.0,"gold_loss":0.0,"damage_taken":0.0,"cards_obtained":["Acrobatics"]},{"cards_removed":["Strike_G"],"damage_healed":0.0,"max_hp_gain":0.0,"max_hp_loss":0.0,"gold_gain":0.0,"event_name":"Purifier","player_choice":"Purged","floor":19.0,"gold_loss":0.0,"damage_taken":0.0},{"damage_healed":0.0,"max_hp_gain":0.0,"max_hp_loss":0.0,"gold_gain":400.0,"event_name":"恩洛斯的盘子","player_choice":"Sell","floor":29.0,"relics_lost":["testmod-TestBox"],"gold_loss":0.0,"damage_taken":0.0},{"damage_healed":0.0,"max_hp_gain":0.0,"max_hp_loss":0.0,"gold_gain":0.0,"cards_transformed":["Strike_G","Defend_G"],"event_name":"Drug Dealer","player_choice":"Became Test Subject","floor":31.0,"gold_loss":0.0,"damage_taken":0.0,"cards_obtained":["Caltrops","Blur"]},{"cards_removed":["Flechettes"],"damage_healed":0.0,"max_hp_gain":0.0,"max_hp_loss":0.0,"gold_gain":0.0,"event_name":"Falling","player_choice":"Removed Attack","floor":39.0,"gold_loss":0.0,"damage_taken":0.0},{"damage_healed":0.0,"max_hp_gain":0.0,"max_hp_loss":0.0,"gold_gain":0.0,"event_name":"SensoryStone","player_choice":"Memory 1","floor":41.0,"gold_loss":0.0,"damage_taken":0.0},{"damage_healed":0.0,"max_hp_gain":0.0,"max_hp_loss":0.0,"gold_gain":0.0,"event_name":"Tomb of Lord Red Mask","player_choice":"Ignored","floor":45.0,"gold_loss":0.0,"damage_taken":0.0}],"is_beta":false,"boss_relics":[{"not_picked":["Runic Pyramid","aspiration:PoetsPen_weak"],"picked":"Coffee Dripper"},{"not_picked":["SlaversCollar","testmod-Fanaticism"],"picked":"Pandora\u0027s Box"}],"items_purged_floors":[13,22,37,46,54],"is_endless":false,"potions_floor_spawned":[8,11,14,20,21,24,33,38,47,48,55],"ascension_level":20}}