{"host":"skr63qsdfgeey3it","time":1612557337,"event":{"mods":["BaseMod","Colored Map","Hubris","Minty Spire (QoL Compilation)","Monster B Gone","Reliquary","Replay The Spire","Spicy Shops","StSLib"],"gold_per_floor":[118,118,118,118,16,42,53,79,159,159,174,4,17,33,33,107,107,121,39,39,58,76,104,54,54,135,169,169,0,0,13,13,13,13],"floor_reached":33,"language":"ENG","playtime":1067,"items_purged":["Languid","Hallucinations"],"score":541,"play_id":"a702b7b9-817a-46ef-82f4-38edae02d502","local_time":"20210205143537","is_ascension_mode":true,"campfire_choices":[{"floor":10,"key":"REST"},{"data":"Evolve","floor":15,"key":"SMITH"},{"floor":25,"key":"REST"},{"floor":28,"key":"REST"},{"floor":32,"key":"REST"}],"circlet_count":0,"master_deck":["AscendersBane","Strike_R","Strike_R+1","Defend_R","Defend_R+1","Defend_R+1","Defend_R+1","Bash","ReplayTheSpireMod:Strike From Hell","Twin Strike","Fire Breathing","Combust","Evolve+1","Wild Strike","ReplayTheSpireMod:LeadingStrike+1","Fiend Fire+1","Fiend Fire","Exhume","Life Link","Pommel Strike","Fire Breathing+1","Metallicize","Rampage","Dark Embrace","Shrug It Off","Writhe","Cold Snap","True Grit+1"],"relics":["Burning Blood","NeowsBlessing","Ring of Hypnosis","Ring of Fury","War Paint","ReplayTheSpireMod:CursedCoin","reliquary:Firecrackers","Gremlin Horn","reliquary:Sideboard","Astrolabe","reliquary:QuartzCube","hubris:SphereOfDissonance","Art of War","PrismaticShard","ReplayTheSpireMod:TigerMarble"],"acts_visited":["Exordium","TheCity"],"potions_floor_usage":[16,16,22,23,27,31],"damage_taken":[{"damage":0,"enemies":"Jaw Worm","floor":1,"turns":1},{"damage":0,"enemies":"Gremlin Nob","floor":6,"turns":1},{"damage":0,"enemies":"2 Louse","floor":7,"turns":1},{"damage":23,"enemies":"3 Sentries","floor":8,"turns":5},{"damage":0,"enemies":"Small Slimes","floor":11,"turns":2},{"damage":0,"enemies":"Gremlin Gang","floor":13,"turns":2},{"damage":0,"enemies":"3 Louse","floor":14,"turns":2},{"damage":58,"enemies":"The Guardian","floor":16,"turns":10},{"damage":14,"enemies":"Shell Parasite","floor":18,"turns":2},{"damage":14,"enemies":"Chosen","floor":21,"turns":3},{"damage":54,"enemies":"Shelled Parasite and Fungi","floor":22,"turns":4},{"damage":19,"enemies":"Gremlin Leader","floor":23,"turns":5},{"damage":28,"enemies":"Slavers","floor":27,"turns":5},{"damage":21,"enemies":"Snecko","floor":31,"turns":4},{"damage":72,"enemies":"Pondfish","floor":33,"turns":7}],"seed_played":"1975259879630560392","potions_obtained":[{"floor":7,"key":"LiquidMemories"},{"floor":11,"key":"Venom Potion"},{"floor":16,"key":"SpeedPotion"},{"floor":18,"key":"BloodPotion"},{"floor":23,"key":"Languid Potion"},{"floor":27,"key":"SkillPotion"}],"is_trial":false,"path_per_floor":["M","?","?","?","$","E","M","E","T","R","M","$","M","M","R","B",null,"M","$","?","M","M","E","?","R","T","E","R","$","?","M","R","B"],"character_chosen":"IRONCLAD","items_purchased":["ReplayTheSpireMod:CursedCoin","Twin Strike","Evolve","Wild Strike","Metallicize","Shrug It Off","PrismaticShard"],"campfire_rested":4,"item_purchase_floors":[5,5,12,12,19,29,29],"current_hp_per_floor":[74,74,59,34,34,40,46,29,29,51,57,57,63,69,69,17,61,53,53,85,77,29,33,33,58,58,36,61,61,61,46,71,0,0],"gold":13,"neow_bonus":"THREE_ENEMY_KILL","is_daily":false,"chose_seed":false,"campfire_upgraded":1,"win_rate":0.0,"timestamp":1612557337,"path_taken":["M","?","?","?","?","E","M","E","T","R","M","$","M","?","R","BOSS","M","$","?","?","M","E","?","R","T","E","R","?","?","M","R","BOSS"],"items_purchased_type":["Relic","Card","Card","Card","Card","Card","Relic"],"build_version":"2020-12-22","purchased_purges":2,"victory":false,"max_hp_per_floor":[75,75,75,75,75,75,75,75,75,75,75,75,75,75,75,75,75,75,75,85,85,85,85,85,85,85,85,85,85,85,85,85,85,85],"card_choices":[{"not_picked":["hubris:ReadiedAction","Twin Strike"],"picked":"ReplayTheSpireMod:Strike From Hell","floor":1},{"not_picked":["Anger","hubris:ReadiedAction"],"picked":"Fire Breathing","floor":6},{"not_picked":["Sever Soul","Headbutt","ReplayTheSpireMod:Corrosion Curse"],"picked":"SKIP","floor":7},{"not_picked":["Twin Strike","Body Slam"],"picked":"Combust","floor":8},{"not_picked":["Replay:Undeath\u0027s Touch","Run Through"],"picked":"Exhume","floor":11},{"not_picked":["Iron Wave","Clash"],"picked":"Pommel Strike","floor":13},{"not_picked":["Shrug It Off","ReplayTheSpireMod:Strike From Hell"],"picked":"Life Link","floor":14},{"not_picked":["Double Tap","Hemogenesis"],"picked":"Fiend Fire","floor":16},{"not_picked":["Replay:Undeath\u0027s Touch+1","Defy Death"],"picked":"Fire Breathing+1","floor":18},{"not_picked":["Clash","Burning Pact+1","Run Through"],"picked":"SKIP","floor":21},{"not_picked":["Evolve","ReplayTheSpireMod:Corrosion Curse"],"picked":"Rampage","floor":22},{"not_picked":["Sword Boomerang","Anger"],"picked":"Dark Embrace","floor":23},{"not_picked":["ReplayTheSpireMod:LeadingStrike","Clothesline"],"picked":"True Grit+1","floor":27},{"not_picked":["Havoc","Pommel Strike+1"],"picked":"Cold Snap","floor":31}],"player_experience":882403,"relics_obtained":[{"floor":2,"key":"Ring of Hypnosis"},{"floor":2,"key":"Ring of Fury"},{"floor":6,"key":"reliquary:Firecrackers"},{"floor":8,"key":"Gremlin Horn"},{"floor":9,"key":"reliquary:Sideboard"},{"floor":23,"key":"reliquary:QuartzCube"},{"floor":26,"key":"hubris:SphereOfDissonance"},{"floor":27,"key":"Art of War"}],"event_choices":[{"damage_healed":0,"gold_gain":0,"player_choice":"Entered Light","damage_taken":15,"max_hp_gain":0,"max_hp_loss":0,"event_name":"Shining Light","floor":3,"gold_loss":0,"cards_upgraded":["Strike_R","Defend_R"]},{"damage_healed":0,"gold_gain":0,"player_choice":"Success","damage_taken":25,"relics_obtained":["War Paint"],"max_hp_gain":0,"max_hp_loss":0,"event_name":"Scrap Ooze","floor":4,"gold_loss":0},{"cards_removed":["Hemogenesis"],"damage_healed":22,"gold_gain":0,"player_choice":"Offered Rare","damage_taken":0,"max_hp_gain":10,"max_hp_loss":0,"event_name":"Bonfire Elementals","floor":20,"gold_loss":0},{"damage_healed":0,"gold_gain":0,"player_choice":"Bet on Murderer","damage_taken":0,"max_hp_gain":0,"max_hp_loss":0,"event_name":"The Joust","floor":24,"gold_loss":50},{"damage_healed":0,"gold_gain":0,"player_choice":"Opened","damage_taken":0,"relics_obtained":["ReplayTheSpireMod:TigerMarble"],"max_hp_gain":0,"max_hp_loss":0,"event_name":"The Mausoleum","floor":30,"gold_loss":0,"cards_obtained":["Writhe"]}],"is_beta":false,"boss_relics":[{"not_picked":["reliquary:WritOfMandamus","Empty Cage"],"picked":"Astrolabe"}],"items_purged_floors":[5,5],"is_endless":false,"potions_floor_spawned":[7,11,14,16,18,23,27],"killed_by":"Pondfish","ascension_level":14}}