{"host":"rtw1tnr74gozsrw1","time":1612554114,"event":{"mods":["BaseMod","Colored Map","Colored Powertips","Highlight Path","Minty Spire (QoL Compilation)","StSLib","The Jungle"],"gold_per_floor":[115,115,132,132,57,57,76,76,76,76,1,1,14,44,44,140,140,157,157,175,193,93,93,93],"floor_reached":23,"language":"ENG","playtime":442,"items_purged":["Strike_B","Defend_B"],"score":257,"play_id":"1ef9e40a-fe14-41b2-851a-44cd7590771f","local_time":"20210205204154","is_ascension_mode":true,"campfire_choices":[{"data":"Redo","floor":6,"key":"SMITH"},{"data":"Zap","floor":8,"key":"SMITH"},{"data":"Defragment","floor":12,"key":"SMITH"},{"data":"Loop","floor":15,"key":"SMITH"}],"circlet_count":0,"master_deck":["Strike_B","Strike_B","Defend_B","Defend_B","Defend_B","Zap+1","Dualcast","Tempest","Redo+1","Defragment+1","Loop+1","Chill","Rainbow","Conserve Battery","Conserve Battery","Chaos+1"],"relics":["Cracked Core","NeowsBlessing","Bronze Scales","Eternal Feather","Cursed Key"],"acts_visited":["Exordium","TheCity"],"potions_floor_usage":[14,14],"damage_taken":[{"damage":0,"enemies":"Small Slimes","floor":1,"turns":1},{"damage":0,"enemies":"Jaw Worm","floor":3,"turns":1},{"damage":0,"enemies":"2 Louse","floor":7,"turns":1},{"damage":0,"enemies":"Large Slime","floor":13,"turns":4},{"damage":0,"enemies":"Lagavulin","floor":14,"turns":3},{"damage":31,"enemies":"Slime Boss","floor":16,"turns":8},{"damage":11,"enemies":"Shell Parasite","floor":18,"turns":3},{"damage":6,"enemies":"Spheric Guardian","floor":20,"turns":3},{"damage":22,"enemies":"Snake Plant","floor":21,"turns":3},{"damage":25,"enemies":"Slavers","floor":23,"turns":2}],"seed_played":"-6415995376399614859","potions_obtained":[{"floor":1,"key":"Explosive Potion"},{"floor":13,"key":"Fire Potion"},{"floor":18,"key":"Regen Potion"},{"floor":20,"key":"Regen Potion"}],"is_trial":false,"path_per_floor":["M","?","M","?","$","R","M","R","T","?","$","R","M","E","R","B",null,"M","?","M","M","$","E"],"character_chosen":"DEFECT","items_purchased":["Defragment"],"campfire_rested":0,"item_purchase_floors":[11],"current_hp_per_floor":[75,75,75,75,75,75,75,75,75,75,75,75,75,75,75,44,75,64,64,58,36,36,11,11],"gold":93,"neow_bonus":"THREE_ENEMY_KILL","is_daily":false,"chose_seed":false,"campfire_upgraded":4,"win_rate":0.0,"timestamp":1612554114,"path_taken":["M","?","M","?","?","R","M","R","T","?","$","R","M","E","R","BOSS","M","?","M","M","$","E"],"items_purchased_type":["Card"],"build_version":"2020-12-22","purchased_purges":2,"victory":false,"max_hp_per_floor":[75,75,75,75,75,75,75,75,75,75,75,75,75,75,75,75,75,75,75,75,75,75,75,75],"card_choices":[{"not_picked":["Auto Shields","Redo"],"picked":"Tempest","floor":1},{"not_picked":["Reinforced Body","Compile Driver"],"picked":"Redo","floor":3},{"not_picked":["Barrage","Rebound","Go for the Eyes"],"picked":"SKIP","floor":7},{"not_picked":["Fusion","Redo"],"picked":"Loop","floor":13},{"not_picked":["Rip and Tear","Go for the Eyes"],"picked":"Chill","floor":14},{"not_picked":["Fission","Echo Form"],"picked":"Rainbow","floor":16},{"not_picked":["Scrape","Self Repair"],"picked":"Conserve Battery","floor":18},{"not_picked":["Stack","Lockon"],"picked":"Conserve Battery","floor":20},{"not_picked":["Darkness","Recycle"],"picked":"Chaos+1","floor":21}],"player_experience":111044,"relics_obtained":[{"floor":9,"key":"Bronze Scales"},{"floor":14,"key":"Eternal Feather"}],"event_choices":[{"cards_removed":["Strike_B"],"damage_healed":0,"gold_gain":0,"player_choice":"Forget","damage_taken":0,"max_hp_gain":0,"max_hp_loss":0,"event_name":"Living Wall","floor":2,"gold_loss":0},{"damage_healed":0,"gold_gain":0,"player_choice":"Fled","damage_taken":0,"max_hp_gain":0,"max_hp_loss":0,"event_name":"Scrap Ooze","floor":4,"gold_loss":0},{"damage_healed":0,"gold_gain":0,"player_choice":"Ignored","damage_taken":0,"max_hp_gain":0,"max_hp_loss":0,"event_name":"Golden Idol","floor":10,"gold_loss":0},{"damage_healed":0,"gold_gain":0,"player_choice":"Ignored","damage_taken":0,"max_hp_gain":0,"max_hp_loss":0,"event_name":"Ghosts","floor":19,"gold_loss":0}],"is_beta":false,"boss_relics":[{"not_picked":["Fusion Hammer","Runic Pyramid"],"picked":"Cursed Key"}],"items_purged_floors":[5,22],"is_endless":false,"potions_floor_spawned":[1,13,18,20],"killed_by":"Slavers","ascension_level":4}}