{"host":"w7o06k3e8uel8euj","time":1612486479,"event":{"mods":["AchievementEnabler","BaseMod","Colored Powertips","Custom Start","DeckTracker","Keyboard Shortcuts","Minty Spire (QoL Compilation)","Quick Restart","Relic Stats","StSLib","SuperFastMode","everything is the same but u backflip on backflip"],"gold_per_floor":[113,113,75,225,49,49,80,80,130,130,163,175,207,225,225,303,303,349,349,394,440,336,391,391,439,439,439,494,535,592,636,636,710,710,757,601,649,649,561,591,606,606,679,679,629,644,671,716,716,716,716,716,170,197,197],"floor_reached":56,"language":"KOR","playtime":1652,"items_purged":["Defend_P","Doubt","Defend_P","Strike_P","Defend_P","Defend_P"],"score":2514,"play_id":"436c9827-4449-414a-baf3-8a17478b4adc","local_time":"20210205095439","is_ascension_mode":true,"campfire_choices":[{"data":"Adaptation","floor":6.0,"key":"SMITH"},{"data":"Tantrum","floor":8.0,"key":"SMITH"},{"data":"Wallop","floor":10.0,"key":"SMITH"},{"data":"InnerPeace","floor":15.0,"key":"SMITH"},{"floor":24.0,"key":"REST"},{"data":"Halt","floor":27.0,"key":"SMITH"},{"floor":32.0,"key":"REST"},{"data":"TalkToTheHand","floor":42.0,"key":"SMITH"},{"data":"Adaptation","floor":44.0,"key":"SMITH"},{"floor":49.0,"key":"RECALL"},{"data":"Vigilance","floor":52,"key":"SMITH"}],"circlet_count":0,"master_deck":["AscendersBane","Eruption+1","Vigilance+1","Consecrate+1","Adaptation+1","Tantrum+1","Wallop+1","InnerPeace+1","Wish+1","CutThroughFate+1","Halt+1","Adaptation+1","EmptyFist+1","TalkToTheHand+1","MentalFortress+1","MentalFortress+1"],"relics":["PureWater","NeowsBlessing","Membership Card","Orrery","Bag of Preparation","Calipers","StoneCalendar","Astrolabe","Damaru","Mango","Question Card","Regal Pillow","Runic Pyramid","Lantern","Toxic Egg 2","Frozen Egg 2","Potion Belt","DollysMirror","Pantograph","Mercury Hourglass","Ice Cream"],"acts_visited":["Exordium","TheCity","TheBeyond","TheEnding"],"potions_floor_usage":[55,55,55,55],"damage_taken":[{"damage":0.0,"enemies":"2 Louse","floor":1.0,"turns":1.0},{"damage":0.0,"enemies":"Gremlin Nob","floor":7.0,"turns":1.0},{"damage":0.0,"enemies":"3 Sentries","floor":11.0,"turns":1.0},{"damage":0.0,"enemies":"Small Slimes","floor":12.0,"turns":1.0},{"damage":16.0,"enemies":"Lagavulin","floor":13.0,"turns":3.0},{"damage":4.0,"enemies":"Jaw Worm","floor":14.0,"turns":2.0},{"damage":14.0,"enemies":"The Guardian","floor":16.0,"turns":6.0},{"damage":17.0,"enemies":"Spheric Guardian","floor":18.0,"turns":3.0},{"damage":28.0,"enemies":"Shell Parasite","floor":20.0,"turns":5.0},{"damage":27.0,"enemies":"Snecko","floor":21.0,"turns":6.0},{"damage":17.0,"enemies":"Slavers","floor":23.0,"turns":4.0},{"damage":0.0,"enemies":"Cultist and Chosen","floor":25.0,"turns":3.0},{"damage":18.0,"enemies":"Gremlin Leader","floor":28.0,"turns":6.0},{"damage":14.0,"enemies":"Centurion and Healer","floor":29.0,"turns":5.0},{"damage":0.0,"enemies":"Book of Stabbing","floor":30.0,"turns":3.0},{"damage":6.0,"enemies":"Snecko","floor":31.0,"turns":4.0},{"damage":1.0,"enemies":"Collector","floor":33.0,"turns":6.0},{"damage":23.0,"enemies":"3 Darklings","floor":35.0,"turns":5.0},{"damage":6.0,"enemies":"3 Shapes","floor":37.0,"turns":4.0},{"damage":15.0,"enemies":"Nemesis","floor":40.0,"turns":3.0},{"damage":0.0,"enemies":"Jaw Worm Horde","floor":41.0,"turns":2.0},{"damage":0.0,"enemies":"Transient","floor":46.0,"turns":6.0},{"damage":0.0,"enemies":"Reptomancer","floor":47.0,"turns":3.0},{"damage":6.0,"enemies":"3 Darklings","floor":48.0,"turns":4.0},{"damage":0,"enemies":"Donu and Deca","floor":50,"turns":3},{"damage":0,"enemies":"Shield and Spear","floor":54,"turns":4},{"damage":0,"enemies":"The Heart","floor":55,"turns":5}],"seed_played":"3633514170084082803","potions_obtained":[{"floor":12.0,"key":"CultistPotion"},{"floor":13.0,"key":"Weak Potion"},{"floor":16.0,"key":"Energy Potion"},{"floor":20.0,"key":"SkillPotion"},{"floor":25.0,"key":"Swift Potion"},{"floor":28.0,"key":"BottledMiracle"},{"floor":30.0,"key":"DistilledChaos"},{"floor":31.0,"key":"Explosive Potion"},{"floor":35.0,"key":"Strength Potion"},{"floor":40.0,"key":"Strength Potion"},{"floor":48.0,"key":"SpeedPotion"}],"is_trial":false,"path_per_floor":["M","?","$","?","$","R","E","R","T","R","E","M","E","M","R","B",null,"M","?","M","M","$","E","R","M","T","R","E","M","E","M","R","B",null,"M","$","M","?","$","E","M","R","T","R","?","M","E","M","R","B",null,"R","$","E","B",null],"character_chosen":"WATCHER","items_purchased":["Membership Card","Orrery","InnerPeace","Adaptation","Lantern","MentalFortress+1","DollysMirror","Pantograph","Mercury Hourglass","Strength Potion","PowerPotion"],"campfire_rested":2,"item_purchase_floors":[3,5,5,22,36,53,53,53,53,53,53],"current_hp_per_floor":[61,61,61,61,61,61,61,61,61,61,61,61,45,41,41,27,58,41,68,40,23,23,6,26,26,40,40,22,8,8,2,41,40,72,49,49,43,43,43,28,28,28,28,28,28,28,28,22,22,22,64,64,64,64,78],"gold":197,"neow_bonus":"THREE_ENEMY_KILL","is_daily":false,"chose_seed":false,"campfire_upgraded":8,"win_rate":0.0,"timestamp":1612486479,"path_taken":["M","?","$","?","$","R","E","R","T","R","E","M","E","M","R","BOSS","M","?","?","M","$","E","R","M","T","R","E","M","E","M","R","BOSS","M","$","M","?","$","E","M","R","T","R","?","?","E","M","R","BOSS","R","$","E","BOSS"],"items_purchased_type":["Relic","Relic","Card","Card","Relic","Card","Relic","Relic","Relic","Potion","Potion"],"build_version":"2020-12-22","purchased_purges":6,"victory":true,"max_hp_per_floor":[68,68,68,68,68,68,68,68,68,68,68,68,68,68,68,68,68,68,68,68,68,68,68,68,68,82,82,82,82,82,82,82,82,82,82,82,82,78,78,78,78,78,78,78,78,78,78,78,78,78,78,78,78,78,78],"relic_stats":{"Regal Pillow":15,"counters":[27,99],"Astrolabe":["DeceiveReality","Wish","CutThroughFate"],"Pantograph":14,"StoneCalendar":[0],"Bag of Preparation":[50],"Question Card":12,"obtain_stats":[{"Potion Belt":47,"Ice Cream":54,"Regal Pillow":30,"Lantern":36,"Calipers":11,"NeowsBlessing":0,"Astrolabe":17,"Damaru":23,"StoneCalendar":13,"Mango":26,"Bag of Preparation":7,"Frozen Egg 2":43,"Question Card":28,"Mercury Hourglass":53,"DollysMirror":53,"Pantograph":53,"Orrery":5,"Membership Card":3,"PureWater":0,"Toxic Egg 2":40,"Runic Pyramid":34},{"Potion Belt":23,"Ice Cream":26,"Regal Pillow":15,"Lantern":18,"Calipers":3,"NeowsBlessing":0,"Astrolabe":7,"Damaru":11,"StoneCalendar":5,"Mango":12,"Bag of Preparation":2,"Frozen Egg 2":21,"Question Card":13,"Mercury Hourglass":25,"DollysMirror":25,"Pantograph":25,"Orrery":1,"Membership Card":1,"PureWater":0,"Toxic Egg 2":20,"Runic Pyramid":17},{"Potion Belt":83,"Ice Cream":94,"Regal Pillow":50,"Lantern":65,"Calipers":3,"NeowsBlessing":0,"Astrolabe":15,"Damaru":33,"StoneCalendar":7,"Mango":36,"Bag of Preparation":2,"Frozen Egg 2":74,"Question Card":42,"Mercury Hourglass":90,"DollysMirror":90,"Pantograph":90,"Orrery":1,"Membership Card":1,"PureWater":0,"Toxic Egg 2":72,"Runic Pyramid":60}],"Mercury Hourglass":[27]},"card_choices":[{"not_picked":["Evaluate","Swivel"],"picked":"Consecrate","floor":1.0},{"not_picked":["Weave","EmptyMind"],"picked":"Adaptation","floor":5.0},{"not_picked":["CutThroughFate","SignatureMove"],"picked":"Tantrum","floor":5.0},{"not_picked":["Indignation","Prostrate"],"picked":"Wallop","floor":5.0},{"not_picked":["CutThroughFate","WreathOfFlame","Fasting2"],"picked":"SKIP","floor":7.0},{"not_picked":["Consecrate","EmptyBody","CrushJoints"],"picked":"SKIP","floor":11.0},{"not_picked":["Weave","SashWhip","Wireheading"],"picked":"SKIP","floor":12.0},{"not_picked":["PathToVictory","WreathOfFlame","Fasting2"],"picked":"SKIP","floor":13.0},{"not_picked":["Nirvana","PathToVictory","FlyingSleeves"],"picked":"SKIP","floor":14.0},{"not_picked":["EmptyBody","JustLucky","DeceiveReality"],"picked":"SKIP","floor":18.0},{"not_picked":["EmptyBody","InnerPeace","FlurryOfBlows"],"picked":"SKIP","floor":20.0},{"not_picked":["ReachHeaven+1","InnerPeace+1"],"picked":"Halt","floor":21.0},{"not_picked":["Indignation","Vengeance","CutThroughFate"],"picked":"SKIP","floor":23.0},{"not_picked":["Protect","Prostrate","Halt"],"picked":"SKIP","floor":25.0},{"not_picked":["SandsOfTime","Fasting2","Worship"],"picked":"SKIP","floor":28.0},{"not_picked":["FollowUp+1","FlurryOfBlows","BowlingBash","ReachHeaven+1"],"picked":"SKIP","floor":29.0},{"not_picked":["Indignation","CrushJoints","Consecrate","FlyingSleeves"],"picked":"SKIP","floor":30.0},{"not_picked":["JustLucky","CarveReality","Ragnarok"],"picked":"EmptyFist","floor":31.0},{"not_picked":["FollowUp","Indignation","ReachHeaven","BowlingBash"],"picked":"SKIP","floor":35.0},{"not_picked":["Halt","Worship","ThirdEye","CarveReality"],"picked":"SKIP","floor":37.0},{"not_picked":["Judgement+1","Fasting2+1","ClearTheMind+1","Evaluate+1"],"picked":"SKIP","floor":40.0},{"not_picked":["ForeignInfluence+1","Consecrate","Halt+1"],"picked":"TalkToTheHand","floor":41.0},{"not_picked":["CrushJoints","Nirvana+1","Meditate+1","Fasting2+1"],"picked":"SKIP","floor":46.0},{"not_picked":["LikeWater+1","Nirvana+1","Perseverance+1","FlyingSleeves"],"picked":"SKIP","floor":47.0},{"not_picked":["Prostrate+1","Blasphemy+1","BowlingBash","Meditate+1"],"picked":"SKIP","floor":48.0},{"not_picked":["FollowUp","Pray+1","ConjureBlade+1","EmptyMind+1"],"picked":"SKIP","floor":54}],"player_experience":528031,"relics_obtained":[{"floor":7.0,"key":"Bag of Preparation"},{"floor":11.0,"key":"Calipers"},{"floor":13.0,"key":"StoneCalendar"},{"floor":23.0,"key":"Damaru"},{"floor":26.0,"key":"Mango"},{"floor":28.0,"key":"Question Card"},{"floor":30.0,"key":"Regal Pillow"},{"floor":40.0,"key":"Toxic Egg 2"},{"floor":43.0,"key":"Frozen Egg 2"},{"floor":47.0,"key":"Potion Belt"},{"floor":54,"key":"Ice Cream"}],"event_choices":[{"damage_healed":0.0,"max_hp_gain":0.0,"max_hp_loss":0.0,"gold_gain":0.0,"event_name":"Living Wall","player_choice":"Grow","floor":2.0,"gold_loss":0.0,"damage_taken":0.0,"cards_upgraded":["Eruption"]},{"damage_healed":0.0,"max_hp_gain":0.0,"max_hp_loss":0.0,"gold_gain":150.0,"event_name":"Liars Game","player_choice":"AGREE","floor":4.0,"gold_loss":0.0,"damage_taken":0.0,"cards_obtained":["Doubt"]},{"cards_removed":["DeceiveReality"],"damage_healed":27.0,"max_hp_gain":0.0,"max_hp_loss":0.0,"gold_gain":0.0,"event_name":"Bonfire Elementals","player_choice":"Offered Uncommon","floor":19.0,"gold_loss":0.0,"damage_taken":0.0},{"damage_healed":0.0,"max_hp_gain":0.0,"max_hp_loss":4.0,"gold_gain":0.0,"event_name":"Winding Halls","player_choice":"Max HP","floor":38.0,"gold_loss":0.0,"damage_taken":0.0},{"damage_healed":0.0,"max_hp_gain":0.0,"max_hp_loss":0.0,"gold_gain":0.0,"event_name":"Designer","player_choice":"Upgraded Two","floor":45.0,"gold_loss":50.0,"damage_taken":0.0,"cards_upgraded":["Consecrate","EmptyFist"]}],"is_beta":false,"boss_relics":[{"not_picked":["Sozu","SacredBark"],"picked":"Astrolabe"},{"not_picked":["Velvet Choker","Pandora\u0027s Box"],"picked":"Runic Pyramid"}],"items_purged_floors":[3,5,22,36,39,53],"is_endless":false,"potions_floor_spawned":[12,13,16,20,25,28,30,31,35,40,46,48],"ascension_level":17}}