{"host":"c3lc60y5x60jlt1y","time":1612487986,"event":{"mods":["AchievementEnabler","BaseMod","Bestiary","Colored Map","Minty Spire (QoL Compilation)","Quick Restart","StSLib","ojb\u0027s Info Mod"],"gold_per_floor":[118,43,43,43,60,60,88,102,102,137,149,149,149,49,49,49,49],"floor_reached":16,"language":"ENG","playtime":622,"items_purged":["Defend_P","Strike_P"],"score":266,"play_id":"0e45284e-1911-4fcf-b7ec-e81016b69ad5","local_time":"20210205031946","is_ascension_mode":true,"campfire_choices":[{"data":"CrushJoints","floor":6,"key":"SMITH"},{"data":"Tantrum","floor":13,"key":"SMITH"},{"data":"Vigilance","floor":15,"key":"SMITH"}],"circlet_count":0,"master_deck":["AscendersBane","Strike_P","Strike_P","Strike_P","Defend_P","Defend_P","Defend_P","Eruption+1","Vigilance+1","CrushJoints+1","FlyingSleeves","DeusExMachina","Consecrate","Tantrum+1"],"relics":["Cursed Key","Eternal Feather","Vajra"],"acts_visited":["Exordium"],"potions_floor_usage":[7,16],"damage_taken":[{"damage":4,"enemies":"Small Slimes","floor":1,"turns":4},{"damage":7,"enemies":"2 Louse","floor":5,"turns":2},{"damage":29,"enemies":"3 Sentries","floor":7,"turns":8},{"damage":1,"enemies":"Cultist","floor":8,"turns":3},{"damage":0,"enemies":"Lagavulin","floor":10,"turns":4},{"damage":8,"enemies":"Blue Slaver","floor":11,"turns":2},{"damage":30,"enemies":"The Guardian","floor":16,"turns":10}],"seed_played":"-7411480091585945638","potions_obtained":[{"floor":1,"key":"SteroidPotion"},{"floor":7,"key":"Explosive Potion"},{"floor":10,"key":"Fruit Juice"}],"is_trial":false,"path_per_floor":["M","$","?","?","M","R","E","M","T","E","M","?","R","$","R","B"],"character_chosen":"WATCHER","items_purchased":[],"campfire_rested":0,"item_purchase_floors":[],"current_hp_per_floor":[57,57,57,57,50,50,21,20,20,20,12,12,21,21,27,2,2],"gold":49,"neow_bonus":"BOSS_RELIC","is_daily":false,"chose_seed":false,"campfire_upgraded":3,"win_rate":0.0,"timestamp":1612487986,"path_taken":["M","$","?","?","?","R","E","M","T","E","M","?","R","?","R","BOSS"],"items_purchased_type":[],"build_version":"2020-12-22","purchased_purges":2,"victory":false,"max_hp_per_floor":[68,68,68,68,68,68,68,68,68,68,68,68,68,68,68,73,73],"card_choices":[{"not_picked":["Evaluate","ReachHeaven"],"picked":"CrushJoints","floor":1},{"not_picked":["PathToVictory","CutThroughFate"],"picked":"FlyingSleeves","floor":5},{"not_picked":["Adaptation","Prostrate"],"picked":"DeusExMachina","floor":7},{"not_picked":["FollowUp","WreathOfFlame"],"picked":"Consecrate","floor":8},{"not_picked":["Consecrate","CutThroughFate"],"picked":"Tantrum","floor":10},{"not_picked":["SignatureMove","ThirdEye","CrushJoints"],"picked":"SKIP","floor":11}],"player_experience":9094451,"relics_obtained":[{"floor":7,"key":"Eternal Feather"},{"floor":10,"key":"Vajra"}],"event_choices":[{"damage_healed":0,"gold_gain":0,"player_choice":"Leave","damage_taken":0,"max_hp_gain":0,"max_hp_loss":0,"event_name":"The Cleric","floor":3,"gold_loss":0},{"damage_healed":0,"gold_gain":0,"player_choice":"Upgraded","damage_taken":0,"max_hp_gain":0,"max_hp_loss":0,"event_name":"Upgrade Shrine","floor":4,"gold_loss":0,"cards_upgraded":["Eruption"]},{"damage_healed":0,"gold_gain":0,"player_choice":"Ignored","damage_taken":0,"max_hp_gain":0,"max_hp_loss":0,"event_name":"Shining Light","floor":12,"gold_loss":0}],"is_beta":false,"boss_relics":[],"items_purged_floors":[2,14],"is_endless":false,"potions_floor_spawned":[1,7,10],"killed_by":"The Guardian","ascension_level":20}}