{"host":"uhnh33uh34qot0et","time":1612483469,"event":{"mods":["BaseMod","Colored Map","Downfall","Hermit","Marisa????????","Minty Spire (QoL Compilation)","StSLib","The Bug Knight","The Cursed","The Servant 0.9.4"],"gold_per_floor":[99,110,137,152,166,182,182,195,95,107,21,13,13,463,489,596,596,496,512,512,512,512,512],"floor_reached":21,"language":"ENG","playtime":1184,"items_purged":[],"score":198,"play_id":"3f241106-c13b-4f90-a278-a586b4e1bd74","local_time":"20210205010429","is_ascension_mode":false,"campfire_choices":[{"floor":1,"key":"RECALL"},{"data":"hexamod:PhantomCloak","floor":9,"key":"SMITH"},{"data":"hexamod:HexaLevel","floor":13,"key":"SMITH"},{"data":"hexamod:SpectersWail","floor":18,"key":"SMITH"}],"circlet_count":0,"master_deck":["hexamod:Strike","hexamod:Strike","hexamod:Strike","hexamod:Defend","hexamod:Defend","hexamod:Defend","hexamod:Defend","hexamod:Sear+1","hexamod:Float","hexamod:BacktrackSmack","hexamod:FourthSeal","hexamod:SpectersWail+1","hexamod:PhantomCloak+1","hexamod:EmpoweredFlame","hexamod:HexaLevel+1","hexamod:SecondSeal","downfall:Icky","downfall:Icky","downfall:Icky","hexamod:HeatCrush","hexamod:TimeOfNeed+1","hexamod:SixthSeal","hexamod:GhostOfSpirePresent+1","hexamod:ExtraCrispy+1","hexamod:PhantomCloak"],"relics":["hexamod:SpiritBrand","Unceasing Top","downfall:HeartBlessingBlue","Astrolabe","downfall:HeartBlessingRed"],"acts_visited":["Exordium","TheCity"],"potions_floor_usage":[16,16,20,20],"damage_taken":[{"damage":0,"enemies":"Cultist","floor":2,"turns":4},{"damage":1,"enemies":"Jaw Worm","floor":4,"turns":3},{"damage":0,"enemies":"2 Louse","floor":5,"turns":2},{"damage":5,"enemies":"2 Fungi Beasts","floor":6,"turns":3},{"damage":8,"enemies":"Exordium Wildlife","floor":8,"turns":4},{"damage":13,"enemies":"Large Slime","floor":10,"turns":6},{"damage":0,"enemies":"downfall:FleeingMerchant","floor":11,"turns":4},{"damage":11,"enemies":"Red Slaver","floor":15,"turns":5},{"damage":6,"enemies":"SI_SHIV_ARCHETYPE","floor":16,"turns":7},{"damage":39,"enemies":"Spheric Guardian","floor":19,"turns":9},{"damage":46,"enemies":"Shell Parasite","floor":20,"turns":6},{"damage":7,"enemies":"Shelled Parasite and Fungi","floor":21,"turns":1}],"seed_played":"3567788421612563311","potions_obtained":[{"floor":4,"key":"sneckomod:MuddlingPotion"},{"floor":5,"key":"Swift Potion"},{"floor":6,"key":"hexamod:EctoCoolerPotion"},{"floor":8,"key":"SkillPotion"},{"floor":11,"key":"Slimebound:ThreeZeroPotion"},{"floor":16,"key":"SmokeBomb"},{"floor":16,"key":"hexamod:DoubleChargePotion"}],"is_trial":false,"path_per_floor":["R","M","T","M","M","M","T","M","R","M","$","?","R","?","M","B",null,"R","M","M","M"],"character_chosen":"THE_SPIRIT","items_purchased":["hexamod:CatchUp"],"campfire_rested":0,"item_purchase_floors":[11],"current_hp_per_floor":[77,77,77,76,76,71,71,63,73,60,60,60,60,60,49,43,87,87,48,2,0,0,0],"gold":512,"neow_bonus":"TEN_PERCENT_HP_BONUS","is_daily":false,"chose_seed":false,"campfire_upgraded":3,"win_rate":0.0,"timestamp":1612483469,"path_taken":["R","M","?","M","M","M","T","M","R","M","$","?","R","?","M","BOSS","R","M","M","M"],"items_purchased_type":["Card"],"build_version":"2020-12-22","purchased_purges":0,"victory":false,"max_hp_per_floor":[77,77,77,77,77,77,77,77,87,87,87,87,87,87,87,87,87,87,87,87,87,87,87],"card_choices":[{"not_picked":["hexamod:Hexaguard","hexamod:FastForward"],"picked":"hexamod:BacktrackSmack","floor":2},{"not_picked":["hexamod:SkipABeat","hexamod:ExtraCrispy"],"picked":"hexamod:FourthSeal","floor":4},{"not_picked":["hexamod:ExtraCrispy","hexamod:ThermalTransfer"],"picked":"hexamod:SpectersWail","floor":5},{"not_picked":["hexamod:HeatMetal","hexamod:GhostLash"],"picked":"hexamod:PhantomCloak","floor":6},{"not_picked":["hexamod:FastForward","hexamod:NecessarySacrifice"],"picked":"hexamod:HeatMetal","floor":8},{"not_picked":["hexamod:RecurringNightmare","hexamod:GhostShield"],"picked":"hexamod:EmpoweredFlame","floor":10},{"not_picked":["hexamod:NightmareStrike","hexamod:HeatShield"],"picked":"hexamod:HexaLevel","floor":11},{"not_picked":["hexamod:Firestarter","hexamod:AdvancingGuard"],"picked":"hexamod:HeatCrush","floor":15},{"not_picked":["hexamod:UnleashSpirits","hexamod:TurnItUp"],"picked":"hexamod:TimeOfNeed","floor":16},{"not_picked":["hexamod:SkipABeat+1","hexamod:AdvancingGuard"],"picked":"hexamod:PhantomCloak","floor":19}],"player_experience":3185,"relics_obtained":[{"floor":7,"key":"Unceasing Top"}],"event_choices":[],"is_beta":false,"boss_relics":[{"not_picked":["Sozu","Runic Dome"],"picked":"Astrolabe"}],"items_purged_floors":[],"is_endless":false,"potions_floor_spawned":[4,8,10,16,19],"killed_by":"Shelled Parasite and Fungi","ascension_level":0}}