{"host":"yans4pr1zf0lm9bx","time":1612542439,"event":{"mods":["AchievementEnabler","BaseMod","Downfall","Minty Spire (QoL Compilation)","StSLib","SuperFastMode","slay the spire mod where everything is the same but ironclad has a cowboy hat"],"gold_per_floor":[99,116,130,142,142,170,170,170,182,182,210,225,225,225,245,245,245,245],"floor_reached":16,"language":"ENG","playtime":459,"items_purged":[],"score":118,"play_id":"bef156ce-add1-4d22-a7aa-624c273a7b64","local_time":"20210205112719","is_ascension_mode":true,"campfire_choices":[{"data":"champ:Execute","floor":1,"key":"SMITH"},{"data":"champ:Haymaker","floor":8,"key":"SMITH"},{"data":"champ:Haymaker","floor":10,"key":"SMITH"}],"circlet_count":0,"master_deck":["champ:Strike","champ:Strike","champ:Strike","champ:Strike","champ:Defend+1","champ:Defend","champ:Defend","champ:Defend","champ:Execute+1","champ:Taunt+1","champ:CrookedStrike","champ:Haymaker+1","champ:Haymaker+1","champ:CrownThrow","champ:TornadoPunch","champ:DefensiveStyle","champ:TornadoPunch"],"relics":["Snecko Eye","War Paint","Letter Opener","Mercury Hourglass"],"acts_visited":["Exordium"],"potions_floor_usage":[],"damage_taken":[{"damage":10,"enemies":"Jaw Worm","floor":2,"turns":3},{"damage":10,"enemies":"Small Slimes","floor":3,"turns":1},{"damage":0,"enemies":"2 Louse","floor":4,"turns":2},{"damage":54,"enemies":"Lagavulin","floor":6,"turns":6},{"damage":4,"enemies":"2 Fungi Beasts","floor":9,"turns":2},{"damage":17,"enemies":"Gremlin Nob","floor":11,"turns":4},{"damage":8,"enemies":"Gremlin Gang","floor":12,"turns":2},{"damage":13,"enemies":"Exordium Wildlife","floor":15,"turns":3},{"damage":12,"enemies":"SI_SHIV_ARCHETYPE","floor":16,"turns":5}],"seed_played":"-8742737936862923762","potions_obtained":[{"floor":3,"key":"champ:CounterPotion"},{"floor":6,"key":"PowerPotion"},{"floor":12,"key":"SteroidPotion"}],"is_trial":false,"path_per_floor":["R","M","M","M","?","E","T","R","M","R","E","M","?","?","M","B"],"character_chosen":"THE_CHAMP","items_purchased":[],"campfire_rested":0,"item_purchase_floors":[],"current_hp_per_floor":[90,90,90,90,95,51,51,51,47,47,30,22,22,22,9,0,0,0],"gold":245,"neow_bonus":"BOSS_RELIC","is_daily":false,"chose_seed":false,"campfire_upgraded":3,"win_rate":0.0,"timestamp":1612542439,"path_taken":["R","M","M","M","?","E","T","R","M","R","E","M","?","?","M","BOSS"],"items_purchased_type":[],"build_version":"2020-12-22","purchased_purges":0,"victory":false,"max_hp_per_floor":[90,90,90,90,95,95,95,95,95,95,95,95,95,95,95,95,95,95],"card_choices":[{"not_picked":["champ:GutPunch","champ:StanceDance"],"picked":"champ:CrookedStrike","floor":2},{"not_picked":["champ:EnGarde","champ:StanceDance"],"picked":"champ:Haymaker","floor":3},{"not_picked":["champ:Backstep","champ:BringItOn"],"picked":"champ:Haymaker","floor":4},{"not_picked":["champ:RageSigil","champ:ShieldSigil"],"picked":"champ:CrownThrow","floor":6},{"not_picked":["champ:DefensiveShout","champ:GutPunch"],"picked":"champ:TornadoPunch","floor":9},{"not_picked":["champ:ShieldSigil","champ:BringItOn","champ:StanceDance"],"picked":"SKIP","floor":11},{"not_picked":["champ:Encircle","champ:SetATrap"],"picked":"champ:DefensiveStyle","floor":12},{"not_picked":["champ:BladeFlurry","champ:EnGarde"],"picked":"champ:TornadoPunch","floor":15}],"player_experience":351086,"relics_obtained":[{"floor":6,"key":"War Paint"},{"floor":7,"key":"Letter Opener"},{"floor":11,"key":"Mercury Hourglass"}],"event_choices":[{"damage_healed":0,"gold_gain":0,"player_choice":"Donut","damage_taken":0,"max_hp_gain":5,"max_hp_loss":0,"event_name":"Big Fish","floor":5,"gold_loss":0}],"is_beta":false,"boss_relics":[],"items_purged_floors":[],"is_endless":false,"potions_floor_spawned":[3,6,12],"killed_by":"SI_SHIV_ARCHETYPE","ascension_level":1}}