{"host":"soyfmymeou4emntr","time":1612496395,"event":{"mods":["BaseMod","BetterRewards","Minty Spire (QoL Compilation)","Relic Sorter","Relic Stats","StSLib"],"gold_per_floor":[117,135,148,9,26,26,57,57,80,80,145,145,171,221,221,294,294,312,323,373,32,132,132,164,89,89,89,99,99,125,145,145,217,217,233,62,77,147,214,241,254,279,279,279,36,55,80,93,93,93,93,93,93,7,40,40,40],"floor_reached":56,"language":"ENG","playtime":7444,"items_purged":["Clash"],"score":1974,"play_id":"f890abd4-c89c-4022-b65a-ae7e16e00fff","local_time":"20210204203955","is_ascension_mode":true,"campfire_choices":[{"data":"Uppercut","floor":6.0,"key":"SMITH"},{"data":"Offering","floor":8.0,"key":"SMITH"},{"data":"Flame Barrier","floor":12.0,"key":"SMITH"},{"floor":15.0,"key":"REST"},{"data":"Evolve","floor":23.0,"key":"SMITH"},{"data":"True Grit","floor":27.0,"key":"SMITH"},{"data":"Disarm","floor":29.0,"key":"SMITH"},{"data":"Heavy Blade","floor":32.0,"key":"SMITH"},{"floor":44.0,"key":"RECALL"},{"data":"Inflame","floor":49.0,"key":"SMITH"},{"data":"Uppercut","floor":53.0,"key":"SMITH"}],"circlet_count":0,"master_deck":["AscendersBane","Bash","Uppercut+1","Thunderclap","Thunderclap","Offering+1","Sever Soul","Reaper","Uppercut+1","Cleave","Anger","Flame Barrier+1","True Grit+1","Battle Trance","Pommel Strike","Shockwave","Burning Pact","Reaper","Heavy Blade+1","Evolve+1","Disarm+1","Juggernaut","Carnage","Dual Wield+1","Inflame+1","Heavy Blade+1","Heavy Blade+1"],"relics":["Pandora\u0027s Box","Toy Ornithopter","Potion Belt","SsserpentHead","Art of War","Matryoshka","Snecko Eye","Magic Flower","Blue Candle","Sundial","Vajra","StoneCalendar","Coffee Dripper","PreservedInsect","Bag of Marbles","Blood Vial","Orichalcum","Anchor","Letter Opener","Pocketwatch"],"acts_visited":["Exordium","TheCity","TheBeyond","TheEnding"],"potions_floor_usage":[56,56],"damage_taken":[{"damage":0.0,"enemies":"Cultist","floor":1.0,"turns":2.0},{"damage":12.0,"enemies":"Jaw Worm","floor":2.0,"turns":2.0},{"damage":0.0,"enemies":"Small Slimes","floor":3.0,"turns":1.0},{"damage":16.0,"enemies":"3 Louse","floor":5.0,"turns":2.0},{"damage":20.0,"enemies":"3 Sentries","floor":7.0,"turns":5.0},{"damage":12.0,"enemies":"Lots of Slimes","floor":11.0,"turns":2.0},{"damage":15.0,"enemies":"Lagavulin","floor":13.0,"turns":6.0},{"damage":39.0,"enemies":"Hexaghost","floor":16.0,"turns":10.0},{"damage":8.0,"enemies":"Chosen","floor":18.0,"turns":4.0},{"damage":6.0,"enemies":"3 Byrds","floor":19.0,"turns":2.0},{"damage":12.0,"enemies":"Gremlin Leader","floor":24.0,"turns":5.0},{"damage":32.0,"enemies":"Sentry and Sphere","floor":28.0,"turns":5.0},{"damage":6.0,"enemies":"Book of Stabbing","floor":30.0,"turns":4.0},{"damage":20.0,"enemies":"Shelled Parasite and Fungi","floor":31.0,"turns":4.0},{"damage":72.0,"enemies":"Champ","floor":33.0,"turns":13.0},{"damage":8.0,"enemies":"3 Darklings","floor":35.0,"turns":3.0},{"damage":14.0,"enemies":"Orb Walker","floor":37.0,"turns":3.0},{"damage":18.0,"enemies":"Transient","floor":38.0,"turns":6.0},{"damage":23.0,"enemies":"3 Darklings","floor":39.0,"turns":5.0},{"damage":58.0,"enemies":"Giant Head","floor":40.0,"turns":6.0},{"damage":16.0,"enemies":"Maw","floor":41.0,"turns":5.0},{"damage":25.0,"enemies":"Nemesis","floor":42.0,"turns":7.0},{"damage":16.0,"enemies":"Sphere and 2 Shapes","floor":46.0,"turns":4.0},{"damage":53.0,"enemies":"Reptomancer","floor":47.0,"turns":4.0},{"damage":23.0,"enemies":"Spire Growth","floor":48.0,"turns":3.0},{"damage":52.0,"enemies":"Donu and Deca","floor":50.0,"turns":7.0},{"damage":111.0,"enemies":"Awakened One","floor":51.0,"turns":13.0},{"damage":44.0,"enemies":"Shield and Spear","floor":55.0,"turns":7.0},{"damage":127,"enemies":"The Heart","floor":56,"turns":6}],"seed_played":"-7376984029302699068","potions_obtained":[{"floor":2.0,"key":"SteroidPotion"},{"floor":11.0,"key":"DuplicationPotion"},{"floor":13.0,"key":"DistilledChaos"},{"floor":19.0,"key":"Explosive Potion"},{"floor":28.0,"key":"BlessingOfTheForge"},{"floor":30.0,"key":"DistilledChaos"},{"floor":31.0,"key":"DuplicationPotion"},{"floor":33.0,"key":"FearPotion"},{"floor":38.0,"key":"LiquidMemories"},{"floor":39.0,"key":"SkillPotion"},{"floor":42.0,"key":"Strength Potion"},{"floor":48.0,"key":"EssenceOfSteel"},{"floor":55.0,"key":"Weak Potion"}],"is_trial":false,"path_per_floor":["M","M","M","$","M","R","E","R","T","?","M","R","E","?","R","B",null,"M","M","?","$","?","R","E","$","T","R","M","R","E","M","R","B",null,"M","$","M","M","M","E","M","E","T","R","$","M","E","M","R","B","B",null,"R","$","E","B"],"character_chosen":"IRONCLAD","items_purchased":["True Grit","Battle Trance","Magic Flower","PreservedInsect","Anchor","Inflame","LiquidBronze"],"campfire_rested":1,"item_purchase_floors":[4,4,21,36,45,45,54],"current_hp_per_floor":[72,60,72,72,65,65,57,57,57,57,63,63,51,25,47,18,61,61,64,64,64,64,64,75,75,75,75,70,70,64,63,63,23,62,75,75,72,68,75,39,42,71,71,71,71,58,45,40,40,61,75,75,75,75,75,0,0],"gold":40,"neow_bonus":"BOSS_RELIC","is_daily":false,"chose_seed":false,"campfire_upgraded":9,"win_rate":0.0,"timestamp":1612496395,"path_taken":["M","M","M","$","?","R","E","R","T","?","?","R","E","?","R","BOSS","M","M","?","$","?","R","E","$","T","R","M","R","E","M","R","BOSS","M","$","M","?","?","E","M","E","T","R","$","M","E","M","R","BOSS","BOSS","R","$","E","BOSS"],"items_purchased_type":["Card","Card","Relic","Relic","Relic","Card","Potion"],"build_version":"2020-12-22","purchased_purges":1,"victory":false,"max_hp_per_floor":[75,75,75,75,75,75,75,75,75,75,75,75,75,75,75,75,75,75,75,75,75,75,75,75,75,75,75,75,75,75,75,75,75,75,75,75,75,75,75,75,75,75,75,75,75,75,75,75,75,75,75,75,75,75,75,75,75],"relic_stats":{"counters":[29,146],"Blue Candle":[0],"Magic Flower":[192],"StoneCalendar":[145],"PreservedInsect":315,"Letter Opener":[33],"Orichalcum":[108],"Blood Vial":15,"SsserpentHead":300,"Sundial":[28],"Snecko Eye":[235,252,238,230],"Pandora\u0027s Box":["Uppercut","Thunderclap","Thunderclap","Offering","Sever Soul","Reaper","Uppercut","Cleave","Clash"],"Art of War":[8],"obtain_stats":[{"Potion Belt":9,"Blue Candle":24,"Magic Flower":21,"Vajra":26,"StoneCalendar":30,"PreservedInsect":36,"Letter Opener":47,"Orichalcum":43,"Burning Blood":0,"Blood Vial":42,"SsserpentHead":10,"Anchor":45,"Matryoshka":14,"Sundial":26,"Snecko Eye":17,"Pandora\u0027s Box":0,"Art of War":13,"Coffee Dripper":34,"Bag of Marbles":40,"Toy Ornithopter":7,"Pocketwatch":55},{"Potion Belt":5,"Blue Candle":11,"Magic Flower":10,"Vajra":11,"StoneCalendar":13,"PreservedInsect":16,"Letter Opener":24,"Orichalcum":22,"Burning Blood":0,"Blood Vial":22,"SsserpentHead":5,"Anchor":22,"Matryoshka":7,"Sundial":11,"Snecko Eye":8,"Pandora\u0027s Box":0,"Art of War":7,"Coffee Dripper":15,"Bag of Marbles":20,"Toy Ornithopter":5,"Pocketwatch":28},{"Potion Belt":12,"Blue Candle":41,"Magic Flower":36,"Vajra":41,"StoneCalendar":50,"PreservedInsect":70,"Letter Opener":110,"Orichalcum":102,"Burning Blood":0,"Blood Vial":102,"SsserpentHead":12,"Anchor":102,"Matryoshka":20,"Sundial":41,"Snecko Eye":30,"Pandora\u0027s Box":0,"Art of War":20,"Coffee Dripper":67,"Bag of Marbles":90,"Toy Ornithopter":12,"Pocketwatch":140}],"Toy Ornithopter":90,"Pocketwatch":[3]},"card_choices":[{"not_picked":["Pommel Strike","Clothesline","Uppercut"],"picked":"SKIP","floor":1.0},{"not_picked":["Sword Boomerang","Rampage"],"picked":"Anger","floor":2.0},{"not_picked":["Shrug It Off","Clash"],"picked":"Flame Barrier","floor":3.0},{"not_picked":["Pummel","Thunderclap"],"picked":"Pommel Strike","floor":5.0},{"not_picked":["Clash","Body Slam"],"picked":"Shockwave","floor":7.0},{"not_picked":["Dual Wield","Iron Wave","Uppercut"],"picked":"SKIP","floor":11.0},{"not_picked":["Juggernaut","Carnage"],"picked":"Burning Pact","floor":13.0},{"not_picked":["Bludgeon","Exhume"],"picked":"Reaper","floor":16.0},{"not_picked":["Sword Boomerang+1","Flex"],"picked":"Heavy Blade","floor":18.0},{"not_picked":["Perfected Strike","Anger"],"picked":"Evolve","floor":19.0},{"not_picked":["Limit Break","Armaments+1"],"picked":"Disarm","floor":24.0},{"not_picked":["Wild Strike","Burning Pact+1","Clash"],"picked":"SKIP","floor":28.0},{"not_picked":["Heavy Blade","Shrug It Off","Iron Wave"],"picked":"SKIP","floor":30.0},{"not_picked":["Clash+1","Cleave","Shockwave"],"picked":"SKIP","floor":31.0},{"not_picked":["Brutality","Exhume"],"picked":"Juggernaut","floor":33.0},{"not_picked":["True Grit","Havoc"],"picked":"Carnage","floor":35.0},{"not_picked":["Pommel Strike","Shrug It Off","Shockwave"],"picked":"SKIP","floor":37.0},{"not_picked":["Cleave+1","Rupture"],"picked":"Dual Wield+1","floor":38.0},{"not_picked":["Rampage","Warcry","Infernal Blade"],"picked":"SKIP","floor":39.0},{"not_picked":["Infernal Blade+1","Twin Strike","Warcry"],"picked":"SKIP","floor":40.0},{"not_picked":["Headbutt+1","Pommel Strike","Anger+1"],"picked":"SKIP","floor":41.0},{"not_picked":["Perfected Strike","Evolve+1","Anger"],"picked":"SKIP","floor":42.0},{"not_picked":["Seeing Red","Berserk"],"picked":"Heavy Blade+1","floor":46.0},{"not_picked":["Body Slam","Clash+1"],"picked":"Heavy Blade+1","floor":47.0},{"not_picked":["Clothesline","True Grit","Warcry"],"picked":"SKIP","floor":48.0},{"not_picked":["Searing Blow","Reckless Charge","Flex"],"picked":"SKIP","floor":55.0}],"player_experience":3041784,"relics_obtained":[{"floor":7.0,"key":"Toy Ornithopter"},{"floor":9.0,"key":"Potion Belt"},{"floor":13.0,"key":"Art of War"},{"floor":24.0,"key":"Blue Candle"},{"floor":26.0,"key":"Sundial"},{"floor":26.0,"key":"Vajra"},{"floor":30.0,"key":"StoneCalendar"},{"floor":40.0,"key":"Bag of Marbles"},{"floor":42.0,"key":"Blood Vial"},{"floor":43.0,"key":"Orichalcum"},{"floor":47.0,"key":"Letter Opener"},{"floor":55.0,"key":"Pocketwatch"}],"event_choices":[{"damage_healed":0.0,"max_hp_gain":0.0,"max_hp_loss":0.0,"gold_gain":0.0,"event_name":"FaceTrader","player_choice":"Trade","floor":10.0,"gold_loss":0.0,"damage_taken":0.0,"relics_obtained":["SsserpentHead"]},{"damage_healed":0.0,"max_hp_gain":0.0,"max_hp_loss":0.0,"gold_gain":0.0,"event_name":"Scrap Ooze","player_choice":"Success","floor":14.0,"gold_loss":0.0,"damage_taken":26.0,"relics_obtained":["Matryoshka"]},{"damage_healed":0.0,"max_hp_gain":0.0,"max_hp_loss":0.0,"gold_gain":0.0,"event_name":"The Mausoleum","player_choice":"Ignored","floor":20.0,"gold_loss":0.0,"damage_taken":0.0},{"damage_healed":0.0,"max_hp_gain":0.0,"max_hp_loss":0.0,"gold_gain":50.0,"event_name":"Golden Shrine","player_choice":"Pray","floor":22.0,"gold_loss":0.0,"damage_taken":0.0}],"is_beta":false,"boss_relics":[{"not_picked":["Tiny House","Ectoplasm"],"picked":"Snecko Eye"},{"not_picked":["Astrolabe","Busted Crown"],"picked":"Coffee Dripper"}],"items_purged_floors":[25],"is_endless":false,"potions_floor_spawned":[2,11,13,19,28,30,31,33,38,39,42,48,55],"killed_by":"The Heart","ascension_level":20}}