{"host":"51f0ad793vly1w6u","time":1612504639,"event":{"mods":["BaseMod","Colored Map","DeckTracker","Minty Spire (QoL Compilation)","Replay The Spire","StSLib","SuperFastMode"],"gold_per_floor":[118,118,136,136,9,37,37,37,63,89,89,89,105,105,105,203,203,203,8,8,8,0,0,0,0,0],"floor_reached":25,"language":"KOR","playtime":560,"items_purged":["Strike_P"],"score":236,"play_id":"87ed5e4b-d279-483c-b87d-6bd8af38a565","local_time":"20210205145719","is_ascension_mode":true,"campfire_choices":[{"floor":8.0,"key":"REST"},{"data":"Eruption","floor":12.0,"key":"SMITH"},{"floor":15.0,"key":"REST"},{"floor":24.0,"key":"REST"}],"circlet_count":0,"master_deck":["Strike_P+1","Defend_P+1","Eruption+1","Vigilance+1","Indignation+1","FlurryOfBlows+1","LessonLearned+1","Evaluate+1","EmptyBody+1","WheelKick","ForeignInfluence+1","Steam","Ragnarok","Consecrate","Ragnarok","MentalFortress","EmptyBody"],"relics":["PureWater","Art of War","Dream Catcher","Shovel","Ectoplasm","Yang","Bottled Lightning"],"acts_visited":["Exordium","TheCity"],"potions_floor_usage":[],"damage_taken":[{"damage":0.0,"enemies":"2 Louse","floor":1.0,"turns":3.0},{"damage":2.0,"enemies":"Small Slimes","floor":3.0,"turns":3.0},{"damage":18.0,"enemies":"Replay:BlueRogue","floor":6.0,"turns":3.0},{"damage":6.0,"enemies":"3 Sentries","floor":10.0,"turns":9.0},{"damage":0.0,"enemies":"Jaw Worm","floor":13.0,"turns":3.0},{"damage":6.0,"enemies":"Fading Forest","floor":16.0,"turns":11.0},{"damage":15.0,"enemies":"Chosen","floor":18.0,"turns":4.0},{"damage":8.0,"enemies":"2 Thieves","floor":22.0,"turns":3.0},{"damage":2.0,"enemies":"Replay:Snechameleon","floor":23.0,"turns":6.0},{"damage":52,"enemies":"Slavers","floor":25,"turns":4}],"seed_played":"-5866353003993334105","potions_obtained":[{"floor":1.0,"key":"Reflective Coating"},{"floor":6.0,"key":"ColorlessPotion"},{"floor":10.0,"key":"Adrenaline Potion"},{"floor":22.0,"key":"Milkshake"},{"floor":23.0,"key":"Elixir"}],"is_trial":false,"path_per_floor":["M","?","M","?","$","E","?","R","T","E","?","R","M","?","R","B",null,"M","$","?","T","M","E","R","E"],"character_chosen":"WATCHER","items_purchased":["LessonLearned","Evaluate","MentalFortress","Adrenaline Potion"],"campfire_rested":3,"item_purchase_floors":[5,5,19,19],"current_hp_per_floor":[51,44,42,42,42,24,10,31,31,25,25,25,25,25,46,50,72,57,57,57,57,49,47,68,16,16],"gold":0,"neow_bonus":"REMOVE_TWO","is_daily":false,"chose_seed":false,"campfire_upgraded":1,"win_rate":0.0,"timestamp":1612504639,"path_taken":["M","?","M","?","$","E","?","R","T","E","?","R","?","?","R","BOSS","M","$","?","?","?","E","R","E"],"items_purchased_type":["Card","Card","Card","Potion"],"build_version":"2020-12-22","purchased_purges":1,"victory":false,"max_hp_per_floor":[72,72,72,72,72,72,72,72,72,72,72,72,72,72,72,72,72,72,72,72,72,72,72,72,72,72],"card_choices":[{"not_picked":["Replay:Cycle","PathToVictory"],"picked":"Indignation","floor":1.0},{"not_picked":["BattleHymn","Halt"],"picked":"FlurryOfBlows","floor":3.0},{"not_picked":["FlurryOfBlows","Fasting2"],"picked":"EmptyBody","floor":6.0},{"not_picked":["EmptyFist","Crescendo"],"picked":"WheelKick","floor":10.0},{"not_picked":["Crescendo","FlyingSleeves"],"picked":"Ragnarok","floor":13.0},{"not_picked":["BowlingBash","FollowUp"],"picked":"Consecrate","floor":15.0},{"not_picked":["Brilliance","LessonLearned"],"picked":"Ragnarok","floor":16.0},{"not_picked":["SignatureMove","Protect","Perseverance"],"picked":"SKIP","floor":18.0},{"not_picked":["Replay:AtTheReady","JustLucky"],"picked":"EmptyBody","floor":22.0},{"not_picked":["BowlingBash","Nirvana","Replay:Battleflow"],"picked":"SKIP","floor":23.0}],"player_experience":1441597,"relics_obtained":[{"floor":6.0,"key":"Art of War"},{"floor":9.0,"key":"Dream Catcher"},{"floor":10.0,"key":"Shovel"},{"floor":21.0,"key":"Yang"},{"floor":23.0,"key":"Bottled Lightning"}],"event_choices":[{"cards_removed":["Defend_P"],"damage_healed":0.0,"max_hp_gain":0.0,"max_hp_loss":0.0,"gold_gain":0.0,"event_name":"Golden Wing","player_choice":"Card Removal","floor":2.0,"gold_loss":0.0,"damage_taken":7.0},{"damage_healed":0.0,"max_hp_gain":0.0,"max_hp_loss":0.0,"gold_gain":0.0,"event_name":"Shining Light","player_choice":"Entered Light","floor":7.0,"gold_loss":0.0,"damage_taken":14.0,"cards_upgraded":["Indignation","Strike_P"]},{"damage_healed":0.0,"max_hp_gain":0.0,"max_hp_loss":0.0,"gold_gain":0.0,"event_name":"Living Wall","player_choice":"Grow","floor":14.0,"gold_loss":0.0,"damage_taken":0.0,"cards_upgraded":["ForeignInfluence"]},{"damage_healed":0.0,"max_hp_gain":0.0,"max_hp_loss":0.0,"gold_gain":0.0,"event_name":"Vampires","player_choice":"Ignored","floor":20.0,"gold_loss":0.0,"damage_taken":0.0}],"is_beta":false,"boss_relics":[{"not_picked":["Replay:Ancient Bell","Runic Dome"],"picked":"Ectoplasm"}],"items_purged_floors":[19],"is_endless":false,"potions_floor_spawned":[1,6,10,22,23],"killed_by":"Slavers","ascension_level":1}}