{"host":"vh33hu3wddwn6yt6","time":1612558412,"event":{"mods":["AchievementEnabler","Act Like it!","Aspiration","BaseMod","Better Altar","Better Match","Better Note","Better Sensory Stone","Better Skull","Better Third Choice","BetterRewards","Downfall","Hermit","Hubris","Infinite Spire","Minty Spire (QoL Compilation)","Permanent Neow","Replay The Spire","Shade Mod","Shop Mod","Spicy Shops","StSLib","SuperFastMode","The Blackbeard","The Necromancer","The Poker Player","The Runesmith","The Servant 0.9.4","TheBandit","Wandering Minibosses"],"gold_per_floor":[118,118,133,133,133,133,133,167,190,208,228,228,24,59,59,161,211,229,246,246,258,258,258,258,258],"floor_reached":24,"language":"DEU","playtime":417,"items_purged":[],"score":240,"play_id":"3650fa9b-2ef6-4930-abfb-5f397b13b56a","local_time":"20210205215332","is_ascension_mode":true,"campfire_choices":[{"data":"Inflame","floor":6,"key":"SMITH"},{"data":"Luminosity","floor":12,"key":"SMITH"},{"data":"Inflame","floor":15,"key":"SMITH"},{"floor":23,"key":"REST"}],"circlet_count":0,"master_deck":["Strike_S","Strike_S","Strike_S","Strike_S+1","Defend_S","Defend_S","Defend_S","Defend_S+1","KidneyShot","Exchange","Injury","Spin+1","Inflame+1","Luminosity+1","Inflame+1","Inflame","Spin+1","LightFlow+1","FlawlessForm","DoubleEdge+1","Unruled+1","BestPractice+1"],"relics":["NeowsBlessing","Molten Egg 2","m_ScarletBlood","Replay:Baseball","Strawberry","DollysMirror","hubris:GlazedTorus","Tiny House","MutagenicStrength"],"acts_visited":["Exordium","TheCity"],"potions_floor_usage":[14,14,18,19,24,24],"damage_taken":[{"damage":0,"enemies":"Jaw Worm","floor":1,"turns":1},{"damage":0,"enemies":"Small Slimes","floor":3,"turns":1},{"damage":0,"enemies":"Gremlin Nob","floor":8,"turns":1},{"damage":0,"enemies":"Cultist","floor":10,"turns":3},{"damage":4,"enemies":"Looter","floor":11,"turns":4},{"damage":8,"enemies":"3 Sentries","floor":14,"turns":4},{"damage":12,"enemies":"The Guardian","floor":16,"turns":6},{"damage":28,"enemies":"3 Byrds","floor":18,"turns":5},{"damage":11,"enemies":"Spheric Guardian","floor":19,"turns":3},{"damage":17,"enemies":"3 Cultists","floor":21,"turns":4},{"damage":44,"enemies":"Slavers","floor":24,"turns":4}],"seed_played":"7019351782381533438","potions_obtained":[{"floor":1,"key":"Strength Potion"},{"floor":3,"key":"Block Potion"},{"floor":11,"key":"champ:CounterPotion"},{"floor":17,"key":"Ancient Potion"},{"floor":18,"key":"Dexterity Potion"},{"floor":19,"key":"Dexterity Potion"}],"is_trial":false,"path_per_floor":["M","?","M","?","$","R","?","E","T","M","M","R","$","E","R","B",null,"M","M","?","M","?","R","E"],"character_chosen":"THE_SERVANT","items_purchased":["Inflame","DollysMirror"],"campfire_rested":1,"item_purchase_floors":[13,13],"current_hp_per_floor":[65,65,65,65,65,65,65,65,72,72,68,68,68,60,60,48,77,49,38,38,21,21,44,0,0],"gold":258,"neow_bonus":"THREE_ENEMY_KILL","is_daily":false,"chose_seed":false,"campfire_upgraded":3,"win_rate":0.0,"timestamp":1612558412,"path_taken":["M","?","M","?","$","R","?","E","T","?","M","R","$","E","R","BOSS","M","M","?","M","?","R","E"],"items_purchased_type":["Card","Relic"],"build_version":"2020-12-22","purchased_purges":0,"victory":false,"max_hp_per_floor":[65,65,65,65,65,65,65,65,72,72,72,72,72,72,72,72,77,77,77,77,77,77,77,77,77],"card_choices":[{"not_picked":["Revamp","Potential","Defy"],"picked":"SKIP","floor":1},{"not_picked":["ReturningBlade+1","Desolation+1"],"picked":"Spin+1","floor":3},{"not_picked":["ReplayTheSpireMod:Muscle Training","TimeWarp+1","Revamp"],"picked":"SKIP","floor":8},{"not_picked":["Flex","Rewind","Gouge+1"],"picked":"SKIP","floor":10},{"not_picked":["GearUp","Revamp"],"picked":"Luminosity","floor":11},{"not_picked":["Revamp","Hightail"],"picked":"LightFlow+1","floor":14},{"not_picked":["Initiator+1","TrueSight"],"picked":"FlawlessForm","floor":16},{"not_picked":["Spin+1","StarChef"],"picked":"DoubleEdge+1","floor":17},{"not_picked":["Defy+1","Alleviate","TimeTheft"],"picked":"SKIP","floor":18},{"not_picked":["ShatteredReality+1","TimeWarp+1"],"picked":"Unruled+1","floor":19},{"not_picked":["Defy","BottledTime"],"picked":"BestPractice+1","floor":21}],"player_experience":665327,"relics_obtained":[{"floor":8,"key":"Replay:Baseball"},{"floor":9,"key":"Strawberry"},{"floor":14,"key":"hubris:GlazedTorus"}],"event_choices":[{"damage_healed":0,"gold_gain":0,"player_choice":"Forge","damage_taken":0,"max_hp_gain":0,"max_hp_loss":0,"event_name":"Accursed Blacksmith","floor":7,"gold_loss":0,"cards_upgraded":["Strike_S"]},{"damage_healed":0,"gold_gain":0,"player_choice":"Ignored","damage_taken":0,"max_hp_gain":0,"max_hp_loss":0,"event_name":"betterNote:BetterNote","floor":20,"gold_loss":0,"cards_obtained":["Defend_S"]},{"damage_healed":0,"gold_gain":0,"player_choice":"Inject Mutagens","damage_taken":0,"relics_obtained":["MutagenicStrength"],"max_hp_gain":0,"max_hp_loss":0,"event_name":"Drug Dealer","floor":22,"gold_loss":0}],"is_beta":false,"boss_relics":[{"not_picked":["ReplayTheSpireMod:SealedPack","Pandora\u0027s Box"],"picked":"Tiny House"}],"items_purged_floors":[],"is_endless":false,"potions_floor_spawned":[1,3,11,18,19],"killed_by":"Slavers","ascension_level":1}}