{"host":"sc0o2qwpf9j16a4i","time":1612523770,"event":{"mods":["AchievementEnabler","BaseMod","BetterRewards","Block Reminder","Colored Map","Colored Powertips","Custom Start","Highlight Path","Minty Spire (QoL Compilation)","Relic Stats"],"gold_per_floor":[117,117,133,28,41,69,69,88,137,18,32,61,85,102,102,102,102],"floor_reached":16,"language":"ENG","playtime":439,"items_purged":[],"score":112,"play_id":"3a3dafee-6615-470a-a988-02f50ddcc81c","local_time":"20210205131610","daily_mods":["Cursed Run","Purple Cards","Lethality"],"is_ascension_mode":false,"campfire_choices":[{"data":"Alpha","floor":15,"key":"SMITH"}],"circlet_count":0,"master_deck":["Strike_R","Strike_R","Strike_R","Strike_R","Strike_R","Defend_R","Defend_R","Defend_R","Defend_R","Bash+1","ThirdEye","Nirvana","FollowUp","ThirdEye","Evaluate","Alpha+1","Burning Pact","Berserk","Writhe","Crescendo","Infernal Blade","Metallicize","Parasite","Meditate"],"relics":["Cursed Key","Darkstone Periapt","Du-Vu Doll","Blue Candle","Blood Vial","Happy Flower","PreservedInsect"],"acts_visited":["Exordium"],"potions_floor_usage":[12,16,16,16],"damage_taken":[{"damage":0,"enemies":"Small Slimes","floor":1,"turns":2},{"damage":0,"enemies":"2 Louse","floor":3,"turns":3},{"damage":0,"enemies":"Cultist","floor":5,"turns":3},{"damage":33,"enemies":"Gremlin Nob","floor":6,"turns":4},{"damage":4,"enemies":"3 Louse","floor":8,"turns":3},{"damage":4,"enemies":"Large Slime","floor":11,"turns":3},{"damage":11,"enemies":"Lagavulin","floor":12,"turns":5},{"damage":0,"enemies":"Looter","floor":14,"turns":3},{"damage":63,"enemies":"The Guardian","floor":16,"turns":6}],"seed_played":"-3797119338929900735","potions_obtained":[{"floor":5,"key":"SkillPotion"},{"floor":6,"key":"LiquidMemories"},{"floor":12,"key":"BlessingOfTheForge"}],"is_trial":true,"path_per_floor":["M","?","M","$","M","E","?","M","T","$","M","E","T","M","R","B"],"character_chosen":"IRONCLAD","items_purchased":["FollowUp","ThirdEye","Crescendo","Regen Potion"],"campfire_rested":0,"item_purchase_floors":[4,4,10,10],"current_hp_per_floor":[80,80,80,80,80,47,47,43,49,49,47,38,44,46,46,0,0],"gold":102,"neow_bonus":"","is_daily":false,"chose_seed":false,"campfire_upgraded":1,"win_rate":0.0,"timestamp":1612523770,"path_taken":["M","?","M","$","M","E","?","?","T","?","?","E","?","M","R","BOSS"],"items_purchased_type":["Card","Card","Card","Potion"],"build_version":"2020-12-22","purchased_purges":0,"victory":false,"max_hp_per_floor":[80,80,80,80,80,80,80,80,86,86,86,86,92,92,92,92,92],"relic_stats":{"Darkstone Periapt":12,"Blood Vial":8,"Happy Flower":[3],"counters":[9,32],"Blue Candle":[1],"PreservedInsect":0,"Cursed Key":2,"obtain_stats":[{"Darkstone Periapt":0,"Du-Vu Doll":0,"Blood Vial":9,"Happy Flower":12,"Blue Candle":6,"PreservedInsect":13,"Cursed Key":0},{"Darkstone Periapt":0,"Du-Vu Doll":0,"Blood Vial":5,"Happy Flower":7,"Blue Candle":4,"PreservedInsect":7,"Cursed Key":0},{"Darkstone Periapt":0,"Du-Vu Doll":0,"Blood Vial":15,"Happy Flower":23,"Blue Candle":12,"PreservedInsect":23,"Cursed Key":0}]},"card_choices":[{"not_picked":["Pommel Strike","Prostrate"],"picked":"ThirdEye","floor":1},{"not_picked":["EmptyMind","True Grit"],"picked":"Nirvana","floor":3},{"not_picked":["BowlingBash","Pummel"],"picked":"Evaluate","floor":5},{"not_picked":["FollowUp","Heavy Blade"],"picked":"Alpha","floor":6},{"not_picked":["Body Slam","FlurryOfBlows","Evaluate"],"picked":"SKIP","floor":8},{"not_picked":["Flex","True Grit"],"picked":"Infernal Blade","floor":11},{"not_picked":["Ghostly Armor","Immolate"],"picked":"Metallicize","floor":12},{"not_picked":["Infernal Blade","Dropkick"],"picked":"Meditate","floor":14}],"player_experience":1190452,"relics_obtained":[{"floor":6,"key":"Blue Candle"},{"floor":9,"key":"Blood Vial"},{"floor":12,"key":"Happy Flower"},{"floor":13,"key":"PreservedInsect"}],"event_choices":[{"damage_healed":0,"gold_gain":0,"player_choice":"Grow","damage_taken":0,"max_hp_gain":0,"max_hp_loss":0,"event_name":"Living Wall","floor":2,"gold_loss":0,"cards_upgraded":["Bash"]},{"damage_healed":0,"gold_gain":0,"player_choice":"2 cards matched","damage_taken":0,"max_hp_gain":0,"max_hp_loss":0,"event_name":"Match and Keep!","floor":7,"gold_loss":0,"cards_obtained":["Burning Pact","Berserk"]}],"is_beta":false,"boss_relics":[],"items_purged_floors":[],"is_endless":false,"potions_floor_spawned":[5,6,12,14],"killed_by":"The Guardian","ascension_level":0}}