{"host":"smvt3ad3q31g2j4m","time":1612491559,"event":{"mods":["BaseMod","Better Skull","Better Third Choice","Colored Map","Downfall","GifTheSpireLib","Minty Spire (QoL Compilation)","Replay The Spire","StSLib"],"gold_per_floor":[99,34,34,46,31,42,42,42,55,66,66,81,21,38,51,51,51,51],"floor_reached":16,"language":"ENG","playtime":809,"items_purged":["Pain"],"score":94,"play_id":"9b87ec56-67f5-434f-9d30-336b1c5d765c","local_time":"20210204201919","is_ascension_mode":false,"campfire_choices":[{"floor":1,"key":"DIG"},{"data":"Slimebound:GoopTackle","floor":8,"key":"SMITH"},{"data":"Slimebound:OozeBath","floor":11,"key":"SMITH"}],"circlet_count":0,"master_deck":["Slimebound:Strike_Slimebound","Slimebound:Strike_Slimebound","Slimebound:Strike_Slimebound","Slimebound:Tackle","Slimebound:Defend_Slimebound","Slimebound:Defend_Slimebound","Slimebound:Defend_Slimebound","Slimebound:Split","Slimebound:CorrosiveSpit","Slimebound:OozeBath+1","Slimebound:GrowthPunch","Slimebound:LeechEnergy","Slimebound:GoopTackle+1","Slimebound:Gluttony","Slimebound:RollThrough","Slimebound:LeechingTouch","Slimebound:DouseInSlime","Slimebound:ItLooksTasty","Slimebound:SlimeSpikes","Slimebound:OozeBath"],"relics":["Slimebound:AbsorbEndCombat","Gremlin Food","ReplayTheSpireMod:CursedCoin","Question Card","TungstenRod"],"acts_visited":["Exordium"],"potions_floor_usage":[15,15,16],"damage_taken":[{"damage":0,"enemies":"downfall:FleeingMerchant","floor":2,"turns":4},{"damage":13,"enemies":"Cultist","floor":4,"turns":4},{"damage":14,"enemies":"downfall:FleeingMerchant","floor":5,"turns":4},{"damage":12,"enemies":"Jaw Worm","floor":6,"turns":4},{"damage":0,"enemies":"Small Slimes","floor":9,"turns":3},{"damage":7,"enemies":"Red Slaver","floor":10,"turns":3},{"damage":20,"enemies":"Large Slime","floor":12,"turns":6},{"damage":15,"enemies":"downfall:FleeingMerchant","floor":13,"turns":4},{"damage":15,"enemies":"3 Louse","floor":14,"turns":4},{"damage":1,"enemies":"Gremlin Gang","floor":15,"turns":4},{"damage":45,"enemies":"DF_ARCHETYPE_STREAMLINE","floor":16,"turns":6}],"seed_played":"-6637990832272730942","potions_obtained":[{"floor":9,"key":"Strength Potion"},{"floor":12,"key":"LifebloodPotion"},{"floor":14,"key":"Energy Potion"}],"is_trial":false,"path_per_floor":["R_BF","$","?","M","$","M","T","R","M","M","R","M","$","M","M","B"],"character_chosen":"SLIMEBOUND","items_purchased":["ReplayTheSpireMod:CursedCoin","Slimebound:GrowthPunch","Slimebound:LeechEnergy","Slimebound:ItLooksTasty"],"campfire_rested":0,"item_purchase_floors":[2,2,2,13],"current_hp_per_floor":[65,65,65,56,46,40,40,40,46,47,47,35,28,21,24,0,0,0],"gold":51,"neow_bonus":"REMOVE_CARD","is_daily":false,"chose_seed":false,"campfire_upgraded":2,"win_rate":0.0,"timestamp":1612491559,"path_taken":["R_BF","?","?","M","$","M","T","R","M","M","R","M","?","M","M","BOSS"],"items_purchased_type":["Relic","Card","Card","Card"],"build_version":"2020-12-22","purchased_purges":1,"victory":false,"max_hp_per_floor":[65,65,65,65,65,65,65,65,65,65,65,65,65,65,65,65,65,65],"card_choices":[{"not_picked":["Slimebound:LeechingTouch","Slimebound:RejuvenatingLick"],"picked":"Slimebound:OozeBath","floor":2},{"not_picked":["Slimebound:GrowthPunch","Slimebound:SamplingLick","Slimebound:Schlurp"],"picked":"Slimebound:GoopTackle","floor":4},{"not_picked":["Slimebound:LeadByExample","Slimebound:SplitBruiser","Slimebound:Prepare"],"picked":"Slimebound:Gluttony","floor":5},{"not_picked":["Slimebound:FormOfPuddle","Slimebound:PressTheAttack","Slimebound:SamplingLick"],"picked":"Slimebound:RollThrough","floor":6},{"not_picked":["Slimebound:SplitLeeching","Slimebound:Repurpose","Slimebound:Prepare"],"picked":"Slimebound:LeechingTouch","floor":9},{"not_picked":["Slimebound:GoopTackle","Slimebound:LevelUp","Slimebound:ViciousTackle","Slimebound:SlimeBarrage"],"picked":"SKIP","floor":10},{"not_picked":["Slimebound:Replication","Slimebound:RollThrough","Slimebound:LeechEnergy","Slimebound:HauntingLick"],"picked":"SKIP","floor":12},{"not_picked":["Slimebound:Replication","Slimebound:GoopSpray","Slimebound:SamplingLick"],"picked":"Slimebound:DouseInSlime","floor":13},{"not_picked":["Slimebound:SplitLeeching","Slimebound:SplitAcid","Slimebound:GoopTackle"],"picked":"Slimebound:SlimeSpikes","floor":14},{"not_picked":["Slimebound:FinishingTackle","Slimebound:SplitBruiser","Slimebound:SlimeBrawl"],"picked":"Slimebound:OozeBath","floor":15}],"player_experience":135599,"relics_obtained":[{"floor":1,"key":"Gremlin Food"},{"floor":7,"key":"TungstenRod"}],"event_choices":[],"is_beta":false,"boss_relics":[],"items_purged_floors":[2],"is_endless":false,"potions_floor_spawned":[9,12,14],"killed_by":"DF_ARCHETYPE_STREAMLINE","ascension_level":0}}