{"host":"ox77rn1xcurm2t5a","time":1612558969,"event":{"mods":["2.2 Compatiblity","AchievementEnabler","Act Like it!","Aspiration","BaseMod","Best Route Mod","Better Match","Better Note","Better Sensory Stone","Block Reminder","Colored Map","Colored Powertips","Conjunction","Conspire","Custom Start","Energized Spire","GifTheSpireLib","Gold Saver","Gremlin Skip","Halation","Highlight Path","Hubris","Infinite Spire","Minty Spire (QoL Compilation)","Pale of the Ancients","Quick Restart","Replay The Spire","Reworked Bosses","ShortenTheSpire","Spire Exporter","StSLib","Stuff the Spire","Wandering Minibosses"],"gold_per_floor":[111,49,99,19,36,61,61,86,86,121,81,81,6,24,24,24,24],"floor_reached":16,"language":"ENG","playtime":11419,"items_purged":["Strike_B"],"score":254,"play_id":"678245da-13b1-42c1-971a-800e7df0d532","local_time":"20210205230249","is_ascension_mode":true,"campfire_choices":[{"data":"Defragment","floor":7.0,"key":"SMITH"},{"floor":12.0,"key":"RECALL"},{"data":"Zap","floor":15.0,"key":"SMITH"}],"circlet_count":0,"master_deck":["AscendersBane","Strike_B","Strike_B","Defend_B","Defend_B","Defend_B","Defend_B","Zap+1","Dualcast","Ball Lightning","Defragment+1","Strike_B"],"relics":["Cracked Core","NeowsBlessing","StuffTheSpire:Experiment12","StuffTheSpire:Mouthbags"],"acts_visited":["Exordium"],"potions_floor_usage":[16,16],"damage_taken":[{"damage":0.0,"enemies":"Small Slimes","floor":1.0,"turns":1.0},{"damage":0.0,"enemies":"2 Louse","floor":5.0,"turns":1.0},{"damage":0.0,"enemies":"Lagavulin","floor":6.0,"turns":1.0},{"damage":18.0,"enemies":"Gremlin Nob","floor":8.0,"turns":3.0},{"damage":20.0,"enemies":"Lagavulin","floor":10.0,"turns":5.0},{"damage":0.0,"enemies":"Cultist","floor":14.0,"turns":2.0},{"damage":30,"enemies":"The Guardian","floor":16,"turns":7}],"seed_played":"-8909746098538457391","potions_obtained":[{"floor":10.0,"key":"SkillPotion"},{"floor":11.0,"key":"AttackPotion"},{"floor":14.0,"key":"Conjunction:LightningMarble"}],"is_trial":false,"path_per_floor":["M","?","?","$","M","E","R","E","T","E","?","R","$","M","R","B"],"character_chosen":"DEFECT","items_purchased":["Defragment"],"campfire_rested":0,"item_purchase_floors":[4],"current_hp_per_floor":[64,64,64,64,64,64,64,46,46,26,26,26,26,26,26,0,0],"gold":24,"neow_bonus":"THREE_ENEMY_KILL","is_daily":false,"chose_seed":false,"campfire_upgraded":2,"win_rate":0.0,"timestamp":1612558969,"path_taken":["M","?","?","$","?","E","R","E","T","E","?","R","$","M","R","BOSS"],"items_purchased_type":["Card"],"build_version":"2020-12-22","purchased_purges":1,"victory":false,"max_hp_per_floor":[71,71,71,71,71,71,71,71,71,71,71,71,71,71,71,71,71],"card_choices":[{"not_picked":["Streamline","Steam"],"picked":"Ball Lightning","floor":1.0},{"not_picked":["Sweeping Beam","Coolheaded","Turbo"],"picked":"SKIP","floor":5.0},{"not_picked":["BasicCrystalCard","Stack","ReplaySort"],"picked":"SKIP","floor":6.0},{"not_picked":["Cold Snap","Conserve Battery","StuffTheSpire:GlassShard"],"picked":"SKIP","floor":8.0},{"not_picked":["Cold Snap","hubris:DoWhile","Beam Cell"],"picked":"SKIP","floor":10.0},{"not_picked":["FTL","conspire:SharedLibrary","Reinforced Body"],"picked":"SKIP","floor":14.0}],"player_experience":3032345,"relics_obtained":[{"floor":6.0,"key":"StuffTheSpire:Experiment12"},{"floor":8.0,"key":"StuffTheSpire:Mouthbags"}],"event_choices":[{"damage_healed":0.0,"max_hp_gain":0.0,"max_hp_loss":0.0,"gold_gain":0.0,"event_name":"World of Goop","player_choice":"Left Gold","floor":2.0,"gold_loss":62.0,"damage_taken":0.0},{"damage_healed":0.0,"max_hp_gain":0.0,"max_hp_loss":0.0,"gold_gain":50.0,"event_name":"Golden Shrine","player_choice":"Pray","floor":3.0,"gold_loss":0.0,"damage_taken":0.0},{"damage_healed":0.0,"max_hp_gain":0.0,"max_hp_loss":0.0,"gold_gain":0.0,"event_name":"The Woman in Blue","player_choice":"Bought 3 Potions","floor":11.0,"gold_loss":0.0,"damage_taken":0.0}],"is_beta":false,"boss_relics":[],"items_purged_floors":[13],"is_endless":false,"potions_floor_spawned":[10,14],"killed_by":"The Guardian","ascension_level":16}}