{"host":"3xls0xm49ftugio7","time":1612530221,"event":{"mods":["2.2 Compatiblity","AchievementEnabler","Act Like it!","BaseMod","Colored Powertips","GifTheSpireLib","Halation","Minty Spire (QoL Compilation)","StSLib","slay the spire mod where everything is the same but ironclad has a cowboy hat"],"gold_per_floor":[367,386,401,416,0,0,19,19,319,349,349,6,16,33,33,107,107,127,127,195,120,120,120,134,134,134],"floor_reached":25,"language":"ENG","playtime":784,"items_purged":[],"score":406,"play_id":"b838b33e-42fb-4c63-98d0-b138dabbcf95","local_time":"20210205150341","is_ascension_mode":true,"campfire_choices":[{"data":"Chill","floor":6,"key":"SMITH"},{"data":"Blizzard","floor":8,"key":"SMITH"},{"floor":11,"key":"REST"},{"data":"Genetic Algorithm","floor":15,"key":"SMITH"},{"floor":23,"key":"REST"}],"circlet_count":0,"master_deck":["AscendersBane","Strike_B","Defend_B","Defend_B","Defend_B","Defend_B","Zap","Dualcast","Cold Snap","Chill+1","Rebound","BootSequence","Coolheaded","Blizzard+1","Heatsinks+1","Defragment+1","Genetic Algorithm+1","Rainbow","Heatsinks+1","Conserve Battery","Biased Cognition+1","Redo","Coolheaded","Chill"],"relics":["FrozenCore","Frozen Egg 2","Old Coin","halation:QuantumPhysicsTextbook","Membership Card","Mummified Hand","Bottled Lightning"],"acts_visited":["Exordium","TheCity"],"potions_floor_usage":[10,10,10,10,10,16,16],"damage_taken":[{"damage":10,"enemies":"Small Slimes","floor":1,"turns":3},{"damage":10,"enemies":"Jaw Worm","floor":2,"turns":2},{"damage":0,"enemies":"2 Louse","floor":3,"turns":3},{"damage":10,"enemies":"Lots of Slimes","floor":4,"turns":5},{"damage":0,"enemies":"Blue Slaver","floor":7,"turns":4},{"damage":23,"enemies":"Gremlin Nob","floor":10,"turns":4},{"damage":3,"enemies":"Exordium Wildlife","floor":13,"turns":5},{"damage":0,"enemies":"Red Slaver","floor":14,"turns":4},{"damage":18,"enemies":"Hexaghost","floor":16,"turns":9},{"damage":23,"enemies":"Chosen","floor":18,"turns":6},{"damage":2,"enemies":"Spheric Guardian","floor":24,"turns":6},{"damage":49,"enemies":"Gremlin Leader","floor":25,"turns":4}],"seed_played":"-4309794510963325344","potions_obtained":[{"floor":1,"key":"Energy Potion"},{"floor":7,"key":"EntropicBrew"},{"floor":10,"key":"LiquidBronze"},{"floor":24,"key":"Strength Potion"}],"is_trial":false,"path_per_floor":["M","M","M","M","$","R","M","R","T","E","R","$","M","M","R","B",null,"M","?","T","?","T","R","M","E"],"character_chosen":"DEFECT","items_purchased":["Frozen Egg 2","Coolheaded","Blizzard","AttackPotion","Membership Card","Genetic Algorithm","Rainbow","Heatsinks+1"],"campfire_rested":2,"item_purchase_floors":[5,5,5,5,12,12,12,12],"current_hp_per_floor":[54,44,44,34,34,34,34,34,34,11,30,30,27,27,27,24,54,31,31,31,31,31,50,48,0,0],"gold":134,"neow_bonus":"TWO_FIFTY_GOLD","is_daily":false,"chose_seed":false,"campfire_upgraded":3,"win_rate":0.0,"timestamp":1612530221,"path_taken":["M","M","M","M","$","R","M","R","T","E","R","$","M","M","R","BOSS","M","?","?","?","?","R","?","E"],"items_purchased_type":["Relic","Card","Card","Potion","Relic","Card","Card","Card"],"build_version":"2020-12-22","purchased_purges":0,"victory":false,"max_hp_per_floor":[64,64,64,64,64,64,64,64,64,64,64,64,64,64,64,64,64,64,64,64,64,64,64,64,64,64],"card_choices":[{"not_picked":["Blizzard","Go for the Eyes"],"picked":"Cold Snap","floor":1},{"not_picked":["Steam","Fusion"],"picked":"Chill","floor":2},{"not_picked":["Stack","Amplify"],"picked":"Rebound","floor":3},{"not_picked":["Ball Lightning","Darkness"],"picked":"BootSequence","floor":4},{"not_picked":["Lockon","Redo"],"picked":"Heatsinks+1","floor":7},{"not_picked":["Reprogram","Recycle"],"picked":"Defragment+1","floor":10},{"not_picked":["Beam Cell","Cold Snap"],"picked":"Conserve Battery","floor":13},{"not_picked":["Stack","Gash","Cold Snap"],"picked":"SKIP","floor":14},{"not_picked":["Machine Learning+1","Multi-Cast"],"picked":"Biased Cognition+1","floor":16},{"not_picked":["Turbo","Steam"],"picked":"Redo","floor":18},{"not_picked":["Chill","Reprogram","Beam Cell"],"picked":"SKIP","floor":24}],"player_experience":742217,"relics_obtained":[{"floor":9,"key":"Old Coin"},{"floor":10,"key":"halation:QuantumPhysicsTextbook"},{"floor":20,"key":"Mummified Hand"},{"floor":22,"key":"Bottled Lightning"}],"event_choices":[{"damage_healed":0,"gold_gain":0,"cards_transformed":["Strike_B","Strike_B"],"player_choice":"Became Test Subject","damage_taken":0,"max_hp_gain":0,"max_hp_loss":0,"event_name":"Drug Dealer","floor":19,"gold_loss":0,"cards_obtained":["Coolheaded","Chill"]},{"cards_removed":["Strike_B"],"damage_healed":0,"gold_gain":0,"player_choice":"Gave Gold","damage_taken":0,"max_hp_gain":0,"max_hp_loss":0,"event_name":"Beggar","floor":21,"gold_loss":75}],"is_beta":false,"boss_relics":[{"not_picked":["Runic Dome","Velvet Choker"],"picked":"FrozenCore"}],"items_purged_floors":[],"is_endless":false,"potions_floor_spawned":[1,7,10,13,14,24],"killed_by":"Gremlin Leader","ascension_level":20}}