{"host":"2pffx5rqbod9ds0c","time":1612514647,"event":{"mods":["BaseMod","Better Altar","Better Match","Better Note","Better Sensory Stone","Better Skull","Better Third Choice","Bossed Relics","Custom Start","Hubris","Minty Spire (QoL Compilation)","Quick Restart","Relic Stats","Spicy Shops","StSLib","The Senshi"],"gold_per_floor":[1101111,1099870,1099882,1099982,1098956,1098985,1098997,1099013,1099060,1099095,1099114,1098388,1098388,1098398,1098398,1098500,1098500,1098517,1098531,1098531,1098550,1098550,1098550],"floor_reached":22,"language":"ENG","playtime":1270,"items_purged":["theSenshi:SailorKick","theSenshi:SailorKick","theSenshi:SailorBlock","theSenshi:SailorBlock"],"score":223,"play_id":"57ec909e-6b5d-4098-a214-5308ed030a68","local_time":"20210205004407","is_ascension_mode":false,"campfire_choices":[{"data":"theSenshi:SilverMoonCrystalPowerKiss","floor":13.0,"key":"SMITH"},{"data":"theSenshi:RoseThrow","floor":15.0,"key":"SMITH"}],"circlet_count":0,"master_deck":["theSenshi:SailorKick","theSenshi:SailorBlock","theSenshi:RoseThrow+1","theSenshi:MoonPrismPowerMakeUp","theSenshi:MoonsReflection","Mind Blast","theSenshi:SilverMoonCrystalPowerKiss+1","theSenshi:InTheNameOfTheMoon","theSenshi:MoonPrincessHalation+1","theSenshi:MoonSpiralHeartAttack+1"],"relics":["theSenshi:TransformationBroochRelic","NeowsBlessing","hubris:SlimyHat","Cauldron","Pocketwatch","Strawberry","Ornamental Fan","Sling","Omamori","Matryoshka","hubris:TenFootPole","hubris:EmptyBottle","hubris:Potato","PreservedInsect","hubris:ToyBattleship","Bottled Flame","Membership Card","hubris:DeckOfHolding","Frozen Egg 2","Sundial","Molten Egg 2","Empty Cage"],"acts_visited":["Exordium","TheCity"],"potions_floor_usage":[],"damage_taken":[{"damage":0.0,"enemies":"Small Slimes","floor":1.0,"turns":1.0},{"damage":0.0,"enemies":"Cultist","floor":3.0,"turns":1.0},{"damage":0.0,"enemies":"Gremlin Nob","floor":6.0,"turns":1.0},{"damage":2.0,"enemies":"Jaw Worm","floor":7.0,"turns":4.0},{"damage":3.0,"enemies":"Blue Slaver","floor":8.0,"turns":4.0},{"damage":9.0,"enemies":"3 Sentries","floor":10.0,"turns":7.0},{"damage":3.0,"enemies":"Gremlin Gang","floor":11.0,"turns":7.0},{"damage":2.0,"enemies":"2 Fungi Beasts","floor":14.0,"turns":3.0},{"damage":12.0,"enemies":"Hexaghost","floor":16.0,"turns":7.0},{"damage":18.0,"enemies":"3 Byrds","floor":18.0,"turns":5.0},{"damage":21,"enemies":"2 Thieves","floor":19,"turns":3},{"damage":26,"enemies":"Shelled Parasite and Fungi","floor":21,"turns":3},{"damage":16,"enemies":"Centurion and Healer","floor":22,"turns":1}],"seed_played":"-6445404142667011240","potions_obtained":[{"floor":2.0,"key":"Regen Potion"},{"floor":2.0,"key":"Energy Potion"},{"floor":2.0,"key":"DuplicationPotion"},{"floor":8.0,"key":"CultistPotion"}],"is_trial":false,"path_per_floor":["M","$","M","?","$","E","M","M","T","E","M","$","R","M","R","B",null,"M","M","?","M","M"],"character_chosen":"THE_SENSHI","items_purchased":["theSenshi:MoonsReflection","hubris:SlimyHat","Cauldron","Pocketwatch","Strawberry","Ornamental Fan","Mind Blast","Sling","Omamori","Matryoshka","hubris:TenFootPole","hubris:EmptyBottle","Membership Card","hubris:DeckOfHolding","Frozen Egg 2","Sundial","Molten Egg 2"],"campfire_rested":0,"item_purchase_floors":[2,2,2,2,2,2,2,5,5,5,5,5,12,12,12,12,12],"current_hp_per_floor":[75,82,82,82,82,82,80,77,77,68,65,65,65,63,63,51,82,64,43,39,13,0,0],"gold":1098550,"neow_bonus":"THREE_ENEMY_KILL","is_daily":false,"chose_seed":false,"campfire_upgraded":2,"win_rate":0.0,"timestamp":1612514647,"path_taken":["M","$","M","?","$","E","?","M","T","E","M","$","R","M","R","BOSS","M","?","?","M","?"],"items_purchased_type":["Card","Relic","Relic","Relic","Relic","Relic","Card","Relic","Relic","Relic","Relic","Relic","Relic","Relic","Relic","Relic","Relic"],"build_version":"2020-12-22","purchased_purges":4,"victory":false,"max_hp_per_floor":[75,82,82,82,82,82,82,82,82,82,82,82,82,82,82,82,82,82,82,82,82,82,82],"relic_stats":{"counters":[13,47],"Ornamental Fan":[20],"Sundial":[12],"PreservedInsect":31,"obtain_stats":[{"NeowsBlessing":0,"PreservedInsect":9,"hubris:SlimyHat":2,"Omamori":5,"hubris:EmptyBottle":5,"Frozen Egg 2":12,"Sling":5,"Empty Cage":17,"Cauldron":2,"Bottled Flame":10,"theSenshi:TransformationBroochRelic":0,"Matryoshka":5,"Ornamental Fan":2,"Sundial":12,"Strawberry":2,"hubris:DeckOfHolding":12,"Molten Egg 2":12,"hubris:TenFootPole":5,"hubris:ToyBattleship":9,"Membership Card":12,"hubris:Potato":6,"Pocketwatch":2},{"NeowsBlessing":0,"PreservedInsect":5,"hubris:SlimyHat":1,"Omamori":2,"hubris:EmptyBottle":2,"Frozen Egg 2":7,"Sling":2,"Empty Cage":9,"Cauldron":1,"Bottled Flame":6,"theSenshi:TransformationBroochRelic":0,"Matryoshka":2,"Ornamental Fan":1,"Sundial":7,"Strawberry":1,"hubris:DeckOfHolding":7,"Molten Egg 2":7,"hubris:TenFootPole":2,"hubris:ToyBattleship":5,"Membership Card":7,"hubris:Potato":3,"Pocketwatch":1},{"NeowsBlessing":0,"PreservedInsect":11,"hubris:SlimyHat":1,"Omamori":2,"hubris:EmptyBottle":2,"Frozen Egg 2":25,"Sling":2,"Empty Cage":35,"Cauldron":1,"Bottled Flame":18,"theSenshi:TransformationBroochRelic":0,"Matryoshka":2,"Ornamental Fan":1,"Sundial":25,"Strawberry":1,"hubris:DeckOfHolding":25,"Molten Egg 2":25,"hubris:TenFootPole":2,"hubris:ToyBattleship":11,"Membership Card":25,"hubris:Potato":3,"Pocketwatch":1}],"Pocketwatch":[42]},"card_choices":[{"not_picked":["theSenshi:MoonPunch","theSenshi:SchoolBag","theSenshi:SailorMercuryAssists"],"picked":"SKIP","floor":1.0},{"not_picked":["theSenshi:LateForSchool","theSenshi:SailorChibiMoonAssists","theSenshi:TuxedoSmokingBomber"],"picked":"SKIP","floor":3.0},{"not_picked":["theSenshi:MoonTiaraMagic","theSenshi:SailorNeptuneAssists","theSenshi:Sidestep"],"picked":"SKIP","floor":6.0},{"not_picked":["theSenshi:DramaticEntrance","theSenshi:MoonCrisisMakeUp","theSenshi:MoonsReflection"],"picked":"SKIP","floor":7.0},{"not_picked":["theSenshi:SailorStarFighterAssists","theSenshi:SailorV","theSenshi:EncouragingSpeech"],"picked":"SKIP","floor":8.0},{"not_picked":["theSenshi:SailorMarsAssists","theSenshi:SailorPlanetAttack"],"picked":"theSenshi:SilverMoonCrystalPowerKiss","floor":10.0},{"not_picked":["theSenshi:SailorStarFighterAssists","theSenshi:SupersonicWaves","theSenshi:Sidestep"],"picked":"SKIP","floor":11.0},{"not_picked":["theSenshi:MoonPunch+1","theSenshi:TuxedoSmokingBomber+1","theSenshi:EncouragingSpeech"],"picked":"SKIP","floor":14.0},{"not_picked":["theSenshi:JupitersPower+1","theSenshi:IWillPunishYou"],"picked":"theSenshi:InTheNameOfTheMoon","floor":16.0},{"not_picked":["theSenshi:MoonTiaraMagic+1","theSenshi:SailorChibiMoonAssists+1"],"picked":"theSenshi:MoonPrincessHalation+1","floor":18.0},{"not_picked":["theSenshi:MoonsReflection","theSenshi:SaturnsMystery+1","theSenshi:TuxedoSmokingBomber+1"],"picked":"SKIP","floor":19},{"not_picked":["theSenshi:Sidestep","theSenshi:MercurysCunning+1"],"picked":"theSenshi:MoonSpiralHeartAttack+1","floor":21}],"player_experience":735296,"relics_obtained":[{"floor":6.0,"key":"hubris:Potato"},{"floor":9.0,"key":"PreservedInsect"},{"floor":9.0,"key":"hubris:ToyBattleship"},{"floor":10.0,"key":"Bottled Flame"}],"event_choices":[{"damage_healed":0.0,"max_hp_gain":0.0,"max_hp_loss":0.0,"gold_gain":100.0,"event_name":"Golden Shrine","player_choice":"Pray","floor":4.0,"gold_loss":0.0,"damage_taken":0.0},{"damage_healed":0,"gold_gain":0,"player_choice":"Damaged","damage_taken":8,"max_hp_gain":0,"max_hp_loss":0,"event_name":"Wheel of Change","floor":20,"gold_loss":0}],"is_beta":false,"boss_relics":[{"not_picked":["Runic Pyramid","SacredBark"],"picked":"Empty Cage"}],"items_purged_floors":[2,5,5,12],"is_endless":false,"potions_floor_spawned":[6,7,8,18],"killed_by":"Centurion and Healer","ascension_level":0}}