{"host":"s3xohtohhcw15sii","time":1612543293,"event":{"mods":["2.2 Compatiblity","AchievementEnabler","Aspiration","BaseMod","BetterRewards","ChefMod","Clockwork Mod","Colored Map","Friendly Minions","Gremlin Skip","Hubris","Hunter ??","Infinite Spire","Minty Spire (QoL Compilation)","Quick Restart","Reliquary","Replay The Spire","Shop Mod","StSLib","The Blackbeard","The Dragon Tamer","The Forsaken","The Hayseed","The Necromancer","TheBandit"],"gold_per_floor":[109,120,5,18,93,93,110,125,200,200,200,234,254,279,279,379,379,393,393,406,406,406,406,440,440,521,534,534,564,578,503,503,602,602,614,614,625,625,642,642,661,695,744,764,764,774,785,811,811,907,907,908,908,908,919,919,932,939,941,941,941,477,483,507,515,515,590,590,589,58,58,60,80,78,88,85,110,110,110,110,110,107,107,178,178,179,24,13,13,17,17,28,124,199,193,197,185,188,180,180,236,236,255,261,361,362,369,389,387,392,392,389,396,393,405,405,498,576,576,586,586,582,343,341,341,338,338,338,326,309,315,302,346,440,508,508,507,458,458,484,484,484,482,502,528,528,509,494,477,474,474,533,533,533,431,416,446],"floor_reached":158,"language":"ENG","playtime":12384,"items_purged":["Strike_W","Defend_W+1","Bone_Wall","Blood_Magic+1","Bone_Armory+1"],"score":4600,"play_id":"c5d7b3b7-eac2-4964-9eec-aaf02c290b19","local_time":"20210205114133","is_ascension_mode":false,"campfire_choices":[{"floor":6.0,"key":"REST"},{"data":"Summon_Lich","floor":23.0,"key":"SMITH"},{"floor":25.0,"key":"REST"},{"floor":28.0,"key":"REST"},{"data":"Summon_Vampire_Lady","floor":32.0,"key":"SMITH"},{"data":"Blood_Is_Power","floor":40.0,"key":"SMITH"},{"data":"Summon_Vampire_Lady","floor":49.0,"key":"SMITH"},{"floor":61.0,"key":"REST"},{"data":"Summon_Undead","floor":66.0,"key":"SMITH"},{"data":"Summon_Vampire_Lady","floor":78.0,"key":"SMITH"},{"data":"Siphon_Strength","floor":81.0,"key":"SMITH"},{"data":"Summon_Lich","floor":83.0,"key":"SMITH"},{"data":"Slay_Living","floor":91.0,"key":"SMITH"},{"data":"Grasp_Heart","floor":100.0,"key":"SMITH"},{"floor":125.0,"key":"DIG"},{"data":"Strike_from_Beyond","floor":142,"key":"SMITH"},{"floor":151,"key":"DIG"},{"floor":154,"key":"DIG"}],"circlet_count":0,"master_deck":["Defend_W+1","Negative_Energy_Arrows","Acid_Javelin","Summon_Lich+1","Stop_Heart","Blood_Is_Power+1","Negative_Energy_Javelin","Summon_Lich+1","Death_March_Dance","Blood_Wake","Hellfire","Summon_Lich+1","Summon_Vampire_Lady+1","Siphon_Strength+1","Grasp_Heart+1","Siphon_Strength+1","Spectral_Armor+1","Summon_Undead+1","Summon_Vampire_Lady+1","Summon_Undead+1","Uncharnel","Uncharnel+1","Summon_Vampire_Lady+1","Uncharnel+1","Summon_Undead_Army+1","ReplayTheSpireMod:Chaos Vortex+1","Summon_Death_Knight+1","Summon_Undead_Army+1","Siphon_Strength+1","Skeleton_Dragon+1","Summon_Undead+1","Bones_to_Steel+1","Requiem","Summon_Death_Knight+1","Slay_Living+1","Summon_Vampire_Lady+1","Skeleton_Dragon+1","Skeleton_Dragon+1","Strike_from_Beyond+1","Summon_Death_Knight+1","Summon_Death_Knight+1","Summon_Vampire_Lady+1","Bite","Bite","Bite","Bite","Bite","Skeleton_Dragon+1","Summon_Lich+1","Summon_Undead+1","Summon_Undead+1","Summon_Undead+1","Heavy Blade+1","Demon Form+1"],"relics":["Vampire_Amulet","theForsaken:ScaryMask","theForsaken:PlagueMask","Quantum Egg","aspiration:HummingbirdHeart","hubris:Towel","Question Card","Orichalcum","hubris:PeanutButter","hubris:ScarierMask","reliquary:Stiletto","Singing Bowl","aspiration:SecretTechniqueScroll","Frozen Egg 2","hubris:Icosahedron","infinitespire:Joker Card","aspiration:FetidBarrel","MerchantsRug","Boot","Ring of Chaos","Toxic Egg 2","Toolbox","Red Mask","Bird Faced Urn","hubris:BottledHeart","hubris:BlackHole","DollysMirror","aspiration:TomeofQuesting","Bottled Lightning","Replay:Wax Seal","Runic Pyramid","Replay:Multitool","Pen Nib","SacredBark","Bronze Scales","ClockworkSouvenir","reliquary:IridiumChain","Strawberry","Shuriken","Oddly Smooth Stone","Medical Kit","reliquary:ExpiredCoupon","hubris:Spice","hubris:MedicalManual","reliquary:BoilingFlask","aspiration:IroncladSkillbook","Molten Egg 2","Simple Rune"],"acts_visited":["Exordium","TheCity","TheBeyond","Exordium","TheCity","TheBeyond","Exordium","TheCity","TheBeyond","TheEnding"],"potions_floor_usage":[157],"damage_taken":[{"damage":7.0,"enemies":"Jaw Worm","floor":1.0,"turns":4.0},{"damage":2.0,"enemies":"2 Louse","floor":2.0,"turns":3.0},{"damage":7.0,"enemies":"Small Slimes","floor":4.0,"turns":3.0},{"damage":19.0,"enemies":"Blue Slaver","floor":7.0,"turns":3.0},{"damage":18.0,"enemies":"Lots of Slimes","floor":8.0,"turns":3.0},{"damage":16.0,"enemies":"Gremlin Nob","floor":12.0,"turns":4.0},{"damage":15.0,"enemies":"3 Louse","floor":13.0,"turns":3.0},{"damage":27.0,"enemies":"3 Sentries","floor":14.0,"turns":6.0},{"damage":18.0,"enemies":"Slime Boss","floor":16.0,"turns":6.0},{"damage":16.0,"enemies":"Spheric Guardian","floor":18.0,"turns":4.0},{"damage":0.0,"enemies":"Chosen","floor":20.0,"turns":2.0},{"damage":41.0,"enemies":"Book of Stabbing","floor":24.0,"turns":6.0},{"damage":2.0,"enemies":"Snake Plant","floor":27.0,"turns":3.0},{"damage":32.0,"enemies":"Nightmare","floor":29.0,"turns":6.0},{"damage":6.0,"enemies":"Snecko","floor":30.0,"turns":5.0},{"damage":59.0,"enemies":"Automaton","floor":33.0,"turns":8.0},{"damage":0.0,"enemies":"3 Shapes","floor":35.0,"turns":3.0},{"damage":0.0,"enemies":"3 Darklings","floor":37.0,"turns":3.0},{"damage":0.0,"enemies":"Sphere and 2 Shapes","floor":39.0,"turns":2.0},{"damage":1.0,"enemies":"Spire Growth","floor":41.0,"turns":4.0},{"damage":0.0,"enemies":"R_Hoarder","floor":42.0,"turns":6.0},{"damage":8.0,"enemies":"Writhing Mass","floor":44.0,"turns":5.0},{"damage":0.0,"enemies":"Sphere and 2 Shapes","floor":46.0,"turns":3.0},{"damage":1.0,"enemies":"4 Shapes","floor":47.0,"turns":4.0},{"damage":19.0,"enemies":"Reptomancer","floor":48.0,"turns":5.0},{"damage":143.0,"enemies":"Replay:Hell Engine","floor":50.0,"turns":12.0},{"damage":0.0,"enemies":"Jaw Worm","floor":52.0,"turns":3.0},{"damage":0.0,"enemies":"Small Slimes","floor":55.0,"turns":2.0},{"damage":3.0,"enemies":"Gremlin Nob","floor":57.0,"turns":4.0},{"damage":0.0,"enemies":"2 Louse","floor":58.0,"turns":2.0},{"damage":101.0,"enemies":"Nightmare","floor":59.0,"turns":8.0},{"damage":0.0,"enemies":"Gremlin Gang","floor":63.0,"turns":2.0},{"damage":0.0,"enemies":"3 Sentries","floor":64.0,"turns":4.0},{"damage":0.0,"enemies":"Looter","floor":65.0,"turns":2.0},{"damage":42.0,"enemies":"The Guardian","floor":67.0,"turns":7.0},{"damage":9.0,"enemies":"Spheric Guardian","floor":69.0,"turns":3.0},{"damage":0.0,"enemies":"Shell Parasite","floor":72.0,"turns":4.0},{"damage":10.0,"enemies":"Masked Bandits","floor":73.0,"turns":3.0},{"damage":16.0,"enemies":"Snecko","floor":74.0,"turns":4.0},{"damage":23.0,"enemies":"Book of Stabbing","floor":75.0,"turns":5.0},{"damage":0.0,"enemies":"Centurion and Healer","floor":76.0,"turns":3.0},{"damage":0.0,"enemies":"Cultist and Chosen","floor":82.0,"turns":4.0},{"damage":0.0,"enemies":"Champ","floor":84.0,"turns":9.0},{"damage":0.0,"enemies":"3 Shapes","floor":86.0,"turns":3.0},{"damage":0.0,"enemies":"3 Darklings","floor":88.0,"turns":3.0},{"damage":0.0,"enemies":"Sphere and 2 Shapes","floor":90.0,"turns":2.0},{"damage":0.0,"enemies":"R_Hoarder","floor":92.0,"turns":4.0},{"damage":0.0,"enemies":"Spire Growth","floor":93.0,"turns":3.0},{"damage":0.0,"enemies":"Writhing Mass","floor":95.0,"turns":3.0},{"damage":0.0,"enemies":"Sphere and 2 Shapes","floor":96.0,"turns":2.0},{"damage":0.0,"enemies":"Spire Growth","floor":97.0,"turns":3.0},{"damage":0.0,"enemies":"Nemesis","floor":98.0,"turns":5.0},{"damage":0.0,"enemies":"3 Darklings","floor":99.0,"turns":3.0},{"damage":0.0,"enemies":"infinitespire:MassOfShapes","floor":101.0,"turns":7.0},{"damage":0.0,"enemies":"2 Louse","floor":103.0,"turns":1.0},{"damage":0.0,"enemies":"Jaw Worm","floor":104.0,"turns":2.0},{"damage":0.0,"enemies":"Cultist","floor":106.0,"turns":2.0},{"damage":0.0,"enemies":"Large Slime","floor":107.0,"turns":2.0},{"damage":0.0,"enemies":"Gremlin Nob","floor":108.0,"turns":2.0},{"damage":0.0,"enemies":"Blue Slaver","floor":109.0,"turns":3.0},{"damage":0.0,"enemies":"Gremlin Gang","floor":110.0,"turns":2.0},{"damage":0.0,"enemies":"Lots of Slimes","floor":112.0,"turns":2.0},{"damage":0.0,"enemies":"2 Fungi Beasts","floor":113.0,"turns":1.0},{"damage":0.0,"enemies":"3 Louse","floor":114.0,"turns":2.0},{"damage":0.0,"enemies":"Lagavulin","floor":115.0,"turns":3.0},{"damage":0.0,"enemies":"The Guardian","floor":118.0,"turns":3.0},{"damage":0.0,"enemies":"Chosen","floor":120.0,"turns":2.0},{"damage":0.0,"enemies":"3 Byrds","floor":122.0,"turns":3.0},{"damage":0.0,"enemies":"Snake Plant","floor":124.0,"turns":3.0},{"damage":0.0,"enemies":"Gremlin Leader","floor":126.0,"turns":3.0},{"damage":0.0,"enemies":"Centurion and Healer","floor":129.0,"turns":2.0},{"damage":0.0,"enemies":"Snecko","floor":130.0,"turns":2.0},{"damage":0.0,"enemies":"Slavers","floor":131.0,"turns":2.0},{"damage":0.0,"enemies":"Snake Plant","floor":132.0,"turns":2.0},{"damage":0.0,"enemies":"Automaton","floor":135.0,"turns":3.0},{"damage":0,"enemies":"3 Shapes","floor":137,"turns":1},{"damage":0,"enemies":"Orb Walker","floor":139,"turns":1},{"damage":0,"enemies":"2 Orb Walkers","floor":140,"turns":2},{"damage":0,"enemies":"R_Hoarder","floor":143,"turns":2},{"damage":0,"enemies":"Mind Bloom Boss Battle","floor":144,"turns":3},{"damage":0,"enemies":"Nemesis","floor":147,"turns":3},{"damage":0,"enemies":"4 Shapes","floor":148,"turns":2},{"damage":0,"enemies":"Maw","floor":149,"turns":3},{"damage":0,"enemies":"Spire Growth","floor":150,"turns":2},{"damage":0,"enemies":"Time Eater","floor":152,"turns":5},{"damage":0,"enemies":"Shield and Spear","floor":156,"turns":3},{"damage":0,"enemies":"The Heart","floor":157,"turns":7}],"seed_played":"3637910567787185498","potions_obtained":[{"floor":1.0,"key":"Toxic Potion"},{"floor":8.0,"key":"LiquidBronze"},{"floor":12.0,"key":"Cursed Concoction"},{"floor":13.0,"key":"Swift Potion"},{"floor":20.0,"key":"FearPotion"},{"floor":29.0,"key":"Fire Potion"},{"floor":30.0,"key":"FearPotion"},{"floor":33.0,"key":"CultistPotion"},{"floor":37.0,"key":"LiquidMemories"},{"floor":46.0,"key":"LiquidMemories"},{"floor":47.0,"key":"FairyPotion"},{"floor":50.0,"key":"Elixir"},{"floor":55.0,"key":"Strength Potion"},{"floor":57.0,"key":"Explosive Potion"},{"floor":74.0,"key":"Energy Potion"},{"floor":75.0,"key":"CultistPotion"},{"floor":88.0,"key":"Regen Potion"},{"floor":95.0,"key":"SkillPotion"},{"floor":113.0,"key":"Venom Potion"},{"floor":124.0,"key":"Ancient Potion"},{"floor":131.0,"key":"Death Potion"},{"floor":133.0,"key":"infinitespire:BlackPotion"}],"is_trial":false,"path_per_floor":["M","M","$","M","?","R","M","M","T","?","?","E","M","E","R_BF","B",null,"M","?","M","?","T","R","E","R","T","M","R","NM","M","?","R","B",null,"M","?","M","?","M","R","M","E","T","M","?","M","M","E","R","B",null,"M","?","?","M","?","E","M","NM","T","R","$","M","E","M","R","B",null,"M","$","?","M","?","M","E","M","T","R","?","?","R","M","R","B",null,"M","$","M","?","M","R","E","M","T","M","M","M","E","M","R","B",null,"M","M","?","M","M","E","M","M","T","M","M","M","E","?","R","B",null,"M","?","M","$","M","R","E","R","T","M","M","E","M","?","R","B",null,"M","$","M","?","?","R","E","?","T","?","E","M","M","M","R","B",null,"R","$","E","B",null],"character_chosen":"NECROMANCER","items_purchased":["Summon_Lich","MerchantsRug","Summon_Undead_Army+1","aspiration:Nostalgia","Toxic Egg 2","Toolbox","Summon_Undead_Army+1","DollysMirror","Bronze Scales","ClockworkSouvenir","Medical Kit","reliquary:ExpiredCoupon","Summon_Undead+1"],"campfire_rested":4,"item_purchase_floors":[3,62,62,62,70,70,70,87,123,123,138,138,138],"current_hp_per_floor":[77,79,79,76,65,82,65,57,57,60,60,46,37,16,41,31,85,71,71,73,73,73,73,34,59,59,59,84,54,62,62,62,18,85,85,85,85,85,85,85,84,85,85,85,85,85,84,85,85,27,85,85,85,85,87,70,86,90,15,15,42,42,56,83,93,93,92,99,101,101,101,101,101,93,87,101,101,101,1,1,1,1,1,1,1,1,1,1,1,1,1,1,1,1,1,1,1,1,1,1,1,1,1,1,1,1,1,1,1,1,1,1,1,1,1,1,1,1,1,1,1,1,1,1,1,1,1,1,1,1,1,1,1,1,1,1,1,1,1,1,1,1,1,1,1,1,1,1,1,1,1,1,1,1,1,1,1],"gold":446,"neow_bonus":"TEN_PERCENT_HP_BONUS","is_daily":false,"chose_seed":false,"campfire_upgraded":11,"win_rate":0.0,"timestamp":1612543293,"path_taken":["M","M","$","M","?","R","M","M","T","?","?","E","M","E","R_BF","BOSS","M","?","M","?","?","R","E","R","T","?","R","NM","M","?","R","BOSS","M","?","?","?","M","R","M","E","T","?","?","M","?","E","R","BOSS","M","?","?","M","?","E","M","NM","T","R","?","M","E","M","R","BOSS","M","$","?","M","?","M","E","M","T","R","?","?","R","M","R","BOSS","M","$","M","?","?","R","E","M","T","M","?","M","E","M","R","BOSS","M","M","?","M","?","E","M","M","T","M","M","M","E","?","R","BOSS","M","?","M","$","M","R","E","R","T","M","M","E","M","?","R","BOSS","M","$","M","?","?","R","E","?","T","?","E","M","?","M","R","BOSS","R","$","E","BOSS"],"items_purchased_type":["Card","Relic","Card","Relic","Relic","Relic","Card","Relic","Relic","Relic","Relic","Relic","Card"],"build_version":"2020-12-22","purchased_purges":5,"victory":true,"max_hp_per_floor":[82,82,82,82,82,82,82,82,82,85,85,85,85,85,85,85,85,85,85,85,85,85,85,85,85,85,85,85,85,85,85,85,85,85,85,85,85,85,85,85,85,85,85,85,85,85,85,85,85,85,85,85,85,85,87,87,89,91,93,93,93,93,95,97,99,99,99,99,101,101,101,101,101,101,101,101,101,101,1,1,1,1,1,1,1,1,1,1,1,1,1,1,1,1,1,1,1,1,1,1,1,1,1,1,1,1,1,1,1,1,1,1,1,1,1,1,1,1,1,1,1,1,1,1,1,1,1,1,1,1,1,1,1,1,1,1,1,1,1,1,1,1,1,1,1,1,1,1,1,1,1,1,1,1,1,1,1],"card_choices":[{"not_picked":["Bone_Spikes","Bone_Shift"],"picked":"Acid_Javelin","floor":1.0},{"not_picked":["Life_Drain","Plague_Bolt"],"picked":"Flesh_Made_Foul","floor":2.0},{"not_picked":["Negative_Energy_Burst","Violent_Necrosis"],"picked":"Stop_Heart","floor":4.0},{"not_picked":["Blood_Curse","Shackles_Of_Pain"],"picked":"Blood_Is_Power","floor":7.0},{"not_picked":["Blood_Is_Power","Blood_Shield"],"picked":"Negative_Energy_Javelin","floor":8.0},{"not_picked":["Shackles_Of_Pain","Strike_from_Beyond"],"picked":"Summon_Lich","floor":12.0},{"not_picked":["Stop_Heart","Cloudkill"],"picked":"Death_March_Dance","floor":13.0},{"not_picked":["Bone_Spikes","Cloudkill"],"picked":"Blood_Wake","floor":14.0},{"not_picked":["Negative_Energy_Bomb","Blood_Wake"],"picked":"Hellfire","floor":16.0},{"not_picked":["Bone_Spikes","Blood_Whip+1","Chill_Blood"],"picked":"SKIP","floor":18.0},{"not_picked":["Deaths_Shadow","Pandemic","Finger_Of_Death"],"picked":"SKIP","floor":20.0},{"not_picked":["Bone_Spikes","Bone_Armor+1","Thousand_Bone_Knives"],"picked":"Summon_Lich","floor":24.0},{"not_picked":["Vampiric_Strike","Bone_Prison","Shackles_Of_Pain","Death_Coil"],"picked":"SKIP","floor":27.0},{"not_picked":["Bones_to_Steel","Death_Coil","Necromantic_Selection"],"picked":"Summon_Vampire_Lady","floor":29.0},{"not_picked":["Flesh_Made_Foul+1","Plague_Bolt+1","Blood_Curse"],"picked":"Siphon_Strength","floor":30.0},{"not_picked":["Hellfire","Detonate_Bones","Reap_The_Weak"],"picked":"Grasp_Heart","floor":33.0},{"not_picked":["Toxic_Smoke_Screen+1","Death_Coil","Shackles_Of_Pain+1"],"picked":"Siphon_Strength+1","floor":35.0},{"not_picked":["Siphon_Strength","Blood_Curse","Reap_The_Weak"],"picked":"Summon_Undead","floor":37.0},{"not_picked":["Negative_Energy_Shield+1","Thousand_Bone_Knives+1","Violent_Necrosis+1","Spectral_Walk"],"picked":"SKIP","floor":39.0},{"not_picked":["Negative_Energy_Javelin+1","Negative_Energy_Sphere","Blood_Whip+1"],"picked":"Summon_Vampire_Lady","floor":41.0},{"not_picked":["Necrotic_Claws+1","Vampiric_Strike","Corrupt+1","Negative_Energy_Javelin+1"],"picked":"SKIP","floor":42.0},{"not_picked":["Death_Coil+1","Summon_Undead_Army","Scare"],"picked":"Summon_Undead","floor":44.0},{"not_picked":["Negative_Energy_Sphere+1","Blood_Curse","Blood_Is_Power"],"picked":"Uncharnel","floor":46.0},{"not_picked":["Bone_Bullets+1","Negative_Energy_Mist+1","Epidemic+1"],"picked":"Blood_Magic","floor":47.0},{"not_picked":["Bone_Bullets+1","Summon_Lich+1","Summon_Undead+1"],"picked":"Uncharnel+1","floor":48.0},{"not_picked":["Hellfire","Skeleton_Dragon","Grasp_Heart"],"picked":"Summon_Vampire_Lady","floor":50.0},{"not_picked":["Death_Knell","Whirlwind_of_Bones","Negative_Energy_Shield"],"picked":"Uncharnel","floor":52.0},{"not_picked":["Bones_to_Steel","Violent_Necrosis","Pandemic","Negative_Energy_Javelin"],"picked":"Singing Bowl","floor":55.0},{"not_picked":["Spectral_Walk","Exploit","Blood_for_Blood+1","Negative_Energy_Javelin"],"picked":"Singing Bowl","floor":57.0},{"not_picked":["Deaths_Shadow","Blood_Shield","Corrupt","Life_Drain"],"picked":"Singing Bowl","floor":58.0},{"not_picked":["Bone_Bullets","Necromantic_Selection","Bone_Shift","Negative_Energy_Javelin"],"picked":"Singing Bowl","floor":59.0},{"not_picked":["Strike_from_Beyond","Scare","Bone_Shift","Spectral_Walk"],"picked":"Singing Bowl","floor":63.0},{"not_picked":["Pandemic","Death_March_Dance","Spectral_Walk","Negative_Energy_Javelin"],"picked":"Singing Bowl","floor":64.0},{"not_picked":["Vampiric_Strike","Negative_Energy_Shield","Bone_Shift","Blood_Curse"],"picked":"Singing Bowl","floor":65.0},{"not_picked":["infinitespire:FinalStrike","infinitespire:Gouge"],"picked":"ReplayTheSpireMod:Chaos Vortex","floor":67.0},{"not_picked":["Hellfire","Skeleton_Dragon+1","Negative_Energy_Bomb"],"picked":"Summon_Death_Knight+1","floor":67.0},{"not_picked":["Spectral_Walk","Epidemic+1","Bone_Shift+1","Negative_Energy_Shield"],"picked":"Singing Bowl","floor":69.0},{"not_picked":["Blood_Shield+1","Negative_Energy_Mist+1","Reap_The_Weak"],"picked":"Bone_Armory+1","floor":72.0},{"not_picked":["Scare+1","Negative_Energy_Javelin","Chill_Blood+1"],"picked":"Siphon_Strength+1","floor":73.0},{"not_picked":["Uncharnel+1","Bone_Shift+1","Negative_Energy_Sphere"],"picked":"Skeleton_Dragon+1","floor":74.0},{"not_picked":["Negative_Energy_Bomb","Death_Knell","Epidemic+1"],"picked":"Summon_Undead+1","floor":75.0},{"not_picked":["Chill_Blood+1","Death_Coil","Deaths_Shadow"],"picked":"Bones_to_Steel+1","floor":76.0},{"not_picked":["Shackles_Of_Pain+1","Death_March_Dance+1","Bones_to_Steel+1","Death_Knell"],"picked":"Singing Bowl","floor":82.0},{"not_picked":["Blood_Wake","Reap_The_Weak","Cloudkill+1"],"picked":"Requiem","floor":84.0},{"not_picked":["Blood_Whip+1","Death_Knell","Chill_Blood+1","Negative_Energy_Burst+1"],"picked":"Singing Bowl","floor":86.0},{"not_picked":["Acid_Javelin+1","Bone_Armory+1","Negative_Energy_Burst+1","Toxic_Smoke_Screen+1"],"picked":"Singing Bowl","floor":88.0},{"not_picked":["Shade_Step+1","Grasp_Heart","Negative_Energy_Mist+1"],"picked":"Slay_Living","floor":90.0},{"not_picked":["Vampiric_Strike+1","Negative_Energy_Sphere","Blood_Magic+1","Stop_Heart+1"],"picked":"Singing Bowl","floor":92.0},{"not_picked":["Slay_Living+1","Bone_Armor+1","Death_Knell","Toxic_Smoke_Screen+1"],"picked":"Singing Bowl","floor":93.0},{"not_picked":["Death_March_Dance+1","Vampiric_Strike","Bone_Prison+1","Chill_Blood+1"],"picked":"Singing Bowl","floor":95.0},{"not_picked":["Blood_Shield+1","Bone_Armor+1","Acid_Javelin","Bone_Armory+1"],"picked":"Singing Bowl","floor":96.0},{"not_picked":["Violent_Necrosis+1","Finger_Of_Death+1","Shackles_Of_Pain+1"],"picked":"Summon_Vampire_Lady+1","floor":97.0},{"not_picked":["Necrotic_Claws+1","Death_Knell+1","Pandemic+1","Bone_Bullets"],"picked":"Singing Bowl","floor":98.0},{"not_picked":["Necromantic_Selection+1","Death_Coil+1","Life_Tap+1","Toxic_Smoke_Screen+1"],"picked":"Singing Bowl","floor":99.0},{"not_picked":["Hellfire","Cloudkill+1","Negative_Energy_Bomb"],"picked":"Skeleton_Dragon+1","floor":101.0},{"not_picked":["Necrotic_Claws","Bone_Bullets","Bone_Spikes","Consume_Illness+1"],"picked":"Singing Bowl","floor":103.0},{"not_picked":["Bone_Spikes","Consume_Illness+1","Death_Knell"],"picked":"Skeleton_Dragon+1","floor":104.0},{"not_picked":["Plague_Bolt","Negative_Energy_Mist+1","Finger_Of_Death"],"picked":"Strike_from_Beyond","floor":106.0},{"not_picked":["Shackles_Of_Pain+1","Bone_Armor+1","Negative_Energy_Javelin","Violent_Necrosis+1"],"picked":"Singing Bowl","floor":107.0},{"not_picked":["Shade_Step+1","Blood_Whip","Grasp_Heart","Chill_Blood+1"],"picked":"Singing Bowl","floor":108.0},{"not_picked":["Violent_Necrosis+1","Chill_Blood+1","Blood_Curse","Scare+1"],"picked":"Singing Bowl","floor":109.0},{"not_picked":["Shackles_Of_Pain+1","Bone_Bullets","Bones_to_Steel+1","Negative_Energy_Shield+1"],"picked":"Singing Bowl","floor":110.0},{"not_picked":["Stop_Heart+1","Death_March_Dance","Consume_Illness+1","Blood_Whip"],"picked":"Singing Bowl","floor":112.0},{"not_picked":["Blood_for_Blood+1","Exploit","Negative_Energy_Sphere","Shackles_Of_Pain+1"],"picked":"Singing Bowl","floor":113.0},{"not_picked":["Spectral_Armor+1","Negative_Energy_Mist+1","Bone_Spikes","Grasp_Heart"],"picked":"Singing Bowl","floor":114.0},{"not_picked":["Death_Coil","Consume_Illness+1","Pandemic+1"],"picked":"Summon_Death_Knight+1","floor":115.0},{"not_picked":["Negative_Energy_Bomb","Cloudkill+1","Blood_Magic+1"],"picked":"Summon_Death_Knight+1","floor":118.0},{"not_picked":["Blood_Wake","Bone_Armor+1","Bones_to_Steel+1","Negative_Energy_Sphere+1"],"picked":"Singing Bowl","floor":120.0},{"not_picked":["Blood_Whip+1","Negative_Energy_Mist+1","Bone_Armor+1","Deaths_Shadow"],"picked":"Singing Bowl","floor":122.0},{"not_picked":["Shade_Step+1","Blood_Shield+1","Summon_Undead_Army+1"],"picked":"Summon_Vampire_Lady+1","floor":124.0},{"not_picked":["Bone_Shift+1","Summon_Lich+1","Shade_Step+1","Summon_Undead+1"],"picked":"Singing Bowl","floor":126.0},{"not_picked":["Bone_Spikes","Chill_Blood+1","Vampiric_Strike","Scare+1"],"picked":"Singing Bowl","floor":129.0},{"not_picked":["Stop_Heart+1","Consume_Illness+1","Death_Coil","Shackles_Of_Pain+1"],"picked":"Singing Bowl","floor":130.0},{"not_picked":["Slay_Living+1","Thousand_Bone_Knives","Bone_Bullets"],"picked":"Skeleton_Dragon+1","floor":131.0},{"not_picked":["Negative_Energy_Shield+1","Bone_Bullets","Negative_Energy_Javelin","Negative_Energy_Mist+1"],"picked":"Singing Bowl","floor":132.0},{"not_picked":["Negative_Energy_Javelin+1","Consume_Illness+1","Scare+1","Vampiric_Strike"],"picked":"Singing Bowl","floor":133.0},{"not_picked":["Reap_The_Weak","Requiem","Blood_Wake","Detonate_Bones"],"picked":"Singing Bowl","floor":135.0},{"not_picked":["Consume_Illness+1","Violent_Necrosis+1","Finger_Of_Death"],"picked":"Summon_Lich+1","floor":137},{"not_picked":["Slay_Living","Scare+1","Violent_Necrosis+1","Stop_Heart+1"],"picked":"Singing Bowl","floor":139},{"not_picked":["Violent_Necrosis+1","Strike_from_Beyond+1","Blood_Is_Power+1","Consume_Illness+1"],"picked":"Singing Bowl","floor":140},{"not_picked":["Trip+1","Replay:BasicMightCard+1","Flash of Steel","Blind+1"],"picked":"Singing Bowl","floor":141},{"not_picked":["Deaths_Shadow+1","Vampiric_Strike+1","Blood_Curse+1","Blood_Whip"],"picked":"Singing Bowl","floor":143},{"not_picked":["Spectral_Armor+1","Cloudkill+1","Finger_Of_Death","Toxic_Smoke_Screen+1"],"picked":"Singing Bowl","floor":144},{"not_picked":["Whirlwind_of_Bones","Blood_Whip","Thousand_Bone_Knives+1"],"picked":"Summon_Undead+1","floor":147},{"not_picked":["Vampiric_Strike+1","Blood_Shield+1","Blood_Magic+1","hubris:SpiceAddiction"],"picked":"Singing Bowl","floor":148},{"not_picked":["hubris:SpiceAddiction","Blood_Whip+1","Negative_Energy_Shield+1"],"picked":"Summon_Undead+1","floor":149},{"not_picked":["Bone_Shift+1","Death_March_Dance+1","Shackles_Of_Pain+1","Blood_Whip"],"picked":"Singing Bowl","floor":150},{"not_picked":["hubris:SpiceAddiction","Reap_The_Weak","Detonate_Bones","Cloudkill+1"],"picked":"Singing Bowl","floor":152},{"not_picked":["ReplayTheSpireMod:Corrosion Curse+1","Acid_Javelin+1","Blood_for_Blood+1","Blood_Wake+1"],"picked":"Heavy Blade+1","floor":156},{"not_picked":["Skeleton_Dragon+1","Exhume+1","Impervious+1","Juggernaut+1"],"picked":"Demon Form+1","floor":157}],"player_experience":326972,"relics_obtained":[{"floor":9.0,"key":"theForsaken:ScaryMask"},{"floor":12.0,"key":"Quantum Egg"},{"floor":14.0,"key":"aspiration:HummingbirdHeart"},{"floor":22.0,"key":"Question Card"},{"floor":24.0,"key":"Orichalcum"},{"floor":26.0,"key":"Sundial"},{"floor":29.0,"key":"hubris:PeanutButter"},{"floor":42.0,"key":"War Paint"},{"floor":43.0,"key":"reliquary:Stiletto"},{"floor":48.0,"key":"Singing Bowl"},{"floor":57.0,"key":"aspiration:Lifesprig"},{"floor":59.0,"key":"infinitespire:Joker Card"},{"floor":60.0,"key":"aspiration:FetidBarrel"},{"floor":64.0,"key":"Boot"},{"floor":73.0,"key":"Red Mask"},{"floor":75.0,"key":"Bird Faced Urn"},{"floor":92.0,"key":"aspiration:TomeofQuesting"},{"floor":94.0,"key":"Bottled Lightning"},{"floor":98.0,"key":"Replay:Wax Seal"},{"floor":108.0,"key":"Replay:Multitool"},{"floor":111.0,"key":"Pen Nib"},{"floor":115.0,"key":"Meat on the Bone"},{"floor":125.0,"key":"reliquary:IridiumChain"},{"floor":126.0,"key":"Strawberry"},{"floor":128.0,"key":"Shuriken"},{"floor":131.0,"key":"Oddly Smooth Stone"},{"floor":140,"key":"hubris:Spice"},{"floor":143,"key":"hubris:Spice"},{"floor":144,"key":"aspiration:HatOfInfinitePower"},{"floor":147,"key":"hubris:MedicalManual"},{"floor":151,"key":"reliquary:BoilingFlask"},{"floor":154,"key":"Molten Egg 2"},{"floor":156,"key":"Simple Rune"}],"event_choices":[{"damage_healed":0.0,"max_hp_gain":0.0,"max_hp_loss":0.0,"gold_gain":75.0,"event_name":"World of Goop","player_choice":"Gather Gold","floor":5.0,"gold_loss":0.0,"damage_taken":11.0},{"damage_healed":0.0,"max_hp_gain":0.0,"max_hp_loss":0.0,"gold_gain":0.0,"event_name":"Plague Doctor","player_choice":"Obtain Plague Curse","floor":11.0,"gold_loss":0.0,"damage_taken":0.0,"cards_obtained":["theForsaken:PlagueCurse"]},{"damage_healed":0.0,"max_hp_gain":0.0,"max_hp_loss":0.0,"gold_gain":0.0,"event_name":"Back to Basics","player_choice":"Simplicity","floor":19.0,"gold_loss":0.0,"damage_taken":0.0,"cards_upgraded":["Strike_W","Strike_W","Strike_W","Defend_W","Defend_W","Defend_W","Defend_W"]},{"cards_removed":["theForsaken:PlagueCurse"],"damage_healed":0.0,"max_hp_gain":0.0,"max_hp_loss":0.0,"gold_gain":0.0,"event_name":"Beggar","player_choice":"Gave Gold","floor":31.0,"gold_loss":75.0,"damage_taken":0.0},{"damage_healed":0.0,"max_hp_gain":0.0,"max_hp_loss":0.0,"gold_gain":0.0,"cards_transformed":["Flesh_Made_Foul"],"event_name":"Transmorgrifier","player_choice":"Transformed","floor":36.0,"gold_loss":0.0,"damage_taken":0.0,"cards_obtained":["Spectral_Armor"]},{"cards_removed":["Defend_W"],"damage_healed":0.0,"max_hp_gain":0.0,"max_hp_loss":0.0,"gold_gain":0.0,"event_name":"Wheel of Change","player_choice":"Card Removal","floor":38.0,"gold_loss":0.0,"damage_taken":0.0},{"cards_removed":["Defend_W"],"damage_healed":0.0,"max_hp_gain":0.0,"max_hp_loss":0.0,"gold_gain":0.0,"event_name":"Purifier","player_choice":"Purged","floor":45.0,"gold_loss":0.0,"damage_taken":0.0},{"damage_healed":0.0,"max_hp_gain":0.0,"max_hp_loss":0.0,"gold_gain":0.0,"event_name":"Shining Light","player_choice":"Entered Light","floor":56.0,"gold_loss":0.0,"damage_taken":17.0,"cards_upgraded":["Uncharnel","Blood_Magic"]},{"damage_healed":0.0,"max_hp_gain":0.0,"max_hp_loss":0.0,"gold_gain":0.0,"event_name":"Vampires","player_choice":"Ignored","floor":71.0,"gold_loss":0.0,"damage_taken":0.0},{"damage_healed":0.0,"max_hp_gain":0.0,"max_hp_loss":0.0,"gold_gain":0.0,"event_name":"Masked Bandits","player_choice":"Fought Bandits","floor":73.0,"gold_loss":0.0,"damage_taken":0.0},{"damage_healed":0.0,"max_hp_gain":0.0,"max_hp_loss":0.0,"gold_gain":0.0,"event_name":"NoteForYourself","player_choice":"Ignored","floor":89.0,"gold_loss":0.0,"damage_taken":0.0},{"damage_healed":0.0,"max_hp_gain":0.0,"max_hp_loss":0.0,"gold_gain":100.0,"event_name":"Golden Shrine","player_choice":"Pray","floor":105.0,"gold_loss":0.0,"damage_taken":0.0},{"damage_healed":0.0,"max_hp_gain":0.0,"max_hp_loss":0.0,"gold_gain":0.0,"event_name":"Scrap Ooze","player_choice":"Fled","floor":116.0,"gold_loss":0.0,"damage_taken":0.0},{"damage_healed":0.0,"max_hp_gain":0.0,"max_hp_loss":0.0,"gold_gain":0.0,"event_name":"Vampires","player_choice":"Became a vampire","floor":127.0,"gold_loss":0.0,"damage_taken":0.0,"cards_obtained":["Bite","Bite","Bite","Bite","Bite"]},{"damage_healed":0,"gold_gain":0,"player_choice":"Fight","damage_taken":0,"max_hp_gain":0,"max_hp_loss":0,"event_name":"Mysterious Sphere","floor":140,"gold_loss":0},{"damage_healed":0,"gold_gain":0,"player_choice":"Memory 1","damage_taken":0,"max_hp_gain":0,"max_hp_loss":0,"event_name":"SensoryStone","floor":141,"gold_loss":0},{"damage_healed":0,"gold_gain":0,"player_choice":"Fight","damage_taken":0,"max_hp_gain":0,"max_hp_loss":0,"event_name":"MindBloom","floor":144,"gold_loss":0},{"cards_removed":["Injury"],"damage_healed":0,"gold_gain":0,"player_choice":"Purged","damage_taken":0,"max_hp_gain":0,"max_hp_loss":0,"event_name":"Purifier","floor":146,"gold_loss":0}],"is_beta":false,"boss_relics":[{"not_picked":["reliquary:RedPaperclip","ReplayTheSpireMod:SealedPack"],"picked":"reliquary:WritOfMandamus"},{"not_picked":["Replay:Drink Me","aspiration:FutureDiary"],"picked":"hubris:ScarierMask"},{"not_picked":["ReplayTheSpireMod:DimensionalGlitch","reliquary:Ember"],"picked":"aspiration:SecretTechniqueScroll"},{"not_picked":["Fusion Hammer","ReplayTheSpireMod:DimensionalGlitch"],"picked":"Ring of Chaos"},{"not_picked":["hubris:Stopwatch","Replay:Bronze Core"],"picked":"hubris:BlackHole"},{"not_picked":["theForsaken:PaleLantern","aspiration:RitualDagger"],"picked":"Runic Pyramid"},{"not_picked":["infinitespire:Cupcake","hubris:GrandSneckoEye"],"picked":"SacredBark"},{"not_picked":["Sozu","hubris:TerracottaHorce"],"picked":"SlaversCollar"},{"not_picked":["hubris:Spice","Cursed Key"],"picked":"aspiration:IroncladSkillbook"}],"items_purged_floors":[3,62,70,123,155],"is_endless":true,"potions_floor_spawned":[1,8,12,13,20,29,30,33,37,46,47,48,50,55,57,58,64,74,75,82,88,90,95,99,107,109,112,113,118,124,126,130,131,132,139,140,144,150,156],"ascension_level":0}}