{"host":"qksa0nge77ubun9a","time":1612483508,"event":{"mods":["AchievementEnabler","BaseMod","Colored Map","Colored Powertips","Googly Eyes","Highlight Path","Minty Spire (QoL Compilation)","Quick Restart","StSLib"],"gold_per_floor":[111,129,129,140,43,77,77,108,132,132,147,147,163,195,195,297,297,317,305,324,80,29,29,59,76,76,96,96,96,96],"floor_reached":29,"language":"ENG","playtime":1569,"items_purged":["Defend_R","Perfected Strike"],"score":384,"play_id":"58b596a6-a400-49fe-aa84-223d837ec724","local_time":"20210204160508","is_ascension_mode":true,"campfire_choices":[{"data":"Bash","floor":7.0,"key":"SMITH"},{"floor":10.0,"key":"REST"},{"data":"Armaments","floor":12.0,"key":"SMITH"},{"floor":15.0,"key":"REST"},{"data":"Barricade","floor":23.0,"key":"SMITH"}],"circlet_count":0,"master_deck":["Bash+1","Twin Strike","Whirlwind","Inflame","Shrug It Off","Heavy Blade","Armaments+1","Flame Barrier","Battle Trance","Anger","Barricade+1","Uppercut","Feed","Flex","Flame Barrier","Sever Soul","Limit Break","Power Through","Sentinel+1","Havoc+1","Iron Wave","Warcry","Intimidate+1"],"relics":["Burning Blood","NeowsBlessing","Omamori","MealTicket","Darkstone Periapt","Blood Vial","Ginger","Pandora\u0027s Box","Juzu Bracelet","StoneCalendar","Boot","Bronze Scales"],"acts_visited":["Exordium","TheCity"],"potions_floor_usage":[],"damage_taken":[{"damage":0.0,"enemies":"Jaw Worm","floor":1.0,"turns":1.0},{"damage":0.0,"enemies":"Cultist","floor":2.0,"turns":1.0},{"damage":0.0,"enemies":"2 Louse","floor":4.0,"turns":1.0},{"damage":41.0,"enemies":"Lagavulin","floor":6.0,"turns":8.0},{"damage":36.0,"enemies":"3 Sentries","floor":8.0,"turns":6.0},{"damage":6.0,"enemies":"Looter","floor":11.0,"turns":3.0},{"damage":7.0,"enemies":"Large Slime","floor":13.0,"turns":6.0},{"damage":40.0,"enemies":"Lagavulin","floor":14.0,"turns":4.0},{"damage":44.0,"enemies":"Hexaghost","floor":16.0,"turns":10.0},{"damage":25.0,"enemies":"Spheric Guardian","floor":18.0,"turns":4.0},{"damage":21.0,"enemies":"2 Thieves","floor":19.0,"turns":4.0},{"damage":12.0,"enemies":"Chosen and Byrds","floor":20.0,"turns":4.0},{"damage":42.0,"enemies":"Book of Stabbing","floor":24.0,"turns":5.0},{"damage":17.0,"enemies":"Cultist and Chosen","floor":25.0,"turns":6.0},{"damage":2.0,"enemies":"Shelled Parasite and Fungi","floor":27.0,"turns":6.0},{"damage":36,"enemies":"Slavers","floor":29,"turns":2}],"seed_played":"-5425309616101781940","potions_obtained":[{"floor":1.0,"key":"Explosive Potion"},{"floor":4.0,"key":"Regen Potion"},{"floor":6.0,"key":"AttackPotion"},{"floor":11.0,"key":"SteroidPotion"},{"floor":16.0,"key":"Dexterity Potion"},{"floor":24.0,"key":"EssenceOfSteel"},{"floor":25.0,"key":"CultistPotion"}],"is_trial":false,"path_per_floor":["M","M","?","M","$","E","R","E","T","R","M","R","M","E","R","B",null,"M","M","M","$","$","R","E","M","T","M","?","E"],"character_chosen":"IRONCLAD","items_purchased":["Shrug It Off","Juzu Bracelet","BlessingOfTheForge"],"campfire_rested":2,"item_purchase_floors":[5,21,22],"current_hp_per_floor":[78,80,80,80,80,54,54,24,24,48,50,50,51,19,43,7,62,45,32,31,46,61,61,31,22,22,28,28,0,0],"gold":96,"neow_bonus":"THREE_ENEMY_KILL","is_daily":false,"chose_seed":false,"campfire_upgraded":3,"win_rate":0.0,"timestamp":1612483508,"path_taken":["M","M","?","M","$","E","R","E","T","R","M","R","M","E","R","BOSS","M","?","?","?","$","R","E","M","T","M","?","E"],"items_purchased_type":["Card","Relic","Potion"],"build_version":"2020-12-22","purchased_purges":2,"victory":false,"max_hp_per_floor":[80,80,80,80,80,80,80,80,80,80,80,80,80,80,80,80,80,80,80,83,83,83,83,87,87,87,87,87,87,87],"card_choices":[{"not_picked":["Carnage","Anger"],"picked":"Twin Strike","floor":1.0},{"not_picked":["Perfected Strike","Flex"],"picked":"Whirlwind","floor":2.0},{"not_picked":["Second Wind","Seeing Red"],"picked":"Inflame","floor":4.0},{"not_picked":["Brutality","Second Wind"],"picked":"Heavy Blade","floor":6.0},{"not_picked":["Bloodletting","Seeing Red"],"picked":"Armaments","floor":8.0},{"not_picked":["Evolve","Sever Soul"],"picked":"Flame Barrier","floor":11.0},{"not_picked":["True Grit","Thunderclap"],"picked":"Battle Trance","floor":13.0},{"not_picked":["Power Through","Twin Strike"],"picked":"Anger","floor":14.0},{"not_picked":["Exhume","Fiend Fire"],"picked":"Barricade","floor":16.0},{"not_picked":["Sword Boomerang","True Grit"],"picked":"Sentinel+1","floor":18.0},{"not_picked":["True Grit","Entrench"],"picked":"Havoc+1","floor":19.0},{"not_picked":["Pommel Strike","Flex+1"],"picked":"Iron Wave","floor":20.0},{"not_picked":["Shockwave","Burning Pact"],"picked":"Warcry","floor":24.0},{"not_picked":["Anger","Heavy Blade","Twin Strike"],"picked":"SKIP","floor":25.0},{"not_picked":["Barricade","Armaments"],"picked":"Intimidate+1","floor":27.0}],"player_experience":1328242,"relics_obtained":[{"floor":6.0,"key":"MealTicket"},{"floor":8.0,"key":"Darkstone Periapt"},{"floor":9.0,"key":"Blood Vial"},{"floor":14.0,"key":"Ginger"},{"floor":24.0,"key":"StoneCalendar"},{"floor":26.0,"key":"Boot"}],"event_choices":[{"damage_healed":0.0,"max_hp_gain":0.0,"max_hp_loss":0.0,"gold_gain":0.0,"event_name":"WeMeetAgain","player_choice":"Gave Potion","floor":3.0,"gold_loss":0.0,"damage_taken":0.0,"relics_obtained":["Omamori"]},{"damage_healed":0.0,"max_hp_gain":0.0,"max_hp_loss":0.0,"gold_gain":0.0,"event_name":"The Mausoleum","player_choice":"Opened","floor":28.0,"gold_loss":0.0,"damage_taken":0.0,"relics_obtained":["Bronze Scales"],"cards_obtained":["Writhe"]}],"is_beta":false,"boss_relics":[{"not_picked":["Runic Dome","SacredBark"],"picked":"Pandora\u0027s Box"}],"items_purged_floors":[5,21],"is_endless":false,"potions_floor_spawned":[1,4,6,11,16,24,25],"killed_by":"Slavers","ascension_level":9}}