{"host":"r4aerl4ckfvw1dw3","time":1612509899,"event":{"mods":["BaseMod","BetterRewards","Minty Spire (QoL Compilation)","Quick Restart","StSLib"],"gold_per_floor":[211,227,227,61,79,111,111,130,157,157,189,208,225,89,89,191,191,207,217,234,252,252,252],"floor_reached":22,"language":"ENG","playtime":1387,"items_purged":["Strike_R"],"score":260,"play_id":"3e04fd9b-049f-4632-a768-1a05a1143c7c","local_time":"20210204232459","is_ascension_mode":true,"campfire_choices":[{"data":"Sword Boomerang","floor":7.0,"key":"SMITH"},{"data":"Hemokinesis","floor":10.0,"key":"SMITH"},{"data":"Shrug It Off","floor":15.0,"key":"SMITH"}],"circlet_count":0,"master_deck":["Strike_R","Strike_R","Strike_R","Strike_R","Defend_R","Defend_R","Defend_R","Defend_R","Bash","Sword Boomerang+1","Rampage","Inflame","Headbutt","Hemokinesis+1","Shrug It Off+1","Wild Strike","Metallicize","Shrug It Off","Offering","Twin Strike+1","Whirlwind+1","True Grit","Armaments+1"],"relics":["Burning Blood","Happy Flower","MealTicket","Nunchaku","Orichalcum","Black Star"],"acts_visited":["Exordium","TheCity"],"potions_floor_usage":[22],"damage_taken":[{"damage":7.0,"enemies":"2 Louse","floor":1.0,"turns":3.0},{"damage":11.0,"enemies":"Small Slimes","floor":2.0,"turns":4.0},{"damage":1.0,"enemies":"Cultist","floor":5.0,"turns":3.0},{"damage":25.0,"enemies":"3 Sentries","floor":6.0,"turns":7.0},{"damage":21.0,"enemies":"Gremlin Gang","floor":8.0,"turns":5.0},{"damage":20.0,"enemies":"Gremlin Nob","floor":11.0,"turns":3.0},{"damage":0.0,"enemies":"2 Fungi Beasts","floor":12.0,"turns":3.0},{"damage":5.0,"enemies":"Exordium Thugs","floor":13.0,"turns":3.0},{"damage":21.0,"enemies":"The Guardian","floor":16.0,"turns":11.0},{"damage":8.0,"enemies":"Spheric Guardian","floor":18.0,"turns":3.0},{"damage":18.0,"enemies":"2 Thieves","floor":19.0,"turns":3.0},{"damage":31,"enemies":"Snake Plant","floor":20,"turns":4},{"damage":21,"enemies":"Snecko","floor":21,"turns":4},{"damage":26,"enemies":"Shelled Parasite and Fungi","floor":22,"turns":3}],"seed_played":"-4540556061056823503","potions_obtained":[{"floor":2.0,"key":"Fire Potion"},{"floor":6.0,"key":"BlessingOfTheForge"},{"floor":11.0,"key":"Fire Potion"},{"floor":19.0,"key":"ElixirPotion"},{"floor":20,"key":"LiquidMemories"}],"is_trial":false,"path_per_floor":["M","M","?","$","M","E","R","M","T","R","E","M","M","?","R","B",null,"M","M","M","M","M"],"character_chosen":"IRONCLAD","items_purchased":["Inflame","ColorlessPotion"],"campfire_rested":0,"item_purchase_floors":[4,4],"current_hp_per_floor":[71,66,71,71,76,57,57,42,42,42,28,34,35,35,35,20,69,67,55,30,15,0,0],"gold":252,"neow_bonus":"HUNDRED_GOLD","is_daily":false,"chose_seed":false,"campfire_upgraded":3,"win_rate":0.0,"timestamp":1612509899,"path_taken":["M","M","?","$","M","E","R","M","T","R","E","M","M","?","R","BOSS","M","M","M","M","?"],"items_purchased_type":["Card","Potion"],"build_version":"2020-12-22","purchased_purges":1,"victory":false,"max_hp_per_floor":[80,80,85,85,85,85,85,85,85,85,85,85,85,85,85,85,85,85,85,85,85,85,85],"card_choices":[{"not_picked":["Pummel","Uppercut"],"picked":"Sword Boomerang","floor":1.0},{"not_picked":["Dropkick","Flex"],"picked":"Rampage","floor":2.0},{"not_picked":["Sever Soul","Feel No Pain"],"picked":"Headbutt","floor":5.0},{"not_picked":["Whirlwind","Heavy Blade"],"picked":"Hemokinesis","floor":6.0},{"not_picked":["Power Through","Offering"],"picked":"Shrug It Off","floor":8.0},{"not_picked":["Body Slam","Entrench"],"picked":"Wild Strike","floor":11.0},{"not_picked":["Warcry","Sword Boomerang"],"picked":"Metallicize","floor":12.0},{"not_picked":["Searing Blow","Dropkick"],"picked":"Shrug It Off","floor":13.0},{"not_picked":["Bludgeon","Corruption"],"picked":"Offering","floor":16.0},{"not_picked":["Fire Breathing","Wild Strike"],"picked":"Twin Strike+1","floor":18.0},{"not_picked":["True Grit","Shrug It Off"],"picked":"Whirlwind+1","floor":19.0},{"not_picked":["Rage","Brutality"],"picked":"True Grit","floor":20},{"not_picked":["Ghostly Armor","Iron Wave"],"picked":"Armaments+1","floor":21}],"player_experience":504100,"relics_obtained":[{"floor":6.0,"key":"Happy Flower"},{"floor":9.0,"key":"MealTicket"},{"floor":11.0,"key":"Nunchaku"}],"event_choices":[{"damage_healed":0.0,"max_hp_gain":5.0,"max_hp_loss":0.0,"gold_gain":0.0,"event_name":"Big Fish","player_choice":"Donut","floor":3.0,"gold_loss":0.0,"damage_taken":0.0},{"damage_healed":0.0,"max_hp_gain":0.0,"max_hp_loss":0.0,"gold_gain":0.0,"event_name":"WeMeetAgain","player_choice":"Paid Gold","floor":14.0,"gold_loss":136.0,"damage_taken":0.0,"relics_obtained":["Orichalcum"]}],"is_beta":false,"boss_relics":[{"not_picked":["Coffee Dripper","Tiny House"],"picked":"Black Star"}],"items_purged_floors":[4],"is_endless":false,"potions_floor_spawned":[2,6,11,19,20],"killed_by":"Shelled Parasite and Fungi","ascension_level":6}}