{"host":"zwezhz46a5cjkxff","time":1612509368,"event":{"mods":["AchievementEnabler","BaseMod","Colored Map","Colored Powertips","DeckTracker","Minty Spire (QoL Compilation)","Permanent Neow","Quick Restart","Rare Cards Sparkle","Relic Stats","StSLib","SuperFastMode"],"gold_per_floor":[115,128,141,141,151,183,183,183,183,258,433,463,7,38,38,140,140,155,155,87,87,35,66,78,113,138,168,180,180,180],"floor_reached":29,"language":"ENG","playtime":752,"items_purged":["Doubt"],"score":400,"play_id":"91d29a66-9eb1-41d6-93c1-56f07fd69974","local_time":"20210205011608","is_ascension_mode":true,"campfire_choices":[{"data":"Glass Knife","floor":7,"key":"SMITH"},{"floor":15,"key":"RECALL"}],"circlet_count":0,"master_deck":["Strike_G","Strike_G","Strike_G","Strike_G","Strike_G","Defend_G","Defend_G","Defend_G","Defend_G","Survivor","Neutralize","Glass Knife+1","Dash","Dagger Spray+1","Cloak And Dagger","Envenom+1","PiercingWail","Footwork","Blade Dance","Storm of Steel","Infinite Blades","Blade Dance","Blur+1","Infinite Blades+1","Crippling Poison+1","Backflip+1"],"relics":["Ring of the Snake","Tingsha","Odd Mushroom","TungstenRod","Shuriken","Sozu","Frozen Egg 2","Ice Cream","Snake Skull","Toxic Egg 2"],"acts_visited":["Exordium","TheCity"],"potions_floor_usage":[12,12,16,27],"damage_taken":[{"damage":0,"enemies":"2 Louse","floor":1,"turns":2},{"damage":0,"enemies":"Small Slimes","floor":2,"turns":3},{"damage":2,"enemies":"Jaw Worm","floor":3,"turns":2},{"damage":3,"enemies":"2 Fungi Beasts","floor":5,"turns":3},{"damage":13,"enemies":"Gremlin Nob","floor":6,"turns":5},{"damage":4,"enemies":"The Mushroom Lair","floor":12,"turns":3},{"damage":7,"enemies":"Lagavulin","floor":14,"turns":7},{"damage":0,"enemies":"Hexaghost","floor":16,"turns":9},{"damage":0,"enemies":"Spheric Guardian","floor":18,"turns":1},{"damage":18,"enemies":"Book of Stabbing","floor":23,"turns":5},{"damage":0,"enemies":"Chosen","floor":24,"turns":3},{"damage":17,"enemies":"Gremlin Leader","floor":25,"turns":6},{"damage":0,"enemies":"Book of Stabbing","floor":27,"turns":4},{"damage":14,"enemies":"Shelled Parasite and Fungi","floor":28,"turns":5},{"damage":18,"enemies":"Centurion and Healer","floor":29,"turns":3}],"seed_played":"1834112846239954271","potions_obtained":[{"floor":1,"key":"Block Potion"},{"floor":6,"key":"Weak Potion"},{"floor":12,"key":"Dexterity Potion"},{"floor":16,"key":"GhostInAJar"}],"is_trial":false,"path_per_floor":["M","M","M","?","M","E","R","?","T","?","?","?","$","E","R","B",null,"M","?","$","?","$","E","M","E","T","E","M","M"],"character_chosen":"THE_SILENT","items_purchased":["TungstenRod","Footwork","Infinite Blades","Blade Dance"],"campfire_rested":0,"item_purchase_floors":[13,13,20,22],"current_hp_per_floor":[70,70,68,68,65,52,52,38,38,27,27,23,23,16,16,16,70,70,58,58,58,58,40,40,23,23,23,9,0,0],"gold":180,"neow_bonus":"ONE_RANDOM_RARE_CARD","is_daily":false,"chose_seed":false,"campfire_upgraded":1,"win_rate":0.0,"timestamp":1612509368,"path_taken":["M","M","M","?","M","E","R","?","T","?","?","?","$","E","R","BOSS","M","?","$","?","?","E","M","E","T","E","M","M"],"items_purchased_type":["Relic","Card","Card","Card"],"build_version":"2020-12-22","purchased_purges":1,"victory":false,"max_hp_per_floor":[70,70,70,70,70,70,70,70,70,70,70,70,70,70,70,70,70,70,75,75,75,75,75,75,75,75,75,75,75,75],"relic_stats":{"Sozu":2,"counters":[15,61],"Shuriken":[29],"Tingsha":[99],"Snake Skull":[27],"obtain_stats":[{"Sozu":17,"Ice Cream":25,"Shuriken":14,"Tingsha":6,"Snake Skull":26,"Odd Mushroom":12,"Frozen Egg 2":23,"Toxic Egg 2":27,"TungstenRod":13,"Ring of the Snake":0},{"Sozu":8,"Ice Cream":12,"Shuriken":7,"Tingsha":5,"Snake Skull":12,"Odd Mushroom":6,"Frozen Egg 2":10,"Toxic Egg 2":13,"TungstenRod":6,"Ring of the Snake":0},{"Sozu":34,"Ice Cream":49,"Shuriken":25,"Tingsha":15,"Snake Skull":49,"Odd Mushroom":18,"Frozen Egg 2":40,"Toxic Egg 2":53,"TungstenRod":18,"Ring of the Snake":0}],"TungstenRod":15,"Ring of the Snake":[30]},"card_choices":[{"not_picked":["Reflex","Poisoned Stab"],"picked":"Dash","floor":1},{"not_picked":["Deadly Poison","Expertise"],"picked":"Dagger Spray","floor":2},{"not_picked":["Flechettes","Backflip"],"picked":"Cloak And Dagger","floor":3},{"not_picked":["Choke","Dash","Predator"],"picked":"SKIP","floor":5},{"not_picked":["Poisoned Stab","Terror"],"picked":"Envenom","floor":6},{"not_picked":["Underhanded Strike","Poisoned Stab"],"picked":"PiercingWail","floor":12},{"not_picked":["Backflip","Bouncing Flask"],"picked":"Blade Dance","floor":14},{"not_picked":["Envenom","Unload"],"picked":"Storm of Steel","floor":16},{"not_picked":["Deadly Poison","Heel Hook+1","Poisoned Stab"],"picked":"SKIP","floor":18},{"not_picked":["Outmaneuver+1","Slice+1"],"picked":"Blur+1","floor":23},{"not_picked":["Deadly Poison","Underhanded Strike","Quick Slash"],"picked":"SKIP","floor":24},{"not_picked":["Prepared+1","Dagger Throw+1"],"picked":"Infinite Blades+1","floor":25},{"not_picked":["Deflect+1","Dagger Spray"],"picked":"Crippling Poison+1","floor":27},{"not_picked":["Poisoned Stab+1","Deadly Poison+1"],"picked":"Backflip+1","floor":28}],"player_experience":72988,"relics_obtained":[{"floor":6,"key":"Tingsha"},{"floor":12,"key":"Odd Mushroom"},{"floor":14,"key":"Shuriken"},{"floor":23,"key":"Frozen Egg 2"},{"floor":25,"key":"Ice Cream"},{"floor":26,"key":"Snake Skull"},{"floor":27,"key":"Toxic Egg 2"}],"event_choices":[{"cards_removed":["Defend_G"],"damage_healed":0,"gold_gain":0,"player_choice":"Forget","damage_taken":0,"max_hp_gain":0,"max_hp_loss":0,"event_name":"Living Wall","floor":4,"gold_loss":0},{"damage_healed":0,"gold_gain":0,"player_choice":"Entered Light","damage_taken":14,"max_hp_gain":0,"max_hp_loss":0,"event_name":"Shining Light","floor":8,"gold_loss":0,"cards_upgraded":["Envenom","Dagger Spray"]},{"damage_healed":0,"gold_gain":75,"player_choice":"Gather Gold","damage_taken":11,"max_hp_gain":0,"max_hp_loss":0,"event_name":"World of Goop","floor":10,"gold_loss":0},{"damage_healed":0,"gold_gain":175,"player_choice":"AGREE","damage_taken":0,"max_hp_gain":0,"max_hp_loss":0,"event_name":"Liars Game","floor":11,"gold_loss":0,"cards_obtained":["Doubt"]},{"damage_healed":0,"gold_gain":0,"player_choice":"Fought Mushrooms","damage_taken":0,"max_hp_gain":0,"max_hp_loss":0,"event_name":"Mushrooms","floor":12,"gold_loss":0},{"damage_healed":0,"gold_gain":0,"player_choice":"Shed Blood","damage_taken":18,"max_hp_gain":5,"max_hp_loss":0,"event_name":"Forgotten Altar","floor":19,"gold_loss":0},{"damage_healed":0,"gold_gain":0,"player_choice":"Ignored","damage_taken":0,"max_hp_gain":0,"max_hp_loss":0,"event_name":"Ghosts","floor":21,"gold_loss":0}],"is_beta":false,"boss_relics":[{"not_picked":["Runic Dome","Velvet Choker"],"picked":"Sozu"}],"items_purged_floors":[13],"is_endless":false,"potions_floor_spawned":[1,6,12,16,18,25],"killed_by":"Centurion and Healer","ascension_level":2}}