{"host":"vyjryxuuuxkt43k4","time":1612525398,"event":{"mods":["AchievementEnabler","BaseMod","Colored Map","DeckTracker","Highlight Path","Keyboard Shortcuts","Minty Spire (QoL Compilation)","Permanent Neow","Quick Restart","Relic Stats","StSLib","SuperFastMode","everything is the same but u backflip on backflip"],"gold_per_floor":[110,127,127,147,161,161,161,161],"floor_reached":7,"language":"KOR","playtime":9485,"items_purged":[],"score":75,"play_id":"61d397a8-69a9-4ffc-bffb-d75f8fd748be","local_time":"20210205204318","is_ascension_mode":true,"campfire_choices":[{"data":"Sweeping Beam","floor":6.0,"key":"SMITH"}],"circlet_count":0,"master_deck":["AscendersBane","Strike_B","Strike_B","Strike_B","Strike_B","Defend_B","Defend_B","Defend_B","Defend_B","Zap","Dualcast","Sweeping Beam+1","Self Repair","Ball Lightning","Aggregate"],"relics":["SacredBark"],"acts_visited":["Exordium"],"potions_floor_usage":[7],"damage_taken":[{"damage":15.0,"enemies":"2 Louse","floor":1.0,"turns":3.0},{"damage":7.0,"enemies":"Jaw Worm","floor":2.0,"turns":3.0},{"damage":4.0,"enemies":"Small Slimes","floor":4.0,"turns":4.0},{"damage":12.0,"enemies":"Looter","floor":5.0,"turns":4.0},{"damage":49,"enemies":"Gremlin Nob","floor":7,"turns":4}],"seed_played":"1985903368417395687","potions_obtained":[{"floor":4.0,"key":"EssenceOfSteel"}],"is_trial":false,"path_per_floor":["M","M","?","M","M","R","E"],"character_chosen":"DEFECT","items_purchased":[],"campfire_rested":0,"item_purchase_floors":[],"current_hp_per_floor":[49,42,42,45,40,40,0,0],"gold":161,"neow_bonus":"BOSS_RELIC","is_daily":false,"chose_seed":false,"campfire_upgraded":1,"win_rate":0.0,"timestamp":1612525398,"path_taken":["M","M","?","M","M","R","E"],"items_purchased_type":[],"build_version":"2020-12-22","purchased_purges":0,"victory":false,"max_hp_per_floor":[71,71,71,71,71,71,71,71],"relic_stats":{"counters":[5,18],"obtain_stats":[{"SacredBark":0,"Cracked Core":0},{"SacredBark":0,"Cracked Core":0},{"SacredBark":0,"Cracked Core":0}]},"card_choices":[{"not_picked":["Melter","Heatsinks"],"picked":"Sweeping Beam","floor":1.0},{"not_picked":["Reinforced Body","Ball Lightning"],"picked":"Self Repair","floor":2.0},{"not_picked":["Hologram","Compile Driver"],"picked":"Ball Lightning","floor":4.0},{"not_picked":["Turbo","Redo"],"picked":"Aggregate","floor":5.0}],"player_experience":750954,"relics_obtained":[],"event_choices":[{"damage_healed":0.0,"max_hp_gain":0.0,"max_hp_loss":0.0,"gold_gain":0.0,"event_name":"Liars Game","player_choice":"Ignored","floor":3.0,"gold_loss":0.0,"damage_taken":0.0}],"is_beta":false,"boss_relics":[],"items_purged_floors":[],"is_endless":false,"potions_floor_spawned":[4],"killed_by":"Gremlin Nob","ascension_level":15}}