{"host":"test","time":1612547641,"event":{"mods":["BaseMod","Colored Map","Colored Powertips","MarisaÅiñ∂âJÅ@ñÇóùçπÅj","Minty Spire (QoL Compilation)","Relic Stats","Spire Exporter","StSLib","ojb\u0027s Better Paths Mod","ojb\u0027s Info Mod"],"gold_per_floor":[109,122,139,119,154,196,50,50,100,153,153,196,248,286,286,406,406,445,445,51,102,166,166,260,260,260,260,260,322,394,451,451,595,595,659,735,815,815,872,926,987,1064,1089,1089,1164,511,546,632,632,657],"floor_reached":51,"language":"JPN","playtime":4176,"items_purged":["Strike_MRS","Pain"],"score":921,"play_id":"468787ca-eaca-4887-99be-d57d6c4025de","local_time":"20210206025401","is_ascension_mode":true,"campfire_choices":[{"data":"WitchOfGreed","floor":8,"key":"SMITH"},{"data":"MilkyWay","floor":11,"key":"SMITH"},{"data":"1","floor":15,"key":"LIFT"},{"data":"2","floor":23,"key":"LIFT"},{"data":"3","floor":25,"key":"LIFT"},{"data":"EnergyFlow","floor":28,"key":"SMITH"},{"data":"MillisecondPulsars","floor":32,"key":"SMITH"},{"floor":44,"key":"REST"},{"floor":49,"key":"RECALL"}],"circlet_count":0,"master_deck":["Strike_MRS+1","Strike_MRS+1","Strike_MRS","Defend_MRS","Defend_MRS","Defend_MRS","Defend_MRS","MasterSpark","UpSweep","DC","MilkyWay+1","WitchOfGreed+1","ShootingEcho","PowerUp","MagicAbsorber","Singularity","SprinkleStarSeal","MillisecondPulsars+1","EnergyFlow+1","HandOfGreed","Parasite","Parasite","MagicChant","6A+1","ManaConvection","AsteroidBelt","6A","ChargeUpSpray","EscapeVelocity","SporeBomb+1","OneTimeOff+1","MilkyWay+1","Acceleration+1","AsteroidBelt+1","Acceleration+1"],"relics":["BewitchedHakkero","Oddly Smooth Stone","HornCleat","Vajra","Orichalcum","Bag of Preparation","Girya","ShroomBag","Red Mask","Akabeko","WingedGreaves","Art of War","Anchor","Fusion Hammer","CatCart","WarpedTongs","Shuriken","Whetstone","Lantern","Darkstone Periapt","TheAbacus","Letter Opener","Regal Pillow"],"acts_visited":["Exordium","TheCity","TheBeyond"],"potions_floor_usage":[10,18,21,30,33,37,40],"damage_taken":[{"damage":0,"enemies":"Small Slimes","floor":1,"turns":3},{"damage":0,"enemies":"Cultist","floor":2,"turns":2},{"damage":0,"enemies":"2 Louse","floor":3,"turns":2},{"damage":10,"enemies":"Gremlin Gang","floor":5,"turns":5},{"damage":12,"enemies":"Lagavulin","floor":6,"turns":7},{"damage":0,"enemies":"Gremlin Nob","floor":10,"turns":3},{"damage":7,"enemies":"Blue Slaver","floor":12,"turns":2},{"damage":4,"enemies":"3 Sentries","floor":13,"turns":6},{"damage":0,"enemies":"3 Louse","floor":14,"turns":4},{"damage":16,"enemies":"Hexaghost","floor":16,"turns":10},{"damage":4,"enemies":"Shell Parasite","floor":18,"turns":5},{"damage":4,"enemies":"Masked Bandits","floor":21,"turns":3},{"damage":5,"enemies":"Chosen","floor":22,"turns":5},{"damage":18,"enemies":"Slavers","floor":24,"turns":6},{"damage":16,"enemies":"Snecko","floor":29,"turns":5},{"damage":0,"enemies":"Gremlin Leader","floor":30,"turns":6},{"damage":1,"enemies":"3 Cultists","floor":31,"turns":6},{"damage":11,"enemies":"Collector","floor":33,"turns":16},{"damage":7,"enemies":"3 Darklings","floor":35,"turns":9},{"damage":0,"enemies":"3 Shapes","floor":36,"turns":7},{"damage":2,"enemies":"Orin","floor":37,"turns":11},{"damage":12,"enemies":"Jaw Worm Horde","floor":39,"turns":5},{"damage":15,"enemies":"Reptomancer","floor":40,"turns":7},{"damage":7,"enemies":"Spire Growth","floor":41,"turns":6},{"damage":3,"enemies":"Nemesis","floor":42,"turns":7},{"damage":5,"enemies":"Transient","floor":47,"turns":5},{"damage":0,"enemies":"Jaw Worm Horde","floor":48,"turns":6},{"damage":9,"enemies":"Awakened One","floor":50,"turns":9}],"seed_played":"-5995960357132137790","potions_obtained":[{"floor":1,"key":"Energy Potion"},{"floor":3,"key":"SneckoOil"},{"floor":4,"key":"AttackPotion"},{"floor":12,"key":"PowerPotion"},{"floor":13,"key":"StarNLove"},{"floor":18,"key":"Explosive Potion"},{"floor":24,"key":"BlessingOfTheForge"},{"floor":29,"key":"BlessingOfTheForge"},{"floor":30,"key":"Dexterity Potion"},{"floor":31,"key":"AttackPotion"},{"floor":31,"key":"PowerPotion"},{"floor":33,"key":"DistilledChaos"},{"floor":37,"key":"StarNLove"},{"floor":40,"key":"Energy Potion"},{"floor":48,"key":"LiquidMemories"}],"is_trial":false,"path_per_floor":["M","M","M","?","M","E","$","R","T","E","R","M","E","M","R","B",null,"M","?","$","?","M","R","E","R","T","?","R","M","E","M","R","B",null,"M","M","?","?","M","E","M","E","T","R","T","$","M","M","R","B",null],"character_chosen":"MARISA","items_purchased":["Vajra","HandOfGreed","ShroomBag","TheAbacus","Letter Opener","Regal Pillow"],"campfire_rested":1,"item_purchase_floors":[7,20,20,46,46,46],"current_hp_per_floor":[75,75,75,75,65,53,53,53,53,53,53,46,42,42,42,26,75,71,71,71,69,68,68,54,54,54,54,54,42,46,49,49,42,75,71,75,73,73,65,54,51,52,52,74,74,74,72,75,75,70],"gold":657,"neow_bonus":"RANDOM_COMMON_RELIC","is_daily":false,"chose_seed":false,"campfire_upgraded":4,"win_rate":0.0,"timestamp":1612547641,"path_taken":["M","M","M","?","?","E","?","R","T","E","R","M","E","M","R","BOSS","M","?","$","?","M","R","E","R","T","?","R","?","E","M","R","BOSS","M","M","?","?","?","E","M","E","T","R","?","$","M","M","R","BOSS"],"items_purchased_type":["Relic","Card","Relic","Relic","Relic","Relic"],"build_version":"2020-12-18","purchased_purges":2,"victory":true,"max_hp_per_floor":[75,75,75,75,75,75,75,75,75,75,75,75,75,75,75,75,75,75,75,75,75,75,75,75,75,75,75,75,75,75,75,75,75,75,75,75,75,75,75,75,75,75,75,75,75,75,75,75,75,75],"relic_stats":{"Darkstone Periapt":0,"Regal Pillow":0,"TheAbacus":[30],"counters":[28,168],"Shuriken":[4],"Bag of Preparation":[44],"Art of War":[19],"Whetstone":["Strike_MRS","Strike_MRS"],"Letter Opener":[55],"Orichalcum":[78],"obtain_stats":[{"Darkstone Periapt":45,"Girya":13,"Lantern":43,"Regal Pillow":46,"Oddly Smooth Stone":0,"Vajra":7,"Bag of Preparation":10,"Whetstone":42,"Letter Opener":46,"Orichalcum":9,"Akabeko":24,"WarpedTongs":38,"ShroomBag":20,"Anchor":30,"HornCleat":6,"TheAbacus":46,"Shuriken":40,"WingedGreaves":26,"Fusion Hammer":34,"Red Mask":21,"Art of War":27,"MiniHakkero":0,"BewitchedHakkero":17,"CatCart":37},{"Darkstone Periapt":25,"Girya":8,"Lantern":25,"Regal Pillow":25,"Oddly Smooth Stone":0,"Vajra":5,"Bag of Preparation":6,"Whetstone":25,"Letter Opener":25,"Orichalcum":5,"Akabeko":14,"WarpedTongs":21,"ShroomBag":11,"Anchor":16,"HornCleat":5,"TheAbacus":25,"Shuriken":23,"WingedGreaves":14,"Fusion Hammer":18,"Red Mask":12,"Art of War":14,"MiniHakkero":0,"BewitchedHakkero":10,"CatCart":21},{"Darkstone Periapt":148,"Girya":30,"Lantern":148,"Regal Pillow":148,"Oddly Smooth Stone":0,"Vajra":19,"Bag of Preparation":22,"Whetstone":148,"Letter Opener":148,"Orichalcum":19,"Akabeko":63,"WarpedTongs":123,"ShroomBag":49,"Anchor":74,"HornCleat":19,"TheAbacus":148,"Shuriken":135,"WingedGreaves":63,"Fusion Hammer":96,"Red Mask":52,"Art of War":63,"MiniHakkero":0,"BewitchedHakkero":44,"CatCart":123}],"WarpedTongs":[45]},"card_choices":[{"not_picked":["Occultation","MagicAbsorber"],"picked":"DC","floor":1},{"not_picked":["Singularity","GalacticHalo"],"picked":"MilkyWay","floor":2},{"not_picked":["IllusionStar","DarkMatter"],"picked":"WitchOfGreed","floor":3},{"not_picked":["GrandCross","EnergyRecoil"],"picked":"ShootingEcho","floor":5},{"not_picked":["PulseMagic","UltimateShortwave"],"picked":"PowerUp","floor":6},{"not_picked":["LuminesStrike","IllusionStar"],"picked":"MagicAbsorber","floor":10},{"not_picked":["OneTimeOff","ManaConvection"],"picked":"Singularity","floor":12},{"not_picked":["OpenUniverse","MysteriousBeam","DoubleSpark"],"picked":"SKIP","floor":13},{"not_picked":["OpenUniverse","MysteriousBeam","DoubleSpark"],"picked":"SKIP","floor":13},{"not_picked":["IllusionStar","6A"],"picked":"SprinkleStarSeal","floor":14},{"not_picked":["UltimateShortwave","SatelliteIllusion"],"picked":"MillisecondPulsars","floor":16},{"not_picked":["WitchOfGreed+1","Acceleration"],"picked":"EnergyFlow","floor":18},{"not_picked":["GravityBeat","OpenUniverse"],"picked":"MagicChant","floor":21},{"not_picked":["ShootingEcho","WitchLeyline+1"],"picked":"6A+1","floor":22},{"not_picked":["Robbery+1","MysteriousBeam"],"picked":"ManaConvection","floor":24},{"not_picked":["StarDustReverie","EventHorizon"],"picked":"AsteroidBelt","floor":29},{"not_picked":["UnstableBomb","OortCloud"],"picked":"6A","floor":30},{"not_picked":["6A","ShootingEcho"],"picked":"ChargeUpSpray","floor":31},{"not_picked":["SuperNova","AbsoluteMagnitude"],"picked":"EscapeVelocity","floor":33},{"not_picked":["DC+1","6A+1"],"picked":"SporeBomb+1","floor":35},{"not_picked":["DC+1","NonDirectionalLaser"],"picked":"OneTimeOff+1","floor":36},{"not_picked":["GrandCross+1","OortCloud+1"],"picked":"MilkyWay+1","floor":37},{"not_picked":["NonDirectionalLaser+1","GravityBeat+1"],"picked":"Acceleration+1","floor":39},{"not_picked":["GravityBeat+1","StarDustReverie","Robbery"],"picked":"SKIP","floor":40},{"not_picked":["UnstableBomb+1","FairyDestructionRay"],"picked":"AsteroidBelt+1","floor":41},{"not_picked":["NonDirectionalLaser","Orbital+1","StarDustReverie"],"picked":"SKIP","floor":42},{"not_picked":["Orbital+1","GalacticHalo"],"picked":"Acceleration+1","floor":47},{"not_picked":["NonDirectionalLaser","GravityBeat","ShootingEcho+1"],"picked":"SKIP","floor":48}],"player_experience":2042269,"relics_obtained":[{"floor":6,"key":"HornCleat"},{"floor":9,"key":"Orichalcum"},{"floor":10,"key":"Bag of Preparation"},{"floor":13,"key":"Girya"},{"floor":21,"key":"Red Mask"},{"floor":24,"key":"Akabeko"},{"floor":26,"key":"WingedGreaves"},{"floor":30,"key":"Anchor"},{"floor":37,"key":"CatCart"},{"floor":40,"key":"Shuriken"},{"floor":42,"key":"Whetstone"},{"floor":43,"key":"Lantern"},{"floor":45,"key":"Darkstone Periapt"}],"event_choices":[{"damage_healed":0,"gold_gain":0,"player_choice":"Bought 1 Potion","damage_taken":0,"max_hp_gain":0,"max_hp_loss":0,"event_name":"The Woman in Blue","floor":4,"gold_loss":0},{"damage_healed":0,"gold_gain":0,"player_choice":"Ignored","damage_taken":0,"max_hp_gain":0,"max_hp_loss":0,"event_name":"The Mausoleum","floor":19,"gold_loss":0},{"damage_healed":0,"gold_gain":0,"player_choice":"Fought Bandits","damage_taken":0,"max_hp_gain":0,"max_hp_loss":0,"event_name":"Masked Bandits","floor":21,"gold_loss":0},{"damage_healed":0,"gold_gain":0,"player_choice":"Gave Potion","damage_taken":0,"relics_obtained":["Art of War"],"max_hp_gain":0,"max_hp_loss":0,"event_name":"WeMeetAgain","floor":27,"gold_loss":0},{"damage_healed":0,"gold_gain":0,"player_choice":"Fight","damage_taken":0,"max_hp_gain":0,"max_hp_loss":0,"event_name":"OrinTheCat","floor":37,"gold_loss":0},{"damage_healed":0,"gold_gain":0,"player_choice":"Rummage","damage_taken":0,"relics_obtained":["WarpedTongs"],"max_hp_gain":0,"max_hp_loss":0,"event_name":"Accursed Blacksmith","floor":38,"gold_loss":0,"cards_obtained":["Pain"]}],"is_beta":true,"boss_relics":[{"not_picked":["Snecko Eye","Sozu"],"picked":"BewitchedHakkero"},{"not_picked":["Tiny House","Calling Bell"],"picked":"Fusion Hammer"}],"items_purged_floors":[20,46],"is_endless":false,"potions_floor_spawned":[1,3,12,13,14,18,24,31,39,47,48],"ascension_level":2}}