{"host":"h0xw20cia6ppa69g","time":1612509070,"event":{"mods":["AchievementEnabler","BaseMod","Colored Map","Filter the Spire","Googly Eyes","Minty Spire (QoL Compilation)","Relic Stats","StSLib","The Awakened One except there are too many feathers","everything is the same but u backflip on backflip"],"gold_per_floor":[112,112,112,124,135,160,160,191,191,221,248,248,248,258,258,353,353,366,378,221,221,239,239,265,265,312,349,371,383,395,422,434,446,446],"floor_reached":33,"language":"ENG","playtime":1413,"items_purged":[],"score":397,"play_id":"b8940dcc-b30f-4482-a391-60131ca48312","local_time":"20210205011110","is_ascension_mode":true,"campfire_choices":[{"floor":7,"key":"REST"},{"data":"Phantasmal Killer","floor":12,"key":"SMITH"},{"data":"Choke","floor":15,"key":"SMITH"},{"data":"Choke","floor":23,"key":"SMITH"},{"data":"Adrenaline","floor":25,"key":"SMITH"},{"data":"Night Terror","floor":29,"key":"SMITH"},{"data":"Noxious Fumes","floor":32,"key":"SMITH"}],"circlet_count":0,"master_deck":["Survivor","Neutralize","Choke+1","Acrobatics","Phantasmal Killer+1","Prepared","Endless Agony","Dagger Throw","Eviscerate","Deflect","Bullet Time","Reflex","Reflex","Quick Slash","Choke+1","Night Terror+1","Noxious Fumes+1","Blur","Backstab","Blur","Sucker Punch+1","Bullet Time","Footwork+1","Adrenaline+1","Outmaneuver+1","Sucker Punch+1"],"relics":["Ring of the Snake","Pocketwatch","Smiling Mask","Ninja Scroll","Potion Belt","FossilizedHelix","Paper Crane","Pandora\u0027s Box","HandDrill","Dream Catcher","MawBank","MealTicket"],"acts_visited":["Exordium","TheCity"],"potions_floor_usage":[8,24,24,27,33,33],"damage_taken":[{"damage":0,"enemies":"Jaw Worm","floor":1,"turns":5},{"damage":0,"enemies":"Small Slimes","floor":4,"turns":3},{"damage":0,"enemies":"Cultist","floor":5,"turns":3},{"damage":41,"enemies":"Gremlin Nob","floor":6,"turns":5},{"damage":10,"enemies":"3 Sentries","floor":8,"turns":10},{"damage":0,"enemies":"Lagavulin","floor":11,"turns":6},{"damage":0,"enemies":"Blue Slaver","floor":14,"turns":1},{"damage":0,"enemies":"Slime Boss","floor":16,"turns":3},{"damage":0,"enemies":"3 Byrds","floor":18,"turns":4},{"damage":5,"enemies":"Chosen","floor":19,"turns":2},{"damage":0,"enemies":"Snecko","floor":22,"turns":3},{"damage":14,"enemies":"Book of Stabbing","floor":24,"turns":4},{"damage":7,"enemies":"Slavers","floor":27,"turns":4},{"damage":0,"enemies":"Snake Plant","floor":28,"turns":2},{"damage":5,"enemies":"Cultist and Chosen","floor":31,"turns":6},{"damage":41,"enemies":"Collector","floor":33,"turns":8}],"seed_played":"-8187269732113429233","potions_obtained":[{"floor":6,"key":"Energy Potion"},{"floor":8,"key":"GamblersBrew"},{"floor":11,"key":"BlessingOfTheForge"},{"floor":14,"key":"GamblersBrew"},{"floor":18,"key":"SkillPotion"},{"floor":27,"key":"LiquidMemories"}],"is_trial":false,"path_per_floor":["M","?","?","M","M","E","R","E","T","?","E","R","?","M","R","B",null,"M","M","$","?","M","R","E","R","T","E","M","R","?","M","R","B"],"character_chosen":"THE_SILENT","items_purchased":["HandDrill"],"campfire_rested":1,"item_purchase_floors":[20],"current_hp_per_floor":[49,42,42,42,42,1,22,12,12,12,12,12,12,12,12,12,70,70,65,65,65,65,65,51,51,51,44,44,44,44,39,39,0,0],"gold":446,"neow_bonus":"ONE_RARE_RELIC","is_daily":false,"chose_seed":false,"campfire_upgraded":6,"win_rate":0.0,"timestamp":1612509070,"path_taken":["M","?","?","M","M","E","R","E","T","?","E","R","?","?","R","BOSS","M","M","$","?","?","R","E","R","T","E","M","R","?","M","R","BOSS"],"items_purchased_type":["Relic"],"build_version":"2020-12-22","purchased_purges":0,"victory":false,"max_hp_per_floor":[70,70,70,70,70,70,70,70,70,70,70,70,70,70,70,70,70,70,70,70,70,70,70,70,70,70,70,70,70,70,70,70,70,70],"relic_stats":{"Dream Catcher":0,"counters":[16,69],"Pandora\u0027s Box":["Reflex","Reflex","Quick Slash","Choke","Night Terror","Noxious Fumes","Blur","Backstab"],"MealTicket":0,"HandDrill":[8],"Smiling Mask":0,"MawBank":84,"obtain_stats":[{"Potion Belt":9,"Dream Catcher":24,"Ninja Scroll":8,"Pandora\u0027s Box":17,"MealTicket":27,"HandDrill":20,"Paper Crane":11,"Smiling Mask":6,"MawBank":26,"FossilizedHelix":10,"Ring of the Snake":0,"Pocketwatch":0},{"Potion Belt":5,"Dream Catcher":12,"Ninja Scroll":5,"Pandora\u0027s Box":8,"MealTicket":13,"HandDrill":10,"Paper Crane":6,"Smiling Mask":4,"MawBank":12,"FossilizedHelix":5,"Ring of the Snake":0,"Pocketwatch":0},{"Potion Belt":26,"Dream Catcher":49,"Ninja Scroll":26,"Pandora\u0027s Box":36,"MealTicket":53,"HandDrill":42,"Paper Crane":32,"Smiling Mask":16,"MawBank":49,"FossilizedHelix":26,"Ring of the Snake":0,"Pocketwatch":0}],"Ring of the Snake":[31],"Pocketwatch":[66]},"card_choices":[{"not_picked":["Deflect","PiercingWail"],"picked":"Choke","floor":1},{"not_picked":["Bouncing Flask","Backflip"],"picked":"Acrobatics","floor":4},{"not_picked":["Deadly Poison","Caltrops"],"picked":"Phantasmal Killer","floor":5},{"not_picked":["Quick Slash","Tactician"],"picked":"Prepared","floor":6},{"not_picked":["Bane","Dodge and Roll"],"picked":"Endless Agony","floor":8},{"not_picked":["Well Laid Plans","Tools of the Trade"],"picked":"Dagger Throw","floor":11},{"not_picked":["Sucker Punch","Dagger Spray"],"picked":"Deflect","floor":14},{"not_picked":["A Thousand Cuts","Envenom"],"picked":"Bullet Time","floor":16},{"not_picked":["PiercingWail","Flying Knee"],"picked":"Blur","floor":18},{"not_picked":["Infinite Blades","Heel Hook"],"picked":"Sucker Punch+1","floor":19},{"not_picked":["Backflip","Slice+1"],"picked":"Footwork+1","floor":22},{"not_picked":["Dodge and Roll","Deadly Poison"],"picked":"Adrenaline","floor":24},{"not_picked":["Infinite Blades","Flying Knee+1"],"picked":"Outmaneuver+1","floor":27},{"not_picked":["Blur","Underhanded Strike"],"picked":"Sucker Punch+1","floor":28},{"not_picked":["PiercingWail","Quick Slash","Underhanded Strike"],"picked":"SKIP","floor":31}],"player_experience":3819881,"relics_obtained":[{"floor":6,"key":"Smiling Mask"},{"floor":8,"key":"Ninja Scroll"},{"floor":9,"key":"Potion Belt"},{"floor":11,"key":"Paper Crane"},{"floor":24,"key":"Dream Catcher"},{"floor":26,"key":"MawBank"},{"floor":27,"key":"MealTicket"}],"event_choices":[{"cards_removed":["Strike_G"],"damage_healed":0,"gold_gain":0,"player_choice":"Card Removal","damage_taken":7,"max_hp_gain":0,"max_hp_loss":0,"event_name":"Golden Wing","floor":2,"gold_loss":0},{"damage_healed":0,"gold_gain":0,"player_choice":"Ignored","damage_taken":0,"max_hp_gain":0,"max_hp_loss":0,"event_name":"Liars Game","floor":3,"gold_loss":0},{"damage_healed":0,"gold_gain":30,"player_choice":"Searched \u00273\u0027 times","damage_taken":0,"relics_obtained":["FossilizedHelix"],"max_hp_gain":0,"max_hp_loss":0,"event_name":"Dead Adventurer","floor":10,"gold_loss":0},{"damage_healed":0,"gold_gain":0,"cards_transformed":["Strike_G"],"player_choice":"Change","damage_taken":0,"max_hp_gain":0,"max_hp_loss":0,"event_name":"Living Wall","floor":13,"gold_loss":0,"cards_obtained":["Eviscerate"]},{"damage_healed":0,"gold_gain":0,"player_choice":"Copied","damage_taken":0,"max_hp_gain":0,"max_hp_loss":0,"event_name":"Duplicator","floor":21,"gold_loss":0,"cards_obtained":["Bullet Time"]},{"damage_healed":0,"gold_gain":0,"player_choice":"Ignored","damage_taken":0,"max_hp_gain":0,"max_hp_loss":0,"event_name":"Ghosts","floor":30,"gold_loss":0}],"is_beta":false,"boss_relics":[{"not_picked":["Runic Pyramid","Ectoplasm"],"picked":"Pandora\u0027s Box"}],"items_purged_floors":[],"is_endless":false,"potions_floor_spawned":[6,8,11,14,18,27],"killed_by":"Collector","ascension_level":1}}