{"host":"630px4nyj50z5id8","time":1612529938,"event":{"mods":["BaseMod","Colored Powertips","Downfall","Minty Spire (QoL Compilation)","Quick Restart","Replay The Spire","StSLib","Waifu the Spire"],"gold_per_floor":[118,118,12,29,29,57,69,94,94,94,122,138,165,179,179,274,274,293,312,322,342,342,377,377,402,402,402,427,447,447,127,127,225,225,244,344,357,370,143,143,176,188,227,239,283,74,90,120,120,120],"floor_reached":51,"language":"ZHS","playtime":2989,"items_purged":["Regret"],"score":1252,"play_id":"aa339972-3a4f-411e-89c0-03ca15de0541","local_time":"20210205205858","is_ascension_mode":true,"campfire_choices":[{"floor":10.0,"key":"DIG"},{"data":"Rupture","floor":15.0,"key":"SMITH"},{"floor":24.0,"key":"REST"},{"data":"1","floor":32.0,"key":"LIFT"},{"data":"Massacre","floor":40,"key":"SMITH"}],"circlet_count":0,"master_deck":["Strike_R","Strike_R","Strike_R","Strike_R","Strike_R","Defend_R","Defend_R","Defend_R","Defend_R","Bash","Hemokinesis+1","Rupture+1","Replay:Undeath\u0027s Touch+1","ReplayTheSpireMod:Stacked+1","Evolve","True Grit","Life Link","ReplayTheSpireMod:Muscle Training+1","Bloodletting","Intimidate","Hemogenesis","Iron Wave+1","Shrug It Off+1","Immolate","Hemogenesis","Whirlwind","Headbutt","Power Through+1","True Grit+1","Feed","Power Through","Pommel Strike+1","Massacre+1","Iron Wave+1","Hemokinesis","Feed+1","Inflame+1","Massacre+1","Dual Wield+1"],"relics":["Burning Blood","NeowsBlessing","Lantern","FaceOfCleric","Replay:Multitool","Bronze Scales","Replay:WaspNest","StrikeDummy","Oddly Smooth Stone","Red Skull","Electric Blood","Replay:Mystery Machine","Tiny Chest","Girya","Snack Pack","Bottled Flame","Replay:Grab Bag","SlaversCollar","Velvet Choker","Runic Cube","Toy Ornithopter","MawBank","Bag of Preparation","Golden Egg","Anchor"],"acts_visited":["Exordium","TheCity","TheBeyond"],"potions_floor_usage":[41,41,48,48,48],"damage_taken":[{"damage":0.0,"enemies":"Small Slimes","floor":1.0,"turns":1.0},{"damage":0.0,"enemies":"Jaw Worm","floor":4.0,"turns":1.0},{"damage":0.0,"enemies":"Gremlin Nob","floor":6.0,"turns":1.0},{"damage":4.0,"enemies":"Cultist","floor":7.0,"turns":2.0},{"damage":34.0,"enemies":"Lagavulin","floor":8.0,"turns":5.0},{"damage":20.0,"enemies":"Gremlin Nob","floor":11.0,"turns":3.0},{"damage":6.0,"enemies":"3 Louse","floor":12.0,"turns":2.0},{"damage":17.0,"enemies":"3 Sentries","floor":13.0,"turns":5.0},{"damage":11.0,"enemies":"Red Slaver","floor":14.0,"turns":2.0},{"damage":45.0,"enemies":"The Guardian","floor":16.0,"turns":9.0},{"damage":33.0,"enemies":"Shell Parasite","floor":18.0,"turns":3.0},{"damage":18.0,"enemies":"Spheric Guardian","floor":19.0,"turns":3.0},{"damage":24.0,"enemies":"Cultist and Chosen","floor":20.0,"turns":4.0},{"damage":26.0,"enemies":"3 Cultists","floor":21.0,"turns":4.0},{"damage":22.0,"enemies":"Book of Stabbing","floor":23.0,"turns":4.0},{"damage":29.0,"enemies":"Slavers","floor":25.0,"turns":2.0},{"damage":17.0,"enemies":"Replay:Snechameleon","floor":28.0,"turns":2.0},{"damage":18.0,"enemies":"Snake Plant","floor":29.0,"turns":3.0},{"damage":81.0,"enemies":"Collector","floor":33.0,"turns":7.0},{"damage":25.0,"enemies":"3 Shapes","floor":35.0,"turns":2.0},{"damage":18,"enemies":"Orb Walker","floor":37,"turns":3},{"damage":19,"enemies":"Transient","floor":38,"turns":5},{"damage":49,"enemies":"Giant Head","floor":41,"turns":6},{"damage":32,"enemies":"R_Hoarder","floor":45,"turns":6},{"damage":38,"enemies":"4 Shapes","floor":47,"turns":1},{"damage":71,"enemies":"Nemesis","floor":48,"turns":6},{"damage":77,"enemies":"Awakened One","floor":50,"turns":6}],"seed_played":"-326425501353666550","potions_obtained":[{"floor":1.0,"key":"LiquidMemories"},{"floor":11.0,"key":"BloodPotion"},{"floor":12.0,"key":"Swift Potion"},{"floor":13.0,"key":"LiquidMemories"},{"floor":18.0,"key":"DuplicationPotion"},{"floor":20.0,"key":"SpeedPotion"},{"floor":21.0,"key":"Strength Potion"},{"floor":25.0,"key":"Death Potion"},{"floor":33.0,"key":"Weak Potion"},{"floor":35.0,"key":"Regen Potion"},{"floor":38,"key":"FearPotion"},{"floor":45,"key":"Regen Potion"},{"floor":47,"key":"SkillPotion"},{"floor":48,"key":"Elixir"}],"is_trial":false,"path_per_floor":["M","?","$","M","?","E","M","E","T","R","E","M","E","M","R","B",null,"M","M","M","M","?","E","R","E","T","R","E","M","R","$","R","B",null,"M","?","M","M","$","R","E","R","T","R","E","$","M","E","R","B",null],"character_chosen":"IRONCLAD","items_purchased":["Rupture","Replay:Undeath\u0027s Touch","Bottled Flame","Massacre","Toy Ornithopter","Feed","Inflame"],"campfire_rested":1,"item_purchase_floors":[3,3,31,39,39,46,46],"current_hp_per_floor":[78,78,78,80,80,81,82,55,55,55,42,43,50,46,46,8,68,49,38,39,20,20,15,42,20,20,48,49,47,75,75,75,12,76,63,63,59,69,69,69,41,71,71,101,90,90,59,63,95,48],"gold":120,"neow_bonus":"THREE_ENEMY_KILL","is_daily":false,"chose_seed":false,"campfire_upgraded":2,"win_rate":0.0,"timestamp":1612529938,"path_taken":["M","?","?","M","?","E","M","E","T","R","E","M","E","M","R","BOSS","M","M","?","M","?","E","R","E","T","R","E","?","R","$","R","BOSS","M","?","M","?","$","R","E","R","T","R","E","$","M","E","R","BOSS"],"items_purchased_type":["Card","Card","Relic","Card","Relic","Card","Card"],"build_version":"2020-12-22","purchased_purges":1,"victory":true,"max_hp_per_floor":[80,80,80,80,80,81,82,83,83,83,84,85,86,87,87,88,88,89,90,91,92,92,93,93,94,94,94,95,96,96,96,96,97,97,98,98,99,100,100,100,101,101,101,101,105,105,106,107,107,112],"card_choices":[{"not_picked":["Anger","Body Slam"],"picked":"Hemokinesis","floor":1.0},{"not_picked":["ReplayTheSpireMod:Limb From Limb","Metallicize"],"picked":"ReplayTheSpireMod:Stacked","floor":4.0},{"not_picked":["Pommel Strike","Clash"],"picked":"Evolve","floor":6.0},{"not_picked":["Havoc","Combust"],"picked":"True Grit","floor":7.0},{"not_picked":["Heavy Blade","Anger"],"picked":"Life Link","floor":8.0},{"not_picked":["Uppercut","Carnage"],"picked":"ReplayTheSpireMod:Muscle Training","floor":11.0},{"not_picked":["Anger","Run Through","Iron Wave"],"picked":"SKIP","floor":12.0},{"not_picked":["Rage","Power Through"],"picked":"Bloodletting","floor":13.0},{"not_picked":["Havoc","Entrench"],"picked":"Intimidate","floor":14.0},{"not_picked":["Fiend Fire","Bludgeon"],"picked":"Hemogenesis","floor":16.0},{"not_picked":["Anger","Twin Strike","Replay:Undeath\u0027s Touch"],"picked":"SKIP","floor":18.0},{"not_picked":["Abandon","Havoc"],"picked":"Iron Wave","floor":19.0},{"not_picked":["Twin Strike","Bloodletting"],"picked":"Shrug It Off+1","floor":20.0},{"not_picked":["Replay:Undeath\u0027s Touch","Second Wind"],"picked":"Immolate","floor":21.0},{"not_picked":["Heavy Blade+1","Shockwave"],"picked":"Whirlwind","floor":23.0},{"not_picked":["Entrench","Body Slam"],"picked":"Headbutt","floor":25.0},{"not_picked":["ReplayTheSpireMod:Strike From Hell","Life Link"],"picked":"Power Through+1","floor":28.0},{"not_picked":["Run Through","ReplayTheSpireMod:Limb From Limb"],"picked":"True Grit+1","floor":29.0},{"not_picked":["Double Tap","Limit Break"],"picked":"Feed","floor":33.0},{"not_picked":["Shockwave+1","Cleave+1"],"picked":"Power Through","floor":35.0},{"not_picked":["True Grit","ReplayTheSpireMod:Strike From Hell+1"],"picked":"Pommel Strike+1","floor":37},{"not_picked":["Perfected Strike+1","Havoc","Seeing Red"],"picked":"SKIP","floor":38},{"not_picked":["Clash+1","Spot Weakness"],"picked":"Iron Wave+1","floor":41},{"not_picked":["Wild Strike+1","Replay:Undeath\u0027s Touch"],"picked":"Hemokinesis","floor":45},{"not_picked":["Anger","ReplayTheSpireMod:Strike From Hell+1"],"picked":"Massacre+1","floor":47},{"not_picked":["Perfected Strike+1","ReplayReversal+1"],"picked":"Dual Wield+1","floor":48}],"player_experience":387192,"relics_obtained":[{"floor":6.0,"key":"Replay:Multitool"},{"floor":8.0,"key":"Bronze Scales"},{"floor":9.0,"key":"Replay:WaspNest"},{"floor":10.0,"key":"StrikeDummy"},{"floor":11.0,"key":"Oddly Smooth Stone"},{"floor":13.0,"key":"Red Skull"},{"floor":23.0,"key":"Replay:Mystery Machine"},{"floor":25.0,"key":"Tiny Chest"},{"floor":26.0,"key":"Girya"},{"floor":28.0,"key":"Snack Pack"},{"floor":41,"key":"MawBank"},{"floor":43,"key":"Bag of Preparation"},{"floor":45,"key":"Golden Egg"},{"floor":48,"key":"Anchor"}],"event_choices":[{"damage_healed":0.0,"max_hp_gain":0.0,"max_hp_loss":0.0,"gold_gain":0.0,"event_name":"Big Fish","player_choice":"Box","floor":2.0,"gold_loss":0.0,"damage_taken":0.0,"relics_obtained":["Lantern"],"cards_obtained":["Regret"]},{"damage_healed":0.0,"max_hp_gain":0.0,"max_hp_loss":0.0,"gold_gain":0.0,"event_name":"FaceTrader","player_choice":"Trade","floor":5.0,"gold_loss":0.0,"damage_taken":0.0,"relics_obtained":["FaceOfCleric"]},{"damage_healed":0.0,"max_hp_gain":0.0,"max_hp_loss":0.0,"gold_gain":0.0,"event_name":"Duplicator","player_choice":"Copied","floor":22.0,"gold_loss":0.0,"damage_taken":0.0,"cards_obtained":["Hemogenesis"]},{"damage_healed":0.0,"max_hp_gain":0.0,"max_hp_loss":0.0,"gold_gain":100.0,"event_name":"Golden Shrine","player_choice":"Pray","floor":36.0,"gold_loss":0.0,"damage_taken":0.0}],"is_beta":false,"boss_relics":[{"not_picked":["Painkiller Herb","Replay:Ancient Bell"],"picked":"Electric Blood"},{"not_picked":["Abe\u0027s Treasure","Replay:Drink Me"],"picked":"Replay:Grab Bag"},{"not_picked":["ChewingGum","Runic Dome"],"picked":"SlaversCollar"},{"not_picked":["Cursed Key","Coffee Dripper"],"picked":"Velvet Choker"},{"not_picked":["Pandora\u0027s Box","Mark of Pain"],"picked":"Runic Cube"}],"items_purged_floors":[31],"is_endless":false,"potions_floor_spawned":[1,11,12,13,18,20,21,25,33,35,38,45,47,48],"ascension_level":6}}