{"host":"v9ordiuf4xzdpttp","time":1612504024,"event":{"mods":["AchievementEnabler","Act Like it!","Aspiration","BaseMod","Better Third Choice","Better Vampires","BetterRewards","CCEM2","Colored Map","Gold Saver","Halation","Hubris","Infinite Spire","Jedi Mod","Marked Mod","Minty Spire (QoL Compilation)","Reliquary","Remove Card Discount Mod","Replay The Spire","Shop Mod","Spicy Shops","StSLib"],"gold_per_floor":[282,64,64,14,30,30,30,30,30,30,109,39,58,77,92,102,102,200,200,214,232,246,4,14,14,41,41,92,92,90,90,108,126,126,227,227,240,173,183,195,215,246,246,246,246,246,246,262,262,274,274,274],"floor_reached":53,"language":"ENG","playtime":2332,"items_purged":["Burn","Strike_R"],"score":756,"play_id":"a2fea23b-755f-4eaa-8186-124e1024b4f2","local_time":"20210205004704","is_ascension_mode":false,"campfire_choices":[{"data":"hubris:StunningStrike","floor":6,"key":"SMITH"},{"floor":25,"key":"REST"},{"floor":27,"key":"REST"},{"floor":34,"key":"REST"},{"data":"jedi:harder","floor":43,"key":"SMITH"},{"data":"Whirlwind","floor":46,"key":"SMITH"},{"data":"Inflame","floor":47,"key":"SMITH"},{"floor":51,"key":"REST"}],"circlet_count":0,"master_deck":["Strike_R","Strike_R","Strike_R","Strike_R","Defend_R","Defend_R","Defend_R","Defend_R","Bash","hubris:StunningStrike+1","Shrug It Off","Double Tap+1","Blood for Blood","Twin Strike+1","Shrug It Off","Life Link","Cleave","jedi:fear","jedi:collectorstrike","Dropkick","jedi:harder+1","Run Through","Bloodletting","Inflame+1","Offering","Pommel Strike+1","Shrug It Off+1","Whirlwind+1","hubris:ReadiedAction+1","Spot Weakness+1"],"relics":["Burning Blood"],"acts_visited":["Exordium","TheCity","TheBeyond"],"potions_floor_usage":[15,18,20,20,20,21,22,32,37,39,39,52],"damage_taken":[{"damage":12,"enemies":"Cultist","floor":1,"turns":5},{"damage":8,"enemies":"Small Slimes","floor":5,"turns":3},{"damage":0,"enemies":"2 Louse","floor":13,"turns":3},{"damage":0,"enemies":"Blue Slaver","floor":14,"turns":3},{"damage":8,"enemies":"Red Slaver","floor":15,"turns":2},{"damage":20,"enemies":"Large Slime","floor":16,"turns":6},{"damage":48,"enemies":"Hexaghost","floor":18,"turns":6},{"damage":29,"enemies":"Spheric Guardian","floor":20,"turns":7},{"damage":0,"enemies":"Chosen","floor":21,"turns":7},{"damage":8,"enemies":"Centurion and Healer","floor":22,"turns":5},{"damage":27,"enemies":"Snake Plant","floor":24,"turns":4},{"damage":14,"enemies":"Snecko","floor":32,"turns":3},{"damage":48,"enemies":"3 Cultists","floor":33,"turns":5},{"damage":100,"enemies":"hubris:MusketHawk","floor":35,"turns":9},{"damage":44,"enemies":"3 Shapes","floor":37,"turns":3},{"damage":41,"enemies":"3 Darklings","floor":39,"turns":3},{"damage":67,"enemies":"Transient","floor":40,"turns":5},{"damage":45,"enemies":"Spire Growth","floor":41,"turns":4},{"damage":0,"enemies":"Reptomancer","floor":42,"turns":3},{"damage":13,"enemies":"Sphere and 2 Shapes","floor":48,"turns":3},{"damage":28,"enemies":"3 Darklings","floor":50,"turns":3},{"damage":6,"enemies":"hubris:GrandSnecko","floor":52,"turns":2}],"seed_played":"-4723682995287802380","potions_obtained":[{"floor":1,"key":"Weak Potion"},{"floor":13,"key":"Energy Potion"},{"floor":14,"key":"Adrenaline Potion"},{"floor":16,"key":"Venom Potion"},{"floor":18,"key":"HeartOfIron"},{"floor":20,"key":"LifebloodPotion"},{"floor":21,"key":"jedi:StrikingPotion"},{"floor":24,"key":"PowerPotion"},{"floor":33,"key":"ColorlessPotion"},{"floor":35,"key":"Energy Potion"},{"floor":37,"key":"EntropicBrew"},{"floor":39,"key":"Venom Potion"},{"floor":50,"key":"Explosive Potion"}],"is_trial":false,"path_per_floor":["M","$","?","$","M","R","PTL","PTL","T","$","T","$","M","M","M","M","R_BF","B",null,"M","M","M","$","M","R","T","R","T","?","$","T","M","M","R","B",null,"M","$","M","M","M","E","R","?","T","R","R","M","?","M","R_BF","B",null],"character_chosen":"IRONCLAD","items_purchased":["Double Tap+1","Blood for Blood","Twin Strike","Life Link","Inflame","Offering","jedi:collectorstrike"],"campfire_rested":4,"item_purchase_floors":[2,2,4,12,23,23,38],"current_hp_per_floor":[74,74,74,74,72,72,72,72,72,72,72,72,78,80,78,64,80,38,80,57,63,61,61,40,64,64,80,80,80,80,80,72,30,54,77,80,42,42,51,70,80,80,80,85,85,85,85,78,78,56,80,80],"gold":274,"neow_bonus":"ONE_RANDOM_RARE_CARD","is_daily":false,"chose_seed":false,"campfire_upgraded":4,"win_rate":0.0,"timestamp":1612504024,"path_taken":["M","?","?","?","M","R","PTL","PTL","?","?","T","$","M","?","M","M","R_BF","BOSS","M","?","M","$","M","R","?","R","T","?","?","?","M","M","R","BOSS","M","$","M","?","M","E","R","?","T","R","R","M","?","M","R_BF","BOSS"],"items_purchased_type":["Card","Card","Card","Card","Card","Card","Card"],"build_version":"2020-12-22","purchased_purges":2,"victory":true,"max_hp_per_floor":[80,80,80,80,80,80,80,80,80,80,80,80,80,80,80,80,80,80,80,80,80,80,80,80,80,80,80,80,80,80,80,80,80,80,80,80,80,80,80,80,80,80,80,83,83,83,83,83,83,83,83,83],"card_choices":[{"not_picked":["Sword Boomerang","Abandon"],"picked":"Shrug It Off","floor":1},{"not_picked":["True Grit","Clothesline"],"picked":"Shrug It Off","floor":5},{"not_picked":["Flex","Bludgeon"],"picked":"Cleave","floor":13},{"not_picked":["Wild Strike","Cleave"],"picked":"jedi:fear","floor":14},{"not_picked":["jedi:fear","Twin Strike"],"picked":"jedi:collectorstrike","floor":15},{"not_picked":["Ghostly Armor","Twin Strike"],"picked":"Dropkick","floor":16},{"not_picked":["jedi:unlimitedpower","jedi:collectorstrike"],"picked":"jedi:harder","floor":18},{"not_picked":["Body Slam","Havoc"],"picked":"Run Through","floor":20},{"not_picked":["Hemokinesis","infinitespire:OneForAll"],"picked":"jedi:collectorstrike","floor":21},{"not_picked":["Flex","ReplayTheSpireMod:Strike From Hell"],"picked":"Bloodletting","floor":22},{"not_picked":["Shrug It Off","Entrench"],"picked":"Pommel Strike+1","floor":24},{"not_picked":["Clash","Massacre"],"picked":"Shrug It Off+1","floor":32},{"not_picked":["Clash","jedi:fear"],"picked":"Whirlwind","floor":33},{"not_picked":["hubris:StunningStrike","jedi:bloodyhammer"],"picked":"jedi:collectorstrike","floor":35},{"not_picked":["ReplayReversal+1","Carnage+1"],"picked":"jedi:collectorstrike","floor":37},{"not_picked":["Clash","Wild Strike"],"picked":"jedi:collectorstrike","floor":39},{"not_picked":["Battle Trance+1","Headbutt+1"],"picked":"hubris:ReadiedAction+1","floor":40},{"not_picked":["Burning Pact","Havoc+1"],"picked":"jedi:collectorstrike","floor":41},{"not_picked":["Pommel Strike+1","Ghostly Armor"],"picked":"jedi:collectorstrike","floor":42},{"not_picked":["jedi:collectorstrike","Power Through"],"picked":"Spot Weakness+1","floor":48},{"not_picked":["hubris:ReadiedAction","jedi:suffering"],"picked":"jedi:collectorstrike","floor":50}],"player_experience":267856,"relics_obtained":[],"event_choices":[{"damage_healed":74,"gold_gain":0,"player_choice":"Embrace Burn","damage_taken":0,"max_hp_gain":0,"max_hp_loss":80,"event_name":"betterThird:BetterShining","floor":3,"gold_loss":0},{"damage_healed":0,"gold_gain":0,"player_choice":"Ignored","damage_taken":0,"max_hp_gain":0,"max_hp_loss":0,"event_name":"Vampires","floor":29,"gold_loss":0}],"is_beta":false,"boss_relics":[{"not_picked":["Honey Jar","Runic Pyramid","Velvet Choker"]},{"not_picked":["Tiny House","CCEMRelics:GreenEgg","hubris:CrackedHourglass"]}],"items_purged_floors":[4,30],"is_endless":false,"potions_floor_spawned":[1,13,14,16,18,20,21,24,33,35,37,39,50],"ascension_level":0}}