{"host":"cxvb37eaaiijvrl4","time":1612496873,"event":{"mods":["ATMod(阿瑾Mod)","BaseMod","Better Third Choice","Minty Spire (QoL Compilation)","MostiFishMod","Quick Restart","Rare Cards Sparkle","Shop Mod","Spicy Shops","StSLib","TestMod","Uncapped","残留之物"],"gold_per_floor":[114,140,160,160,160,187,187,221,274,78,89,115,127,145,145,272,272,283,299,311,331,266,293,310,105,105,137,137,157,175,185,185,311,311,326,186,211,225,275,303,303,331,378,392,74,184,211,304,304,354,379,379,379,28,103,128],"floor_reached":57,"language":"ZHS","playtime":2077,"items_purged":["Strike_B+1","Strike_B+1","Strike_B+1","Glacier+1","Ball Lightning+1","MostiFishMod:GatherIntelligence+1"],"score":3502,"play_id":"180857d3-0c4b-46f3-b1ae-e6edbda42d55","local_time":"20210204194753","is_ascension_mode":true,"campfire_choices":[{"data":"MostiFishMod:Culaccino","floor":7.0,"key":"SMITH"},{"data":"Zap","floor":15.0,"key":"SMITH"},{"data":"Defend_B+1","floor":28.0,"key":"PURGE"},{"data":"Defend_B+1","floor":32.0,"key":"PURGE"},{"data":"Defend_B+1","floor":41.0,"key":"PURGE"},{"floor":49.0,"key":"RECALL"},{"data":"Defend_B+1","floor":53.0,"key":"PURGE"}],"circlet_count":0,"master_deck":["AscendersBane","Zap+1","MostiFishMod:Culaccino+1","Thunder Strike+1","MostiFishMod:ActiveDefenseSystem+1","Double Energy+1","Self Repair+1","Coolheaded+1","AT_StudyProgram+1","AT_RightCognition+1","Skim+1","MostiFishMod:ReadyAimFire+1","MostiFishMod:TalkingToTheRain+1","Turbo+1","MostiFishMod:ReadyAimFire+1","AT_DarkMatter+1","MostiFishMod:ReadyAimFire+1","MostiFishMod:InterfaceCompatibility+1"],"relics":["Cracked Core","testmod-TestBox","AT_ATBox","DSteel32","testmod-AscensionHeart","SynthV:TestCard","Potion Belt","DaveBox","BionicSphere","Peace Pipe","Orichalcum","PreservedInsect","Molten Egg 2","JellyFishMachine","Art of War","Tiny Chest","DataDisk","testmod-SaigiyounoYou","Pocketwatch","Juzu Bracelet","Pen Nib","AT_BellDemon","testmod-IndustrialRevolution","Darkstone Periapt","AT_MibuBalloonWealth","AT_GuinsooRageblade","AT_ChloranthyRing","testmod-CyclicPeriapt","Centennial Puzzle","testmod-AssaultLearning","AT_BladeRuinedKing"],"acts_visited":["Exordium","TheCity","TheBeyond","TheEnding"],"potions_floor_usage":[56,56,56,56,56,56,56,56,56],"damage_taken":[{"damage":0.0,"enemies":"Cultist","floor":1.0,"turns":4.0},{"damage":0.0,"enemies":"2 Louse","floor":3.0,"turns":3.0},{"damage":17.0,"enemies":"3 Sentries","floor":6.0,"turns":11.0},{"damage":15.0,"enemies":"Lagavulin","floor":8.0,"turns":8.0},{"damage":1.0,"enemies":"Small Slimes","floor":11.0,"turns":3.0},{"damage":2.0,"enemies":"3 Sentries","floor":12.0,"turns":5.0},{"damage":0.0,"enemies":"Exordium Wildlife","floor":13.0,"turns":3.0},{"damage":0.0,"enemies":"Blue Slaver","floor":14.0,"turns":4.0},{"damage":4.0,"enemies":"Hexaghost","floor":16.0,"turns":8.0},{"damage":8.0,"enemies":"2 Thieves","floor":18.0,"turns":3.0},{"damage":0.0,"enemies":"Shell Parasite","floor":19.0,"turns":4.0},{"damage":0.0,"enemies":"Cultist and Chosen","floor":20.0,"turns":4.0},{"damage":15.0,"enemies":"Snecko","floor":21.0,"turns":6.0},{"damage":0.0,"enemies":"Book of Stabbing","floor":23.0,"turns":5.0},{"damage":0.0,"enemies":"Sentry and Sphere","floor":24.0,"turns":4.0},{"damage":8.0,"enemies":"Slavers","floor":27.0,"turns":4.0},{"damage":0.0,"enemies":"Snake Plant","floor":29.0,"turns":1.0},{"damage":0.0,"enemies":"Centurion and Healer","floor":30.0,"turns":3.0},{"damage":0.0,"enemies":"Cultist and Chosen","floor":31.0,"turns":3.0},{"damage":0.0,"enemies":"Collector","floor":33.0,"turns":3.0},{"damage":0.0,"enemies":"3 Darklings","floor":35.0,"turns":2.0},{"damage":0.0,"enemies":"Mind Bloom Boss Battle","floor":37.0,"turns":3.0},{"damage":14.0,"enemies":"3 Shapes","floor":38.0,"turns":3.0},{"damage":0.0,"enemies":"Nemesis","floor":40.0,"turns":3.0},{"damage":0.0,"enemies":"Giant Head","floor":42.0,"turns":2.0},{"damage":21.0,"enemies":"Jaw Worm Horde","floor":44.0,"turns":2.0},{"damage":0.0,"enemies":"4 Shapes","floor":46.0,"turns":2.0},{"damage":0.0,"enemies":"Sphere and 2 Shapes","floor":48.0,"turns":3.0},{"damage":0.0,"enemies":"Donu and Deca","floor":50.0,"turns":3.0},{"damage":15.0,"enemies":"Time Eater","floor":51.0,"turns":2.0},{"damage":0.0,"enemies":"Shield and Spear","floor":55.0,"turns":3.0},{"damage":0,"enemies":"The Heart","floor":56,"turns":4}],"seed_played":"-719738289955443279","potions_obtained":[{"floor":3.0,"key":"PowerPotion"},{"floor":6.0,"key":"Fire Potion"},{"floor":8.0,"key":"PowerPotion"},{"floor":13.0,"key":"FocusPotion"},{"floor":21.0,"key":"EntropicBrew"},{"floor":24.0,"key":"EntropicBrew"}],"is_trial":false,"path_per_floor":["M","T","M","?","?","E","R","E","T","$","M","E","M","M","R","B",null,"M","M","M","M","$","E","M","$","T","E","R","M","M","M","R","B",null,"M","$","?","M","T","E","R","E","T","M","$","M","T","M","R","B","B",null,"R","$","E","B",null],"character_chosen":"DEFECT","items_purchased":["PreservedInsect","MostiFishMod:GatherIntelligence","AT_MibuBalloonWealth","Centennial Puzzle"],"campfire_rested":0,"item_purchase_floors":[10,10,45,54],"current_hp_per_floor":[47,47,48,48,48,33,33,20,20,20,20,23,24,25,25,27,66,59,67,68,64,64,76,80,80,80,73,73,74,81,81,81,86,86,86,86,86,86,86,87,87,88,88,86,86,88,88,88,88,93,98,98,98,98,99,104],"gold":128,"neow_bonus":"REMOVE_TWO","is_daily":false,"chose_seed":false,"campfire_upgraded":2,"win_rate":0.0,"timestamp":1612496873,"path_taken":["M","?","?","?","?","E","R","E","T","$","M","E","M","M","R","BOSS","M","M","M","M","$","E","M","$","T","E","R","M","M","M","R","BOSS","M","$","?","M","?","E","R","E","T","M","?","M","?","M","R","BOSS","BOSS","R","$","E","BOSS"],"items_purchased_type":["Relic","Card","Relic","Relic"],"build_version":"2020-12-22","purchased_purges":6,"victory":true,"max_hp_per_floor":[71,71,71,71,71,72,72,73,73,73,73,74,74,74,74,79,79,79,79,79,79,79,80,80,80,80,81,81,81,81,81,81,86,86,86,86,86,86,86,87,87,88,88,88,88,88,88,88,88,93,98,98,98,98,99,104],"card_choices":[{"not_picked":["AT_HeatAcrobatics","Hello World"],"picked":"Glacier","floor":1.0},{"not_picked":["Doom and Gloom","Sweeping Beam","Cold Snap","Reprogram","Reinforced Body"],"picked":"SKIP","floor":3.0},{"not_picked":["AT_RightCognition","MostiFishMod:DawningShadow","MostiFishMod:Distribution","MostiFishMod:Overload"],"picked":"MostiFishMod:Culaccino","floor":6.0},{"not_picked":["Meteor Strike","AT_WaterDrop","Core Surge","MostiFishMod:Exploitation"],"picked":"Thunder Strike","floor":8.0},{"not_picked":["Beam Cell","MostiFishMod:PushDownKick","Compile Driver","Rebound"],"picked":"Ball Lightning","floor":11.0},{"not_picked":["Fission","Hyperbeam+1","MostiFishMod:DeathFromBelow+1","Buffer"],"picked":"MostiFishMod:ActiveDefenseSystem","floor":12.0},{"not_picked":["Conserve Battery","Beam Cell+1","Leap","Gash+1","Force Field"],"picked":"SKIP","floor":13.0},{"not_picked":["Barrage+1","White Noise","Sunder+1","MostiFishMod:FluxCapactior"],"picked":"Double Energy","floor":14.0},{"not_picked":["MostiFishMod:GatherIntelligence","Go for the Eyes+1","Sweeping Beam+1","Chill+1"],"picked":"Self Repair","floor":18.0},{"not_picked":["Hello World","MostiFishMod:ReprogramOld","Leap","Storm"],"picked":"Coolheaded","floor":19.0},{"not_picked":["Compile Driver+1","Genetic Algorithm","Streamline+1","Go for the Eyes+1"],"picked":"AT_StudyProgram","floor":20.0},{"not_picked":["Sweeping Beam+1","Leap","Auto Shields","Blizzard+1","Go for the Eyes+1"],"picked":"SKIP","floor":21.0},{"not_picked":["Machine Learning","MostiFishMod:Prepare","MostiFishMod:StrandedSiren","MostiFishMod:StrandedSiren"],"picked":"AT_RightCognition","floor":23.0},{"not_picked":["Defragment","Ball Lightning+1","MostiFishMod:Impulse","Steam+1"],"picked":"Skim","floor":24.0},{"not_picked":["MostiFishMod:Nova","MostiFishMod:StarOceanB","MostiFishMod:InterfaceCompatibility","MostiFishMod:TalkingToTheRain"],"picked":"MostiFishMod:ReadyAimFire","floor":27.0},{"not_picked":["Hologram","Streamline+1","Stack+1","Conserve Battery","Ball Lightning+1"],"picked":"SKIP","floor":29.0},{"not_picked":["Barrage+1","Steam","Hologram","MostiFishMod:LinkProtocol","Stack"],"picked":"SKIP","floor":30.0},{"not_picked":["Compile Driver+1","Genetic Algorithm","Beam Cell+1","Streamline+1","BootSequence"],"picked":"SKIP","floor":31.0},{"not_picked":["Rainbow","MostiFishMod:ATRI","Echo Form","Hyperbeam+1"],"picked":"MostiFishMod:TalkingToTheRain","floor":33.0},{"not_picked":["Gash+1","AT_RobotInSpace","MostiFishMod:PushDownKick+1","Static Discharge","Aggregate"],"picked":"SKIP","floor":35.0},{"not_picked":["Streamline+1","Conserve Battery","Redo","Gash+1"],"picked":"Turbo+1","floor":37.0},{"not_picked":["Reinforced Body+1","AT_ThreeBodyProblem","Turbo","Coolheaded+1","MostiFishMod:LinkProtocol"],"picked":"SKIP","floor":38.0},{"not_picked":["Rainbow","All For One","All For One","MostiFishMod:DawningShadow","Machine Learning"],"picked":"SKIP","floor":40.0},{"not_picked":["Electrodynamics","MostiFishMod:IntelligentEquipment","Fission","MostiFishMod:StrandedSiren"],"picked":"MostiFishMod:ReadyAimFire","floor":42.0},{"not_picked":["Storm","Leap","Auto Shields","Blizzard+1","Barrage+1"],"picked":"SKIP","floor":44.0},{"not_picked":["Storm","Leap","Auto Shields","Blizzard+1","Barrage+1"],"picked":"SKIP","floor":44.0},{"not_picked":["Ball Lightning+1","Rebound+1","Chaos","Beam Cell+1"],"picked":"AT_DarkMatter","floor":46.0},{"not_picked":["Go for the Eyes+1","MostiFishMod:FluxCapactior","Heatsinks","Capacitor"],"picked":"MostiFishMod:ReadyAimFire","floor":48.0},{"not_picked":["Machine Learning","Electrodynamics","Machine Learning","MostiFishMod:Nova"],"picked":"MostiFishMod:InterfaceCompatibility","floor":55.0}],"player_experience":740157,"relics_obtained":[{"floor":1.0,"key":"SynthV:TestCard"},{"floor":2.0,"key":"Potion Belt"},{"floor":6.0,"key":"Peace Pipe"},{"floor":8.0,"key":"Orichalcum"},{"floor":12.0,"key":"Molten Egg 2"},{"floor":23.0,"key":"Art of War"},{"floor":26.0,"key":"Tiny Chest"},{"floor":27.0,"key":"DataDisk"},{"floor":37.0,"key":"Pocketwatch"},{"floor":39.0,"key":"Juzu Bracelet"},{"floor":40.0,"key":"Pen Nib"},{"floor":42.0,"key":"AT_BellDemon"},{"floor":43.0,"key":"testmod-IndustrialRevolution"},{"floor":44.0,"key":"Darkstone Periapt"},{"floor":46.0,"key":"AT_GuinsooRageblade"},{"floor":47.0,"key":"AT_ChloranthyRing"},{"floor":48.0,"key":"testmod-CyclicPeriapt"},{"floor":55.0,"key":"testmod-AssaultLearning"},{"floor":55.0,"key":"AT_BladeRuinedKing"}],"event_choices":[{"damage_healed":0.0,"max_hp_gain":0.0,"max_hp_loss":0.0,"gold_gain":0.0,"event_name":"给自己的盒子","player_choice":"Swap Relic","floor":4.0,"relics_lost":["DaveBox"],"gold_loss":0.0,"damage_taken":0.0,"relics_obtained":["DaveBox"]},{"damage_healed":0.0,"max_hp_gain":0.0,"max_hp_loss":0.0,"gold_gain":0.0,"event_name":"betterThird:BetterSerpent","player_choice":"Ignored","floor":5.0,"gold_loss":0.0,"damage_taken":160.0},{"damage_healed":0.0,"max_hp_gain":0.0,"max_hp_loss":0.0,"gold_gain":0.0,"event_name":"MindBloom","player_choice":"Fight","floor":37.0,"gold_loss":0.0,"damage_taken":0.0}],"is_beta":false,"boss_relics":[{"not_picked":["testmod-EnergyCheck","Snecko Eye"],"picked":"JellyFishMachine"},{"not_picked":["Pandora\u0027s Box","testmod-Fanaticism"],"picked":"testmod-SaigiyounoYou"}],"items_purged_floors":[22,25,25,36,45,54],"is_endless":false,"potions_floor_spawned":[3,6,8,13,14,19,21,24,27,29,31,35,38,44,55],"ascension_level":20}}