{"host":"9bcvatsnbq1a3xq4","time":1612548469,"event":{"mods":["BaseMod","Bestiary","Block Reminder","Highlight Path","Minty Spire (QoL Compilation)","Relic Stats"],"gold_per_floor":[114,133,3,18,118,149,161,161,161,161,178,207,225,256,256,330,330,330,280,126,46,46,46,46,46,46,46,46,46,46,46,46,46,46,46,46,46,46,46,46,46,46],"floor_reached":41,"language":"ENG","playtime":3698,"items_purged":["Strike_B"],"score":1060,"play_id":"fa8a8488-0ec9-4e21-bccb-9eb4bcfc602a","local_time":"20210205190749","is_ascension_mode":true,"campfire_choices":[{"data":"Sunder","floor":8.0,"key":"SMITH"},{"data":"1","floor":10.0,"key":"LIFT"},{"data":"Creative AI","floor":15.0,"key":"SMITH"},{"data":"Defragment","floor":24.0,"key":"SMITH"},{"data":"Defragment","floor":27.0,"key":"SMITH"},{"data":"Amplify","floor":29.0,"key":"SMITH"},{"data":"White Noise","floor":32.0,"key":"SMITH"}],"circlet_count":0,"master_deck":["AscendersBane","Strike_B","Defend_B","Defend_B","Defend_B","Defend_B","Zap","Dualcast","CurseOfTheBell","Glacier","Compile Driver","Sunder+1","Doom and Gloom","White Noise+1","Capacitor","White Noise","Sweeping Beam","Creative AI+1","Amplify+1","Aggregate+1","Defragment+1","Cold Snap+1","RitualDagger","Defragment+1","Turbo","Echo Form","Recycle","Barrage","Multi-Cast","Loop","Seek"],"relics":["Calling Bell","Toy Ornithopter","InkBottle","Pocketwatch","Bird Faced Urn","Girya","Thread and Needle","Gremlin Horn","Ectoplasm","Strawberry","Kunai","PreservedInsect","SacredBark"],"acts_visited":["Exordium","TheCity","TheBeyond"],"potions_floor_usage":[38,40,41],"damage_taken":[{"damage":2.0,"enemies":"Jaw Worm","floor":1.0,"turns":6.0},{"damage":0.0,"enemies":"Cultist","floor":2.0,"turns":6.0},{"damage":1.0,"enemies":"2 Louse","floor":4.0,"turns":2.0},{"damage":19.0,"enemies":"Lagavulin","floor":6.0,"turns":7.0},{"damage":8.0,"enemies":"Blue Slaver","floor":7.0,"turns":5.0},{"damage":5.0,"enemies":"Exordium Thugs","floor":11.0,"turns":4.0},{"damage":2.0,"enemies":"Gremlin Nob","floor":12.0,"turns":3.0},{"damage":11.0,"enemies":"Exordium Wildlife","floor":13.0,"turns":4.0},{"damage":0.0,"enemies":"Lagavulin","floor":14.0,"turns":8.0},{"damage":0.0,"enemies":"Slime Boss","floor":16.0,"turns":8.0},{"damage":4.0,"enemies":"Spheric Guardian","floor":18.0,"turns":5.0},{"damage":7.0,"enemies":"2 Thieves","floor":21.0,"turns":3.0},{"damage":57.0,"enemies":"Book of Stabbing","floor":23.0,"turns":6.0},{"damage":5.0,"enemies":"Slavers","floor":25.0,"turns":9.0},{"damage":0.0,"enemies":"3 Cultists","floor":30.0,"turns":4.0},{"damage":33.0,"enemies":"Shelled Parasite and Fungi","floor":31.0,"turns":12.0},{"damage":12.0,"enemies":"Automaton","floor":33.0,"turns":11.0},{"damage":21,"enemies":"Orb Walker","floor":35,"turns":5},{"damage":7,"enemies":"3 Shapes","floor":37,"turns":6},{"damage":1,"enemies":"3 Darklings","floor":38,"turns":5},{"damage":24,"enemies":"4 Shapes","floor":39,"turns":3},{"damage":14,"enemies":"Transient","floor":40,"turns":6},{"damage":102,"enemies":"Reptomancer","floor":41,"turns":2}],"seed_played":"-8480711771612507623","potions_obtained":[{"floor":1.0,"key":"EssenceOfDarkness"},{"floor":6.0,"key":"Fire Potion"},{"floor":7.0,"key":"DuplicationPotion"},{"floor":14.0,"key":"CultistPotion"},{"floor":18.0,"key":"Swift Potion"},{"floor":25.0,"key":"Fruit Juice"},{"floor":35,"key":"FocusPotion"},{"floor":38,"key":"PowerPotion"}],"is_trial":false,"path_per_floor":["M","M","$","M","?","E","M","R","T","R","M","E","M","E","R","B",null,"M","?","$","M","?","E","R","E","T","R","?","R","M","M","R","B",null,"M","?","M","M","M","M","E"],"character_chosen":"DEFECT","items_purchased":["Sunder","SkillPotion","Defragment"],"campfire_rested":0,"item_purchase_floors":[3,3,20],"current_hp_per_floor":[62,62,62,61,61,47,41,41,41,41,40,43,38,44,44,67,70,71,71,71,71,65,45,45,78,78,78,78,78,78,78,78,78,78,75,75,78,88,78,88,0,0],"gold":46,"neow_bonus":"BOSS_RELIC","is_daily":false,"chose_seed":false,"campfire_upgraded":6,"win_rate":0.0,"timestamp":1612548469,"path_taken":["M","M","$","M","?","E","?","R","T","R","M","E","?","E","R","BOSS","M","?","$","?","?","E","R","E","T","R","?","R","?","M","R","BOSS","M","?","M","?","M","M","E"],"items_purchased_type":["Card","Potion","Card"],"build_version":"2020-12-22","purchased_purges":1,"victory":false,"max_hp_per_floor":[71,71,71,71,71,71,71,71,71,71,71,71,71,71,71,71,71,71,71,71,71,71,78,78,78,78,78,78,78,78,78,78,78,78,78,78,78,88,88,88,88,88],"relic_stats":{"Gremlin Horn":[13,13],"counters":[23,130],"Bird Faced Urn":[220],"Ectoplasm":463,"PreservedInsect":61,"Kunai":[8],"obtain_stats":[{"Girya":9,"Gremlin Horn":14,"SacredBark":34,"Thread and Needle":12,"PreservedInsect":26,"Calling Bell":0,"Bird Faced Urn":6,"Strawberry":23,"Ectoplasm":17,"Kunai":25,"Cracked Core":0,"Toy Ornithopter":0,"InkBottle":0,"Pocketwatch":0},{"Girya":5,"Gremlin Horn":9,"SacredBark":17,"Thread and Needle":7,"PreservedInsect":14,"Calling Bell":0,"Bird Faced Urn":4,"Strawberry":13,"Ectoplasm":10,"Kunai":14,"Cracked Core":0,"Toy Ornithopter":0,"InkBottle":0,"Pocketwatch":0},{"Girya":26,"Gremlin Horn":45,"SacredBark":103,"Thread and Needle":33,"PreservedInsect":76,"Calling Bell":0,"Bird Faced Urn":21,"Strawberry":67,"Ectoplasm":53,"Kunai":76,"Cracked Core":0,"Toy Ornithopter":0,"InkBottle":0,"Pocketwatch":0}],"Toy Ornithopter":30,"InkBottle":[50],"Pocketwatch":[153]},"card_choices":[{"not_picked":["Cold Snap","Rebound"],"picked":"Glacier","floor":1.0},{"not_picked":["Turbo","Heatsinks"],"picked":"Compile Driver","floor":2.0},{"not_picked":["Stack","Compile Driver"],"picked":"Doom and Gloom","floor":4.0},{"not_picked":["Fusion","Streamline"],"picked":"White Noise","floor":6.0},{"not_picked":["Gash","Hologram"],"picked":"Capacitor","floor":7.0},{"not_picked":["Blizzard","Stack"],"picked":"White Noise","floor":11.0},{"not_picked":["Hyperbeam","Redo"],"picked":"Sweeping Beam","floor":12.0},{"not_picked":["Gash","Compile Driver","Conserve Battery"],"picked":"SKIP","floor":13.0},{"not_picked":["Compile Driver","Ball Lightning"],"picked":"Creative AI","floor":14.0},{"not_picked":["Biased Cognition","Hyperbeam"],"picked":"Amplify","floor":16.0},{"not_picked":["Gash","Ball Lightning"],"picked":"Aggregate+1","floor":18.0},{"not_picked":["Steam","Conserve Battery"],"picked":"Cold Snap+1","floor":21.0},{"not_picked":["Beam Cell","Compile Driver"],"picked":"Defragment","floor":23.0},{"not_picked":["Hello World","Rebound"],"picked":"Turbo","floor":25.0},{"not_picked":["Beam Cell","Darkness"],"picked":"Barrage","floor":30.0},{"not_picked":["Compile Driver","Hologram+1","Streamline"],"picked":"SKIP","floor":31.0},{"not_picked":["Hyperbeam","Meteor Strike"],"picked":"Multi-Cast","floor":33.0},{"not_picked":["Leap","Scrape"],"picked":"Loop","floor":35},{"not_picked":["Sweeping Beam","Ball Lightning","Gash"],"picked":"SKIP","floor":37},{"not_picked":["Rebound+1","Gash+1","Stack"],"picked":"SKIP","floor":38},{"not_picked":["Rebound+1","Gash+1","Stack"],"picked":"SKIP","floor":38},{"not_picked":["Ball Lightning","Streamline+1","Rebound+1"],"picked":"SKIP","floor":39},{"not_picked":["Defragment","Rebound+1"],"picked":"Seek","floor":40}],"player_experience":771827,"relics_obtained":[{"floor":0.0,"key":"Toy Ornithopter"},{"floor":0.0,"key":"InkBottle"},{"floor":0.0,"key":"Pocketwatch"},{"floor":6.0,"key":"Bird Faced Urn"},{"floor":9.0,"key":"Girya"},{"floor":12.0,"key":"Thread and Needle"},{"floor":14.0,"key":"Gremlin Horn"},{"floor":23.0,"key":"Strawberry"},{"floor":25.0,"key":"Kunai"},{"floor":26.0,"key":"PreservedInsect"}],"event_choices":[{"damage_healed":0.0,"max_hp_gain":0.0,"max_hp_loss":0.0,"gold_gain":100.0,"event_name":"Wheel of Change","player_choice":"Gold","floor":5.0,"gold_loss":0.0,"damage_taken":0.0},{"damage_healed":0.0,"max_hp_gain":0.0,"max_hp_loss":0.0,"gold_gain":100.0,"event_name":"The Joust","player_choice":"Bet on Murderer","floor":19.0,"gold_loss":50.0,"damage_taken":0.0},{"damage_healed":0.0,"max_hp_gain":0.0,"max_hp_loss":0.0,"gold_gain":0.0,"event_name":"Nest","player_choice":"Joined the Cult","floor":22.0,"gold_loss":0.0,"damage_taken":6.0,"cards_obtained":["RitualDagger"]},{"damage_healed":0.0,"max_hp_gain":0.0,"max_hp_loss":0.0,"gold_gain":0.0,"cards_transformed":["Strike_B","Strike_B"],"event_name":"Drug Dealer","player_choice":"Became Test Subject","floor":28.0,"gold_loss":0.0,"damage_taken":0.0,"cards_obtained":["Echo Form","Recycle"]},{"damage_healed":0,"gold_gain":0,"player_choice":"Ignored","damage_taken":0,"max_hp_gain":0,"max_hp_loss":0,"event_name":"SecretPortal","floor":36,"gold_loss":0}],"is_beta":false,"boss_relics":[{"not_picked":["Sozu","Busted Crown"],"picked":"Ectoplasm"},{"not_picked":["Philosopher\u0027s Stone","Inserter"],"picked":"SacredBark"}],"items_purged_floors":[20],"is_endless":false,"potions_floor_spawned":[1,6,7,11,14,18,25,35,38],"killed_by":"Reptomancer","ascension_level":20}}