{"host":"aaqofma31c3gm2hj","time":1612504789,"event":{"mods":["BaseMod","GungeonMod","Minty Spire (QoL Compilation)","Replay The Spire","Spicy Shops","StSLib"],"gold_per_floor":[117,127,52,52,102,121,121,140,171,171,171,171,203,88,101,127,153,153,153,229,229,243,260,310,210,260,260,295,313,348,348,348,358,369,380,390,404,404,404,477,477,490,504,529,529,540,540,572,572,572,598,614,641,204,204,218,218,218,218,218,218,43,69,69],"floor_reached":65,"language":"ZHS","playtime":2472,"items_purged":["Deadly Poison","Underhanded Strike","ReplayTheSpireMod:From All Sides","Neutralize","Acrobatics+1"],"score":3082,"play_id":"880c3f46-60bb-4398-af24-9dce28e5eca1","local_time":"20210205135949","is_ascension_mode":true,"campfire_choices":[{"data":"Calculated Gamble","floor":7.0,"key":"SMITH"},{"data":"Prepared","floor":18.0,"key":"SMITH"},{"data":"Bane","floor":19.0,"key":"PURGE"},{"data":"Reflex","floor":27.0,"key":"SMITH"},{"data":"Acrobatics","floor":32.0,"key":"SMITH"},{"data":"Acrobatics","floor":38.0,"key":"SMITH"},{"data":"Apotheosis","floor":47.0,"key":"SMITH"},{"floor":49.0,"key":"RECALL"},{"data":"Reflex","floor":55.0,"key":"SMITH"},{"data":"Deep Breath","floor":57,"key":"PURGE"},{"floor":61,"key":"REST"}],"circlet_count":0,"master_deck":["AscendersBane","Survivor","Eviscerate","Reflex+1","Well Laid Plans","Calculated Gamble+1","Tools of the Trade","Grand Finale","Acrobatics+1","Prepared+1","Reflex+1","DemoMod:Elimentaler","Apotheosis+1","Tactician","Footwork+1","Escape Plan"],"relics":["Pandora\u0027s Box","DemoMod:JetPack","Replay:Bottled Snecko","InkBottle","Oddly Smooth Stone","Happy Flower","Odd Mushroom","Runic Pyramid","Dream Catcher","Incense Burner","DemoMod:RatBoots","DemoMod:ResourcefulSack","DemoMod:PartiallyEatenCheese","SacredBark","DemoMod:GlassGuonStoneRelic","Torii","Lantern","ReplayFunnel","Lizard Tail","Pet Ghost","Replay:Bottled Flurry"],"acts_visited":["Exordium","TheCity","TheCity","TheBeyond","TheEnding"],"potions_floor_usage":[],"damage_taken":[{"damage":4.0,"enemies":"Cultist","floor":1.0,"turns":3.0},{"damage":8.0,"enemies":"Jaw Worm","floor":2.0,"turns":2.0},{"damage":3.0,"enemies":"Small Slimes","floor":6.0,"turns":3.0},{"damage":5.0,"enemies":"3 Louse","floor":8.0,"turns":2.0},{"damage":0.0,"enemies":"Lagavulin","floor":9.0,"turns":2.0},{"damage":0.0,"enemies":"Gremlin Nob","floor":13.0,"turns":2.0},{"damage":3.0,"enemies":"Red Slaver","floor":15.0,"turns":2.0},{"damage":5.0,"enemies":"3 Sentries","floor":16.0,"turns":2.0},{"damage":0.0,"enemies":"The Mushroom Lair","floor":17.0,"turns":2.0},{"damage":0.0,"enemies":"The Guardian","floor":20.0,"turns":4.0},{"damage":0.0,"enemies":"Spheric Guardian","floor":22.0,"turns":2.0},{"damage":0.0,"enemies":"2 Thieves","floor":23.0,"turns":2.0},{"damage":0.0,"enemies":"Gremlin Leader","floor":28.0,"turns":2.0},{"damage":0.0,"enemies":"Sentry and Sphere","floor":29.0,"turns":2.0},{"damage":0.0,"enemies":"Slavers","floor":30.0,"turns":1.0},{"damage":0.0,"enemies":"DemoMod:2_Veteran_bullet_kins_and_red_shotgun_kin","floor":33.0,"turns":1.0},{"damage":6.0,"enemies":"DemoMod:Red_and_blue_shotgun_kin","floor":34.0,"turns":1.0},{"damage":6.0,"enemies":"DemoMod:Red_and_blue_shotgun_kin_with_gunsinger","floor":35.0,"turns":1.0},{"damage":10.0,"enemies":"DemoMod:Veteran_shot_gun_kin_and_blue_shotgun_kin","floor":36.0,"turns":1.0},{"damage":7.0,"enemies":"DemoMod:Veteran_shot_gun_kin_and_blue_shotgun_kin_with_gunsinger","floor":37.0,"turns":1.0},{"damage":20.0,"enemies":"DemoMod:ResourcefulRat","floor":40.0,"turns":8.0},{"damage":14.0,"enemies":"3 Shapes","floor":42.0,"turns":1.0},{"damage":0.0,"enemies":"3 Darklings","floor":43.0,"turns":1.0},{"damage":0.0,"enemies":"Mind Bloom Boss Battle","floor":44.0,"turns":2.0},{"damage":0.0,"enemies":"Jaw Worm Horde","floor":46.0,"turns":2.0},{"damage":0.0,"enemies":"Giant Head","floor":48.0,"turns":3.0},{"damage":0.0,"enemies":"Transient","floor":52.0,"turns":6.0},{"damage":0.0,"enemies":"Reptomancer","floor":53.0,"turns":2.0},{"damage":0.0,"enemies":"Sphere and 2 Shapes","floor":56.0,"turns":1.0},{"damage":0,"enemies":"Awakened One","floor":58,"turns":2},{"damage":0,"enemies":"Time Eater","floor":59,"turns":3},{"damage":0,"enemies":"Shield and Spear","floor":63,"turns":1},{"damage":16,"enemies":"The Heart","floor":64,"turns":4}],"seed_played":"-3007299035656345451","potions_obtained":[{"floor":1.0,"key":"Strength Potion"},{"floor":8.0,"key":"Dexterity Potion"},{"floor":9.0,"key":"ColorlessPotion"},{"floor":23.0,"key":"SkillPotion"},{"floor":29.0,"key":"Ancient Potion"},{"floor":35.0,"key":"GamblersBrew"},{"floor":40.0,"key":"DemoMod:LeadSkinPotion"},{"floor":46.0,"key":"Venom Potion"},{"floor":48.0,"key":"GamblersBrew"}],"is_trial":false,"path_per_floor":["M","M","$","T","?","M","R","M","E","T","PTL","PTL","E","$","M","E","?","R","R","B",null,"M","M","?","$","?","R","E","M","E","T","R","M","M","M","M","M","R","B","B",null,"M","M","?","?","M","R","E","R","T","T","M","E","$","R","M","R","B","B",null,"R","$","E","B",null],"character_chosen":"THE_SILENT","items_purchased":["DemoMod:GnawedKey","Pet Ghost"],"campfire_rested":1,"item_purchase_floors":[14,54],"current_hp_per_floor":[55,47,47,47,47,44,44,39,39,39,39,39,39,39,36,31,31,31,31,31,57,57,57,57,57,57,57,57,57,57,64,64,64,58,52,42,35,35,35,15,53,39,39,39,29,29,29,29,29,29,29,29,29,29,29,29,29,29,29,57,66,66,66,50],"gold":69,"neow_bonus":"BOSS_RELIC","is_daily":false,"chose_seed":false,"campfire_upgraded":7,"win_rate":0.0,"timestamp":1612504789,"path_taken":["M","M","$","?","?","M","R","?","E","T","PTL","PTL","E","$","M","E","?","R","R","BOSS","M","M","?","$","?","R","E","?","E","T","R","M","M","M","M","M","R","BOSS","BOSS","M","M","?","?","M","R","E","R","T","T","M","E","$","R","M","R","BOSS","BOSS","R","$","E","BOSS"],"items_purchased_type":["Relic","Relic"],"build_version":"2020-12-22","purchased_purges":5,"victory":true,"max_hp_per_floor":[66,66,66,66,66,66,66,66,66,66,66,66,66,66,66,66,66,66,66,66,66,66,66,66,66,66,66,66,66,66,66,66,66,66,66,66,66,66,66,66,66,66,66,66,66,66,66,66,66,66,66,66,66,66,66,66,66,66,66,66,66,66,66,66],"card_choices":[{"not_picked":["Dodge and Roll","Blur","Slice"],"picked":"SKIP","floor":1.0},{"not_picked":["Replay:Bag of Tricks","Bouncing Flask","Accuracy"],"picked":"SKIP","floor":2.0},{"not_picked":["ReplayTheSpireMod:The Works","Draining Mist"],"picked":"Acrobatics","floor":6.0},{"not_picked":["Dagger Throw","Leg Sweep","Flying Knee"],"picked":"SKIP","floor":8.0},{"not_picked":["Poisoned Stab","Tools of the Trade","ReplayTheSpireMod:Exploit Weakness"],"picked":"SKIP","floor":9.0},{"not_picked":["Sucker Punch","ReplayTheSpireMod:Scrap Shanks","Bane"],"picked":"SKIP","floor":13.0},{"not_picked":["Bane","Riddle With Holes","Acrobatics"],"picked":"SKIP","floor":15.0},{"not_picked":["Bane","Riddle With Holes"],"picked":"Acrobatics","floor":15.0},{"not_picked":["Masterful Stab","Caltrops"],"picked":"Prepared","floor":16.0},{"not_picked":["All Out Attack","Dagger Throw","Sucker Punch+1"],"picked":"SKIP","floor":22.0},{"not_picked":["Infinite Blades","Calculated Gamble"],"picked":"Reflex","floor":23.0},{"not_picked":["Dodge and Roll","ReplayTheSpireMod:Scrap Shanks","Dagger Spray"],"picked":"SKIP","floor":28.0},{"not_picked":["Skewer","Cloak And Dagger","Noxious Fumes"],"picked":"SKIP","floor":29.0},{"not_picked":["Skewer","Cloak And Dagger","Noxious Fumes"],"picked":"SKIP","floor":29.0},{"not_picked":["Concentrate","Quick Slash","Dodge and Roll"],"picked":"SKIP","floor":30.0},{"not_picked":["Dodge and Roll+1","Draining Mist","Quick Slash+1"],"picked":"SKIP","floor":33.0},{"not_picked":["Predator+1","Corpse Explosion","Choke"],"picked":"SKIP","floor":34.0},{"not_picked":["Quick Slash+1","Distraction+1","Deflect"],"picked":"SKIP","floor":35.0},{"not_picked":["Hidden Blade","Cloak And Dagger","ReplayTheSpireMod:Tripwire"],"picked":"SKIP","floor":36.0},{"not_picked":["Quick Slash+1","Doppelganger","Accuracy"],"picked":"SKIP","floor":37.0},{"not_picked":[],"picked":"DemoMod:Elimentaler","floor":40.0},{"not_picked":["Escape Plan","Backflip","ReplayTheSpireMod:The Works"],"picked":"SKIP","floor":42.0},{"not_picked":["Bane","Dodge and Roll","Quick Slash"],"picked":"SKIP","floor":43.0},{"not_picked":["Blind","Crow Ritual"],"picked":"Apotheosis","floor":45.0},{"not_picked":["Madness","Panache"],"picked":"Deep Breath","floor":45.0},{"not_picked":["Hidden Blade","Escape Plan"],"picked":"Tactician","floor":46.0},{"not_picked":["Dodge and Roll","Riddle With Holes","PiercingWail"],"picked":"SKIP","floor":48.0},{"not_picked":["Bouncing Flask","Deadly Poison","Expertise+1"],"picked":"SKIP","floor":52.0},{"not_picked":["Sneak Up","Quick Slash+1"],"picked":"Footwork+1","floor":53.0},{"not_picked":["Dash","Predator","Dagger Throw"],"picked":"SKIP","floor":56.0},{"not_picked":["ReplayTheSpireMod:Shiv Toss+1","Dodge and Roll+1"],"picked":"Escape Plan","floor":61},{"not_picked":["Underhanded Strike","Dagger Throw+1","Backflip"],"picked":"SKIP","floor":63}],"player_experience":648628,"relics_obtained":[{"floor":4.0,"key":"DemoMod:JetPack"},{"floor":9.0,"key":"Replay:Bottled Snecko"},{"floor":10.0,"key":"InkBottle"},{"floor":13.0,"key":"Oddly Smooth Stone"},{"floor":16.0,"key":"Happy Flower"},{"floor":17.0,"key":"Odd Mushroom"},{"floor":28.0,"key":"Dream Catcher"},{"floor":30.0,"key":"Incense Burner"},{"floor":41.0,"key":"DemoMod:RatBoots"},{"floor":41.0,"key":"DemoMod:ResourcefulSack"},{"floor":41.0,"key":"DemoMod:PartiallyEatenCheese"},{"floor":41.0,"key":"SacredBark"},{"floor":44.0,"key":"Torii"},{"floor":48.0,"key":"Lantern"},{"floor":51.0,"key":"ReplayFunnel"},{"floor":53.0,"key":"Lizard Tail"},{"floor":63,"key":"Replay:Bottled Flurry"}],"event_choices":[{"damage_healed":0.0,"max_hp_gain":0.0,"max_hp_loss":0.0,"gold_gain":50.0,"event_name":"Golden Shrine","player_choice":"Pray","floor":5.0,"gold_loss":0.0,"damage_taken":0.0},{"damage_healed":0.0,"max_hp_gain":0.0,"max_hp_loss":0.0,"gold_gain":0.0,"event_name":"Mushrooms","player_choice":"Fought Mushrooms","floor":17.0,"gold_loss":0.0,"damage_taken":0.0},{"damage_healed":0.0,"max_hp_gain":0.0,"max_hp_loss":0.0,"gold_gain":50.0,"event_name":"Nest","player_choice":"Stole From Cult","floor":24.0,"gold_loss":0.0,"damage_taken":0.0},{"damage_healed":0.0,"max_hp_gain":0.0,"max_hp_loss":0.0,"gold_gain":100.0,"event_name":"The Joust","player_choice":"Bet on Murderer","floor":26.0,"gold_loss":50.0,"damage_taken":0.0},{"damage_healed":0.0,"max_hp_gain":0.0,"max_hp_loss":0.0,"gold_gain":0.0,"event_name":"MindBloom","player_choice":"Fight","floor":44.0,"gold_loss":0.0,"damage_taken":0.0},{"damage_healed":0.0,"max_hp_gain":0.0,"max_hp_loss":0.0,"gold_gain":0.0,"event_name":"SensoryStone","player_choice":"Memory 3","floor":45.0,"gold_loss":0.0,"damage_taken":10.0}],"is_beta":false,"boss_relics":[{"not_picked":["Cursed Key","Snecko Heart"],"picked":"Runic Pyramid"},{"not_picked":[]}],"items_purged_floors":[3,25,54,54,62],"is_endless":false,"potions_floor_spawned":[1,8,9,17,23,29,35,40,44,46,48,53,56],"ascension_level":20}}