{"host":"mw3dmj42qtkbha4b","time":1612534894,"event":{"mods":["BaseMod","Colored Map","Colored Powertips","DeckTracker","Minty Spire (QoL Compilation)","StSLib","SuperFastMode"],"gold_per_floor":[111,111,111,111,36,74,74,117,117,138,138,63,94,107,107,200,200,218,243,243,243],"floor_reached":20,"language":"KOR","playtime":533,"items_purged":["Defend_P"],"score":530,"play_id":"9cfeb573-dfef-43f5-bb78-c20763be3e1d","local_time":"20210205232134","is_ascension_mode":true,"campfire_choices":[{"data":"Eruption","floor":7.0,"key":"SMITH"},{"data":"BattleHymn","floor":15.0,"key":"SMITH"}],"circlet_count":0,"master_deck":["AscendersBane","Strike_P","Strike_P","Strike_P","Defend_P","Defend_P","Eruption+1","Vigilance","BattleHymn+1"],"relics":["PureWater","NeowsBlessing","Damaru","Golden Idol","Question Card","CloakClasp","Pantograph","Art of War"],"acts_visited":["Exordium","TheCity"],"potions_floor_usage":[18],"damage_taken":[{"damage":0.0,"enemies":"Small Slimes","floor":1.0,"turns":1.0},{"damage":0.0,"enemies":"3 Sentries","floor":6.0,"turns":1.0},{"damage":0.0,"enemies":"Gremlin Nob","floor":8.0,"turns":1.0},{"damage":0.0,"enemies":"2 Louse","floor":10.0,"turns":2.0},{"damage":0.0,"enemies":"Lagavulin","floor":13.0,"turns":3.0},{"damage":3.0,"enemies":"Jaw Worm","floor":14.0,"turns":3.0},{"damage":38.0,"enemies":"The Guardian","floor":16.0,"turns":10.0},{"damage":22,"enemies":"3 Byrds","floor":18,"turns":8},{"damage":22,"enemies":"2 Thieves","floor":19,"turns":3},{"damage":10,"enemies":"Centurion and Healer","floor":20,"turns":1}],"seed_played":"3322643459787553718","potions_obtained":[{"floor":1.0,"key":"BottledMiracle"},{"floor":8.0,"key":"BlessingOfTheForge"},{"floor":16.0,"key":"Dexterity Potion"},{"floor":19,"key":"SteroidPotion"}],"is_trial":false,"path_per_floor":["M","$","?","?","?","E","R","E","T","M","?","$","E","M","R","B",null,"M","M","M"],"character_chosen":"WATCHER","items_purchased":[],"campfire_rested":0,"item_purchase_floors":[],"current_hp_per_floor":[61,61,50,27,27,27,27,27,27,27,27,27,27,24,24,11,54,32,10,0,0],"gold":243,"neow_bonus":"THREE_ENEMY_KILL","is_daily":false,"chose_seed":false,"campfire_upgraded":2,"win_rate":0.0,"timestamp":1612534894,"path_taken":["M","$","?","?","?","E","R","E","T","M","?","?","E","M","R","BOSS","M","M","M"],"items_purchased_type":[],"build_version":"2020-12-22","purchased_purges":1,"victory":false,"max_hp_per_floor":[68,68,68,68,68,68,68,68,68,68,68,68,68,68,68,68,68,68,68,68,68],"card_choices":[{"not_picked":["Weave","LikeWater","EmptyBody"],"picked":"SKIP","floor":1.0},{"not_picked":["BowlingBash","FlyingSleeves","Alpha"],"picked":"SKIP","floor":6.0},{"not_picked":["CarveReality","InnerPeace","FlyingSleeves","SashWhip"],"picked":"SKIP","floor":8.0},{"not_picked":["Prostrate","BowlingBash","Sanctity"],"picked":"BattleHymn","floor":10.0},{"not_picked":["ForeignInfluence","Vengeance","ThirdEye","Consecrate"],"picked":"SKIP","floor":13.0},{"not_picked":["Wish","BowlingBash","ThirdEye","Worship"],"picked":"SKIP","floor":14.0},{"not_picked":["Swivel","Wireheading","InnerPeace","Evaluate"],"picked":"SKIP","floor":18},{"not_picked":["Halt","JustLucky","ClearTheMind","Protect"],"picked":"SKIP","floor":19}],"player_experience":1803547,"relics_obtained":[{"floor":6.0,"key":"Question Card"},{"floor":8.0,"key":"CloakClasp"},{"floor":9.0,"key":"Pantograph"},{"floor":13.0,"key":"Art of War"}],"event_choices":[{"damage_healed":0.0,"max_hp_gain":0.0,"max_hp_loss":0.0,"gold_gain":0.0,"event_name":"Scrap Ooze","player_choice":"Success","floor":3.0,"gold_loss":0.0,"damage_taken":11.0,"relics_obtained":["Damaru"]},{"damage_healed":0.0,"max_hp_gain":0.0,"max_hp_loss":0.0,"gold_gain":0.0,"event_name":"Golden Idol","player_choice":"Take Damage","floor":4.0,"gold_loss":0.0,"damage_taken":23.0,"relics_obtained":["Golden Idol"]},{"cards_removed":["Defend_P"],"damage_healed":0.0,"max_hp_gain":0.0,"max_hp_loss":0.0,"gold_gain":0.0,"event_name":"The Cleric","player_choice":"Card Removal","floor":5.0,"gold_loss":75.0,"damage_taken":0.0},{"cards_removed":["Strike_P"],"damage_healed":0.0,"max_hp_gain":0.0,"max_hp_loss":0.0,"gold_gain":0.0,"event_name":"Living Wall","player_choice":"Forget","floor":11.0,"gold_loss":0.0,"damage_taken":0.0}],"is_beta":false,"boss_relics":[{"not_picked":["Runic Pyramid","Fusion Hammer","Sozu"]}],"items_purged_floors":[12],"is_endless":false,"potions_floor_spawned":[1,8,16,19],"killed_by":"Centurion and Healer","ascension_level":20}}