{"host":"Krakhan","time":1612498911,"event":{"mods":["AchievementEnabler","BaseMod","Colored Map","Colored Powertips","Faster Ascension Climbing","Highlight Path","Minty Spire (QoL Compilation)","Rare Cards Sparkle","Relic Stats","StSLib"],"gold_per_floor":[117,186,200,200,200,232,249,249,249,282,298,330,348,368,368,447,447,459,459,476,11,28,28,28,54,54,54,54,54],"floor_reached":28,"language":"ENG","playtime":1639,"items_purged":[],"score":566,"play_id":"3dc32728-a8fd-490f-b7f4-302695ab0330","local_time":"20210204232151","is_ascension_mode":true,"campfire_choices":[{"data":"Cleave","floor":8.0,"key":"SMITH"},{"data":"Metallicize","floor":15.0,"key":"SMITH"},{"floor":23.0,"key":"REST"},{"floor":27.0,"key":"REST"}],"circlet_count":0,"master_deck":["AscendersBane","Bash","Rampage","Sword Boomerang","Thunderclap","Cleave+1","Shrug It Off","Evolve","Iron Wave","Metallicize+1","Corruption","Exhume","Clothesline","Headbutt","Clash","Body Slam","Sword Boomerang","Whirlwind","Warcry","Reckless Charge","Sentinel","Disarm","Second Wind"],"relics":["Burning Blood","NeowsBlessing","WarpedTongs","Oddly Smooth Stone","Bag of Marbles","Blood Vial","Pandora\u0027s Box","Paper Frog","Matryoshka","Question Card","Bottled Tornado"],"acts_visited":["Exordium","TheCity"],"potions_floor_usage":[28,28],"damage_taken":[{"damage":0.0,"enemies":"Cultist","floor":1.0,"turns":1.0},{"damage":0.0,"enemies":"Jaw Worm","floor":3.0,"turns":1.0},{"damage":0.0,"enemies":"Lagavulin","floor":6.0,"turns":2.0},{"damage":9.0,"enemies":"Small Slimes","floor":7.0,"turns":3.0},{"damage":34.0,"enemies":"Gremlin Nob","floor":10.0,"turns":4.0},{"damage":0.0,"enemies":"Exordium Thugs","floor":11.0,"turns":2.0},{"damage":17.0,"enemies":"3 Sentries","floor":12.0,"turns":6.0},{"damage":7.0,"enemies":"Looter","floor":13.0,"turns":3.0},{"damage":4.0,"enemies":"Large Slime","floor":14.0,"turns":7.0},{"damage":36.0,"enemies":"The Guardian","floor":16.0,"turns":16.0},{"damage":36.0,"enemies":"2 Thieves","floor":18.0,"turns":3.0},{"damage":9.0,"enemies":"Chosen","floor":20.0,"turns":4.0},{"damage":6.0,"enemies":"Snake Plant","floor":22.0,"turns":4.0},{"damage":44.0,"enemies":"Gremlin Leader","floor":25.0,"turns":11.0},{"damage":64,"enemies":"Slavers","floor":28,"turns":3}],"seed_played":"-4037118814679571308","potions_obtained":[{"floor":6.0,"key":"Fruit Juice"},{"floor":7.0,"key":"Strength Potion"},{"floor":14.0,"key":"LiquidMemories"},{"floor":16.0,"key":"Strength Potion"},{"floor":18.0,"key":"FearPotion"},{"floor":25.0,"key":"EssenceOfSteel"}],"is_trial":false,"path_per_floor":["M","T","M","?","?","E","M","R","T","E","M","E","M","M","R","B",null,"M","?","M","$","M","R","?","E","T","R","E"],"character_chosen":"IRONCLAD","items_purchased":["Sentinel","Disarm","Paper Frog","Weak Potion"],"campfire_rested":2,"item_purchase_floors":[21,21,21,21],"current_hp_per_floor":[74,74,75,75,75,75,72,72,72,44,50,39,40,44,44,21,65,37,37,36,36,38,62,62,26,26,50,0,0],"gold":54,"neow_bonus":"THREE_ENEMY_KILL","is_daily":false,"chose_seed":false,"campfire_upgraded":2,"win_rate":0.0,"timestamp":1612498911,"path_taken":["M","?","M","?","?","E","M","R","T","E","M","E","M","?","R","BOSS","M","?","M","$","M","R","?","E","T","R","E"],"items_purchased_type":["Card","Card","Relic","Potion"],"build_version":"2020-12-18","purchased_purges":0,"victory":false,"max_hp_per_floor":[75,75,75,75,75,75,75,75,75,75,75,75,75,75,75,80,80,80,80,80,80,80,80,80,80,80,80,80,80],"relic_stats":{"Blood Vial":16,"counters":[15,70],"Pandora\u0027s Box":["Exhume","Clothesline","Headbutt","Clash","Body Slam","Sword Boomerang","Whirlwind","Warcry","Reckless Charge"],"Question Card":0,"obtain_stats":[{"Blood Vial":12,"Matryoshka":25,"NeowsBlessing":0,"Oddly Smooth Stone":9,"Pandora\u0027s Box":17,"Bag of Marbles":10,"Bottled Tornado":26,"Question Card":26,"Burning Blood":0,"WarpedTongs":5,"Paper Frog":21},{"Blood Vial":7,"Matryoshka":14,"NeowsBlessing":0,"Oddly Smooth Stone":4,"Pandora\u0027s Box":10,"Bag of Marbles":5,"Bottled Tornado":14,"Question Card":14,"Burning Blood":0,"WarpedTongs":2,"Paper Frog":12},{"Blood Vial":19,"Matryoshka":67,"NeowsBlessing":0,"Oddly Smooth Stone":7,"Pandora\u0027s Box":45,"Bag of Marbles":11,"Bottled Tornado":67,"Question Card":67,"Burning Blood":0,"WarpedTongs":2,"Paper Frog":52}],"Burning Blood":73,"WarpedTongs":[67]},"card_choices":[{"not_picked":["Twin Strike","Pommel Strike"],"picked":"Rampage","floor":1.0},{"not_picked":["Shockwave","Shrug It Off"],"picked":"Sword Boomerang","floor":3.0},{"not_picked":["Shrug It Off","Blood for Blood"],"picked":"Thunderclap","floor":6.0},{"not_picked":["Clash","Perfected Strike"],"picked":"Cleave","floor":7.0},{"not_picked":["Perfected Strike","Dropkick"],"picked":"Shrug It Off","floor":10.0},{"not_picked":["Entrench","Twin Strike"],"picked":"Evolve","floor":11.0},{"not_picked":["Dual Wield","Body Slam","Wild Strike"],"picked":"SKIP","floor":12.0},{"not_picked":["Anger","Rampage"],"picked":"Iron Wave","floor":13.0},{"not_picked":["Shrug It Off","Intimidate"],"picked":"Metallicize","floor":14.0},{"not_picked":["Barricade","Bludgeon"],"picked":"Corruption","floor":16.0},{"not_picked":["Clothesline","Cleave","Headbutt"],"picked":"SKIP","floor":18.0},{"not_picked":["Entrench","Corruption","Sword Boomerang"],"picked":"SKIP","floor":20.0},{"not_picked":["Perfected Strike","Heavy Blade","Flex+1"],"picked":"SKIP","floor":22.0},{"not_picked":["Warcry","Wild Strike"],"picked":"Second Wind","floor":25.0}],"player_experience":1374985,"relics_obtained":[{"floor":9.0,"key":"Oddly Smooth Stone"},{"floor":10.0,"key":"Bag of Marbles"},{"floor":12.0,"key":"Blood Vial"},{"floor":25.0,"key":"Matryoshka"},{"floor":26.0,"key":"Question Card"},{"floor":26.0,"key":"Bottled Tornado"}],"event_choices":[{"damage_healed":0.0,"max_hp_gain":0.0,"max_hp_loss":0.0,"gold_gain":0.0,"event_name":"Liars Game","player_choice":"Ignored","floor":4.0,"gold_loss":0.0,"damage_taken":0.0},{"damage_healed":0.0,"max_hp_gain":0.0,"max_hp_loss":0.0,"gold_gain":0.0,"event_name":"Accursed Blacksmith","player_choice":"Rummage","floor":5.0,"gold_loss":0.0,"damage_taken":0.0,"relics_obtained":["WarpedTongs"],"cards_obtained":["Pain"]},{"cards_removed":["Pain"],"damage_healed":0.0,"max_hp_gain":0.0,"max_hp_loss":0.0,"gold_gain":0.0,"event_name":"Back to Basics","player_choice":"Elegance","floor":19.0,"gold_loss":0.0,"damage_taken":0.0},{"damage_healed":0.0,"max_hp_gain":0.0,"max_hp_loss":0.0,"gold_gain":0.0,"event_name":"The Mausoleum","player_choice":"Ignored","floor":24.0,"gold_loss":0.0,"damage_taken":0.0}],"is_beta":true,"boss_relics":[{"not_picked":["Busted Crown","Astrolabe"],"picked":"Pandora\u0027s Box"}],"items_purged_floors":[],"is_endless":false,"potions_floor_spawned":[6,7,14,16,18,25],"killed_by":"Slavers","ascension_level":20}}