{"host":"0s8kyghz8ihx2r41","time":1612566982,"event":{"mods":["100% Spire Juice","2.2 Compatiblity","Act Like it!","Bard","BaseMod","Block Reminder","CapriCore","Chen","Conspire","Downfall","Friendly Minions","GungeonMod","Hermit","HololiveMod","Hubris","Koishi","Lobotomy","LobotomyExtend","Marisa（霧雨　魔理沙）","Minty Spire (QoL Compilation)","Monster B Gone","Morshu Shopkeeper","Prisma Mod","Reimu（博??梦）","Reliquary","Replay The Spire","Spire Birthday Party","StSLib","The Administrix","The Alterego","The Clintock","The Construct","The Cursed","The Disciple","The Edgeheg","The Gatherer","The Immortal","The Marked","The Mystic","The Paleblood","The Servant 0.9.4","TheBandit","TheSwordswoman","TheVacant","Waifu the Spire","Yakumo Yukari mod","Yuyuko","everything is the same but u backflip on backflip","slay the spire mod where everything is the same but ironclad has a cowboy hat"],"gold_per_floor":[112,112,112,112,124,158,158,172,172,184,194,194,194,194,194,293,293,311,311,287,303,316,343,362,389,389,402,402,362,35,55,55,150,150,160,160,160,171,195,224,124,224,305,305,325,345,364,375,375,375],"floor_reached":51,"language":"ENG","playtime":2341,"items_purged":[],"score":844,"play_id":"00bf5ca9-1cf5-4d67-a462-36f8b9a24337","local_time":"20210205181622","is_ascension_mode":false,"campfire_choices":[{"data":"Adrenaline","floor":7.0,"key":"SMITH"},{"data":"Deadly Poison","floor":12.0,"key":"SMITH"},{"data":"Cloak And Dagger","floor":15.0,"key":"SMITH"},{"floor":28,"key":"REST"},{"data":"Apotheosis","floor":32,"key":"SMITH"},{"data":"Noxious Fumes","floor":44,"key":"SMITH"},{"data":"Neutralize","floor":49,"key":"SMITH"}],"circlet_count":0,"master_deck":["Strike_G","Strike_G","Strike_G","Strike_G","Defend_G","Defend_G","Defend_G","Defend_G","Survivor","Neutralize+1","Cloak And Dagger+1","hubris:Counter","Backflip","Adrenaline+1","Deadly Poison+1","Poisoned Stab+1","Die Die Die","Bane","Dagger Spray","Dodge and Roll+1","Hidden Blade","Deadly Poison","ReplayTheSpireMod:Speed Training","Deadly Poison","Apotheosis+1","Outmaneuver","Noxious Fumes+1","Flying Knee+1","Poisoned Stab+1","Toxin Wave+1"],"relics":["Ring of the Snake","NeowsBlessing","LetterFromLob","hubris:Towel","hubris:OldNail","Hololive_LightStick","Ornamental Fan","conspire:SpecialSausage","Anchor","HornCleat","DemoMod:MeltedRock","ZunR:ReiMu","ClockworkSouvenir","hubris:Backtick","Snake Skull","Blue Candle","Lantern","Iron Hammer","DemoMod:Bottle"],"acts_visited":["Exordium","TheCity","TheBeyond"],"potions_floor_usage":[23,33,33,50,50,50],"damage_taken":[{"damage":0.0,"enemies":"Jaw Worm","floor":1.0,"turns":1.0},{"damage":0.0,"enemies":"2 Louse","floor":5.0,"turns":1.0},{"damage":0.0,"enemies":"Gremlin Nob","floor":6.0,"turns":1.0},{"damage":0.0,"enemies":"Cultist","floor":8.0,"turns":3.0},{"damage":9.0,"enemies":"Exordium Wildlife","floor":10.0,"turns":6.0},{"damage":0.0,"enemies":"Looter","floor":11.0,"turns":3.0},{"damage":0.0,"enemies":"Hexaghost","floor":16.0,"turns":6.0},{"damage":0.0,"enemies":"Chosen","floor":18.0,"turns":3.0},{"damage":1,"enemies":"Spheric Guardian","floor":21,"turns":5},{"damage":9,"enemies":"Centurion and Healer","floor":22,"turns":5},{"damage":0,"enemies":"Book of Stabbing","floor":23,"turns":4},{"damage":0,"enemies":"Cultist and Chosen","floor":24,"turns":5},{"damage":21,"enemies":"Gremlin Leader","floor":25,"turns":6},{"damage":0,"enemies":"conspire:HollyBat","floor":27,"turns":7},{"damage":0,"enemies":"Snake Plant","floor":31,"turns":4},{"damage":20,"enemies":"Champ","floor":33,"turns":11},{"damage":0,"enemies":"Orb Walker","floor":35,"turns":3},{"damage":0,"enemies":"3 Darklings","floor":38,"turns":3},{"damage":2,"enemies":"R_Hoarder","floor":40,"turns":6},{"damage":0,"enemies":"Writhing Mass","floor":45,"turns":3},{"damage":0,"enemies":"Maw","floor":46,"turns":5},{"damage":0,"enemies":"Jaw Worm Horde","floor":47,"turns":1},{"damage":0,"enemies":"Sphere and 2 Shapes","floor":48,"turns":1},{"damage":59,"enemies":"Donu and Deca","floor":50,"turns":7}],"seed_played":"5901104013916127988","potions_obtained":[{"floor":5.0,"key":"SpeedPotion"},{"floor":6.0,"key":"AttackPotion"},{"floor":10.0,"key":"CunningPotion"},{"floor":18.0,"key":"Toxic Potion"},{"floor":24,"key":"hexamod:SoulburnPotion"},{"floor":31,"key":"Elixir"},{"floor":38,"key":"ZuzhouPotion:ReiMu"},{"floor":47,"key":"SkillPotion"}],"is_trial":false,"path_per_floor":["M","?","?","?","M","E","R","M","T","M","M","R","?","?","R","B",null,"M","?","$","M","M","E","M","E","T","M","R","?","$","M","R","B",null,"M","?","?","M","T","E","NS","?","T","R","M","M","M","M","R","B",null],"character_chosen":"THE_SILENT","items_purchased":["Dagger Spray","Apotheosis","ClockworkSouvenir"],"campfire_rested":1,"item_purchase_floors":[20,30,30],"current_hp_per_floor":[70,70,70,70,70,70,70,70,70,61,61,61,55,55,55,55,70,70,70,70,69,60,60,60,39,39,39,60,60,60,60,60,40,70,70,65,65,65,65,63,63,63,63,63,63,63,63,63,63,4],"gold":375,"neow_bonus":"THREE_ENEMY_KILL","is_daily":false,"chose_seed":false,"campfire_upgraded":6,"win_rate":0.0,"timestamp":1612566982,"path_taken":["M","?","?","?","M","E","R","M","T","?","M","R","?","?","R","BOSS","M","?","?","M","M","E","M","E","T","?","R","?","$","M","R","BOSS","M","?","?","?","?","E","NS","?","T","R","M","?","M","M","R","BOSS"],"items_purchased_type":["Card","Card","Relic"],"build_version":"2020-12-22","purchased_purges":0,"victory":true,"max_hp_per_floor":[70,70,70,70,70,70,70,70,70,70,70,70,70,70,70,70,70,70,70,70,70,70,70,70,70,70,70,70,70,70,70,70,70,70,70,70,70,70,70,70,70,70,70,70,70,70,70,70,70,70],"card_choices":[{"not_picked":["Flechettes","Dagger Spray"],"picked":"Cloak And Dagger","floor":1.0},{"not_picked":["Prepared","Slice"],"picked":"Backflip","floor":5.0},{"not_picked":["Outmaneuver","Acrobatics"],"picked":"Adrenaline","floor":6.0},{"not_picked":["Well Laid Plans","Underhanded Strike"],"picked":"Deadly Poison","floor":8.0},{"not_picked":["Acrobatics","Riddle With Holes","hubris:SlightOfHand"],"picked":"SKIP","floor":10.0},{"not_picked":["Bane","Poison Darts"],"picked":"Poisoned Stab","floor":11.0},{"not_picked":["Grand Finale","Replay:Bag of Tricks"],"picked":"Die Die Die","floor":16.0},{"not_picked":["PiercingWail+1","Slice+1"],"picked":"Bane","floor":18.0},{"not_picked":["PiercingWail","Bane"],"picked":"Dodge and Roll+1","floor":21},{"not_picked":["Choke+1","Draining Mist"],"picked":"Hidden Blade","floor":22},{"not_picked":["Dagger Throw","Sucker Punch","Finisher"],"picked":"SKIP","floor":23},{"not_picked":["Acrobatics","Hidden Blade"],"picked":"Deadly Poison","floor":24},{"not_picked":["Dash","Sucker Punch"],"picked":"ReplayTheSpireMod:Speed Training","floor":25},{"not_picked":["Blade Dance+1","Cloak And Dagger"],"picked":"Deadly Poison","floor":27},{"not_picked":["Dagger Throw","Blade Dance"],"picked":"Dagger Spray+1","floor":31},{"not_picked":["Cloak And Dagger+1","Bane+1"],"picked":"Outmaneuver","floor":35},{"not_picked":["Riddle With Holes","Hidden Blade+1"],"picked":"Noxious Fumes","floor":38},{"not_picked":["Well Laid Plans","Outmaneuver"],"picked":"Slice+1","floor":40},{"not_picked":["Dagger Spray+1","Deflect"],"picked":"Flying Knee+1","floor":45},{"not_picked":["Sucker Punch+1","Dodge and Roll"],"picked":"Poisoned Stab+1","floor":46},{"not_picked":["hubris:SlightOfHand","Dagger Throw"],"picked":"Toxin Wave+1","floor":47},{"not_picked":["conspire:DoublingDagger+1","Bane","hubris:TrickCloak"],"picked":"SKIP","floor":48}],"player_experience":365696,"relics_obtained":[{"floor":1.0,"key":"LetterFromLob"},{"floor":6.0,"key":"hubris:OldNail"},{"floor":9.0,"key":"Ornamental Fan"},{"floor":23,"key":"Anchor"},{"floor":25,"key":"HornCleat"},{"floor":26,"key":"DemoMod:MeltedRock"},{"floor":39,"key":"Lantern"},{"floor":40,"key":"Iron Hammer"},{"floor":43,"key":"DemoMod:Bottle"}],"event_choices":[{"damage_healed":0.0,"max_hp_gain":0.0,"max_hp_loss":0.0,"gold_gain":0.0,"event_name":"conspire:LoneGhost","player_choice":"Disagree","floor":3.0,"gold_loss":0.0,"damage_taken":0.0},{"damage_healed":0.0,"max_hp_gain":0.0,"max_hp_loss":0.0,"gold_gain":0.0,"cards_transformed":["Strike_G"],"event_name":"Transmorgrifier","player_choice":"Transformed","floor":4.0,"gold_loss":0.0,"damage_taken":0.0,"cards_obtained":["hubris:Counter"]},{"damage_healed":0,"gold_gain":0,"player_choice":"Keep O-miki","damage_taken":0,"relics_obtained":["ZunR:ReiMu"],"max_hp_gain":0,"max_hp_loss":0,"event_name":"ZunEvent","floor":29,"gold_loss":40},{"damage_healed":0,"gold_gain":0,"player_choice":"Ignored","damage_taken":0,"max_hp_gain":0,"max_hp_loss":0,"event_name":"SecretPortal","floor":37,"gold_loss":0},{"damage_healed":0,"gold_gain":100,"player_choice":"Pray","damage_taken":0,"max_hp_gain":0,"max_hp_loss":0,"event_name":"Golden Shrine","floor":42,"gold_loss":0}],"is_beta":false,"boss_relics":[{"not_picked":["conspire:RoyalGoblet","Replay:Grab Bag"],"picked":"conspire:SpecialSausage"},{"not_picked":["RedLine:ReiMu","Hololive_TopUpMoneyS"],"picked":"hubris:Backtick"}],"items_purged_floors":[],"is_endless":false,"potions_floor_spawned":[5,6,10,18,23,24,31,38,47],"ascension_level":0}}