{"host":"kjehzzhcyp0nyrrl","time":1612535843,"event":{"mods":["100% Spire Juice","AchievementEnabler","BaseMod","Hermit","Keyboard Shortcuts","Koishi","Minty Spire (QoL Compilation)","StSLib","SuperFastMode","The Dragon Tamer","everything is the same but u backflip on backflip"],"gold_per_floor":[109,109,119,136,61,61,74,109,136,136,152,227,227,240,240,340,340,358,101,118,43,78,78,93,93,116,151,222,222,222,240,240,339,339,351,401,413,268,280,280,280,280,280,280,291,308,530,546,546,546,546,546,9,37,37,37],"floor_reached":55,"language":"KOR","playtime":1130,"items_purged":["Defend_R","Defend_R"],"score":977,"play_id":"8422b15f-ac2c-4b5e-941b-351b7b679e0d","local_time":"20210205233723","is_ascension_mode":true,"campfire_choices":[{"data":"Perfected Strike","floor":6.0,"key":"SMITH"},{"data":"Power Through","floor":10.0,"key":"SMITH"},{"data":"Dual Wield","floor":13.0,"key":"SMITH"},{"data":"Pommel Strike","floor":15.0,"key":"SMITH"},{"data":"Double Tap","floor":23.0,"key":"SMITH"},{"floor":25.0,"key":"RECALL"},{"data":"Perfected Strike","floor":29.0,"key":"SMITH"},{"data":"Ghostly Armor","floor":32.0,"key":"SMITH"},{"data":"Evolve","floor":40.0,"key":"SMITH"},{"data":"Strike_R","floor":42.0,"key":"PURGE"},{"data":"Writhe","floor":44.0,"key":"PURGE"},{"data":"Ghostly Armor+1","floor":49.0,"key":"PURGE"},{"data":"Pommel Strike","floor":52,"key":"SMITH"}],"circlet_count":0,"master_deck":["Strike_R","Strike_R","Strike_R","Defend_R+1","Bash+1","Perfected Strike+1","Perfected Strike+1","Power Through+1","Dual Wield+1","Pommel Strike+1","Double Tap+1","Perfected Strike+1","Twin Strike+1","Pommel Strike+1","Evolve+1","Perfected Strike+1","Master of Strategy+1"],"relics":["Burning Blood","Orichalcum","PreservedInsect","Snecko Eye","Gremlin Horn","Red Mask","Smiling Mask","Kunai","Strawberry","Cursed Key","Peace Pipe","Vajra","Sling","Bag of Marbles","War Paint"],"acts_visited":["Exordium","TheCity","TheBeyond","TheEnding"],"potions_floor_usage":[55,55],"damage_taken":[{"damage":6.0,"enemies":"Small Slimes","floor":1.0,"turns":3.0},{"damage":7.0,"enemies":"Jaw Worm","floor":3.0,"turns":3.0},{"damage":0.0,"enemies":"2 Louse","floor":4.0,"turns":2.0},{"damage":7.0,"enemies":"Large Slime","floor":7.0,"turns":4.0},{"damage":40.0,"enemies":"Lagavulin","floor":8.0,"turns":5.0},{"damage":6.0,"enemies":"3 Louse","floor":11.0,"turns":3.0},{"damage":1.0,"enemies":"Looter","floor":14.0,"turns":3.0},{"damage":22.0,"enemies":"Hexaghost","floor":16.0,"turns":9.0},{"damage":0.0,"enemies":"Chosen","floor":18.0,"turns":1.0},{"damage":0.0,"enemies":"Shell Parasite","floor":20.0,"turns":1.0},{"damage":0.0,"enemies":"Masked Bandits","floor":22.0,"turns":2.0},{"damage":0.0,"enemies":"Cultist and Chosen","floor":24.0,"turns":2.0},{"damage":0.0,"enemies":"Gremlin Leader","floor":27.0,"turns":1.0},{"damage":0.0,"enemies":"Snake Plant","floor":31.0,"turns":3.0},{"damage":68.0,"enemies":"Champ","floor":33.0,"turns":9.0},{"damage":1.0,"enemies":"3 Shapes","floor":35.0,"turns":3.0},{"damage":0.0,"enemies":"Mind Bloom Boss Battle","floor":36.0,"turns":2.0},{"damage":2.0,"enemies":"Orb Walker","floor":37.0,"turns":2.0},{"damage":8.0,"enemies":"Sphere and 2 Shapes","floor":39.0,"turns":2.0},{"damage":25.0,"enemies":"Maw","floor":45.0,"turns":4.0},{"damage":0.0,"enemies":"Spire Growth","floor":46.0,"turns":2.0},{"damage":0.0,"enemies":"Sphere and 2 Shapes","floor":48.0,"turns":1.0},{"damage":72,"enemies":"Donu and Deca","floor":50,"turns":5},{"damage":0,"enemies":"Shield and Spear","floor":54,"turns":2},{"damage":140,"enemies":"The Heart","floor":55,"turns":5}],"seed_played":"-2973770496698448964","potions_obtained":[{"floor":4.0,"key":"Explosive Potion"},{"floor":7.0,"key":"FairyPotion"},{"floor":11.0,"key":"AttackPotion"},{"floor":14.0,"key":"Block Potion"},{"floor":22.0,"key":"ElixirPotion"},{"floor":27.0,"key":"SkillPotion"},{"floor":33.0,"key":"Regen Potion"}],"is_trial":false,"path_per_floor":["M","?","M","M","$","R","M","E","T","R","M","?","R","M","R","B",null,"M","$","M","?","?","R","M","R","T","E","T","R","?","M","R","B",null,"M","?","M","$","M","R","?","R","T","R","M","M","?","M","R","B",null,"R","$","E","B"],"character_chosen":"IRONCLAD","items_purchased":["Gremlin Horn","Vajra","Sling","Master of Strategy","Bag of Marbles"],"campfire_rested":0,"item_purchase_floors":[19,38,53,53,53],"current_hp_per_floor":[72,65,64,70,70,70,69,35,35,35,35,24,24,29,29,13,63,69,69,75,75,80,80,80,80,80,80,80,80,87,87,87,25,72,77,83,87,87,85,85,83,83,83,83,64,70,70,76,76,10,65,65,65,71,0,0],"gold":37,"neow_bonus":"UPGRADE_CARD","is_daily":false,"chose_seed":false,"campfire_upgraded":9,"win_rate":0.0,"timestamp":1612535843,"path_taken":["M","?","M","M","$","R","M","E","T","R","M","?","R","M","R","BOSS","M","$","M","?","?","R","M","R","T","E","?","R","?","M","R","BOSS","M","?","M","$","M","R","?","R","T","R","M","M","?","M","R","BOSS","R","$","E","BOSS"],"items_purchased_type":["Relic","Relic","Relic","Card","Relic"],"build_version":"2020-12-22","purchased_purges":2,"victory":false,"max_hp_per_floor":[80,80,80,80,80,80,80,80,80,80,80,80,80,80,80,80,80,80,80,80,80,80,80,80,80,80,80,80,80,87,87,87,87,87,87,87,87,87,87,87,83,83,83,83,83,83,83,83,83,83,83,83,83,83,83,83],"card_choices":[{"not_picked":["Flame Barrier","Iron Wave"],"picked":"Perfected Strike","floor":1.0},{"not_picked":["Ghostly Armor","Sentinel"],"picked":"Perfected Strike","floor":3.0},{"not_picked":["Carnage","Burning Pact"],"picked":"Ghostly Armor","floor":4.0},{"not_picked":["Pummel","Body Slam","Heavy Blade"],"picked":"SKIP","floor":7.0},{"not_picked":["Rage","Flex"],"picked":"Power Through","floor":8.0},{"not_picked":["Warcry","Perfected Strike"],"picked":"Dual Wield","floor":11.0},{"not_picked":["Feed","Flex"],"picked":"Pommel Strike","floor":14.0},{"not_picked":["Immolate","Corruption"],"picked":"Double Tap","floor":16.0},{"not_picked":["Armaments+1","Sever Soul+1","Feel No Pain"],"picked":"SKIP","floor":18.0},{"not_picked":["Clash+1","Shrug It Off"],"picked":"Perfected Strike+1","floor":20.0},{"not_picked":["Searing Blow","Cleave","Body Slam"],"picked":"SKIP","floor":24.0},{"not_picked":["Armaments","Sword Boomerang","Ghostly Armor"],"picked":"SKIP","floor":27.0},{"not_picked":["Sever Soul+1","Clothesline","Carnage"],"picked":"SKIP","floor":31.0},{"not_picked":["Disarm","Anger+1","Clash+1"],"picked":"SKIP","floor":35.0},{"not_picked":["Rampage","Perfected Strike"],"picked":"Twin Strike+1","floor":36.0},{"not_picked":["True Grit","Iron Wave+1"],"picked":"Pommel Strike","floor":37.0},{"not_picked":["Sentinel+1","Clothesline"],"picked":"Evolve","floor":39.0},{"not_picked":["Berserk","Rampage","Dropkick+1"],"picked":"SKIP","floor":45.0},{"not_picked":["Sword Boomerang+1","Disarm"],"picked":"Perfected Strike+1","floor":46.0},{"not_picked":["Sword Boomerang","Flex+1","Inflame"],"picked":"SKIP","floor":48.0},{"not_picked":["Sentinel+1","Twin Strike","Intimidate+1"],"picked":"SKIP","floor":54}],"player_experience":392289,"relics_obtained":[{"floor":8.0,"key":"Orichalcum"},{"floor":9.0,"key":"PreservedInsect"},{"floor":22.0,"key":"Red Mask"},{"floor":27.0,"key":"Smiling Mask"},{"floor":28.0,"key":"Kunai"},{"floor":36.0,"key":"Peace Pipe"},{"floor":54,"key":"War Paint"}],"event_choices":[{"cards_removed":["Defend_R"],"damage_healed":0.0,"max_hp_gain":0.0,"max_hp_loss":0.0,"gold_gain":0.0,"event_name":"Golden Wing","player_choice":"Card Removal","floor":2.0,"gold_loss":0.0,"damage_taken":7.0},{"damage_healed":0.0,"max_hp_gain":0.0,"max_hp_loss":0.0,"gold_gain":75.0,"event_name":"World of Goop","player_choice":"Gather Gold","floor":12.0,"gold_loss":0.0,"damage_taken":11.0},{"cards_removed":["Strike_R"],"damage_healed":0.0,"max_hp_gain":0.0,"max_hp_loss":0.0,"gold_gain":0.0,"event_name":"Beggar","player_choice":"Gave Gold","floor":21.0,"gold_loss":75.0,"damage_taken":0.0},{"damage_healed":0.0,"max_hp_gain":0.0,"max_hp_loss":0.0,"gold_gain":0.0,"event_name":"Masked Bandits","player_choice":"Fought Bandits","floor":22.0,"gold_loss":0.0,"damage_taken":0.0},{"damage_healed":0.0,"max_hp_gain":0.0,"max_hp_loss":0.0,"gold_gain":0.0,"event_name":"The Mausoleum","player_choice":"Opened","floor":30.0,"gold_loss":0.0,"damage_taken":0.0,"relics_obtained":["Strawberry"],"cards_obtained":["Writhe"]},{"damage_healed":0.0,"max_hp_gain":0.0,"max_hp_loss":0.0,"gold_gain":0.0,"event_name":"MindBloom","player_choice":"Fight","floor":36.0,"gold_loss":0.0,"damage_taken":0.0},{"damage_healed":0.0,"max_hp_gain":0.0,"max_hp_loss":4.0,"gold_gain":0.0,"event_name":"Winding Halls","player_choice":"Max HP","floor":41.0,"gold_loss":0.0,"damage_taken":0.0},{"damage_healed":0.0,"max_hp_gain":0.0,"max_hp_loss":0.0,"gold_gain":222.0,"event_name":"Tomb of Lord Red Mask","player_choice":"Wore Mask","floor":47.0,"gold_loss":0.0,"damage_taken":0.0}],"is_beta":false,"boss_relics":[{"not_picked":["Runic Pyramid","Ectoplasm"],"picked":"Snecko Eye"},{"not_picked":["Astrolabe","Coffee Dripper"],"picked":"Cursed Key"}],"items_purged_floors":[5,53],"is_endless":false,"potions_floor_spawned":[4,7,11,14,18,22,27,33,36,45,46],"killed_by":"The Heart","ascension_level":7}}