{"host":"tzyzz5n7hg2ni9q2","time":1612559881,"event":{"mods":["BaseMod","Minty Spire (QoL Compilation)","Quick Restart"],"gold_per_floor":[111,286,286,110,110,110,124,157,157,66,66,79,97,117,117,241,241,256,275,291,315,315,315],"floor_reached":22,"language":"ENG","playtime":885,"items_purged":[],"score":244,"play_id":"ae0093da-6dc5-454e-95a3-b0383989ac6e","local_time":"20210205221801","is_ascension_mode":true,"campfire_choices":[{"floor":6.0,"key":"REST"},{"floor":11.0,"key":"REST"},{"floor":15.0,"key":"REST"}],"circlet_count":0,"master_deck":["Strike_G","Strike_G","Strike_G","Strike_G","Strike_G","Defend_G","Defend_G","Defend_G","Defend_G","Defend_G","Survivor","Neutralize","Backstab","Adrenaline","Accuracy","Blade Dance","Caltrops","Flying Knee+1","Cloak And Dagger","Cloak And Dagger","Burst","Backflip"],"relics":["Ring of the Snake","Golden Idol","Smiling Mask","Molten Egg 2","Busted Crown"],"acts_visited":["Exordium","TheCity"],"potions_floor_usage":[19,21,22,22,22,22],"damage_taken":[{"damage":19.0,"enemies":"Small Slimes","floor":1.0,"turns":6.0},{"damage":3.0,"enemies":"2 Louse","floor":7.0,"turns":3.0},{"damage":37.0,"enemies":"3 Sentries","floor":8.0,"turns":13.0},{"damage":2.0,"enemies":"Jaw Worm","floor":12.0,"turns":3.0},{"damage":0.0,"enemies":"Gremlin Gang","floor":13.0,"turns":4.0},{"damage":1.0,"enemies":"3 Louse","floor":14.0,"turns":2.0},{"damage":28.0,"enemies":"Hexaghost","floor":16.0,"turns":10.0},{"damage":2.0,"enemies":"3 Byrds","floor":18.0,"turns":4.0},{"damage":13,"enemies":"2 Thieves","floor":19,"turns":4},{"damage":14,"enemies":"Shelled Parasite and Fungi","floor":20,"turns":6},{"damage":6,"enemies":"Cultist and Chosen","floor":21,"turns":7},{"damage":12,"enemies":"Snecko","floor":22,"turns":4}],"seed_played":"-7080569354480396938","potions_obtained":[{"floor":1.0,"key":"Poison Potion"},{"floor":8.0,"key":"GhostInAJar"},{"floor":14.0,"key":"EntropicBrew"},{"floor":16.0,"key":"GhostInAJar"},{"floor":19,"key":"CunningPotion"}],"is_trial":false,"path_per_floor":["M","?","?","$","?","R","M","E","T","$","R","M","M","M","R","B",null,"M","M","M","M","M"],"character_chosen":"THE_SILENT","items_purchased":["Adrenaline","Accuracy","Caltrops","Flying Knee+1"],"campfire_rested":3,"item_purchase_floors":[4,4,10,10],"current_hp_per_floor":[51,51,51,51,32,55,52,15,15,15,38,36,36,35,58,30,65,63,50,36,30,18,18],"gold":315,"neow_bonus":"TEN_PERCENT_HP_BONUS","is_daily":false,"chose_seed":false,"campfire_upgraded":0,"win_rate":0.0,"timestamp":1612559881,"path_taken":["M","?","?","$","?","R","M","E","T","$","R","?","M","?","R","BOSS","M","M","M","M","M"],"items_purchased_type":["Card","Card","Card","Card"],"build_version":"2020-12-22","purchased_purges":0,"victory":false,"max_hp_per_floor":[77,77,77,77,77,77,77,77,77,77,77,77,77,77,77,77,77,77,77,77,77,77,77],"card_choices":[{"not_picked":["Blade Dance","Dagger Spray"],"picked":"Backstab","floor":1.0},{"not_picked":["Bouncing Flask","PiercingWail","Acrobatics"],"picked":"SKIP","floor":7.0},{"not_picked":["Deflect","Setup"],"picked":"Blade Dance","floor":8.0},{"not_picked":["Prepared","Poisoned Stab+1"],"picked":"Cloak And Dagger","floor":12.0},{"not_picked":["Phantasmal Killer","Caltrops"],"picked":"Cloak And Dagger","floor":13.0},{"not_picked":["Deadly Poison","Sucker Punch+1","Acrobatics"],"picked":"SKIP","floor":14.0},{"not_picked":["Corpse Explosion","Unload+1"],"picked":"Burst","floor":16.0},{"not_picked":[],"picked":"Backflip","floor":18.0},{"not_picked":["Underhanded Strike+1"],"picked":"SKIP","floor":19},{"not_picked":["Deflect"],"picked":"SKIP","floor":20},{"not_picked":["Riddle With Holes+1"],"picked":"SKIP","floor":21}],"player_experience":301641,"relics_obtained":[{"floor":8.0,"key":"Smiling Mask"},{"floor":9.0,"key":"Molten Egg 2"}],"event_choices":[{"damage_healed":0.0,"max_hp_gain":0.0,"max_hp_loss":0.0,"gold_gain":175.0,"event_name":"Liars Game","player_choice":"AGREE","floor":2.0,"gold_loss":0.0,"damage_taken":0.0,"cards_obtained":["Doubt"]},{"cards_removed":["Doubt"],"damage_healed":0.0,"max_hp_gain":0.0,"max_hp_loss":0.0,"gold_gain":0.0,"event_name":"Living Wall","player_choice":"Forget","floor":3.0,"gold_loss":0.0,"damage_taken":0.0},{"damage_healed":0.0,"max_hp_gain":0.0,"max_hp_loss":0.0,"gold_gain":0.0,"event_name":"Golden Idol","player_choice":"Take Damage","floor":5.0,"gold_loss":0.0,"damage_taken":19.0,"relics_obtained":["Golden Idol"]}],"is_beta":false,"boss_relics":[{"not_picked":["Pandora\u0027s Box","Astrolabe"],"picked":"Busted Crown"}],"items_purged_floors":[],"is_endless":false,"potions_floor_spawned":[1,8,14,16,19,20],"killed_by":"Snecko","ascension_level":6}}