{"host":"jlk2k69f9c6o7b3e","time":1612507207,"event":{"mods":["AchievementEnabler","BaseMod","Minty Spire (QoL Compilation)","StSLib"],"gold_per_floor":[111,111,111,286,299,339,339,362,362,378,418,418,443,479,479,607,607,631,631,631,0,0,33,33,66,93,112,132,41,76,94,94,217,217,232,252,265,117,138,181,0,33,33,377,440,440,455,479,479,479],"floor_reached":51,"language":"ZHS","playtime":3043,"items_purged":["Doubt"],"score":1466,"play_id":"1f10e440-a76a-45b4-9342-107f7d77f92f","local_time":"20210205144007","is_ascension_mode":true,"campfire_choices":[{"data":"Infinite Blades","floor":7.0,"key":"SMITH"},{"data":"Blade Dance","floor":12.0,"key":"SMITH"},{"data":"Envenom","floor":15.0,"key":"SMITH"},{"data":"Tools of the Trade","floor":24.0,"key":"SMITH"},{"data":"Venomology","floor":32.0,"key":"SMITH"},{"data":"Wraith Form v2","floor":46.0,"key":"SMITH"},{"data":"Prepared","floor":49,"key":"SMITH"}],"circlet_count":0,"master_deck":["AscendersBane","Strike_G","Strike_G","Defend_G","Defend_G","Defend_G","Defend_G","Defend_G","Survivor","Neutralize","Infinite Blades+1","Dash","Sucker Punch","Blade Dance+1","Riddle With Holes","Prepared+1","Envenom+1","Tools of the Trade+1","Accuracy+1","Blade Dance+1","Backstab+1","Acrobatics","Venomology+1","Dramatic Entrance","Eviscerate","Wraith Form v2+1","Blade Dance+1","Dodge and Roll+1","Infinite Blades+1","Masterful Stab+1","Reflex+1","Eviscerate+1","Tools of the Trade","Acrobatics+1","Cloak And Dagger+1","Finisher","Deflect+1","Footwork+1","Cloak And Dagger+1","Blur+1"],"relics":["Ring of the Snake","NeowsBlessing","Meat on the Bone","Golden Idol","PreservedInsect","Mercury Hourglass","Vajra","Paper Crane","Philosopher\u0027s Stone","Boot","Nilry\u0027s Codex","TwistedFunnel","Pantograph","Akabeko","Nunchaku","Bag of Preparation","Ancient Tea Set","Strawberry","Astrolabe","Potion Belt","Red Mask","Lantern","Ornamental Fan","Old Coin","CaptainsWheel"],"acts_visited":["Exordium","TheCity","TheBeyond"],"potions_floor_usage":[48,50,50,50,50],"damage_taken":[{"damage":0.0,"enemies":"Cultist","floor":1.0,"turns":1.0},{"damage":0.0,"enemies":"Jaw Worm","floor":5.0,"turns":1.0},{"damage":0.0,"enemies":"3 Sentries","floor":6.0,"turns":2.0},{"damage":1.0,"enemies":"2 Louse","floor":8.0,"turns":3.0},{"damage":5.0,"enemies":"Large Slime","floor":10.0,"turns":6.0},{"damage":15.0,"enemies":"Lagavulin","floor":11.0,"turns":5.0},{"damage":12.0,"enemies":"Lots of Slimes","floor":13.0,"turns":3.0},{"damage":10.0,"enemies":"3 Sentries","floor":14.0,"turns":4.0},{"damage":33.0,"enemies":"The Guardian","floor":16.0,"turns":10.0},{"damage":3.0,"enemies":"Chosen","floor":18.0,"turns":4.0},{"damage":17.0,"enemies":"Slavers","floor":23.0,"turns":3.0},{"damage":12.0,"enemies":"Gremlin Leader","floor":25.0,"turns":4.0},{"damage":0.0,"enemies":"Spheric Guardian","floor":27.0,"turns":1.0},{"damage":0.0,"enemies":"Shelled Parasite and Fungi","floor":28.0,"turns":1.0},{"damage":0.0,"enemies":"Book of Stabbing","floor":30.0,"turns":2.0},{"damage":0.0,"enemies":"Centurion and Healer","floor":31.0,"turns":2.0},{"damage":3.0,"enemies":"Collector","floor":33.0,"turns":4.0},{"damage":2.0,"enemies":"3 Darklings","floor":35.0,"turns":3.0},{"damage":5.0,"enemies":"3 Shapes","floor":36.0,"turns":3.0},{"damage":1.0,"enemies":"Spire Growth","floor":37.0,"turns":4.0},{"damage":0.0,"enemies":"4 Shapes","floor":39.0,"turns":3.0},{"damage":28.0,"enemies":"Giant Head","floor":40.0,"turns":4.0},{"damage":0.0,"enemies":"Reptomancer","floor":42.0,"turns":3.0},{"damage":7.0,"enemies":"Nemesis","floor":44.0,"turns":3.0},{"damage":12.0,"enemies":"Mind Bloom Boss Battle","floor":45.0,"turns":4.0},{"damage":0.0,"enemies":"Transient","floor":47.0,"turns":5.0},{"damage":0,"enemies":"Jaw Worm Horde","floor":48,"turns":2},{"damage":12,"enemies":"Time Eater","floor":50,"turns":6}],"seed_played":"-1891980479950296551","potions_obtained":[{"floor":5.0,"key":"Strength Potion"},{"floor":8.0,"key":"Dexterity Potion"},{"floor":10.0,"key":"SkillPotion"},{"floor":16.0,"key":"SpeedPotion"},{"floor":27.0,"key":"SmokeBomb"},{"floor":28.0,"key":"DuplicationPotion"},{"floor":33.0,"key":"Fire Potion"},{"floor":39.0,"key":"Ancient Potion"},{"floor":40.0,"key":"Block Potion"},{"floor":42.0,"key":"Strength Potion"},{"floor":45.0,"key":"Block Potion"}],"is_trial":false,"path_per_floor":["M","?","?","?","M","E","R","M","T","M","E","R","M","E","R","B",null,"M","?","?","$","?","E","R","E","T","M","M","$","E","M","R","B",null,"M","M","M","$","M","E","?","E","T","E","?","R","M","M","R","B",null],"character_chosen":"THE_SILENT","items_purchased":["TwistedFunnel","Pantograph","Akabeko","Dramatic Entrance","Tools of the Trade"],"campfire_rested":0,"item_purchase_floors":[21,21,21,29,38],"current_hp_per_floor":[63,11,11,11,23,35,35,34,34,41,38,38,38,40,40,19,54,51,51,35,35,35,30,30,30,30,42,42,42,49,49,49,69,71,69,64,63,63,63,47,47,47,47,40,53,53,53,53,53,60],"gold":479,"neow_bonus":"THREE_ENEMY_KILL","is_daily":false,"chose_seed":false,"campfire_upgraded":7,"win_rate":0.0,"timestamp":1612507207,"path_taken":["M","?","?","?","M","E","R","M","T","M","E","R","M","E","R","BOSS","M","?","?","$","?","E","R","E","T","M","M","$","E","M","R","BOSS","M","M","?","?","M","E","?","E","T","E","?","R","M","M","R","BOSS"],"items_purchased_type":["Relic","Relic","Relic","Card","Card"],"build_version":"2020-12-22","purchased_purges":1,"victory":true,"max_hp_per_floor":[70,70,65,65,65,65,65,65,65,65,65,65,65,65,65,65,65,65,65,65,65,65,65,65,65,65,65,65,65,72,72,72,72,72,72,72,72,72,72,72,72,72,72,72,72,72,72,72,72,72],"card_choices":[{"not_picked":["Deadly Poison","Sucker Punch"],"picked":"Infinite Blades","floor":1.0},{"not_picked":["Reflex","Leg Sweep"],"picked":"Dash","floor":5.0},{"not_picked":["Bane","Heel Hook","Dodge and Roll"],"picked":"SKIP","floor":6.0},{"not_picked":["Outmaneuver","Heel Hook"],"picked":"Sucker Punch","floor":8.0},{"not_picked":["PiercingWail","Eviscerate"],"picked":"Blade Dance","floor":10.0},{"not_picked":["Deflect","Quick Slash"],"picked":"Riddle With Holes","floor":11.0},{"not_picked":["Escape Plan","Predator"],"picked":"Prepared","floor":13.0},{"not_picked":["Catalyst","Distraction"],"picked":"Envenom","floor":14.0},{"not_picked":["Bullet Time","Night Terror"],"picked":"Tools of the Trade","floor":16.0},{"not_picked":["PiercingWail","Concentrate"],"picked":"Accuracy","floor":18.0},{"not_picked":["Glass Knife","Noxious Fumes"],"picked":"Blade Dance+1","floor":23.0},{"not_picked":["Backflip","Sucker Punch"],"picked":"Backstab+1","floor":25.0},{"not_picked":["Bane","Dodge and Roll"],"picked":"Acrobatics","floor":27.0},{"not_picked":["Quick Slash","Choke"],"picked":"Venomology","floor":28.0},{"not_picked":["Backflip","Quick Slash"],"picked":"Eviscerate","floor":30.0},{"not_picked":["Dodge and Roll","Flying Knee","Bouncing Flask"],"picked":"SKIP","floor":31.0},{"not_picked":["Night Terror","Doppelganger"],"picked":"Wraith Form v2","floor":33.0},{"not_picked":["Bane+1","Riddle With Holes"],"picked":"Masterful Stab+1","floor":35.0},{"not_picked":["Leg Sweep","Outmaneuver+1"],"picked":"Reflex+1","floor":36.0},{"not_picked":["Endless Agony+1","Sucker Punch+1"],"picked":"Eviscerate+1","floor":37.0},{"not_picked":["Infinite Blades","Cloak And Dagger+1"],"picked":"Acrobatics+1","floor":39.0},{"not_picked":["Dash+1","Sucker Punch+1"],"picked":"Cloak And Dagger+1","floor":40.0},{"not_picked":["PiercingWail+1","Endless Agony+1"],"picked":"Finisher","floor":42.0},{"not_picked":["Masterful Stab","Heel Hook+1"],"picked":"Deflect+1","floor":44.0},{"not_picked":["Crippling Poison","Dodge and Roll+1"],"picked":"Footwork+1","floor":45.0},{"not_picked":["Outmaneuver","Escape Plan"],"picked":"Cloak And Dagger+1","floor":47.0},{"not_picked":["Bouncing Flask+1","All Out Attack"],"picked":"Blur+1","floor":48}],"player_experience":362347,"relics_obtained":[{"floor":6.0,"key":"PreservedInsect"},{"floor":9.0,"key":"Mercury Hourglass"},{"floor":11.0,"key":"Vajra"},{"floor":14.0,"key":"Paper Crane"},{"floor":20.0,"key":"Nilry\u0027s Codex"},{"floor":23.0,"key":"Nunchaku"},{"floor":25.0,"key":"Bag of Preparation"},{"floor":26.0,"key":"Ancient Tea Set"},{"floor":30.0,"key":"Strawberry"},{"floor":40.0,"key":"Potion Belt"},{"floor":42.0,"key":"Lantern"},{"floor":43.0,"key":"Ornamental Fan"},{"floor":44.0,"key":"Old Coin"},{"floor":45.0,"key":"CaptainsWheel"}],"event_choices":[{"damage_healed":0.0,"max_hp_gain":0.0,"max_hp_loss":0.0,"gold_gain":0.0,"event_name":"Scrap Ooze","player_choice":"Success","floor":2.0,"gold_loss":0.0,"damage_taken":52.0,"relics_obtained":["Meat on the Bone"]},{"damage_healed":0.0,"max_hp_gain":0.0,"max_hp_loss":5.0,"gold_gain":0.0,"event_name":"Golden Idol","player_choice":"Lose Max HP","floor":3.0,"gold_loss":0.0,"damage_taken":0.0,"relics_obtained":["Golden Idol"]},{"damage_healed":0.0,"max_hp_gain":0.0,"max_hp_loss":0.0,"gold_gain":175.0,"event_name":"Liars Game","player_choice":"AGREE","floor":4.0,"gold_loss":0.0,"damage_taken":0.0,"cards_obtained":["Doubt"]},{"damage_healed":0.0,"max_hp_gain":0.0,"max_hp_loss":0.0,"gold_gain":0.0,"event_name":"The Mausoleum","player_choice":"Opened","floor":19.0,"gold_loss":0.0,"damage_taken":0.0,"relics_obtained":["Boot"]},{"damage_healed":0.0,"max_hp_gain":0.0,"max_hp_loss":0.0,"gold_gain":0.0,"event_name":"Cursed Tome","player_choice":"Obtained Book","floor":20.0,"gold_loss":0.0,"damage_taken":16.0},{"damage_healed":0.0,"max_hp_gain":0.0,"max_hp_loss":0.0,"gold_gain":0.0,"event_name":"Upgrade Shrine","player_choice":"Upgraded","floor":22.0,"gold_loss":0.0,"damage_taken":0.0,"cards_upgraded":["Accuracy"]},{"damage_healed":0.0,"max_hp_gain":0.0,"max_hp_loss":0.0,"gold_gain":0.0,"event_name":"Tomb of Lord Red Mask","player_choice":"Paid","floor":41.0,"gold_loss":181.0,"damage_taken":0.0,"relics_obtained":["Red Mask"]},{"damage_healed":0.0,"max_hp_gain":0.0,"max_hp_loss":0.0,"gold_gain":0.0,"event_name":"MindBloom","player_choice":"Fight","floor":45.0,"gold_loss":0.0,"damage_taken":0.0}],"is_beta":false,"boss_relics":[{"not_picked":["Sozu","Runic Dome"],"picked":"Philosopher\u0027s Stone"},{"not_picked":["Busted Crown","Velvet Choker"],"picked":"Astrolabe"}],"items_purged_floors":[21],"is_endless":false,"potions_floor_spawned":[5,8,10,16,27,28,33,39,40,42,45,47,48],"ascension_level":11}}