{"host":"5td1gsj4mnrioltg","time":1612488358,"event":{"mods":["2.2 Compatiblity","AchievementEnabler","Act Like it!","Aspiration","BaseMod","Beaked The Cultist","Better Altar","Better Match","Better Note","Better Sensory Stone","Better Silent Start","Better Skull","Better Third Choice","Better Vampires","BetterRewards","Bossed Relics","Colored Map","Colored Powertips","Displayed Cursed Tome","Downfall","Emptier Cage","Evolution","Friendly Minions","GifTheSpireLib","Highlight Path","Ironclad Rager","Jedi Mod","JesterMod","Mad Scientist","Menagerie","Minty Spire (QoL Compilation)","Permanent Neow","Quick Restart","Reliquary","Replay The Spire","Reworked Bosses","Shade Mod","Spicy Shops","StSLib","The Blue Laboratory","The Dragon Tamer","The Dragonkin","The Druid","The Elementalist","The Marked","The Necromancer","The Runesmith","Thieving Mod","Transform Curses","Wandering Minibosses","Weighted Paths"],"gold_per_floor":[118,43,57,68,68,97,97,131,131,161,177,189,204,219,219,315,315,334,259,259,15,15,15,47,47,47,79,79,79],"floor_reached":28,"language":"ENG","playtime":4309,"items_purged":["theDruid:Strike_O","theDruid:Defend_O"],"score":359,"play_id":"d7d2d8d3-5fe4-421d-8d43-c49dc4829479","local_time":"20210204172558","is_ascension_mode":true,"campfire_choices":[{"floor":7,"key":"REST"},{"data":"theDruid:Strike_O","floor":15,"key":"PURGE"},{"data":"theDruid:BlessedStrike","floor":23,"key":"SMITH"},{"floor":25,"key":"RECALL"}],"circlet_count":0,"master_deck":["theDruid:Strike_O+1","theDruid:Defend_O","theDruid:BriarArmor","theDruid:WildSlash+1","theDruid:Starfall","theDruid:TwilightsCall","theDruid:Adaptation","theDruid:BlessedStrike+1","theDruid:Eclipse","theDruid:Moonbeam","theDruid:TwilightsCall","theDruid:Rabid","theDruid:CelestialSurge","theDruid:Resupply","theDruid:AstralShield"],"relics":["EVO:Axolotl","Snecko Eye","Menagerie:MalignantTentacle","Replay:PocketPolymizer","Runesmith:AutoHammer","StrikeDummy","reliquary:WritOfMandamus","jedi:othersneckoeye","Bottled Flame","aspiration:FetidBarrel"],"acts_visited":["Exordium","TheCity"],"potions_floor_usage":[6,10,24],"damage_taken":[{"damage":0,"enemies":"Menagerie:StygianBoar","floor":1,"turns":2},{"damage":0,"enemies":"Menagerie:MonstrousExperiment","floor":3,"turns":3},{"damage":2,"enemies":"Menagerie:WhisperingWraith","floor":4,"turns":3},{"damage":44,"enemies":"Menagerie:Hydra","floor":6,"turns":7},{"damage":3,"enemies":"3 Sentries","floor":8,"turns":4},{"damage":0,"enemies":"Menagerie:VoidReaper","floor":10,"turns":7},{"damage":2,"enemies":"Menagerie:MENAGERIE_WILDLIFE","floor":11,"turns":2},{"damage":6,"enemies":"Menagerie:EntropyWarlock","floor":12,"turns":4},{"damage":7,"enemies":"Menagerie:MeltingSalamander","floor":13,"turns":3},{"damage":2,"enemies":"Menagerie:MENAGERIE_WILDLIFE","floor":14,"turns":1},{"damage":12,"enemies":"Menagerie:Chimera","floor":16,"turns":9},{"damage":6,"enemies":"2 Thieves","floor":18,"turns":2},{"damage":17,"enemies":"Book of Stabbing","floor":24,"turns":3},{"damage":46,"enemies":"Slavers","floor":27,"turns":4},{"damage":15,"enemies":"3 Byrds","floor":28,"turns":2}],"seed_played":"4801304107408121498","potions_obtained":[{"floor":4,"key":"Weak Potion"},{"floor":8,"key":"blueLaboratory:FrostheartPotion"},{"floor":13,"key":"blueLaboratory:TrueEctoplasm"},{"floor":14,"key":"LiquidMemories"},{"floor":27,"key":"BlessingOfTheForge"}],"is_trial":false,"path_per_floor":["M","$","M","M","?","E","R","?","T","E","M","M","M","M","R_BF","B",null,"M","?","?","$","?","R","E","R","T","E","M"],"character_chosen":"DRUID","items_purchased":["jedi:othersneckoeye"],"campfire_rested":1,"item_purchase_floors":[21],"current_hp_per_floor":[76,76,76,74,74,30,52,49,49,49,47,41,34,32,32,20,62,56,56,56,56,76,76,59,59,59,13,0,0],"gold":79,"neow_bonus":"BOSS_RELIC","is_daily":false,"chose_seed":false,"campfire_upgraded":1,"win_rate":0.0,"timestamp":1612488358,"path_taken":["M","$","M","M","?","E","R","?","T","E","?","M","?","M","R_BF","BOSS","M","?","?","$","?","R","E","R","T","E","M"],"items_purchased_type":["Relic"],"build_version":"2020-12-22","purchased_purges":2,"victory":false,"max_hp_per_floor":[76,76,76,76,76,76,76,76,76,76,76,76,76,76,76,76,76,76,76,76,76,76,76,76,76,76,76,76,76],"card_choices":[{"not_picked":["theDruid:FelineGrace","theDruid:FaerieFire"],"picked":"theDruid:Starfall","floor":1},{"not_picked":["theDruid:Recoil","theDruid:Resupply","theDruid:TakeShelter"],"picked":"SKIP","floor":3},{"not_picked":["theDruid:Resourcefulness","theDruid:Gore","theDruid:SerratedFlesh"],"picked":"SKIP","floor":4},{"not_picked":["theDruid:BrambleLash","theDruid:PlagueClaw"],"picked":"theDruid:TwilightsCall","floor":6},{"not_picked":["theDruid:SurvivalInstincts","theDruid:ThornStrike"],"picked":"theDruid:BlessedStrike","floor":8},{"not_picked":["theDruid:Resupply","theDruid:Slingshot"],"picked":"theDruid:Eclipse","floor":10},{"not_picked":["theDruid:BlessedStrike","theDruid:Gore"],"picked":"theDruid:Moonbeam","floor":11},{"not_picked":["theDruid:Adaptation","theDruid:IronClaw","theDruid:BackupSupplies"],"picked":"SKIP","floor":12},{"not_picked":["theDruid:Scavenge","theDruid:WildArmor","theDruid:ThickHide"],"picked":"SKIP","floor":13},{"not_picked":["theDruid:PrimalStrength","theDruid:Infestation"],"picked":"theDruid:TwilightsCall","floor":14},{"not_picked":["theDruid:FuriousSlash","theDruid:WildArmor","theDruid:BristlingBulwark"],"picked":"SKIP","floor":18},{"not_picked":["theDruid:ForestGuard","theDruid:FelineGrace"],"picked":"theDruid:CelestialSurge","floor":24},{"not_picked":["theDruid:SerratedFlesh","theDruid:Rummage"],"picked":"theDruid:AstralShield","floor":27}],"player_experience":1314469,"relics_obtained":[{"floor":6,"key":"Replay:PocketPolymizer"},{"floor":8,"key":"Runesmith:AutoHammer"},{"floor":10,"key":"StrikeDummy"},{"floor":24,"key":"Bottled Flame"},{"floor":26,"key":"aspiration:FetidBarrel"}],"event_choices":[{"damage_healed":0,"gold_gain":0,"player_choice":"Enter","damage_taken":0,"relics_obtained":["Menagerie:MalignantTentacle"],"max_hp_gain":0,"max_hp_loss":0,"event_name":"Menagerie:CorruptingLight","floor":5,"gold_loss":0,"cards_upgraded":["theDruid:Strike_O","theDruid:WildSlash"]},{"damage_healed":0,"gold_gain":0,"player_choice":"Release","damage_taken":0,"max_hp_gain":0,"max_hp_loss":0,"event_name":"Menagerie:StasisChamber","floor":8,"gold_loss":0},{"damage_healed":0,"gold_gain":0,"player_choice":"2","damage_taken":0,"max_hp_gain":0,"max_hp_loss":0,"event_name":"betterMatch:BetterMatch","floor":19,"gold_loss":0,"cards_obtained":["betterMatch:ColorlessUncommonCard"]},{"damage_healed":25,"gold_gain":0,"player_choice":"Heal","damage_taken":0,"max_hp_gain":0,"max_hp_loss":0,"event_name":"The Library","floor":22,"gold_loss":0}],"is_beta":false,"boss_relics":[{"not_picked":["Runic Dome","Honey Jar"],"picked":"reliquary:WritOfMandamus"}],"items_purged_floors":[2,21],"is_endless":false,"potions_floor_spawned":[4,8,13,14,27],"killed_by":"3 Byrds","ascension_level":5}}