{"host":"8is2j71l4wmybkoi","time":1612533295,"event":{"mods":["AchievementEnabler","BaseMod","Colored Map","Minty Spire (QoL Compilation)","Rare Cards Sparkle","StSLib","SuperFastMode"],"gold_per_floor":[214,214,232,86,98,98,126,126,126,155,165,165,192,192,192,288,288,307,322,340,40,40,40,40],"floor_reached":23,"language":"KOR","playtime":698,"items_purged":["Strike_R"],"score":391,"play_id":"59a02200-b53f-4773-81ef-70d95bc0ec07","local_time":"20210205225455","is_ascension_mode":true,"campfire_choices":[{"data":"Bludgeon","floor":6.0,"key":"SMITH"},{"data":"Barricade","floor":8.0,"key":"SMITH"},{"data":"Bash","floor":12.0,"key":"SMITH"},{"data":"Berserk","floor":15.0,"key":"SMITH"}],"circlet_count":0,"master_deck":["AscendersBane","Defend_R+1","Defend_R","Defend_R","Defend_R+1","Bash+1","Cleave","Bludgeon+1","Barricade+1","Sentinel","Sword Boomerang","Berserk+1","Double Tap","Pommel Strike","Hemokinesis+1","Bite","Bite","Bite","Bite","Bite"],"relics":["Burning Blood","Kunai","Pocketwatch","War Paint","Shuriken","Art of War","Golden Idol","Fusion Hammer","Happy Flower","Pen Nib"],"acts_visited":["Exordium","TheCity"],"potions_floor_usage":[],"damage_taken":[{"damage":12.0,"enemies":"Jaw Worm","floor":1.0,"turns":2.0},{"damage":6.0,"enemies":"Cultist","floor":3.0,"turns":3.0},{"damage":7.0,"enemies":"2 Louse","floor":5.0,"turns":3.0},{"damage":30.0,"enemies":"3 Sentries","floor":7.0,"turns":6.0},{"damage":24.0,"enemies":"Lagavulin","floor":10.0,"turns":6.0},{"damage":0.0,"enemies":"Blue Slaver","floor":11.0,"turns":4.0},{"damage":16.0,"enemies":"Gremlin Nob","floor":13.0,"turns":3.0},{"damage":7.0,"enemies":"Hexaghost","floor":16.0,"turns":8.0},{"damage":26.0,"enemies":"2 Thieves","floor":18.0,"turns":4.0},{"damage":8.0,"enemies":"Chosen","floor":19.0,"turns":3.0},{"damage":24,"enemies":"Snake Plant","floor":20,"turns":3},{"damage":30,"enemies":"Book of Stabbing","floor":23,"turns":3}],"seed_played":"-3687945628148951405","potions_obtained":[{"floor":5.0,"key":"Regen Potion"},{"floor":13.0,"key":"HeartOfIron"},{"floor":16.0,"key":"Energy Potion"},{"floor":20,"key":"SteroidPotion"}],"is_trial":false,"path_per_floor":["M","?","M","$","M","R","E","R","T","E","M","R","E","?","R","B",null,"M","M","M","$","?","E"],"character_chosen":"IRONCLAD","items_purchased":["Bludgeon","Happy Flower","Pen Nib"],"campfire_rested":0,"item_purchase_floors":[4,21,21],"current_hp_per_floor":[62,62,62,62,61,61,52,52,52,34,40,40,30,30,30,29,58,38,36,18,18,18,0,0],"gold":40,"neow_bonus":"HUNDRED_GOLD","is_daily":false,"chose_seed":false,"campfire_upgraded":4,"win_rate":0.0,"timestamp":1612533295,"path_taken":["M","?","M","$","?","R","E","R","T","E","M","R","E","?","R","BOSS","M","M","M","$","?","E"],"items_purchased_type":["Card","Relic","Relic"],"build_version":"2020-12-22","purchased_purges":1,"victory":false,"max_hp_per_floor":[75,75,75,75,75,75,75,75,75,75,75,75,75,68,68,68,68,68,68,68,68,47,47,47],"card_choices":[{"not_picked":["Thunderclap","Rampage"],"picked":"Combust","floor":1.0},{"not_picked":["Perfected Strike","Havoc"],"picked":"Cleave","floor":3.0},{"not_picked":["Havoc","Ghostly Armor"],"picked":"Barricade","floor":5.0},{"not_picked":["Twin Strike","Thunderclap"],"picked":"Sentinel","floor":7.0},{"not_picked":["Thunderclap","Clothesline","Feel No Pain"],"picked":"SKIP","floor":10.0},{"not_picked":["Twin Strike","Perfected Strike"],"picked":"Sword Boomerang","floor":11.0},{"not_picked":["Pummel","Body Slam"],"picked":"Berserk","floor":13.0},{"not_picked":["Brutality","Berserk"],"picked":"Double Tap","floor":16.0},{"not_picked":["Flex","Dark Embrace","Twin Strike"],"picked":"SKIP","floor":18.0},{"not_picked":["True Grit","Flex"],"picked":"Pommel Strike","floor":19.0},{"not_picked":["Heavy Blade","Cleave+1"],"picked":"Hemokinesis+1","floor":20}],"player_experience":994157,"relics_obtained":[{"floor":7.0,"key":"Pocketwatch"},{"floor":9.0,"key":"War Paint"},{"floor":10.0,"key":"Shuriken"},{"floor":13.0,"key":"Art of War"}],"event_choices":[{"cards_removed":["Combust"],"damage_healed":0.0,"max_hp_gain":0.0,"max_hp_loss":0.0,"gold_gain":0.0,"event_name":"WeMeetAgain","player_choice":"Gave Card","floor":2.0,"gold_loss":0.0,"damage_taken":0.0,"relics_obtained":["Kunai"]},{"damage_healed":0.0,"max_hp_gain":0.0,"max_hp_loss":7.0,"gold_gain":0.0,"event_name":"Golden Idol","player_choice":"Lose Max HP","floor":14.0,"gold_loss":0.0,"damage_taken":0.0,"relics_obtained":["Golden Idol"]},{"damage_healed":0,"gold_gain":0,"player_choice":"Became a vampire","damage_taken":0,"max_hp_gain":0,"max_hp_loss":21,"event_name":"Vampires","floor":22,"gold_loss":0,"cards_obtained":["Bite","Bite","Bite","Bite","Bite"]}],"is_beta":false,"boss_relics":[{"not_picked":["Runic Dome","Philosopher\u0027s Stone"],"picked":"Fusion Hammer"}],"items_purged_floors":[4],"is_endless":false,"potions_floor_spawned":[5,13,16,20],"killed_by":"Book of Stabbing","ascension_level":15}}