{"host":"yrtk68ixj64vhhh3","time":1612523883,"event":{"mods":["AchievementEnabler","Aspiration","BaseMod","Better Altar","Better Match","Better Silent Start","Colored Map","Colored Powertips","Conspire","Dio Mod","Downfall","Energized Spire","Hubris","Infinite Spire","Minty Spire (QoL Compilation)","Prisma Mod","RNG Fix","StSLib","Steal the Spire","Td1madao Mod","The Animator","The Poker Player","The Wild Card","TheBandit","TheHero"],"gold_per_floor":[119,132,132,47,66,66,77,77,77,96,123,153,153,53,53,155,155,166,166,166,166,182,207,217,217,217,229,240,201,201,218,218,318,318,331,331,73,119,119,119,134,34,59,59,75,118,118,118,118],"floor_reached":48,"language":"ENG","playtime":3259,"items_purged":[],"score":653,"play_id":"0d662520-a0dd-4dd6-a592-e32db56b45e0","local_time":"20210206001803","is_ascension_mode":true,"campfire_choices":[{"floor":6,"key":"REST"},{"floor":13,"key":"REST"},{"floor":15,"key":"REST"},{"floor":25,"key":"REST"},{"floor":30,"key":"REST"},{"floor":32,"key":"REST"},{"floor":40,"key":"RECALL"},{"floor":44,"key":"REST"},{"floor":47,"key":"REST"}],"circlet_count":0,"master_deck":["Strike_G","Strike_G+1","Strike_G","Strike_G","Defend_G","Defend_G","Defend_G","Defend_G","Survivor","Neutralize+1","Shame","infinitespire:Neurotoxin","conspire:PoisonWeapons","Infinite Blades","theWildCard:Metatron+1","Noxious Fumes","Cloak And Dagger","Escape Plan","Deadly Poison","Backflip","Bouncing Flask","Ghostly","Phantasmal Killer","PiercingWail","Acrobatics+1","Dagger Spray","Enlightenment+1","Slimebound:CheckThePlaybook","downfall:Icky","conspire:DoublingDagger+1","Deadly Poison","Terror","Tactician","hubris:SlightOfHand","Unload","Dodge and Roll+1","Deflect","Bane","PiercingWail+1","Underhanded Strike","Cloak And Dagger+1","Leg Sweep","Outmaneuver","Backflip","Crippling Poison+1","Adrenaline","Die Die Die","Doppelganger","Bane+1","Bouncing Flask+1","Deadly Poison+1","hubris:Fate","Dagger Spray+1","Flying Knee+1","Phantasmal Killer","Dagger Throw","Prepared+1","Flying Knee","Backflip","Escape Plan+1","Cloak And Dagger","Backstab","Bane","Blade Dance+1","Dagger Spray","Deflect","Cloak And Dagger+1","Slice+1","Bouncing Flask+1","Crippling Poison+1","conspire:SpireCoStock","conspire:SpireCoStock","Cloak And Dagger+1","Bouncing Flask","Sucker Punch+1","Flechettes+1","Deflect+1","Prepared+1"],"relics":["Ring of the Snake","Paper Crane","MealTicket","Whetstone","energizedSpire:StickyHand","hubris:TenFootPole","conspire:Dentures","aspiration:FutureDiary","infinitespire:Bottled Soul","Turnip","Orrery","infinitespire:PuzzleCube"],"acts_visited":["Exordium","TheCity","TheBeyond"],"potions_floor_usage":[16,16,16,33,33,33,38],"damage_taken":[{"damage":13,"enemies":"Cultist","floor":1,"turns":6},{"damage":16,"enemies":"Jaw Worm","floor":2,"turns":4},{"damage":4,"enemies":"2 Louse","floor":5,"turns":3},{"damage":23,"enemies":"Exordium Thugs","floor":7,"turns":6},{"damage":9,"enemies":"2 Fungi Beasts","floor":10,"turns":3},{"damage":11,"enemies":"3 Sentries","floor":12,"turns":5},{"damage":17,"enemies":"The Guardian","floor":16,"turns":8},{"damage":8,"enemies":"2 Thieves","floor":18,"turns":4},{"damage":0,"enemies":"3 Byrds","floor":22,"turns":1},{"damage":21,"enemies":"Gremlin Leader","floor":23,"turns":6},{"damage":6,"enemies":"Shelled Parasite and Fungi","floor":24,"turns":4},{"damage":20,"enemies":"conspire:HollyBat","floor":27,"turns":8},{"damage":18,"enemies":"3 Cultists","floor":28,"turns":5},{"damage":0,"enemies":"Snecko","floor":31,"turns":2},{"damage":23,"enemies":"Automaton","floor":33,"turns":8},{"damage":0,"enemies":"Orb Walker","floor":35,"turns":3},{"damage":45,"enemies":"2 Orb Walkers","floor":38,"turns":5},{"damage":22,"enemies":"3 Shapes","floor":41,"turns":4},{"damage":13,"enemies":"Sphere and 2 Shapes","floor":45,"turns":3},{"damage":0,"enemies":"Nemesis","floor":46,"turns":7},{"damage":37,"enemies":"Reptomancer","floor":48,"turns":2}],"seed_played":"-6130835907268715767","potions_obtained":[{"floor":5,"key":"Strength Potion"},{"floor":7,"key":"Swift Potion"},{"floor":12,"key":"DistilledChaos"},{"floor":18,"key":"DuplicationPotion"},{"floor":22,"key":"Strength Potion"},{"floor":23,"key":"Dexterity Potion"},{"floor":35,"key":"Block Potion"},{"floor":38,"key":"SteroidPotion"},{"floor":46,"key":"SmokeBomb"}],"is_trial":false,"path_per_floor":["M","M","?","$","M","R","M","?","T","M","T","E","R","?","R","B",null,"M","?","?","?","M","E","M","R","T","M","M","$","R","M","R","B",null,"M","?","$","?","AVR","R","M","?","T","R","M","E","R","E"],"character_chosen":"THE_SILENT","items_purchased":["Noxious Fumes","Cloak And Dagger","Leg Sweep","infinitespire:Bottled Soul"],"campfire_rested":8,"item_purchase_floors":[4,4,29,37],"current_hp_per_floor":[57,41,41,41,37,58,35,35,35,26,26,15,36,36,57,40,70,62,50,50,50,50,29,23,44,44,24,6,21,42,42,63,40,70,70,70,70,25,25,25,3,3,3,24,11,11,32,0,0],"gold":118,"neow_bonus":"THREE_RARE_CARDS","is_daily":false,"chose_seed":false,"campfire_upgraded":0,"win_rate":0.0,"timestamp":1612523883,"path_taken":["M","M","?","?","M","R","?","?","T","M","?","E","R","?","R","BOSS","M","?","?","?","M","E","M","R","T","M","M","$","R","?","R","BOSS","M","?","$","?","AVR","R","M","?","T","R","?","E","R","E"],"items_purchased_type":["Card","Card","Card","Relic"],"build_version":"2020-12-22","purchased_purges":0,"victory":false,"max_hp_per_floor":[70,70,70,70,70,70,70,70,70,70,70,70,70,70,70,70,70,70,70,70,70,70,70,70,70,70,70,70,70,70,70,70,70,70,70,70,70,70,70,70,70,70,70,70,70,70,70,70,70],"card_choices":[{"not_picked":["Doppelganger","Glass Knife"],"picked":"infinitespire:Neurotoxin","floor":0},{"not_picked":["Well Laid Plans","Acrobatics"],"picked":"conspire:PoisonWeapons","floor":1},{"not_picked":["Distraction","Underhanded Strike"],"picked":"Infinite Blades","floor":2},{"not_picked":["hubris:TrickCloak","Prepared"],"picked":"Escape Plan","floor":5},{"not_picked":["hubris:Sniper","Storm of Steel"],"picked":"Deadly Poison","floor":7},{"not_picked":["Blur","Noxious Fumes"],"picked":"Backflip","floor":10},{"not_picked":["hubris:SlightOfHand","Backstab"],"picked":"Bouncing Flask","floor":12},{"not_picked":["Adrenaline","Bullet Time"],"picked":"Phantasmal Killer","floor":16},{"not_picked":["PiercingWail","Acrobatics+1"],"picked":"Dagger Spray","floor":18},{"not_picked":["Deadly Poison","Terror"],"picked":"conspire:DoublingDagger+1","floor":22},{"not_picked":["Tactician","hubris:SlightOfHand"],"picked":"Unload","floor":23},{"not_picked":["Dodge and Roll+1","Deflect"],"picked":"Bane","floor":24},{"not_picked":["Concentrate","Heel Hook+1","Escape Plan"],"picked":"SKIP","floor":27},{"not_picked":["PiercingWail+1","Underhanded Strike"],"picked":"Cloak And Dagger+1","floor":28},{"not_picked":["Outmaneuver","Backflip"],"picked":"Crippling Poison+1","floor":31},{"not_picked":["Die Die Die","Doppelganger"],"picked":"Adrenaline","floor":33},{"not_picked":["Bane+1","Deadly Poison+1"],"picked":"Bouncing Flask+1","floor":35},{"not_picked":["Dagger Spray+1","Phantasmal Killer"],"picked":"Flying Knee+1","floor":39},{"not_picked":["Dagger Throw","Flying Knee"],"picked":"Prepared+1","floor":39},{"not_picked":["Backflip","Cloak And Dagger"],"picked":"Escape Plan+1","floor":39},{"not_picked":["Backstab","Blade Dance+1"],"picked":"Bane","floor":39},{"not_picked":["Dagger Spray","Cloak And Dagger+1"],"picked":"Deflect","floor":39},{"not_picked":["Slice+1","Crippling Poison+1"],"picked":"Bouncing Flask+1","floor":41},{"not_picked":["Cloak And Dagger+1","Sucker Punch+1"],"picked":"Bouncing Flask","floor":45},{"not_picked":["Flechettes+1","Prepared+1"],"picked":"Deflect+1","floor":46}],"player_experience":701225,"relics_obtained":[{"floor":9,"key":"Paper Crane"},{"floor":11,"key":"MealTicket"},{"floor":12,"key":"Whetstone"},{"floor":23,"key":"hubris:TenFootPole"},{"floor":26,"key":"conspire:Dentures"},{"floor":38,"key":"Turnip"},{"floor":46,"key":"infinitespire:PuzzleCube"}],"event_choices":[{"damage_healed":0,"gold_gain":0,"player_choice":"Grow","damage_taken":0,"max_hp_gain":0,"max_hp_loss":0,"event_name":"Living Wall","floor":8,"gold_loss":0,"cards_upgraded":["theWildCard:Metatron"]},{"damage_healed":0,"gold_gain":0,"player_choice":"Argue","damage_taken":0,"max_hp_gain":0,"max_hp_loss":0,"event_name":"conspire:LoneGhost","floor":14,"gold_loss":0},{"damage_healed":0,"gold_gain":0,"player_choice":"CARD ","damage_taken":12,"max_hp_gain":0,"max_hp_loss":0,"event_name":"Knowing Skull","floor":19,"potions_obtained":[],"gold_loss":0,"cards_obtained":["Enlightenment"]},{"damage_healed":0,"gold_gain":0,"player_choice":"Upgraded","damage_taken":0,"max_hp_gain":0,"max_hp_loss":0,"event_name":"Upgrade Shrine","floor":36,"gold_loss":0,"cards_upgraded":["Enlightenment"]},{"damage_healed":0,"gold_gain":0,"player_choice":"Fight","damage_taken":0,"max_hp_gain":0,"max_hp_loss":0,"event_name":"Mysterious Sphere","floor":38,"gold_loss":0},{"damage_healed":0,"gold_gain":0,"player_choice":"Invest 2","damage_taken":0,"max_hp_gain":0,"max_hp_loss":0,"event_name":"conspire:Investor","floor":42,"gold_loss":0}],"is_beta":false,"boss_relics":[{"not_picked":["hubris:HollowSoul","SacredBark"],"picked":"energizedSpire:StickyHand"},{"not_picked":["Coffee Dripper","energizedSpire:RedRose"],"picked":"aspiration:FutureDiary"}],"items_purged_floors":[],"is_endless":false,"potions_floor_spawned":[5,7,12,18,22,23,27,28,35,38,46],"killed_by":"Reptomancer","ascension_level":2}}