{"host":"rmt60uil2jppa14k","time":1612558540,"event":{"mods":["AchievementEnabler","BaseMod","Highlight Path","Minty Spire (QoL Compilation)","Quick Restart","StSLib"],"gold_per_floor":[114,131,131,143,143,143,163,163,163,163,174,31,51,74,74,173,173,183,183,183,183,202,202,213,213,213,232,250,17,33,43,43,43,43],"floor_reached":33,"language":"ENG","playtime":1268,"items_purged":["Normality","Decay"],"score":243,"play_id":"34ca542e-342c-4ce0-84f8-ba1814fde3a2","local_time":"20210205205540","is_ascension_mode":false,"campfire_choices":[{"data":"Flex","floor":6.0,"key":"SMITH"},{"floor":8.0,"key":"REST"},{"data":"Wild Strike","floor":10.0,"key":"SMITH"},{"floor":15.0,"key":"REST"},{"floor":23,"key":"REST"},{"floor":32,"key":"REST"}],"circlet_count":0,"master_deck":["Strike_R","Strike_R","Strike_R","Strike_R","Strike_R","Defend_R","Defend_R","Defend_R","Defend_R","Bash","Flex+1","Wild Strike+1","Twin Strike","Clash","Clothesline+1","Armaments","Body Slam+1","Twin Strike+1","Demon Form","Pommel Strike+1","Pommel Strike+1","Cleave+1","Clumsy","Disarm","Power Through","Flex","Infernal Blade"],"relics":["Cursed Key","Molten Egg 2","Busted Crown","MutagenicStrength","Orichalcum","Nloth\u0027s Gift","Bottled Flame"],"acts_visited":["Exordium","TheCity"],"potions_floor_usage":[19,24],"damage_taken":[{"damage":1.0,"enemies":"Cultist","floor":1.0,"turns":3.0},{"damage":6.0,"enemies":"2 Louse","floor":2.0,"turns":2.0},{"damage":1.0,"enemies":"Jaw Worm","floor":4.0,"turns":4.0},{"damage":8.0,"enemies":"Red Slaver","floor":7.0,"turns":2.0},{"damage":10.0,"enemies":"Exordium Wildlife","floor":11.0,"turns":3.0},{"damage":13.0,"enemies":"2 Fungi Beasts","floor":13.0,"turns":3.0},{"damage":29.0,"enemies":"Hexaghost","floor":16.0,"turns":7.0},{"damage":28,"enemies":"Shell Parasite","floor":18,"turns":5},{"damage":5,"enemies":"Spheric Guardian","floor":19,"turns":3},{"damage":20,"enemies":"Snake Plant","floor":22,"turns":3},{"damage":0,"enemies":"Snecko","floor":24,"turns":3},{"damage":0,"enemies":"3 Cultists","floor":27,"turns":3},{"damage":28,"enemies":"Snake Plant","floor":28,"turns":4},{"damage":0,"enemies":"Snecko","floor":30,"turns":3},{"damage":13,"enemies":"Sentry and Sphere","floor":31,"turns":5},{"damage":65,"enemies":"Automaton","floor":33,"turns":6}],"seed_played":"9373637652476563","potions_obtained":[{"floor":2.0,"key":"Ancient Potion"},{"floor":4.0,"key":"SteroidPotion"},{"floor":5.0,"key":"SmokeBomb"},{"floor":5.0,"key":"FearPotion"},{"floor":22,"key":"PowerPotion"},{"floor":28,"key":"GamblersBrew"},{"floor":30,"key":"BlessingOfTheForge"}],"is_trial":false,"path_per_floor":["M","M","?","M","?","R","M","R","T","R","M","$","M","T","R","B",null,"M","M","?","?","M","R","M","?","T","M","M","$","M","M","R","B"],"character_chosen":"IRONCLAD","items_purchased":["Armaments","Body Slam+1","Power Through","Flex"],"campfire_rested":4,"item_purchase_floors":[12,12,29,29],"current_hp_per_floor":[79,73,73,72,72,72,64,80,80,80,70,70,57,57,80,51,80,52,52,52,52,32,56,61,61,61,61,33,33,33,20,44,0,0],"gold":43,"neow_bonus":"BOSS_RELIC","is_daily":false,"chose_seed":false,"campfire_upgraded":2,"win_rate":0.0,"timestamp":1612558540,"path_taken":["M","?","?","M","?","R","?","R","T","R","M","?","M","?","R","BOSS","M","M","?","?","M","R","M","?","T","M","?","$","M","M","R","BOSS"],"items_purchased_type":["Card","Card","Card","Card"],"build_version":"2020-12-22","purchased_purges":2,"victory":false,"max_hp_per_floor":[80,80,80,80,80,80,80,80,80,80,80,80,80,80,80,80,80,80,80,80,80,80,80,80,80,80,80,80,80,80,80,80,80,80],"card_choices":[{"not_picked":["Iron Wave","Shrug It Off"],"picked":"Flex","floor":1.0},{"not_picked":["Dropkick","Twin Strike"],"picked":"Wild Strike","floor":2.0},{"not_picked":["Intimidate","Havoc"],"picked":"Twin Strike","floor":4.0},{"not_picked":["Burning Pact","Warcry"],"picked":"Clash","floor":7.0},{"not_picked":["Wild Strike+1","Clash+1"],"picked":"Clothesline+1","floor":11.0},{"not_picked":["Hemokinesis+1","Corruption"],"picked":"Twin Strike+1","floor":13.0},{"not_picked":["Brutality","Limit Break"],"picked":"Demon Form","floor":16.0},{"not_picked":[],"picked":"Pommel Strike+1","floor":18},{"not_picked":[],"picked":"Pommel Strike+1","floor":22},{"not_picked":[],"picked":"Cleave+1","floor":24},{"not_picked":["Fiend Fire+1"],"picked":"SKIP","floor":27},{"not_picked":[],"picked":"Disarm","floor":28},{"not_picked":["Warcry"],"picked":"SKIP","floor":30},{"not_picked":[],"picked":"Infernal Blade","floor":31}],"player_experience":136614,"relics_obtained":[{"floor":9.0,"key":"Molten Egg 2"},{"floor":14.0,"key":"Toy Ornithopter"},{"floor":26,"key":"Bottled Flame"}],"event_choices":[{"damage_healed":0.0,"max_hp_gain":0.0,"max_hp_loss":0.0,"gold_gain":0.0,"event_name":"Liars Game","player_choice":"Ignored","floor":3.0,"gold_loss":0.0,"damage_taken":0.0},{"damage_healed":0.0,"max_hp_gain":0.0,"max_hp_loss":0.0,"gold_gain":0.0,"event_name":"Lab","player_choice":"Got Potions","floor":5.0,"gold_loss":0.0,"damage_taken":0.0},{"damage_healed":0,"gold_gain":0,"player_choice":"Inject Mutagens","damage_taken":0,"relics_obtained":["MutagenicStrength"],"max_hp_gain":0,"max_hp_loss":0,"event_name":"Drug Dealer","floor":20,"gold_loss":0},{"damage_healed":0,"gold_gain":0,"player_choice":"Opened","damage_taken":0,"relics_obtained":["Orichalcum"],"max_hp_gain":0,"max_hp_loss":0,"event_name":"The Mausoleum","floor":21,"gold_loss":0},{"damage_healed":0,"gold_gain":0,"player_choice":"Traded Relic","damage_taken":0,"relics_obtained":["Nloth\u0027s Gift"],"max_hp_gain":0,"max_hp_loss":0,"event_name":"N\u0027loth","floor":25,"relics_lost":["Toy Ornithopter"],"gold_loss":0}],"is_beta":false,"boss_relics":[{"not_picked":["Empty Cage","Mark of Pain"],"picked":"Busted Crown"}],"items_purged_floors":[12,29],"is_endless":false,"potions_floor_spawned":[2,4,19,22,28,30],"killed_by":"Automaton","ascension_level":0}}