{"host":"irwdypew7j0recua","time":1612559231,"event":{"mods":["AchievementEnabler","BaseMod","Better Third Choice","Better Vampires","BetterRewards","Conspire","Custom Start","Downfall","Googly Eyes","Hermit","Infinite Spire","KomeijiMod","Marisa????????","Minty Spire (QoL Compilation)","Quick Restart","Rare Cards Sparkle","Reworked Bosses","Shop Mod","Spicy Shops","StSLib","The Construct","The Cursed","The Necromancer","WarShipGirlsR/????R mod"],"gold_per_floor":[117,134,145,145,158,191,216,256,256,26,68,68,92,103,103,210,210,231,231,231,248,248,282,292,323,323,12,0,29,29,39,39,139,139,149,1,21,48,48,55,55],"floor_reached":40,"language":"ENG","playtime":2699,"items_purged":["hermit:Combo","hermit:GhostlyPresence"],"score":692,"play_id":"cc97f323-7b6c-4192-8855-d546a12fff18","local_time":"20210205190711","is_ascension_mode":true,"campfire_choices":[{"data":"Apotheosis","floor":12,"key":"SMITH"},{"data":"After Image","floor":15,"key":"SMITH"},{"data":"Barricade","floor":32,"key":"SMITH"}],"circlet_count":0,"master_deck":["infinitespire:Collect","infinitespire:FutureSight","hermit:BigShot","hermit:Dissolve","hermit:Snapshot+1","hermit:Snapshot","hermit:GoldenBullet+1","hermit:Glare+1","hermit:Manifest","hermit:EyeOfTheStorm","hermit:Scavenge+1","hermit:GhostlyPresence","hermit:FromBeyond","hermit:Combo","hermit:TakeAim","Apotheosis+1","After Image+1","Juggernaut","Barricade+1","CurseOfTheBell","hermit:FlashPowder","hermit:Deadeye","hermit:CalledShot","hermit:LoneWolf","hermit:FatalDesire","Pain","Decay","hermit:Glare","Decay","hermit:HoleUp+1","hermit:Magnum","CurseOfTheBell","Madness","Madness"],"relics":["hermit:Momento","Black Star","Du-Vu Doll","Calling Bell","Guardian:PocketSentry","StrikeDummy","infinitespire:Golems Mask","Tiny Chest","Calipers","Nunchaku","Bird Faced Urn","Matryoshka","hermit:RyeStalk","Whetstone","War Paint","Busted Crown","WarpedTongs","Boot","construct:FoamFinger","infinitespire:PuzzleCube","Eternal Feather","sneckomod:BlankCard","Bottled Flame","infinitespire:Lucky Rock","conspire:BottledYoYo","Bag of Marbles","Blood Vial","Blue Candle","conspire:TopHat","hermit:Spyglass","Calling Bell","Smiling Mask","Pantograph","KyoryuNoHagoromo","infinitespire:Satchel","Happy Flower"],"acts_visited":["Exordium","TheCity","TheBeyond"],"potions_floor_usage":[8,13,16,16,25,29,33],"damage_taken":[{"damage":0,"enemies":"2 Louse","floor":1,"turns":1},{"damage":0,"enemies":"conspire:RoseBush","floor":2,"turns":1},{"damage":0,"enemies":"Cultist","floor":3,"turns":4},{"damage":0,"enemies":"Looter","floor":5,"turns":4},{"damage":0,"enemies":"Lagavulin","floor":6,"turns":2},{"damage":0,"enemies":"3 Louse","floor":7,"turns":4},{"damage":5,"enemies":"3 Sentries","floor":8,"turns":5},{"damage":7,"enemies":"Gremlin Nob","floor":11,"turns":5},{"damage":14,"enemies":"Exordium Wildlife","floor":13,"turns":4},{"damage":3,"enemies":"Large Slime","floor":14,"turns":4},{"damage":2,"enemies":"The Guardian","floor":16,"turns":6},{"damage":0,"enemies":"3 Byrds","floor":18,"turns":4},{"damage":0,"enemies":"Shell Parasite","floor":21,"turns":3},{"damage":0,"enemies":"Gremlin Leader","floor":23,"turns":3},{"damage":0,"enemies":"3 Cultists","floor":24,"turns":4},{"damage":10,"enemies":"Nightmare","floor":25,"turns":5},{"damage":6,"enemies":"Book of Stabbing","floor":29,"turns":3},{"damage":1,"enemies":"conspire:HollyBat","floor":31,"turns":9},{"damage":3,"enemies":"bossMod:newCollector","floor":33,"turns":6},{"damage":42,"enemies":"3 Shapes","floor":35,"turns":3},{"damage":0,"enemies":"Orb Walker","floor":37,"turns":1},{"damage":48,"enemies":"Reptomancer","floor":40,"turns":2}],"seed_played":"7457843391314261282","potions_obtained":[{"floor":1,"key":"EssenceOfSteel"},{"floor":5,"key":"sneckomod:MuddlingPotion"},{"floor":6,"key":"AttackPotion"},{"floor":11,"key":"ColorlessPotion"},{"floor":14,"key":"AttackPotion"},{"floor":21,"key":"Block Potion"},{"floor":24,"key":"bronze:BurnAndBuffPotion"},{"floor":25,"key":"bronze:BurnAndBuffPotion"},{"floor":28,"key":"SkillPotion"},{"floor":31,"key":"SkillPotion"},{"floor":33,"key":"sneckomod:MuddlingPotion"}],"is_trial":true,"path_per_floor":["M","M","M","?","M","E","M","E","T","$","E","R","M","M","R","B",null,"M","?","?","M","T","E","M","NM","T","$","?","E","?","M","R","B",null,"M","$","M","T","?","E"],"character_chosen":"HERMIT","items_purchased":["hermit:RyeStalk","Bag of Marbles","Blood Vial","infinitespire:Satchel"],"campfire_rested":0,"item_purchase_floors":[10,27,27,36],"current_hp_per_floor":[75,75,75,75,75,75,75,70,70,70,68,68,64,67,67,75,75,75,75,75,75,75,75,75,66,66,66,66,70,70,75,75,72,75,33,33,39,39,30,0,0],"gold":55,"neow_bonus":"","is_daily":false,"chose_seed":false,"campfire_upgraded":3,"win_rate":0.0,"timestamp":1612559231,"path_taken":["M","M","M","?","M","E","M","E","T","$","E","R","M","M","R","BOSS","M","?","?","?","?","E","M","NM","T","$","?","E","?","?","R","BOSS","M","$","M","?","?","E"],"items_purchased_type":["Relic","Relic","Relic","Relic"],"build_version":"2020-12-22","purchased_purges":2,"victory":false,"max_hp_per_floor":[75,75,75,75,75,75,75,75,75,75,75,75,75,75,75,75,75,75,75,75,75,75,75,75,75,75,75,75,75,75,75,75,75,75,75,75,75,75,75,75,75],"card_choices":[{"not_picked":["hermit:DeadMansHand","hermit:Determination"],"picked":"hermit:Combo","floor":1},{"not_picked":["hermit:Scavenge","hermit:HoleUp"],"picked":"hermit:FlashPowder","floor":2},{"not_picked":["hermit:Combo","hermit:ItchyTrigger","hermit:CalledShot"],"picked":"SKIP","floor":3},{"not_picked":["hermit:SprayPray","hermit:Misfire","hermit:Ricochet"],"picked":"SKIP","floor":5},{"not_picked":["hermit:Malice","hermit:PistolWhip","hermit:Snipe"],"picked":"SKIP","floor":6},{"not_picked":["hermit:BodyArmor","hermit:FullyLoaded"],"picked":"hermit:Deadeye","floor":7},{"not_picked":["hermit:Desperado","hermit:Roulette","hermit:Determination"],"picked":"SKIP","floor":8},{"not_picked":["hermit:LowProfile","hermit:Ricochet"],"picked":"hermit:CalledShot","floor":11},{"not_picked":["hermit:Desperado","hermit:Headshot","hermit:Snipe"],"picked":"SKIP","floor":13},{"not_picked":["hermit:Dive","hermit:Misfire"],"picked":"hermit:LoneWolf","floor":14},{"not_picked":["hermit:DeadOrAlive","hermit:FromBeyond"],"picked":"hermit:FatalDesire","floor":16},{"not_picked":["hermit:LowProfile"],"picked":"SKIP","floor":18},{"not_picked":["hermit:Coalescence"],"picked":"SKIP","floor":21},{"not_picked":["hermit:TrackingShot"],"picked":"SKIP","floor":23},{"not_picked":["hermit:Snipe"],"picked":"SKIP","floor":24},{"not_picked":["hermit:LuckOfTheDraw"],"picked":"SKIP","floor":25},{"not_picked":[],"picked":"hermit:Glare","floor":29},{"not_picked":[],"picked":"hermit:HoleUp+1","floor":31},{"not_picked":[],"picked":"hermit:Magnum","floor":33},{"not_picked":["hermit:LuckOfTheDraw"],"picked":"SKIP","floor":35},{"not_picked":["hermit:GoldenBullet+1"],"picked":"SKIP","floor":37}],"player_experience":186003,"relics_obtained":[{"floor":0,"key":"Guardian:PocketSentry"},{"floor":0,"key":"StrikeDummy"},{"floor":0,"key":"infinitespire:Golems Mask"},{"floor":6,"key":"Tiny Chest"},{"floor":6,"key":"Calipers"},{"floor":8,"key":"Nunchaku"},{"floor":8,"key":"Bird Faced Urn"},{"floor":9,"key":"Matryoshka"},{"floor":11,"key":"Whetstone"},{"floor":11,"key":"War Paint"},{"floor":22,"key":"Boot"},{"floor":22,"key":"construct:FoamFinger"},{"floor":23,"key":"infinitespire:PuzzleCube"},{"floor":23,"key":"Eternal Feather"},{"floor":25,"key":"sneckomod:BlankCard"},{"floor":25,"key":"Bottled Flame"},{"floor":26,"key":"infinitespire:Lucky Rock"},{"floor":26,"key":"conspire:BottledYoYo"},{"floor":28,"key":"Blue Candle"},{"floor":29,"key":"conspire:TopHat"},{"floor":29,"key":"hermit:Spyglass"},{"floor":34,"key":"Smiling Mask"},{"floor":34,"key":"Pantograph"},{"floor":34,"key":"KyoryuNoHagoromo"},{"floor":38,"key":"Happy Flower"}],"event_choices":[{"damage_healed":0,"gold_gain":0,"player_choice":"Rummage","damage_taken":0,"relics_obtained":["WarpedTongs"],"max_hp_gain":0,"max_hp_loss":0,"event_name":"Accursed Blacksmith","floor":20,"gold_loss":0,"cards_obtained":["Pain"]},{"damage_healed":0,"gold_gain":0,"player_choice":"Smashed Altar","damage_taken":0,"max_hp_gain":0,"max_hp_loss":0,"event_name":"Forgotten Altar","floor":30,"gold_loss":0,"cards_obtained":["Decay"]},{"damage_healed":0,"gold_gain":0,"player_choice":"Embrace Madness","damage_taken":9,"max_hp_gain":0,"max_hp_loss":0,"event_name":"Winding Halls","floor":39,"gold_loss":0,"cards_obtained":["Madness","Madness"]}],"is_beta":false,"boss_relics":[{"not_picked":["Black Star","conspire:SeveredTorchhead"],"picked":"Busted Crown"},{"not_picked":["bronze:MakeshiftBattery","construct:WeddingRing"],"picked":"Calling Bell"}],"items_purged_floors":[10,27],"is_endless":true,"potions_floor_spawned":[1,5,6,11,14,21,24,25,31,33,35],"killed_by":"Reptomancer","ascension_level":1}}