{"host":"f76wcztdlwlduum6","time":1612510026,"event":{"mods":["BaseMod","BetterRewards","Colored Powertips","Minty Spire (QoL Compilation)","Quick Restart","Rare Cards Sparkle","Relic Stats","StSLib","SuperFastMode","everything is the same but u backflip on backflip"],"gold_per_floor":[114,114,1,1,12,12,46,46,116,145,145,180,180,194,194,271,271,284,304,304,354,354,388,388,413,413,413,447,447,467,467,467,539,539,559,559,559,834,0,26,26,39,87,105,105,130,142,142,142,142,142,142,41,76,76],"floor_reached":56,"language":"ENG","playtime":2316,"items_purged":["Strike_P","Defend_P","Strike_P","Strike_P","Strike_P","Eruption","Defend_P","Regret"],"score":3025,"play_id":"75cb1b35-98df-41e2-a1bf-4a53829d849b","local_time":"20210205012706","is_ascension_mode":true,"campfire_choices":[{"data":"LikeWater","floor":6,"key":"SMITH"},{"data":"LikeWater","floor":11,"key":"SMITH"},{"data":"LikeWater","floor":13,"key":"SMITH"},{"data":"LikeWater","floor":15,"key":"SMITH"},{"data":"LikeWater","floor":24,"key":"SMITH"},{"data":"LikeWater","floor":27,"key":"SMITH"},{"data":"Defend_P","floor":32,"key":"PURGE"},{"floor":45,"key":"RECALL"},{"data":"MentalFortress+1","floor":49,"key":"PURGE"},{"data":"Good Instincts+1","floor":52,"key":"PURGE"}],"circlet_count":0,"master_deck":["AscendersBane","Vigilance+1","LikeWater+1","ClearTheMind+1","Brilliance+1","Brilliance+1","Devotion+1","Panacea+1","Master of Strategy+1","Dark Shackles+1","MentalFortress+1","LikeWater+1","Master of Strategy+1","LikeWater+1","Panacea+1","Master of Strategy+1","LikeWater+1","LikeWater+1","Prostrate+1","Deep Breath+1","LikeWater+1","DeusExMachina+1","Prostrate+1","Prostrate+1","InnerPeace+1","Vault+1","Devotion+1","InnerPeace+1","MentalFortress+1","Study+1","Vault+1","Prostrate+1","Prostrate+1","Master of Strategy+1","ClearTheMind+1","ClearTheMind+1"],"relics":["HolyWater","Membership Card","Peace Pipe","CaptainsWheel","CloakClasp","Torii","ClockworkSouvenir","Damaru","TeardropLocket","Anchor","Mango","Strawberry","Oddly Smooth Stone","Ancient Tea Set","The Courier","War Paint","Juzu Bracelet","Philosopher\u0027s Stone","MutagenicStrength","Pantograph","Nunchaku","Lizard Tail","Bottled Flame","CultistMask","Mark of the Bloom","HandDrill","Singing Bowl","Vajra","Boot","Toy Ornithopter","Omamori","Happy Flower","Toxic Egg 2","StrikeDummy","Dream Catcher","PreservedInsect","Bottled Lightning","Thread and Needle"],"acts_visited":["Exordium","TheCity","TheBeyond","TheEnding"],"potions_floor_usage":[7,18,30,30,55],"damage_taken":[{"damage":0,"enemies":"Jaw Worm","floor":1,"turns":4},{"damage":0,"enemies":"2 Louse","floor":5,"turns":5},{"damage":0,"enemies":"Lagavulin","floor":7,"turns":5},{"damage":0,"enemies":"Gremlin Nob","floor":10,"turns":6},{"damage":0,"enemies":"Lagavulin","floor":12,"turns":5},{"damage":0,"enemies":"Cultist","floor":14,"turns":2},{"damage":0,"enemies":"Slime Boss","floor":16,"turns":4},{"damage":0,"enemies":"Chosen","floor":18,"turns":4},{"damage":0,"enemies":"Spheric Guardian","floor":19,"turns":4},{"damage":0,"enemies":"Book of Stabbing","floor":23,"turns":5},{"damage":1,"enemies":"Slavers","floor":25,"turns":7},{"damage":0,"enemies":"Book of Stabbing","floor":28,"turns":4},{"damage":0,"enemies":"Chosen and Byrds","floor":30,"turns":5},{"damage":0,"enemies":"Champ","floor":33,"turns":6},{"damage":11,"enemies":"3 Darklings","floor":35,"turns":4},{"damage":0,"enemies":"Nemesis","floor":40,"turns":6},{"damage":0,"enemies":"3 Shapes","floor":42,"turns":4},{"damage":0,"enemies":"Transient","floor":44,"turns":5},{"damage":0,"enemies":"Giant Head","floor":46,"turns":4},{"damage":6,"enemies":"4 Shapes","floor":47,"turns":5},{"damage":0,"enemies":"Awakened One","floor":50,"turns":6},{"damage":0,"enemies":"Shield and Spear","floor":54,"turns":1},{"damage":4,"enemies":"The Heart","floor":55,"turns":7}],"seed_played":"8480038856752469644","potions_obtained":[{"floor":5,"key":"SkillPotion"},{"floor":7,"key":"CultistPotion"},{"floor":10,"key":"Dexterity Potion"},{"floor":14,"key":"PowerPotion"},{"floor":18,"key":"DistilledChaos"},{"floor":28,"key":"EntropicBrew"},{"floor":40,"key":"FairyPotion"}],"is_trial":false,"path_per_floor":["M","?","$","?","M","R","E","?","T","E","R","E","R","M","R","B",null,"M","M","?","?","?","E","R","E","T","R","E","?","M","?","R","B",null,"M","?","?","?","$","E","?","M","T","M","R","E","M","?","R","B",null,"R","$","E","B",null],"character_chosen":"WATCHER","items_purchased":["Membership Card","CaptainsWheel","CloakClasp","Torii","LikeWater","ClockworkSouvenir","ClearTheMind","MentalFortress","TeardropLocket","Sadistic Nature","Panacea","Anchor","MentalFortress","Master of Strategy","Dark Shackles","MentalFortress","LikeWater","Master of Strategy","Bandage Up","LikeWater","Panacea","Master of Strategy","Mango","LikeWater","LikeWater","Prostrate","Deep Breath","Strawberry","Oddly Smooth Stone","LikeWater","HandDrill","Singing Bowl","Vajra","Boot","Toy Ornithopter","Omamori","Happy Flower","Toxic Egg 2","StrikeDummy","Dream Catcher","Prostrate+1","Master of Strategy+1","ClearTheMind+1"],"campfire_rested":0,"item_purchase_floors":[0,0,0,0,0,0,0,0,0,0,0,0,0,0,0,0,0,0,0,0,0,0,0,0,0,0,0,0,3,3,39,39,39,39,39,39,39,39,39,39,53,53,53],"current_hp_per_floor":[86,91,91,91,94,94,94,87,87,91,91,91,91,91,91,94,94,94,94,94,94,94,94,94,94,94,94,94,94,94,94,94,94,94,89,89,89,89,89,89,79,79,79,79,79,79,73,73,73,73,73,73,73,73,69],"gold":76,"neow_bonus":"","is_daily":false,"chose_seed":false,"campfire_upgraded":6,"win_rate":0.0,"timestamp":1612510026,"path_taken":["M","?","$","?","?","R","E","?","T","E","R","E","R","M","R","BOSS","M","M","?","?","?","E","R","E","T","R","E","?","M","?","R","BOSS","M","?","?","?","?","E","?","M","T","M","R","E","M","?","R","BOSS","R","$","E","BOSS"],"items_purchased_type":["Relic","Relic","Relic","Relic","Card","Relic","Card","Card","Relic","Card","Card","Relic","Card","Card","Card","Card","Card","Card","Card","Card","Card","Card","Relic","Card","Card","Card","Card","Relic","Relic","Card","Relic","Relic","Relic","Relic","Relic","Relic","Relic","Relic","Relic","Relic","Card","Card","Card"],"build_version":"2020-12-22","purchased_purges":8,"victory":true,"max_hp_per_floor":[89,94,94,94,94,94,94,94,94,94,94,94,94,94,94,94,94,94,94,94,94,94,94,94,94,94,94,94,94,94,94,94,94,94,94,94,94,94,94,96,98,100,100,100,100,100,100,95,95,95,95,95,95,95,95],"relic_stats":{"Mark of the Bloom":205,"Torii":4,"Singing Bowl":6,"Happy Flower":[12],"counters":[303,1167],"PreservedInsect":207,"CloakClasp":[224],"Juzu Bracelet":4,"War Paint":["Prostrate","Master of Strategy","DeusExMachina","Bandage Up","Deep Breath","ClearTheMind"],"Boot":[8],"Peace Pipe":4,"Nunchaku":[5],"Lizard Tail":0,"Dream Catcher":0,"Pantograph":0,"HandDrill":[0],"obtain_stats":[{"Whetstone":9,"Ginger":53,"Bottled Tornado":45,"Sling":37,"Boot":27,"Old Coin":43,"Blood Vial":40,"MealTicket":14,"Fusion Hammer":17,"HandDrill":39,"Kunai":9,"Pear":0,"Blue Candle":48,"Pen Nib":0,"Guardian:PocketSentry":0,"Akabeko":37,"SlaversCollar":17,"Bird Faced Urn":0,"MutagenicStrength":45,"CultistMask":29,"StrikeDummy":7,"Unceasing Top":48,"Lantern":38,"Regal Pillow":40,"Singing Bowl":31,"Torii":0,"StoneCalendar":53,"Bag of Preparation":0,"Ancient Tea Set":30,"Cursed Key":34,"Shovel":42,"Matryoshka":40,"Chemical X":53,"InkBottle":27,"Potion Belt":44,"Lee\u0027s Waffle":19,"Golden Idol":5,"Damaru":0,"Circlet":0,"Thread and Needle":54,"The Courier":31,"PreservedInsect":40,"Omamori":0,"Frozen Egg 2":0,"bronze:BronzeIdol":28,"Busted Crown":17,"Ornamental Fan":45,"Orrery":31,"Turnip":54,"Art of War":38,"Bottled Lightning":8,"hexamod:BolsterEngine":40,"Toy Ornithopter":11,"Ice Cream":0,"Mark of the Bloom":36,"Calipers":0,"Gremlin Horn":0,"CeramicFish":11,"Vajra":23,"Sozu":34,"Lizard Tail":53,"Centennial Puzzle":23,"HornCleat":53,"DollysMirror":0,"Strawberry":3,"Prayer Wheel":22,"Philosopher\u0027s Stone":34,"VioletLotus":1,"Toxic Egg 2":3,"Girya":43,"Happy Flower":0,"Dead Branch":41,"Oddly Smooth Stone":0,"Letter Opener":26,"War Paint":37,"sneckomod:SneckoTalon":34,"Question Card":0,"Du-Vu Doll":8,"OrangePellets":0,"Bottled Flame":54,"Shuriken":0,"Bronze Scales":0,"Molten Egg 2":14,"Slimebound:PreparedRelic":37,"Nloth\u0027s Gift":22,"Meat on the Bone":2,"Pocketwatch":47,"Darkstone Periapt":0,"Enchiridion":30,"Mango":19,"Yang":26,"CloakClasp":1,"Juzu Bracelet":6,"Incense Burner":45,"TeardropLocket":0,"PrismaticShard":25,"ClockworkSouvenir":0,"Nunchaku":9,"Dream Catcher":28,"TheAbacus":0,"Slimebound:StickyStick":2,"Mummified Hand":23,"Pantograph":53,"Tiny Chest":12,"Red Mask":36,"Orichalcum":21,"Odd Mushroom":13,"Medical Kit":38,"Mercury Hourglass":21,"Calling Bell":34,"Peace Pipe":7,"Strange Spoon":53,"Anchor":0,"CaptainsWheel":0,"HolyWater":34,"Coffee Dripper":34,"Bag of Marbles":0,"Membership Card":0,"PureWater":0,"FossilizedHelix":27,"TungstenRod":0},{"Whetstone":33,"Ginger":51,"Bottled Tornado":142,"Sling":21,"Boot":41,"Old Coin":199,"Blood Vial":77,"MealTicket":36,"Fusion Hammer":182,"HandDrill":295,"Kunai":58,"Pear":29,"Blue Candle":50,"Pen Nib":29,"Guardian:PocketSentry":29,"Akabeko":21,"SlaversCollar":9,"Bird Faced Urn":53,"MutagenicStrength":111,"CultistMask":292,"StrikeDummy":178,"Unceasing Top":232,"Lantern":21,"Regal Pillow":109,"Singing Bowl":72,"Torii":280,"StoneCalendar":27,"Bag of Preparation":29,"Ancient Tea Set":43,"Cursed Key":192,"Shovel":168,"Matryoshka":229,"Chemical X":27,"InkBottle":251,"Potion Belt":24,"Lee\u0027s Waffle":10,"Golden Idol":119,"Damaru":29,"Circlet":174,"Thread and Needle":302,"The Courier":18,"PreservedInsect":296,"Omamori":29,"Frozen Egg 2":29,"bronze:BronzeIdol":16,"Busted Crown":258,"Ornamental Fan":49,"Orrery":72,"Turnip":52,"Art of War":46,"Bottled Lightning":5,"hexamod:BolsterEngine":23,"Toy Ornithopter":6,"Ice Cream":29,"Mark of the Bloom":295,"Calipers":205,"Gremlin Horn":145,"CeramicFish":35,"Vajra":14,"Sozu":104,"Lizard Tail":114,"Centennial Puzzle":249,"HornCleat":27,"DollysMirror":29,"Strawberry":30,"Prayer Wheel":67,"Philosopher\u0027s Stone":73,"VioletLotus":1,"Toxic Egg 2":1,"Girya":23,"Happy Flower":29,"Dead Branch":78,"Oddly Smooth Stone":85,"Letter Opener":15,"War Paint":21,"sneckomod:SneckoTalon":45,"Question Card":85,"Du-Vu Doll":5,"OrangePellets":53,"Bottled Flame":28,"Shuriken":85,"Bronze Scales":29,"Molten Egg 2":244,"Slimebound:PreparedRelic":21,"Nloth\u0027s Gift":67,"Meat on the Bone":1,"Pocketwatch":26,"Darkstone Periapt":174,"Enchiridion":133,"Mango":10,"Yang":131,"CloakClasp":1,"Juzu Bracelet":4,"Incense Burner":142,"TeardropLocket":0,"PrismaticShard":40,"ClockworkSouvenir":53,"Nunchaku":121,"Dream Catcher":132,"TheAbacus":29,"Slimebound:StickyStick":1,"Mummified Hand":14,"Pantograph":27,"Tiny Chest":212,"Red Mask":74,"Orichalcum":39,"Odd Mushroom":93,"Medical Kit":46,"Mercury Hourglass":39,"Calling Bell":224,"Peace Pipe":271,"Strange Spoon":114,"Anchor":29,"CaptainsWheel":280,"HolyWater":164,"Coffee Dripper":19,"Bag of Marbles":29,"Membership Card":29,"PureWater":0,"FossilizedHelix":71,"TungstenRod":235},{"Whetstone":157,"Ginger":214,"Bottled Tornado":534,"Sling":100,"Boot":180,"Old Coin":708,"Blood Vial":306,"MealTicket":166,"Fusion Hammer":664,"HandDrill":1129,"Kunai":239,"Pear":149,"Blue Candle":209,"Pen Nib":149,"Guardian:PocketSentry":149,"Akabeko":100,"SlaversCollar":44,"Bird Faced Urn":225,"MutagenicStrength":431,"CultistMask":1114,"StrikeDummy":648,"Unceasing Top":824,"Lantern":100,"Regal Pillow":423,"Singing Bowl":283,"Torii":1059,"StoneCalendar":136,"Bag of Preparation":149,"Ancient Tea Set":185,"Cursed Key":686,"Shovel":607,"Matryoshka":811,"Chemical X":136,"InkBottle":921,"Potion Belt":120,"Lee\u0027s Waffle":48,"Golden Idol":464,"Damaru":149,"Circlet":631,"Thread and Needle":1160,"The Courier":85,"PreservedInsect":1135,"Omamori":149,"Frozen Egg 2":149,"bronze:BronzeIdol":77,"Busted Crown":953,"Ornamental Fan":206,"Orrery":283,"Turnip":219,"Art of War":196,"Bottled Lightning":27,"hexamod:BolsterEngine":113,"Toy Ornithopter":31,"Ice Cream":149,"Mark of the Bloom":1129,"Calipers":722,"Gremlin Horn":545,"CeramicFish":163,"Vajra":72,"Sozu":406,"Lizard Tail":444,"Centennial Puzzle":911,"HornCleat":136,"DollysMirror":149,"Strawberry":150,"Prayer Wheel":264,"Philosopher\u0027s Stone":291,"VioletLotus":3,"Toxic Egg 2":8,"Girya":113,"Happy Flower":149,"Dead Branch":309,"Oddly Smooth Stone":343,"Letter Opener":74,"War Paint":100,"sneckomod:SneckoTalon":193,"Question Card":343,"Du-Vu Doll":27,"OrangePellets":225,"Bottled Flame":141,"Shuriken":343,"Bronze Scales":149,"Molten Egg 2":883,"Slimebound:PreparedRelic":100,"Nloth\u0027s Gift":264,"Meat on the Bone":8,"Pocketwatch":129,"Darkstone Periapt":631,"Enchiridion":512,"Mango":48,"Yang":507,"CloakClasp":3,"Juzu Bracelet":23,"Incense Burner":534,"TeardropLocket":0,"PrismaticShard":177,"ClockworkSouvenir":225,"Nunchaku":475,"Dream Catcher":510,"TheAbacus":149,"Slimebound:StickyStick":8,"Mummified Hand":70,"Pantograph":136,"Tiny Chest":743,"Red Mask":294,"Orichalcum":175,"Odd Mushroom":367,"Medical Kit":196,"Mercury Hourglass":175,"Calling Bell":791,"Peace Pipe":1010,"Strange Spoon":444,"Anchor":149,"CaptainsWheel":1059,"HolyWater":593,"Coffee Dripper":92,"Bag of Marbles":149,"Membership Card":149,"PureWater":0,"FossilizedHelix":279,"TungstenRod":841}],"Toy Ornithopter":0},"card_choices":[{"not_picked":["BowlingBash","FlurryOfBlows","Weave"],"picked":"SKIP","floor":1},{"not_picked":["Consecrate","FollowUp"],"picked":"Prostrate","floor":5},{"not_picked":["Consecrate","BowlingBash","FlurryOfBlows"],"picked":"SKIP","floor":7},{"not_picked":["CarveReality","FlyingSleeves","EmptyFist"],"picked":"SKIP","floor":10},{"not_picked":["CarveReality","TalkToTheHand"],"picked":"Prostrate","floor":12},{"not_picked":["ForeignInfluence","ClearTheMind"],"picked":"InnerPeace","floor":14},{"not_picked":["Blasphemy","ConjureBlade"],"picked":"Vault","floor":16},{"not_picked":["WindmillStrike","Adaptation","Wallop"],"picked":"SKIP","floor":18},{"not_picked":["FollowUp+1","Protect"],"picked":"MentalFortress","floor":19},{"not_picked":["MentalFortress","Prostrate","BowlingBash"],"picked":"SKIP","floor":23},{"not_picked":["Pray+1","LessonLearned","Swivel"],"picked":"SKIP","floor":25},{"not_picked":["FollowUp","Consecrate+1","Judgement"],"picked":"SKIP","floor":28},{"not_picked":["BowlingBash","CutThroughFate","FlurryOfBlows"],"picked":"SKIP","floor":30},{"not_picked":["Halt","MentalFortress"],"picked":"Study","floor":35},{"not_picked":["Crescendo+1","FlurryOfBlows+1","FearNoEvil"],"picked":"Singing Bowl","floor":40},{"not_picked":["Forethought+1","Trip+1","Mayhem"],"picked":"Singing Bowl","floor":41},{"not_picked":["Discovery+1","Forethought+1"],"picked":"Bandage Up+1","floor":41},{"not_picked":["The Bomb+1","Madness+1"],"picked":"Good Instincts+1","floor":41},{"not_picked":["PathToVictory+1","SashWhip+1","EmptyFist+1"],"picked":"Singing Bowl","floor":42},{"not_picked":["PathToVictory+1","Nirvana"],"picked":"Vault+1","floor":44},{"not_picked":["TalkToTheHand","Worship+1","FlyingSleeves"],"picked":"SKIP","floor":46},{"not_picked":["JustLucky","WheelKick+1"],"picked":"Prostrate+1","floor":47},{"not_picked":["Study","Wallop"],"picked":"ClearTheMind+1","floor":54}],"player_experience":270546,"relics_obtained":[{"floor":7,"key":"Ancient Tea Set"},{"floor":9,"key":"The Courier"},{"floor":10,"key":"War Paint"},{"floor":12,"key":"Juzu Bracelet"},{"floor":23,"key":"Pantograph"},{"floor":25,"key":"Nunchaku"},{"floor":26,"key":"Lizard Tail"},{"floor":28,"key":"Bottled Flame"},{"floor":40,"key":"PreservedInsect"},{"floor":46,"key":"Bottled Lightning"},{"floor":54,"key":"Thread and Needle"}],"event_choices":[{"damage_healed":0,"gold_gain":0,"player_choice":"Donut","damage_taken":0,"max_hp_gain":5,"max_hp_loss":0,"event_name":"Big Fish","floor":2,"gold_loss":0},{"damage_healed":0,"gold_gain":0,"player_choice":"1 cards matched","damage_taken":0,"max_hp_gain":0,"max_hp_loss":0,"event_name":"Match and Keep!","floor":4,"gold_loss":0,"cards_obtained":["DeusExMachina"]},{"cards_removed":["Defend_P"],"damage_healed":0,"gold_gain":0,"player_choice":"Card Removal","damage_taken":7,"max_hp_gain":0,"max_hp_loss":0,"event_name":"Golden Wing","floor":8,"gold_loss":0},{"cards_removed":["Sadistic Nature"],"damage_healed":0,"gold_gain":0,"player_choice":"Purged","damage_taken":0,"max_hp_gain":0,"max_hp_loss":0,"event_name":"Purifier","floor":20,"gold_loss":0},{"damage_healed":0,"gold_gain":50,"player_choice":"Stole From Cult","damage_taken":0,"max_hp_gain":0,"max_hp_loss":0,"event_name":"Nest","floor":21,"gold_loss":0},{"damage_healed":0,"gold_gain":0,"player_choice":"Inject Mutagens","damage_taken":0,"relics_obtained":["MutagenicStrength"],"max_hp_gain":0,"max_hp_loss":0,"event_name":"Drug Dealer","floor":22,"gold_loss":0},{"damage_healed":0,"gold_gain":0,"player_choice":"Trade","damage_taken":0,"relics_obtained":["CultistMask"],"max_hp_gain":0,"max_hp_loss":0,"event_name":"FaceTrader","floor":29,"gold_loss":0},{"damage_healed":0,"gold_gain":0,"player_choice":"Ignored","damage_taken":0,"max_hp_gain":0,"max_hp_loss":0,"event_name":"Vampires","floor":31,"gold_loss":0},{"damage_healed":0,"gold_gain":0,"player_choice":"Upgrade","damage_taken":0,"relics_obtained":["Mark of the Bloom"],"max_hp_gain":0,"max_hp_loss":0,"event_name":"MindBloom","floor":36,"gold_loss":0,"cards_upgraded":["Vigilance","MentalFortress","Brilliance","Brilliance","Panacea","MentalFortress","Master of Strategy","Dark Shackles","MentalFortress","Master of Strategy","Panacea","Prostrate","Prostrate","InnerPeace","Vault","MentalFortress","Study"]},{"cards_removed":["MentalFortress"],"damage_healed":5,"gold_gain":0,"player_choice":"Offered Uncommon","damage_taken":0,"max_hp_gain":0,"max_hp_loss":0,"event_name":"Bonfire Elementals","floor":37,"gold_loss":0},{"damage_healed":0,"gold_gain":275,"player_choice":"Desecrate","damage_taken":0,"max_hp_gain":0,"max_hp_loss":0,"event_name":"Golden Shrine","floor":38,"gold_loss":0,"cards_obtained":["Regret"]},{"damage_healed":0,"gold_gain":0,"player_choice":"Memory 3","damage_taken":10,"max_hp_gain":0,"max_hp_loss":0,"event_name":"SensoryStone","floor":41,"gold_loss":0},{"damage_healed":0,"gold_gain":0,"player_choice":"Max HP","damage_taken":0,"max_hp_gain":0,"max_hp_loss":5,"event_name":"Winding Halls","floor":48,"gold_loss":0}],"is_beta":false,"boss_relics":[{"not_picked":["SacredBark","Runic Pyramid","Ectoplasm"]},{"not_picked":["Philosopher\u0027s Stone","Tiny House"],"picked":"HolyWater"}],"items_purged_floors":[0,0,0,0,0,0,0,39],"is_endless":false,"potions_floor_spawned":[5,7,10,14,18,23,28,30,40,44,47,54],"ascension_level":15}}