{"host":"f5gffvlv6a66yqkd","time":1612523148,"event":{"mods":["2.2 Compatiblity","BaseMod","Colored Map","Custom Start","DeckTracker","Keyboard Shortcuts","Minty Spire (QoL Compilation)","Permanent Neow","Quick Restart","Relic Stats","StSLib","SuperFastMode"],"gold_per_floor":[115,115,133,149,162,162,172,172,172,190,206,221,221,232,232,303,303,318,329,10,10,30,30,43,43,70,70,0,0,0,0,0,77,127,145,5,16,71,96,96,96],"floor_reached":40,"language":"KOR","playtime":1132,"items_purged":["Strike_P","Defend_P"],"score":760,"play_id":"4388267e-d190-49d2-bca3-6a53288d00be","local_time":"20210205200548","is_ascension_mode":true,"campfire_choices":[{"data":"Eruption","floor":6.0,"key":"SMITH"},{"data":"Adaptation","floor":8.0,"key":"SMITH"},{"floor":13.0,"key":"REST"},{"data":"CrushJoints","floor":15.0,"key":"SMITH"},{"data":"Ragnarok","floor":23.0,"key":"SMITH"},{"data":"Adaptation","floor":30.0,"key":"SMITH"},{"data":"EmptyMind","floor":32.0,"key":"SMITH"}],"circlet_count":0,"master_deck":["AscendersBane","Defend_P+1","Defend_P+1","Eruption+1","Vigilance","CutThroughFate+1","Adaptation+1","FearNoEvil","EmptyMind+1","Consecrate","CrushJoints+1","EmptyBody","Judgement","Ragnarok+1","Halt","Adaptation+1","InnerPeace","Scrawl","MentalFortress"],"relics":["PureWater","The Courier","Sozu","Shuriken","Juzu Bracelet","Tiny House","Unceasing Top","Turnip"],"acts_visited":["Exordium","TheCity","TheBeyond"],"potions_floor_usage":[40],"damage_taken":[{"damage":7.0,"enemies":"Small Slimes","floor":1.0,"turns":2.0},{"damage":7.0,"enemies":"2 Louse","floor":3.0,"turns":2.0},{"damage":0.0,"enemies":"Jaw Worm","floor":4.0,"turns":3.0},{"damage":8.0,"enemies":"Blue Slaver","floor":5.0,"turns":3.0},{"damage":0.0,"enemies":"Exordium Thugs","floor":7.0,"turns":3.0},{"damage":3.0,"enemies":"Large Slime","floor":10.0,"turns":4.0},{"damage":0.0,"enemies":"Exordium Wildlife","floor":11.0,"turns":1.0},{"damage":3.0,"enemies":"3 Louse","floor":12.0,"turns":2.0},{"damage":3.0,"enemies":"Red Slaver","floor":14.0,"turns":3.0},{"damage":34.0,"enemies":"The Guardian","floor":16.0,"turns":13.0},{"damage":11.0,"enemies":"Shell Parasite","floor":18.0,"turns":3.0},{"damage":6.0,"enemies":"2 Thieves","floor":19.0,"turns":3.0},{"damage":1.0,"enemies":"Chosen and Byrds","floor":22.0,"turns":3.0},{"damage":4.0,"enemies":"3 Cultists","floor":24.0,"turns":3.0},{"damage":27.0,"enemies":"Automaton","floor":33.0,"turns":6.0},{"damage":0.0,"enemies":"3 Darklings","floor":35.0,"turns":2.0},{"damage":0.0,"enemies":"3 Shapes","floor":37.0,"turns":4.0},{"damage":14.0,"enemies":"2 Orb Walkers","floor":38.0,"turns":3.0},{"damage":0.0,"enemies":"Mind Bloom Boss Battle","floor":39.0,"turns":3.0},{"damage":49,"enemies":"Nemesis","floor":40,"turns":5}],"seed_played":"3995135217754213797","potions_obtained":[{"floor":1.0,"key":"SpeedPotion"},{"floor":4.0,"key":"EssenceOfSteel"},{"floor":7.0,"key":"Explosive Potion"},{"floor":14.0,"key":"Regen Potion"}],"is_trial":false,"path_per_floor":["M","?","M","M","M","R","M","R","T","M","M","M","R","M","R","B",null,"M","M","$","?","M","R","M","?","T","?","?","?","R","$","R","B",null,"M","$","M","?","?","E"],"character_chosen":"WATCHER","items_purchased":["Halt","Shuriken","MentalFortress"],"campfire_rested":1,"item_purchase_floors":[20,20,36],"current_hp_per_floor":[54,34,27,27,19,19,19,19,19,16,16,13,33,30,30,11,54,43,37,37,37,36,36,32,32,32,32,32,32,32,32,32,5,57,57,57,57,43,43,0,0],"gold":96,"neow_bonus":"THREE_CARDS","is_daily":false,"chose_seed":false,"campfire_upgraded":6,"win_rate":0.0,"timestamp":1612523148,"path_taken":["M","?","M","M","M","R","M","R","T","M","M","M","R","M","R","BOSS","M","M","$","?","M","R","M","?","T","?","?","?","R","?","R","BOSS","M","$","M","?","?","E"],"items_purchased_type":["Card","Relic","Card"],"build_version":"2020-12-22","purchased_purges":2,"victory":false,"max_hp_per_floor":[68,68,68,68,68,68,68,68,68,68,68,68,68,68,68,68,68,68,68,68,68,68,68,68,68,68,68,68,68,68,68,68,68,73,73,73,73,73,73,73,73],"relic_stats":{"Sozu":6,"counters":[20,71],"Shuriken":[14],"Turnip":[0],"Juzu Bracelet":1,"obtain_stats":[{"Sozu":17,"Tiny House":34,"Shuriken":20,"The Courier":9,"Turnip":39,"Juzu Bracelet":26,"PureWater":0,"Unceasing Top":38},{"Sozu":10,"Tiny House":15,"Shuriken":12,"The Courier":5,"Turnip":19,"Juzu Bracelet":14,"PureWater":0,"Unceasing Top":18},{"Sozu":36,"Tiny House":54,"Shuriken":42,"The Courier":13,"Turnip":66,"Juzu Bracelet":48,"PureWater":0,"Unceasing Top":63}],"Unceasing Top":[0]},"card_choices":[{"not_picked":["FollowUp","Indignation"],"picked":"CutThroughFate","floor":0.0},{"not_picked":["WreathOfFlame","Sanctity"],"picked":"Adaptation","floor":1.0},{"not_picked":["Indignation","Prostrate"],"picked":"FearNoEvil","floor":3.0},{"not_picked":["Meditate","ClearTheMind"],"picked":"EmptyMind","floor":4.0},{"not_picked":["Crescendo","EmptyBody"],"picked":"Consecrate","floor":5.0},{"not_picked":["EmptyBody","LikeWater","Evaluate"],"picked":"SKIP","floor":7.0},{"not_picked":["Fasting2","Worship","ClearTheMind"],"picked":"SKIP","floor":10.0},{"not_picked":["Wireheading","WaveOfTheHand"],"picked":"CrushJoints","floor":11.0},{"not_picked":["Fasting2","ClearTheMind"],"picked":"EmptyBody","floor":12.0},{"not_picked":["EmptyBody","Prostrate"],"picked":"Judgement","floor":14.0},{"not_picked":["Establishment","Alpha"],"picked":"Ragnarok","floor":16.0},{"not_picked":["Sanctity","Crescendo+1","Prostrate"],"picked":"SKIP","floor":18.0},{"not_picked":["CutThroughFate","CrushJoints","Study"],"picked":"SKIP","floor":19.0},{"not_picked":["BowlingBash","Ragnarok","FlyingSleeves+1"],"picked":"SKIP","floor":22.0},{"not_picked":["Evaluate","ClearTheMind+1","LikeWater"],"picked":"SKIP","floor":24.0},{"not_picked":["LessonLearned","DevaForm"],"picked":"Scrawl","floor":33.0},{"not_picked":["JustLucky+1","EmptyFist","CutThroughFate+1"],"picked":"SKIP","floor":35.0},{"not_picked":["InnerPeace","CrushJoints+1","Conclude+1"],"picked":"SKIP","floor":37.0}],"player_experience":1650738,"relics_obtained":[{"floor":9.0,"key":"The Courier"},{"floor":26.0,"key":"Juzu Bracelet"},{"floor":38.0,"key":"Unceasing Top"},{"floor":39.0,"key":"Turnip"}],"event_choices":[{"damage_healed":0.0,"max_hp_gain":0.0,"max_hp_loss":0.0,"gold_gain":0.0,"event_name":"Shining Light","player_choice":"Entered Light","floor":2.0,"gold_loss":0.0,"damage_taken":20.0,"cards_upgraded":["CutThroughFate","Defend_P"]},{"damage_healed":0.0,"max_hp_gain":0.0,"max_hp_loss":0.0,"gold_gain":0.0,"cards_transformed":["Strike_P","Strike_P"],"event_name":"Drug Dealer","player_choice":"Became Test Subject","floor":21.0,"gold_loss":0.0,"damage_taken":0.0,"cards_obtained":["Adaptation","InnerPeace"]},{"cards_removed":["Strike_P"],"damage_healed":0.0,"max_hp_gain":0.0,"max_hp_loss":0.0,"gold_gain":0.0,"event_name":"Back to Basics","player_choice":"Elegance","floor":25.0,"gold_loss":0.0,"damage_taken":0.0},{"damage_healed":0.0,"max_hp_gain":0.0,"max_hp_loss":0.0,"gold_gain":0.0,"event_name":"The Mausoleum","player_choice":"Ignored","floor":27.0,"gold_loss":0.0,"damage_taken":0.0},{"damage_healed":0.0,"max_hp_gain":0.0,"max_hp_loss":0.0,"gold_gain":0.0,"event_name":"Masked Bandits","player_choice":"Paid Fearfully","floor":28.0,"gold_loss":70.0,"damage_taken":0.0},{"cards_removed":["Defend_P"],"damage_healed":0.0,"max_hp_gain":0.0,"max_hp_loss":0.0,"gold_gain":0.0,"event_name":"Purifier","player_choice":"Purged","floor":29.0,"gold_loss":0.0,"damage_taken":0.0},{"damage_healed":0.0,"max_hp_gain":0.0,"max_hp_loss":0.0,"gold_gain":0.0,"event_name":"Mysterious Sphere","player_choice":"Fight","floor":38.0,"gold_loss":0.0,"damage_taken":0.0},{"damage_healed":0.0,"max_hp_gain":0.0,"max_hp_loss":0.0,"gold_gain":0.0,"event_name":"MindBloom","player_choice":"Fight","floor":39.0,"gold_loss":0.0,"damage_taken":0.0}],"is_beta":false,"boss_relics":[{"not_picked":["Runic Pyramid","Coffee Dripper"],"picked":"Sozu"},{"not_picked":["Calling Bell","Black Star"],"picked":"Tiny House"}],"items_purged_floors":[20,36],"is_endless":false,"potions_floor_spawned":[1,4,7,10,14,22,24,33,35,39],"killed_by":"Nemesis","ascension_level":20}}