{"host":"aq3xpixvif6gmjmv","time":1612530556,"event":{"mods":["BaseMod","CapriCore","Colored Map","Colored Powertips","Friendly Minions","Minty Spire (QoL Compilation)","StSLib","SuperFastMode","The Hierophant"],"gold_per_floor":[119,119,119,128,61,61,61,110,156,168,34,34,67,120,120,262,262,282,244,284,334,378,428,275,68,77,424,474,474,526,569,569,706,706,722,722,722,375,71,111,24,24,24,72,120,173,198,250,250,259],"floor_reached":51,"language":"KOR","playtime":1295,"items_purged":["Doubt","Injury","Pain"],"score":1600,"play_id":"01c915da-ed34-4fdd-901b-c433c063ec90","local_time":"20210205220916","daily_mods":["Draft","Vintage","Heirloom","Time Dilation","Flight","DeadlyEvents","Cursed Run","Elite Swarm"],"is_ascension_mode":true,"campfire_choices":[{"data":"Storm","floor":6.0,"key":"SMITH"},{"data":"Storm","floor":7.0,"key":"SMITH"},{"data":"White Noise","floor":10.0,"key":"SMITH"},{"data":"Buffer","floor":12.0,"key":"SMITH"},{"data":"Amplify","floor":15.0,"key":"SMITH"},{"data":"Biased Cognition","floor":29,"key":"SMITH"},{"data":"Seek","floor":32,"key":"SMITH"},{"data":"Defragment","floor":42,"key":"SMITH"},{"data":"Buffer","floor":49,"key":"SMITH"}],"circlet_count":0,"master_deck":["Turbo","Genetic Algorithm","Coolheaded","Hologram","Hello World","Conserve Battery+1","Loop","Capacitor","Storm+1","Ball Lightning+1","Storm+1","Hologram+1","Cold Snap+1","White Noise+1","Capacitor","Buffer+1","Amplify+1","Biased Cognition","Buffer+1","Seek+1","Loop","Self Repair","Self Repair","Storm","Storm","Storm+1","Biased Cognition+1","Creative AI","Echo Form","Parasite","Creative AI","Static Discharge","Storm","Storm","Heatsinks","Heatsinks","Storm","Capacitor","Static Discharge","Defragment","Creative AI","Storm","Defragment+1","Heatsinks","Static Discharge","Biased Cognition","Electrodynamics","Amplify+1","Machine Learning","Normality"],"relics":["Cursed Key","Darkstone Periapt","Du-Vu Doll","Mango","Art of War","Golden Idol","CeramicFish","MawBank","Boot","Membership Card","Cables","Thread and Needle","Nuclear Battery","The Courier","Red Mask","Gremlin Horn","Dream Catcher","DollysMirror","Tiny Chest","Mummified Hand","Toxic Egg 2","Old Coin","Molten Egg 2","Pantograph","War Paint","Black Star","Bronze Scales","Unceasing Top","DataDisk","TungstenRod","Bottled Lightning","Runic Capacitor","Omamori","FossilizedHelix","Prayer Wheel","Torii","Vajra","StrikeDummy","Lantern","Blood Vial","Smiling Mask","Regal Pillow","Strawberry","Whetstone","Incense Burner"],"acts_visited":["Exordium","TheCity","TheBeyond"],"potions_floor_usage":[],"damage_taken":[{"damage":5.0,"enemies":"Jaw Worm","floor":1.0,"turns":3.0},{"damage":5.0,"enemies":"Gremlin Nob","floor":8.0,"turns":3.0},{"damage":0.0,"enemies":"Lagavulin","floor":13.0,"turns":4.0},{"damage":0.0,"enemies":"Gremlin Nob","floor":14.0,"turns":3.0},{"damage":0.0,"enemies":"Slime Boss","floor":16.0,"turns":5.0},{"damage":0.0,"enemies":"Spheric Guardian","floor":18.0,"turns":3.0},{"damage":0.0,"enemies":"Masked Bandits","floor":20.0,"turns":2.0},{"damage":25.0,"enemies":"Slavers","floor":22.0,"turns":3.0},{"damage":18.0,"enemies":"Gremlin Leader","floor":23.0,"turns":3.0},{"damage":12,"enemies":"Slavers","floor":27,"turns":2},{"damage":0,"enemies":"Gremlin Leader","floor":28,"turns":2},{"damage":9,"enemies":"Slavers","floor":30,"turns":2},{"damage":0,"enemies":"Book of Stabbing","floor":31,"turns":3},{"damage":0,"enemies":"Automaton","floor":33,"turns":3},{"damage":0,"enemies":"3 Shapes","floor":35,"turns":2},{"damage":0,"enemies":"Nemesis","floor":40,"turns":1},{"damage":0,"enemies":"Giant Head","floor":44,"turns":1},{"damage":0,"enemies":"Reptomancer","floor":45,"turns":1},{"damage":0,"enemies":"Nemesis","floor":46,"turns":1},{"damage":0,"enemies":"Giant Head","floor":48,"turns":1},{"damage":0,"enemies":"Time Eater","floor":50,"turns":2}],"seed_played":"-8662596572380365314","potions_obtained":[{"floor":13.0,"key":"Block Potion"},{"floor":14.0,"key":"LiquidBronze"},{"floor":20.0,"key":"DuplicationPotion"}],"is_trial":true,"path_per_floor":["M","?","?","?","$","R","R","E","T","R","$","R","E","E","R","B",null,"M","$","?","?","E","E","$","$","T","E","E","R","E","E","R","B",null,"M","?","?","$","$","E","$","R","T","E","E","E","T","E","R","B",null],"character_chosen":"DEFECT","items_purchased":["Capacitor","Membership Card","Loop","Self Repair","Self Repair","Storm","Storm","DollysMirror","Tiny Chest","Mummified Hand","DataDisk","TungstenRod","Static Discharge","Storm","Storm","Heatsinks","Heatsinks","Bottled Lightning","Storm","Capacitor","Static Discharge","Defragment","Runic Capacitor","Omamori","Storm","Defragment","Heatsinks","Static Discharge"],"campfire_rested":0,"item_purchase_floors":[5,11,24,24,24,24,24,25,25,25,38,38,38,38,38,38,38,39,39,39,39,39,39,39,41,41,41,41],"current_hp_per_floor":[84,62,37,37,37,37,37,32,38,38,38,38,38,38,38,44,101,101,101,101,101,76,58,58,58,64,52,59,59,50,50,50,81,113,113,113,113,113,113,113,113,113,113,113,113,113,120,120,120,126],"gold":259,"neow_bonus":"","is_daily":false,"chose_seed":false,"campfire_upgraded":9,"win_rate":0.0,"timestamp":1612530556,"path_taken":["M","?","?","?","$","R","R","E","T","R","$","R","?","E","R","BOSS","M","$","?","?","?","E","$","$","T","E","E","R","E","E","R","BOSS","M","?","?","$","$","E","$","R","T","E","?","E","?","E","R","BOSS"],"items_purchased_type":["Card","Relic","Card","Card","Card","Card","Card","Relic","Relic","Relic","Relic","Relic","Card","Card","Card","Card","Card","Relic","Card","Card","Card","Card","Relic","Relic","Card","Card","Card","Card"],"build_version":"2020-12-22","purchased_purges":3,"victory":true,"max_hp_per_floor":[89,89,89,89,89,89,89,89,95,95,95,95,95,95,95,101,101,101,101,101,101,101,101,101,101,107,107,107,107,107,107,107,113,113,113,113,113,113,113,113,113,113,113,113,113,113,120,120,120,126],"card_choices":[{"not_picked":["Gash","Hologram"],"picked":"Turbo","floor":0.0},{"not_picked":["Recycle","Reprogram"],"picked":"Sweeping Beam","floor":0.0},{"not_picked":["Gash","Stack"],"picked":"Genetic Algorithm","floor":0.0},{"not_picked":["Turbo","Beam Cell"],"picked":"Coolheaded","floor":0.0},{"not_picked":["Sunder","Leap"],"picked":"Hologram","floor":0.0},{"not_picked":["Compile Driver","Go for the Eyes"],"picked":"Hello World","floor":0.0},{"not_picked":["Steam","Barrage"],"picked":"Conserve Battery","floor":0.0},{"not_picked":["Fusion","Hologram"],"picked":"Loop","floor":0.0},{"not_picked":["FTL","Consume"],"picked":"Capacitor","floor":0.0},{"not_picked":["Lockon","Ball Lightning"],"picked":"Storm","floor":0.0},{"not_picked":["Barrage","Fusion"],"picked":"Ball Lightning","floor":0.0},{"not_picked":["Tempest","Compile Driver"],"picked":"Storm","floor":0.0},{"not_picked":["Blizzard","Leap"],"picked":"Hologram","floor":0.0},{"not_picked":["Lockon","Hologram"],"picked":"Sweeping Beam","floor":0.0},{"not_picked":["Streamline","Sweeping Beam"],"picked":"Cold Snap","floor":0.0},{"not_picked":["Meteor Strike","Rainbow"],"picked":"Buffer","floor":8.0},{"not_picked":["All For One","Fission","Rainbow"],"picked":"SKIP","floor":13.0},{"not_picked":["Meteor Strike","Echo Form"],"picked":"Amplify","floor":14.0},{"not_picked":["All For One","Machine Learning"],"picked":"Biased Cognition","floor":16.0},{"not_picked":["Core Surge","Amplify"],"picked":"Buffer","floor":22.0},{"not_picked":["Machine Learning","Fission"],"picked":"Seek","floor":23.0},{"not_picked":["Hyperbeam","Amplify+1"],"picked":"Biased Cognition","floor":27},{"not_picked":["All For One+1","Meteor Strike+1"],"picked":"Creative AI","floor":28},{"not_picked":["Rainbow+1","Fission+1"],"picked":"Echo Form","floor":30},{"not_picked":["Hyperbeam+1","Thunder Strike+1","Meteor Strike+1"],"picked":"SKIP","floor":31},{"not_picked":["Hyperbeam+1","Core Surge+1"],"picked":"Creative AI","floor":33},{"not_picked":["Rainbow+1","Reboot+1"],"picked":"Creative AI","floor":40},{"not_picked":["Core Surge+1","Creative AI"],"picked":"Biased Cognition","floor":44},{"not_picked":["Thunder Strike+1","Core Surge+1"],"picked":"Electrodynamics","floor":45},{"not_picked":["Hyperbeam+1","Machine Learning"],"picked":"Amplify+1","floor":46},{"not_picked":["Thunder Strike+1","Multi-Cast+1"],"picked":"Machine Learning","floor":48}],"player_experience":412006,"relics_obtained":[{"floor":1.0,"key":"Art of War"},{"floor":8.0,"key":"MawBank"},{"floor":9.0,"key":"Boot"},{"floor":13.0,"key":"Cables"},{"floor":14.0,"key":"Thread and Needle"},{"floor":18.0,"key":"The Courier"},{"floor":20.0,"key":"Red Mask"},{"floor":22.0,"key":"Gremlin Horn"},{"floor":23.0,"key":"Dream Catcher"},{"floor":26,"key":"Toxic Egg 2"},{"floor":27,"key":"Old Coin"},{"floor":28,"key":"Molten Egg 2"},{"floor":30,"key":"Pantograph"},{"floor":31,"key":"War Paint"},{"floor":35,"key":"Bronze Scales"},{"floor":40,"key":"FossilizedHelix"},{"floor":40,"key":"Prayer Wheel"},{"floor":43,"key":"Torii"},{"floor":44,"key":"Vajra"},{"floor":44,"key":"StrikeDummy"},{"floor":45,"key":"Lantern"},{"floor":45,"key":"Blood Vial"},{"floor":46,"key":"Smiling Mask"},{"floor":46,"key":"Regal Pillow"},{"floor":47,"key":"Strawberry"},{"floor":48,"key":"Whetstone"},{"floor":48,"key":"Incense Burner"}],"event_choices":[{"damage_healed":0.0,"max_hp_gain":0.0,"max_hp_loss":0.0,"gold_gain":0.0,"event_name":"Golden Idol","player_choice":"Take Damage","floor":2.0,"gold_loss":0.0,"damage_taken":22.0,"relics_obtained":["Golden Idol"]},{"damage_healed":0.0,"max_hp_gain":0.0,"max_hp_loss":0.0,"gold_gain":0.0,"event_name":"Scrap Ooze","player_choice":"Success","floor":3.0,"gold_loss":0.0,"damage_taken":25.0,"relics_obtained":["CeramicFish"]},{"damage_healed":0.0,"max_hp_gain":0.0,"max_hp_loss":0.0,"gold_gain":0.0,"event_name":"Match and Keep!","player_choice":"1 cards matched","floor":4.0,"gold_loss":0.0,"damage_taken":0.0,"cards_obtained":["White Noise"]},{"damage_healed":0.0,"max_hp_gain":0.0,"max_hp_loss":0.0,"gold_gain":0.0,"event_name":"Masked Bandits","player_choice":"Fought Bandits","floor":20.0,"gold_loss":0.0,"damage_taken":0.0},{"damage_healed":0.0,"max_hp_gain":0.0,"max_hp_loss":0.0,"gold_gain":100.0,"event_name":"The Joust","player_choice":"Bet on Murderer","floor":21.0,"gold_loss":50.0,"damage_taken":0.0},{"cards_removed":["Sweeping Beam"],"damage_healed":0,"gold_gain":0,"player_choice":"Removed Attack","damage_taken":0,"max_hp_gain":0,"max_hp_loss":0,"event_name":"Falling","floor":36,"gold_loss":0},{"cards_removed":["Sweeping Beam"],"damage_healed":0,"gold_gain":0,"player_choice":"Gave Card","damage_taken":0,"relics_obtained":["Unceasing Top"],"max_hp_gain":0,"max_hp_loss":0,"event_name":"WeMeetAgain","floor":37,"gold_loss":0}],"is_beta":false,"boss_relics":[{"not_picked":["Runic Pyramid","Fusion Hammer"],"picked":"Nuclear Battery"},{"not_picked":["Runic Dome","SacredBark"],"picked":"Black Star"}],"items_purged_floors":[19,24,38],"is_endless":false,"potions_floor_spawned":[13,14,20,22,28,30,35,40],"ascension_level":1}}