{"host":"oigynbtg272c19pw","time":1612546174,"event":{"mods":["BaseMod","Colored Map","Minty Spire (QoL Compilation)","Relic Stats","Slay the Relics Exporter","StSLib"],"gold_per_floor":[10,27,27,41,89,89,5,5,5,5,18,48,48,60,60,134,134,144,158,170,183,183,183],"floor_reached":22,"playtime":1179,"items_purged":[],"score":476,"play_id":"e6478bb3-d1aa-4e5f-a73e-8d3d959de42a","local_time":"20210205182934","is_ascension_mode":true,"campfire_choices":[{"data":"Predator","floor":6.0,"key":"SMITH"},{"data":"Footwork","floor":8.0,"key":"SMITH"},{"data":"Dash","floor":10.0,"key":"SMITH"},{"data":"Footwork","floor":13.0,"key":"SMITH"},{"data":"Backflip","floor":15.0,"key":"SMITH"}],"circlet_count":0,"master_deck":["AscendersBane","Strike_G","Strike_G","Strike_G","Defend_G","Defend_G","Defend_G","Defend_G","Survivor","Neutralize","Dash+1","Backflip","Predator+1","Backstab","Footwork+1","Footwork+1","Backflip+1","Corpse Explosion","Catalyst","Deadly Poison"],"relics":["Ring of the Snake","Anchor","Sundial","Ancient Tea Set","Cursed Key"],"acts_visited":["Exordium","TheCity"],"potions_floor_usage":[22],"damage_taken":[{"damage":0.0,"enemies":"Cultist","floor":1.0,"turns":4.0},{"damage":0.0,"enemies":"2 Louse","floor":2.0,"turns":3.0},{"damage":0.0,"enemies":"Jaw Worm","floor":4.0,"turns":4.0},{"damage":0.0,"enemies":"Gremlin Gang","floor":11.0,"turns":5.0},{"damage":22.0,"enemies":"Gremlin Nob","floor":12.0,"turns":6.0},{"damage":0.0,"enemies":"Looter","floor":14.0,"turns":2.0},{"damage":0.0,"enemies":"The Guardian","floor":16.0,"turns":17.0},{"damage":0.0,"enemies":"Chosen","floor":18.0,"turns":6.0},{"damage":0.0,"enemies":"3 Byrds","floor":19.0,"turns":3.0},{"damage":7.0,"enemies":"Snecko","floor":20.0,"turns":5.0},{"damage":16.0,"enemies":"Snake Plant","floor":21.0,"turns":5.0},{"damage":64,"enemies":"Chosen and Byrds","floor":22,"turns":8}],"seed_played":"1692293510139799260","potions_obtained":[{"floor":2.0,"key":"PowerPotion"},{"floor":11.0,"key":"Dexterity Potion"},{"floor":18.0,"key":"Regen Potion"}],"is_trial":false,"path_per_floor":["M","M","?","M","T","R","$","R","T","R","M","E","R","M","R","B",null,"M","M","M","M","M"],"character_chosen":"THE_SILENT","items_purchased":["Footwork"],"campfire_rested":0,"item_purchase_floors":[7],"current_hp_per_floor":[59,59,59,59,59,59,59,59,59,59,59,37,37,37,37,37,59,59,59,52,36,0,0],"gold":183,"neow_bonus":"REMOVE_TWO","is_daily":false,"chose_seed":false,"campfire_upgraded":5,"win_rate":0.0,"timestamp":1612546174,"path_taken":["M","?","?","M","?","R","$","R","T","R","M","E","R","M","R","BOSS","M","M","M","?","M"],"items_purchased_type":["Card"],"build_version":"2020-12-13","purchased_purges":0,"victory":false,"max_hp_per_floor":[66,66,66,66,66,66,66,66,66,66,66,66,66,66,66,66,66,66,66,66,66,66,66],"relic_stats":{"counters":[12,68],"Sundial":[12],"Cursed Key":0,"obtain_stats":[{"Anchor":5,"Sundial":9,"Ancient Tea Set":12,"Cursed Key":17,"Ring of the Snake":0},{"Anchor":3,"Sundial":3,"Ancient Tea Set":5,"Cursed Key":7,"Ring of the Snake":0},{"Anchor":11,"Sundial":11,"Ancient Tea Set":22,"Cursed Key":41,"Ring of the Snake":0}],"Ring of the Snake":[24]},"card_choices":[{"not_picked":["Cloak And Dagger","Masterful Stab"],"picked":"Dash","floor":1.0},{"not_picked":["Flechettes","Finisher"],"picked":"Backflip","floor":2.0},{"not_picked":["Cloak And Dagger","Flying Knee"],"picked":"Backstab","floor":4.0},{"not_picked":["Prepared","Cloak And Dagger"],"picked":"Footwork","floor":11.0},{"not_picked":["Finisher","Skewer","Sucker Punch"],"picked":"SKIP","floor":12.0},{"not_picked":["Dagger Spray","Finisher"],"picked":"Backflip","floor":14.0},{"not_picked":["Envenom","Phantasmal Killer"],"picked":"Corpse Explosion","floor":16.0},{"not_picked":["Outmaneuver","Infinite Blades"],"picked":"Catalyst","floor":18.0},{"not_picked":["Flechettes","Cloak And Dagger","Distraction"],"picked":"SKIP","floor":19.0},{"not_picked":["Riddle With Holes","Quick Slash"],"picked":"Deadly Poison","floor":20.0},{"not_picked":["Bane","Accuracy","Tools of the Trade"],"picked":"SKIP","floor":21.0}],"player_experience":1545237,"relics_obtained":[{"floor":5.0,"key":"Anchor"},{"floor":9.0,"key":"Sundial"},{"floor":12.0,"key":"Ancient Tea Set"}],"event_choices":[{"damage_healed":0.0,"max_hp_gain":0.0,"max_hp_loss":0.0,"gold_gain":0.0,"cards_transformed":["Strike_G"],"event_name":"Living Wall","player_choice":"Change","floor":3.0,"gold_loss":0.0,"damage_taken":0.0,"cards_obtained":["Predator"]}],"is_beta":false,"boss_relics":[{"not_picked":["Empty Cage","SlaversCollar"],"picked":"Cursed Key"}],"items_purged_floors":[],"is_endless":false,"potions_floor_spawned":[2,11,12,18],"killed_by":"Chosen and Byrds","ascension_level":20}}