{"host":"wuernuywc9gl215o","time":1612568858,"event":{"mods":["AchievementEnabler","BaseMod","Block Reminder","Highlight Path","Key Reminder","Minty Spire (QoL Compilation)","Permanent Neow","Potion Indicator Mod","Quick Restart","Relic Stats"],"gold_per_floor":[109,129,207,207,221,221,233,233,281,312,330,41,69,83,83,83,83],"floor_reached":16,"language":"ENG","playtime":881,"items_purged":["Strike_G"],"score":190,"play_id":"ee0a806c-1dd2-4434-bc2f-102186d313a1","local_time":"20210205234738","is_ascension_mode":true,"campfire_choices":[{"data":"Wraith Form v2","floor":6.0,"key":"SMITH"},{"floor":8.0,"key":"REST"},{"floor":15,"key":"REST"}],"circlet_count":0,"master_deck":["AscendersBane","Strike_G","Strike_G","Defend_G","Defend_G","Defend_G","Defend_G","Defend_G","Survivor","Neutralize","Wraith Form v2+1","Cloak And Dagger","Choke","Dagger Spray","Outmaneuver","Concentrate","Footwork","Acrobatics","Tactician"],"relics":["Ring of the Snake","MealTicket","Anchor","Oddly Smooth Stone","Potion Belt"],"acts_visited":["Exordium"],"potions_floor_usage":[13],"damage_taken":[{"damage":1.0,"enemies":"Cultist","floor":1.0,"turns":5.0},{"damage":1.0,"enemies":"2 Louse","floor":2.0,"turns":3.0},{"damage":0.0,"enemies":"Small Slimes","floor":5.0,"turns":4.0},{"damage":9.0,"enemies":"Exordium Wildlife","floor":7.0,"turns":8.0},{"damage":31.0,"enemies":"Gremlin Nob","floor":10.0,"turns":7.0},{"damage":6.0,"enemies":"3 Louse","floor":11.0,"turns":4.0},{"damage":10,"enemies":"3 Sentries","floor":13,"turns":12},{"damage":1,"enemies":"Looter","floor":14,"turns":5},{"damage":28,"enemies":"The Guardian","floor":16,"turns":4}],"seed_played":"333460515360014263","potions_obtained":[{"floor":2.0,"key":"SkillPotion"},{"floor":7.0,"key":"SpeedPotion"},{"floor":10.0,"key":"Dexterity Potion"}],"is_trial":false,"path_per_floor":["M","M","?","?","M","R","M","R","T","E","M","$","E","M","R","B"],"character_chosen":"THE_SILENT","items_purchased":["Footwork","Oddly Smooth Stone"],"campfire_rested":2,"item_purchase_floors":[12,12],"current_hp_per_floor":[58,57,57,57,57,57,48,66,66,35,29,44,34,33,52,24,24],"gold":83,"neow_bonus":"TRANSFORM_CARD","is_daily":false,"chose_seed":false,"campfire_upgraded":1,"win_rate":0.0,"timestamp":1612568858,"path_taken":["M","M","?","?","M","R","M","R","T","E","M","$","E","M","R","BOSS"],"items_purchased_type":["Card","Relic"],"build_version":"2020-12-22","purchased_purges":1,"victory":false,"max_hp_per_floor":[66,66,66,66,66,66,66,66,66,66,66,66,66,66,66,66,66],"relic_stats":{"counters":[9,51],"MealTicket":15,"obtain_stats":[{"Potion Belt":13,"Anchor":10,"Oddly Smooth Stone":12,"MealTicket":9,"Ring of the Snake":0},{"Potion Belt":7,"Anchor":5,"Oddly Smooth Stone":6,"MealTicket":4,"Ring of the Snake":0},{"Potion Belt":43,"Anchor":27,"Oddly Smooth Stone":31,"MealTicket":20,"Ring of the Snake":0}],"Ring of the Snake":[18]},"card_choices":[{"not_picked":["Outmaneuver","Escape Plan"],"picked":"Cloak And Dagger","floor":1.0},{"not_picked":["Expertise","Dagger Throw"],"picked":"Choke","floor":2.0},{"not_picked":["Deadly Poison","Bane","Sucker Punch"],"picked":"SKIP","floor":5.0},{"not_picked":["Masterful Stab","Quick Slash"],"picked":"Dagger Spray","floor":7.0},{"not_picked":["Heel Hook","Backflip"],"picked":"Outmaneuver","floor":10.0},{"not_picked":["Acrobatics","Deadly Poison"],"picked":"Concentrate","floor":11.0},{"not_picked":["Envenom","Escape Plan"],"picked":"Acrobatics","floor":13},{"not_picked":["PiercingWail","Deflect"],"picked":"Tactician","floor":14}],"player_experience":834932,"relics_obtained":[{"floor":9.0,"key":"MealTicket"},{"floor":10.0,"key":"Anchor"},{"floor":13,"key":"Potion Belt"}],"event_choices":[{"damage_healed":0.0,"max_hp_gain":0.0,"max_hp_loss":0.0,"gold_gain":78.0,"event_name":"Golden Wing","player_choice":"Gained Gold","floor":3.0,"gold_loss":0.0,"damage_taken":0.0},{"cards_removed":["Strike_G"],"damage_healed":0.0,"max_hp_gain":0.0,"max_hp_loss":0.0,"gold_gain":0.0,"event_name":"Bonfire Elementals","player_choice":"Offered Basic","floor":4.0,"gold_loss":0.0,"damage_taken":0.0}],"is_beta":false,"boss_relics":[],"items_purged_floors":[12],"is_endless":false,"potions_floor_spawned":[2,7,10,11],"killed_by":"The Guardian","ascension_level":14}}