{"host":"Ryley","time":1612494789,"event":{"mods":["BaseMod","Downfall","Minty Spire (QoL Compilation)","StSLib"],"gold_per_floor":[118,118,136,211,10,10,25,25,49,94,106,118,130,142,154,290,302,242,242,0,0,0,0],"floor_reached":22,"language":"ENG","playtime":451,"items_purged":[],"score":182,"play_id":"bfbe93c4-ab47-4a85-a1b9-d92b7a8a9062","local_time":"20210204211309","is_ascension_mode":false,"campfire_choices":[{"data":"PathToVictory","floor":6,"key":"SMITH"},{"floor":13,"key":"REST"},{"floor":15,"key":"REST"}],"circlet_count":0,"master_deck":["Strike_P","Strike_P","Strike_P","Strike_P","Defend_P","Defend_P","Defend_P","Defend_P","Eruption","Vigilance","FollowUp","SashWhip","PathToVictory+1","Perseverance","Tantrum","Devotion","Evaluate","FearNoEvil","EmptyBody"],"relics":["PureWater","Blood Vial","Juzu Bracelet","MawBank","Pear","Orichalcum","Golden Idol","Ectoplasm","Gremlin Horn"],"acts_visited":["Exordium","TheCity"],"potions_floor_usage":[16,19],"damage_taken":[{"damage":0,"enemies":"2 Louse","floor":1,"turns":1},{"damage":0,"enemies":"Jaw Worm","floor":3,"turns":3},{"damage":0,"enemies":"Cultist","floor":7,"turns":2},{"damage":33,"enemies":"3 Sentries","floor":10,"turns":6},{"damage":62,"enemies":"The Guardian","floor":16,"turns":7},{"damage":30,"enemies":"2 Thieves","floor":18,"turns":4},{"damage":3,"enemies":"Spheric Guardian","floor":19,"turns":3},{"damage":36,"enemies":"Snake Plant","floor":21,"turns":6},{"damage":30,"enemies":"Shelled Parasite and Fungi","floor":22,"turns":2}],"seed_played":"8377411883334298880","potions_obtained":[{"floor":7,"key":"Block Potion"},{"floor":10,"key":"BlessingOfTheForge"},{"floor":21,"key":"FearPotion"}],"is_trial":false,"path_per_floor":["M","?","M","?","$","R","M","?","T","E","T","?","R","?","R","B",null,"M","M","$","M","M"],"character_chosen":"WATCHER","items_purchased":["PathToVictory","Blood Vial","Gremlin Horn"],"campfire_rested":2,"item_purchase_floors":[5,5,20],"current_hp_per_floor":[79,79,79,72,72,72,74,56,56,35,35,35,59,59,82,20,82,52,51,51,17,0,0],"gold":0,"neow_bonus":"TEN_PERCENT_HP_BONUS","is_daily":false,"chose_seed":false,"campfire_upgraded":1,"win_rate":0.0,"timestamp":1612494789,"path_taken":["M","?","M","?","$","R","?","?","T","E","?","?","R","?","R","BOSS","M","M","$","M","M"],"items_purchased_type":["Card","Relic","Relic"],"build_version":"2020-12-18","purchased_purges":0,"victory":false,"max_hp_per_floor":[79,79,79,79,79,79,79,79,79,89,89,82,82,82,82,82,82,82,82,82,82,82,82],"card_choices":[{"not_picked":["Nirvana","ReachHeaven"],"picked":"FollowUp","floor":1},{"not_picked":["ClearTheMind","CutThroughFate"],"picked":"SashWhip","floor":3},{"not_picked":["FollowUp","SashWhip"],"picked":"Perseverance","floor":7},{"not_picked":["ConjureBlade","Fasting2"],"picked":"Tantrum","floor":10},{"not_picked":["MasterReality","Omniscience"],"picked":"Devotion","floor":16},{"not_picked":["Swivel","WindmillStrike+1"],"picked":"Evaluate","floor":18},{"not_picked":["FlurryOfBlows","ClearTheMind"],"picked":"FearNoEvil","floor":19},{"not_picked":["ClearTheMind","FlurryOfBlows"],"picked":"EmptyBody","floor":21}],"player_experience":385990,"relics_obtained":[{"floor":9,"key":"MawBank"},{"floor":10,"key":"Pear"},{"floor":11,"key":"Orichalcum"}],"event_choices":[{"damage_healed":0,"gold_gain":0,"player_choice":"Leave","damage_taken":0,"max_hp_gain":0,"max_hp_loss":0,"event_name":"The Cleric","floor":2,"gold_loss":0},{"damage_healed":0,"gold_gain":75,"player_choice":"Touch","damage_taken":7,"max_hp_gain":0,"max_hp_loss":0,"event_name":"FaceTrader","floor":4,"gold_loss":0},{"damage_healed":0,"gold_gain":0,"player_choice":"Success","damage_taken":18,"relics_obtained":["Juzu Bracelet"],"max_hp_gain":0,"max_hp_loss":0,"event_name":"Scrap Ooze","floor":8,"gold_loss":0},{"damage_healed":0,"gold_gain":0,"player_choice":"Lose Max HP","damage_taken":0,"relics_obtained":["Golden Idol"],"max_hp_gain":0,"max_hp_loss":7,"event_name":"Golden Idol","floor":12,"gold_loss":0},{"damage_healed":0,"gold_gain":0,"player_choice":"Ignored","damage_taken":0,"max_hp_gain":0,"max_hp_loss":0,"event_name":"Golden Wing","floor":14,"gold_loss":0}],"is_beta":true,"boss_relics":[{"not_picked":["Coffee Dripper","bronze:MakeshiftBattery"],"picked":"Ectoplasm"}],"items_purged_floors":[],"is_endless":false,"potions_floor_spawned":[7,10,21],"killed_by":"Shelled Parasite and Fungi","ascension_level":0}}