{"host":"y76clbnovzmw9ubx","time":1612489205,"event":{"mods":["AchievementEnabler","BaseMod","Minty Spire (QoL Compilation)","Permanent Neow","Relic Stats"],"gold_per_floor":[116,116,130,148,158,189,189,199,224,224,237,268,280,327,339,351,351],"floor_reached":16,"language":"ENG","playtime":841,"items_purged":[],"score":294,"play_id":"56f9a7c9-7b03-4653-95ab-a619122777fb","local_time":"20210204204005","is_ascension_mode":true,"campfire_choices":[{"data":"All Out Attack","floor":7,"key":"SMITH"},{"data":"Finisher","floor":10,"key":"SMITH"},{"floor":13,"key":"REST"},{"data":"Slice","floor":15,"key":"SMITH"}],"circlet_count":0,"master_deck":["AscendersBane","Strike_G","Strike_G","Strike_G","Strike_G","Strike_G","Defend_G","Defend_G","Defend_G","Defend_G","Defend_G","Survivor+1","Neutralize+1","Skewer+1","All Out Attack+1","Caltrops","Slice","Finisher+1","Leg Sweep+1","Slice+1"],"relics":["Ring of the Snake","FossilizedHelix","Regal Pillow","MawBank","War Paint"],"acts_visited":["Exordium"],"potions_floor_usage":[6,8,12,14,16],"damage_taken":[{"damage":4,"enemies":"Cultist","floor":1,"turns":4},{"damage":0,"enemies":"Jaw Worm","floor":3,"turns":4},{"damage":0,"enemies":"2 Louse","floor":4,"turns":2},{"damage":0,"enemies":"Large Slime","floor":5,"turns":5},{"damage":12,"enemies":"Gremlin Nob","floor":6,"turns":4},{"damage":0,"enemies":"Exordium Thugs","floor":8,"turns":3},{"damage":9,"enemies":"Blue Slaver","floor":11,"turns":3},{"damage":0,"enemies":"Lagavulin","floor":12,"turns":3},{"damage":18,"enemies":"Gremlin Nob","floor":14,"turns":4},{"damage":56,"enemies":"Slime Boss","floor":16,"turns":7}],"seed_played":"-257655498881909104","potions_obtained":[{"floor":1,"key":"Explosive Potion"},{"floor":5,"key":"Block Potion"},{"floor":6,"key":"FearPotion"},{"floor":12,"key":"Explosive Potion"},{"floor":14,"key":"GamblersBrew"}],"is_trial":false,"path_per_floor":["M","?","M","M","M","E","R","M","T","R","M","E","R","E","R","B"],"character_chosen":"THE_SILENT","items_purchased":[],"campfire_rested":1,"item_purchase_floors":[],"current_hp_per_floor":[55,55,55,55,55,43,43,43,43,43,34,34,66,48,48,0,0],"gold":351,"neow_bonus":"UPGRADE_CARD","is_daily":false,"chose_seed":false,"campfire_upgraded":3,"win_rate":0.0,"timestamp":1612489205,"path_taken":["M","?","M","M","M","E","R","M","T","R","M","E","R","E","R","BOSS"],"items_purchased_type":[],"build_version":"2020-12-22","purchased_purges":0,"victory":false,"max_hp_per_floor":[66,66,66,66,66,66,66,66,66,66,66,66,66,66,66,66,66],"relic_stats":{"Regal Pillow":13,"counters":[10,39],"War Paint":["Leg Sweep","Survivor"],"MawBank":48,"obtain_stats":[{"Regal Pillow":9,"War Paint":14,"MawBank":12,"FossilizedHelix":6,"Ring of the Snake":0},{"Regal Pillow":6,"War Paint":9,"MawBank":8,"FossilizedHelix":5,"Ring of the Snake":0},{"Regal Pillow":22,"War Paint":32,"MawBank":28,"FossilizedHelix":19,"Ring of the Snake":0}],"Ring of the Snake":[20]},"card_choices":[{"not_picked":["Well Laid Plans","Deflect"],"picked":"Skewer","floor":1},{"not_picked":["Prepared","Skewer","Flying Knee"],"picked":"SKIP","floor":3},{"not_picked":["Backflip","Underhanded Strike"],"picked":"All Out Attack","floor":4},{"not_picked":["Skewer","Bane"],"picked":"Caltrops","floor":5},{"not_picked":["Blur","Storm of Steel"],"picked":"Slice","floor":6},{"not_picked":["Dodge and Roll","Bane"],"picked":"Finisher","floor":8},{"not_picked":["Dagger Throw","Underhanded Strike","Skewer"],"picked":"SKIP","floor":11},{"not_picked":["Sucker Punch","Outmaneuver"],"picked":"Leg Sweep","floor":12},{"not_picked":["Bouncing Flask","Dagger Spray"],"picked":"Slice","floor":14}],"player_experience":3185185,"relics_obtained":[{"floor":6,"key":"FossilizedHelix"},{"floor":9,"key":"Regal Pillow"},{"floor":12,"key":"MawBank"},{"floor":14,"key":"War Paint"}],"event_choices":[{"damage_healed":0,"gold_gain":0,"player_choice":"Forge","damage_taken":0,"max_hp_gain":0,"max_hp_loss":0,"event_name":"Accursed Blacksmith","floor":2,"gold_loss":0,"cards_upgraded":["Skewer"]}],"is_beta":false,"boss_relics":[],"items_purged_floors":[],"is_endless":false,"potions_floor_spawned":[1,5,6,12,14],"killed_by":"Slime Boss","ascension_level":20}}