{"host":"kiklx4tvdwn31322","time":1612517213,"event":{"mods":["BaseMod","Colored Powertips","Marisa（F雨　魔理沙）","Minty Spire (QoL Compilation)","Quick Restart","Reliquary","Replay The Spire","RumiaBox-露米娅的神秘盒子","StSLib","Waifu the Spire","【功能Mod】混沌之环修复补丁"],"gold_per_floor":[412,587,602,618,543,543,543,557,609,358,413,444,444,457,457,554,554,568,584,599,609,884,909,909,909,933,950,83,102,134,145,145,241,241,252,50,69,125,125,125,125,44,44,63,0,0,17,37,37,37,37],"floor_reached":50,"language":"ZHS","playtime":2717,"items_purged":["Doubt","Strike_R","Regret"],"score":1012,"play_id":"42de5b96-4535-4cf0-901a-e8db54c5a4f1","local_time":"20210205172653","daily_mods":["Vintage","Heirloom","Time Dilation","Flight"],"is_ascension_mode":true,"campfire_choices":[{"data":"Bash","floor":6.0,"key":"SMITH"},{"floor":13.0,"key":"REST"},{"floor":15.0,"key":"REST"},{"floor":24.0,"key":"REST"},{"data":"Exhume","floor":25.0,"key":"SMITH"},{"data":"Dark Embrace","floor":32.0,"key":"SMITH"},{"floor":40.0,"key":"REST"},{"data":"ReplayTheSpireMod:Limb From Limb","floor":41.0,"key":"SMITH"}],"circlet_count":0,"master_deck":["Strike_R+1","Strike_R+1","Defend_R+1","Defend_R+1","Defend_R+1","Bash+1","Feel No Pain+1","Shockwave","Dark Embrace+1","Exhume+1","ReplayTheSpireMod:Limb From Limb+1","Violence+1"],"relics":["Burning Blood","Old Coin","reliquary:RoseTintedGlasses","Boot","GodSword6","MagicDraw1","reliquary:Buckler","ZombieArmy","Whetstone","Pen Nib","Orichalcum","Busted Crown","Mummified Hand","Quantum Egg","reliquary:RosewoodLute","Replay:Wax Seal","reliquary:SharkskinSheath","ReplayTheSpireMod:Lightbulb","Darkstone Periapt","Mirror","Ornamental Fan","ReplayTheSpireMod:ShopPack","reliquary:BoilingFlask","ReplayTheSpireMod:Shallot","Ccalipers","Replay:Drink Me","reliquary:Boomerang","Calipers","Blue Doll","Paper Frog","Mercury Hourglass","reliquary:QuartzCube","Red Mask","ReplayTheSpireMod:Ring of Challenge","ReplayTheSpireMod:Ring of Collecting","Question Card","War Paint"],"acts_visited":["Exordium","TheCity","TheBeyond"],"potions_floor_usage":[50],"damage_taken":[{"damage":7.0,"enemies":"Jaw Worm","floor":1.0,"turns":3.0},{"damage":0.0,"enemies":"Small Slimes","floor":3.0,"turns":3.0},{"damage":16.0,"enemies":"Cultist","floor":4.0,"turns":4.0},{"damage":14.0,"enemies":"Red Slaver","floor":8.0,"turns":4.0},{"damage":25.0,"enemies":"3 Sentries","floor":11.0,"turns":7.0},{"damage":12.0,"enemies":"Gremlin Nob","floor":12.0,"turns":3.0},{"damage":13.0,"enemies":"3 Louse","floor":14.0,"turns":3.0},{"damage":25.0,"enemies":"Hexaghost","floor":16.0,"turns":8.0},{"damage":13.0,"enemies":"Shell Parasite","floor":18.0,"turns":5.0},{"damage":0.0,"enemies":"Chosen","floor":19.0,"turns":4.0},{"damage":21.0,"enemies":"Snecko","floor":20.0,"turns":5.0},{"damage":5.0,"enemies":"Snake Plant","floor":21.0,"turns":3.0},{"damage":30.0,"enemies":"Slavers","floor":23.0,"turns":5.0},{"damage":19.0,"enemies":"Cultist and Chosen","floor":27.0,"turns":7.0},{"damage":2.0,"enemies":"Centurion and Healer","floor":29.0,"turns":4.0},{"damage":6.0,"enemies":"Gremlin Leader","floor":30.0,"turns":4.0},{"damage":0.0,"enemies":"3 Cultists","floor":31.0,"turns":3.0},{"damage":38.0,"enemies":"Collector","floor":33.0,"turns":10.0},{"damage":8.0,"enemies":"3 Shapes","floor":35.0,"turns":4.0},{"damage":19.0,"enemies":"3 Darklings","floor":37.0,"turns":9.0},{"damage":10.0,"enemies":"Maw","floor":42.0,"turns":7.0},{"damage":0.0,"enemies":"Spire Growth","floor":44.0,"turns":4.0},{"damage":1.0,"enemies":"Sphere and 2 Shapes","floor":47.0,"turns":5.0},{"damage":0.0,"enemies":"Transient","floor":48.0,"turns":5.0},{"damage":0,"enemies":"Awakened One","floor":50,"turns":1}],"seed_played":"6458200917457645527","potions_obtained":[{"floor":3.0,"key":"ColorlessPotion"},{"floor":4.0,"key":"DistilledChaos"},{"floor":11.0,"key":"Adrenaline Potion"},{"floor":16.0,"key":"Block Potion"},{"floor":18.0,"key":"LiquidMemories"},{"floor":20.0,"key":"ColorlessPotion"},{"floor":27.0,"key":"Explosive Potion"},{"floor":29.0,"key":"Weak Potion"},{"floor":42.0,"key":"LiquidMemories"},{"floor":47.0,"key":"SpeedPotion"},{"floor":48.0,"key":"Strength Potion"}],"is_trial":true,"path_per_floor":["M","?","M","M","$","R","?","M","T","$","E","E","R","M","R","B",null,"M","M","M","M","?","E","R","R","T","M","$","M","E","M","R","B",null,"M","$","M","?","?","R","R","M","T","M","?","?","M","M","R","B"],"character_chosen":"IRONCLAD","items_purchased":["ZombieArmy","Mirror","Ornamental Fan","ReplayTheSpireMod:Limb From Limb","Sword Boomerang","ReplayTheSpireMod:ShopPack","Calipers"],"campfire_rested":4,"item_purchase_floors":[10,28,28,28,28,28,36],"current_hp_per_floor":[71,71,77,67,67,67,67,59,59,59,40,34,58,51,75,56,74,67,73,58,59,59,35,59,59,59,46,46,50,50,56,56,24,51,49,55,42,26,26,45,45,41,41,47,47,47,52,58,66,66,66],"gold":37,"neow_bonus":"","is_daily":false,"chose_seed":false,"campfire_upgraded":4,"win_rate":0.0,"timestamp":1612517213,"path_taken":["M","?","M","M","$","R","?","M","T","$","E","E","R","M","R","BOSS","M","M","M","M","?","E","R","R","T","M","$","M","E","M","R","BOSS","M","$","M","?","?","R","R","M","T","M","?","?","M","?","R","BOSS"],"items_purchased_type":["Relic","Relic","Relic","Card","Card","Relic","Relic"],"build_version":"2020-12-22","purchased_purges":3,"victory":false,"max_hp_per_floor":[80,80,80,80,80,80,80,80,80,80,80,80,80,80,80,80,80,80,80,80,80,80,80,80,80,80,80,80,80,80,80,80,80,60,60,66,66,66,66,66,66,66,66,66,66,66,66,66,66,66,66],"card_choices":[{"not_picked":["Shrug It Off","Entrench"],"picked":"Shockwave","floor":11.0},{"not_picked":["ReplayTheSpireMod:Muscle Training","Pommel Strike"],"picked":"Dark Embrace","floor":12.0},{"not_picked":["Berserk","Reaper"],"picked":"Exhume","floor":16.0},{"not_picked":["Life Link"],"picked":"SKIP","floor":23.0},{"not_picked":[],"picked":"Violence","floor":28.0},{"not_picked":["Body Slam"],"picked":"SKIP","floor":30.0}],"player_experience":24090,"relics_obtained":[{"floor":1.0,"key":"reliquary:RoseTintedGlasses"},{"floor":3.0,"key":"Boot"},{"floor":4.0,"key":"GodSword6"},{"floor":8.0,"key":"MagicDraw1"},{"floor":9.0,"key":"reliquary:Buckler"},{"floor":11.0,"key":"Whetstone"},{"floor":12.0,"key":"Pen Nib"},{"floor":14.0,"key":"Orichalcum"},{"floor":18.0,"key":"Mummified Hand"},{"floor":19.0,"key":"Quantum Egg"},{"floor":20.0,"key":"reliquary:RosewoodLute"},{"floor":21.0,"key":"Replay:Wax Seal"},{"floor":23.0,"key":"reliquary:SharkskinSheath"},{"floor":26.0,"key":"ReplayTheSpireMod:Lightbulb"},{"floor":27.0,"key":"Darkstone Periapt"},{"floor":29.0,"key":"reliquary:BoilingFlask"},{"floor":30.0,"key":"ReplayTheSpireMod:Shallot"},{"floor":31.0,"key":"Ccalipers"},{"floor":35.0,"key":"reliquary:Boomerang"},{"floor":37.0,"key":"Blue Doll"},{"floor":38.0,"key":"Paper Frog"},{"floor":43.0,"key":"Mercury Hourglass"},{"floor":44.0,"key":"reliquary:QuartzCube"},{"floor":46.0,"key":"ReplayTheSpireMod:Ring of Challenge"},{"floor":46.0,"key":"ReplayTheSpireMod:Ring of Collecting"},{"floor":47.0,"key":"Question Card"},{"floor":48.0,"key":"War Paint"}],"event_choices":[{"damage_healed":0.0,"max_hp_gain":0.0,"max_hp_loss":0.0,"gold_gain":175.0,"event_name":"Liars Game","player_choice":"AGREE","floor":2.0,"gold_loss":0.0,"damage_taken":0.0,"cards_obtained":["Doubt"]},{"damage_healed":0.0,"max_hp_gain":0.0,"max_hp_loss":0.0,"gold_gain":0.0,"cards_transformed":["Strike_R"],"event_name":"Transmorgrifier","player_choice":"Transformed","floor":7.0,"gold_loss":0.0,"damage_taken":0.0,"cards_obtained":["Feel No Pain"]},{"damage_healed":0.0,"max_hp_gain":0.0,"max_hp_loss":0.0,"gold_gain":275.0,"event_name":"Golden Shrine","player_choice":"Desecrate","floor":22.0,"gold_loss":0.0,"damage_taken":0.0,"cards_obtained":["Regret"]},{"damage_healed":0.0,"max_hp_gain":0.0,"max_hp_loss":0.0,"gold_gain":0.0,"event_name":"Mysterious Sphere","player_choice":"Ignored","floor":39.0,"gold_loss":0.0,"damage_taken":0.0},{"damage_healed":0.0,"max_hp_gain":0.0,"max_hp_loss":0.0,"gold_gain":0.0,"event_name":"Tomb of Lord Red Mask","player_choice":"Paid","floor":45.0,"gold_loss":63.0,"damage_taken":0.0,"relics_obtained":["Red Mask"]}],"is_beta":false,"boss_relics":[{"not_picked":["Honey Jar","SacredBark"],"picked":"Busted Crown"},{"not_picked":["Coffee Dripper","SlaversCollar"],"picked":"Replay:Drink Me"}],"items_purged_floors":[5,10,28],"is_endless":true,"potions_floor_spawned":[3,4,11,16,18,20,27,29,42,47,48],"killed_by":"Awakened One","ascension_level":9}}