{"host":"gooba","time":1612550871,"event":{"mods":["BaseMod","Downfall","Minty Spire (QoL Compilation)","StSLib","Trackpad"],"gold_per_floor":[99,116,135,149,162,26,26,26,61,121,121,137,137,22,33,33,33,33],"floor_reached":16,"language":"ENG","playtime":1139,"items_purged":["Guardian:Strike_Guardian","Guardian:Strike_Guardian"],"score":127,"play_id":"41b0041c-d1dc-4986-951e-5b2002837f20","local_time":"20210205194751","is_ascension_mode":false,"campfire_choices":[{"data":"Guardian:CurlUp","floor":1,"key":"SMITH"},{"data":"Guardian:RefractedBeam","floor":8,"key":"SMITH"},{"data":"Guardian:RefractedBeam+1","floor":13,"key":"SMITH"}],"circlet_count":0,"master_deck":["Guardian:Strike_Guardian","Guardian:Defend_Guardian","Guardian:Defend_Guardian","Guardian:Defend_Guardian","Guardian:Defend_Guardian","Guardian:CurlUp+1","Guardian:TwinSlam","Guardian:VentSteam","Guardian:RefractedBeam+2","Guardian:SphericShield","Guardian:SpikerProtocol"],"relics":["Guardian:StasisSlotReductionRelic","Darkstone Periapt","Regal Pillow"],"acts_visited":["Exordium"],"potions_floor_usage":[9],"damage_taken":[{"damage":0,"enemies":"2 Louse","floor":2,"turns":2},{"damage":0,"enemies":"Small Slimes","floor":3,"turns":3},{"damage":6,"enemies":"Jaw Worm","floor":4,"turns":4},{"damage":11,"enemies":"Lots of Slimes","floor":5,"turns":5},{"damage":5,"enemies":"downfall:FleeingMerchant","floor":6,"turns":4},{"damage":0,"enemies":"3 Sentries","floor":9,"turns":7},{"damage":0,"enemies":"Gremlin Nob","floor":10,"turns":4},{"damage":0,"enemies":"3 Louse","floor":12,"turns":4},{"damage":0,"enemies":"downfall:FleeingMerchant","floor":14,"turns":4},{"damage":0,"enemies":"Blue Slaver","floor":15,"turns":2},{"damage":65,"enemies":"IC_STATUS_ARCHETYPE","floor":16,"turns":13}],"seed_played":"4487795722832065701","potions_obtained":[{"floor":2,"key":"Guardian:AcceleratePotion"},{"floor":3,"key":"Ancient Potion"},{"floor":5,"key":"PowerPotion"},{"floor":9,"key":"Energy Potion"},{"floor":12,"key":"FearPotion"}],"is_trial":false,"path_per_floor":["R","M","M","M","M","$","T","R","E","?","?","M","R","$","M","B"],"character_chosen":"GUARDIAN","items_purchased":["Guardian:Gem_Red"],"campfire_rested":0,"item_purchase_floors":[6],"current_hp_per_floor":[80,80,80,74,63,58,58,58,58,58,58,58,58,58,58,0,0,0],"gold":33,"neow_bonus":"BOSS_RELIC","is_daily":false,"chose_seed":false,"campfire_upgraded":3,"win_rate":0.0,"timestamp":1612550871,"path_taken":["R","M","M","M","M","$","T","R","E","?","?","M","R","?","M","BOSS"],"items_purchased_type":["Card"],"build_version":"2020-12-18","purchased_purges":2,"victory":false,"max_hp_per_floor":[80,80,80,80,80,80,80,80,80,80,80,80,80,80,80,80,80,80],"card_choices":[{"not_picked":["Guardian:PolyBeam","Guardian:Planning"],"picked":"Guardian:VentSteam","floor":2},{"not_picked":["Guardian:Repulse","Guardian:Gem_Cyan"],"picked":"Guardian:RefractedBeam","floor":3},{"not_picked":["Guardian:WalkerClaw","Guardian:Planning","Guardian:ChargeCore"],"picked":"SKIP","floor":4},{"not_picked":["Guardian:ShieldCharger","Guardian:ChargeCore"],"picked":"Guardian:Gem_Blue","floor":5},{"not_picked":["Guardian:Harden","Guardian:Gem_Green"],"picked":"Guardian:SphericShield","floor":6},{"not_picked":["Guardian:TimeCapacitor","Guardian:Recover"],"picked":"Guardian:SpikerProtocol","floor":9},{"not_picked":["Guardian:Planning","Guardian:TemporalStrike","Guardian:BodySlam"],"picked":"SKIP","floor":12},{"not_picked":["Guardian:Recover","Guardian:Gem_Green","Guardian:ChargeCore"],"picked":"SKIP","floor":14},{"not_picked":["Guardian:Reroute","Guardian:Planning","Guardian:Gem_Green"],"picked":"SKIP","floor":15}],"player_experience":246101,"relics_obtained":[{"floor":9,"key":"Darkstone Periapt"},{"floor":10,"key":"Regal Pillow"}],"event_choices":[],"is_beta":true,"boss_relics":[],"items_purged_floors":[6,14],"is_endless":false,"potions_floor_spawned":[2,3,5,9,12],"killed_by":"IC_STATUS_ARCHETYPE","ascension_level":0}}