{"host":"1xo5g347e5o4auts","time":1612520189,"event":{"mods":["BaseMod","Minty Spire (QoL Compilation)","Permanent Neow","StSLib"],"gold_per_floor":[212,212,225,52,127,127,145,145,145,145,183,199,199,199],"floor_reached":13,"language":"ENG","playtime":669,"items_purged":[],"score":166,"play_id":"f5c29f29-64ca-447d-9464-436f8e91831e","local_time":"20210205121629","is_ascension_mode":true,"campfire_choices":[{"data":"Dagger Spray","floor":6.0,"key":"SMITH"},{"floor":8.0,"key":"REST"}],"circlet_count":0,"master_deck":["AscendersBane","Strike_G+1","Strike_G","Strike_G","Strike_G","Strike_G+1","Defend_G","Defend_G","Defend_G","Defend_G","Defend_G","Survivor","Neutralize","Dagger Spray+1","Blade Dance"],"relics":["Ring of the Snake","Toy Ornithopter","InkBottle","Golden Idol","Darkstone Periapt"],"acts_visited":["Exordium"],"potions_floor_usage":[13],"damage_taken":[{"damage":4.0,"enemies":"Jaw Worm","floor":1.0,"turns":9.0},{"damage":0.0,"enemies":"2 Louse","floor":3.0,"turns":3.0},{"damage":0.0,"enemies":"Small Slimes","floor":7.0,"turns":3.0},{"damage":32,"enemies":"3 Sentries","floor":11,"turns":10},{"damage":9,"enemies":"Gremlin Gang","floor":12,"turns":2},{"damage":8,"enemies":"Gremlin Nob","floor":13,"turns":2}],"seed_played":"-5688562871410565710","potions_obtained":[{"floor":1.0,"key":"CultistPotion"},{"floor":11,"key":"LiquidBronze"}],"is_trial":false,"path_per_floor":["M","?","M","$","?","R","M","R","T","?","E","M","E"],"character_chosen":"THE_SILENT","items_purchased":["Toy Ornithopter"],"campfire_rested":1,"item_purchase_floors":[4],"current_hp_per_floor":[55,35,35,35,24,24,24,43,43,43,11,2,0,0],"gold":199,"neow_bonus":"HUNDRED_GOLD","is_daily":false,"chose_seed":false,"campfire_upgraded":1,"win_rate":0.0,"timestamp":1612520189,"path_taken":["M","?","M","$","?","R","M","R","T","?","E","M","E"],"items_purchased_type":["Relic"],"build_version":"2020-12-22","purchased_purges":0,"victory":false,"max_hp_per_floor":[66,66,66,66,66,66,66,66,66,60,60,60,60,60],"card_choices":[{"not_picked":["Tactician","Underhanded Strike"],"picked":"Dagger Spray","floor":1.0},{"not_picked":["Flying Knee","Outmaneuver","Underhanded Strike"],"picked":"SKIP","floor":3.0},{"not_picked":["Outmaneuver","Calculated Gamble","Infinite Blades"],"picked":"SKIP","floor":7.0},{"not_picked":["Dodge and Roll","Slice","Doppelganger"],"picked":"SKIP","floor":11},{"not_picked":["PiercingWail","Deflect"],"picked":"Blade Dance","floor":12}],"player_experience":1445266,"relics_obtained":[{"floor":9.0,"key":"InkBottle"},{"floor":11,"key":"Darkstone Periapt"}],"event_choices":[{"damage_healed":0.0,"max_hp_gain":0.0,"max_hp_loss":0.0,"gold_gain":0.0,"event_name":"Shining Light","player_choice":"Entered Light","floor":2.0,"gold_loss":0.0,"damage_taken":20.0,"cards_upgraded":["Strike_G","Strike_G"]},{"damage_healed":0.0,"max_hp_gain":0.0,"max_hp_loss":0.0,"gold_gain":75.0,"event_name":"World of Goop","player_choice":"Gather Gold","floor":5.0,"gold_loss":0.0,"damage_taken":11.0},{"damage_healed":0.0,"max_hp_gain":0.0,"max_hp_loss":6.0,"gold_gain":0.0,"event_name":"Golden Idol","player_choice":"Lose Max HP","floor":10.0,"gold_loss":0.0,"damage_taken":0.0,"relics_obtained":["Golden Idol"]}],"is_beta":false,"boss_relics":[],"items_purged_floors":[],"is_endless":false,"potions_floor_spawned":[1,11],"killed_by":"Gremlin Nob","ascension_level":20}}