{"host":"1hw3ks68c0zl1mxv","time":1612529104,"event":{"mods":["2.2 Compatiblity","Act Like it!","Aspiration","BaseMod","BetterRewards","Colored Map","Colored Powertips","Conspire","Downfall","Energized Spire","GungeonMod","Halation","Hallownest","Hubris","Infinite Spire","Marisa????????","Mimic Mod","Minty Spire (QoL Compilation)","Quick Restart","Replay The Spire","Shop Mod","StSLib","The Bug Knight","The Construct","The Elementalist","The Necromancer","The Saiyan","The Servant 0.9.4","TheHero"],"gold_per_floor":[99,109,124,124,124,139,139,159,172,172,172,172,172,192,205,300,300,300,300,133,153,166,185,217,236,286,286,286,286,302,318,338,443,443,443,462,478,488,488,488,512,534,201,219,219,238,238,238,249,249,249,249],"floor_reached":50,"language":"ENG","playtime":3157,"items_purged":["downfall:Malfunctioning"],"score":467,"play_id":"3b6eac33-a85f-4540-a3ea-2179345aeb8e","local_time":"20210205054504","is_ascension_mode":false,"campfire_choices":[{"data":"bronze:Replicate","floor":1.0,"key":"SMITH"},{"data":"bronze:DigitalCarnage","floor":12.0,"key":"SMITH"},{"data":"bronze:FineTuning","floor":18.0,"key":"SMITH"},{"data":"bronze:Defend","floor":27,"key":"SMITH"},{"data":"bronze:Optimize","floor":29,"key":"SMITH"},{"data":"bronze:FineTuning","floor":35,"key":"SMITH"},{"floor":47,"key":"REST"},{"floor":48,"key":"REST"}],"circlet_count":0,"master_deck":["bronze:Strike","bronze:Strike+1","bronze:Strike","bronze:Strike","bronze:Defend","bronze:Defend","bronze:Defend+1","bronze:Defend+1","bronze:Replicate+1","bronze:Goto+1","bronze:DigitalCarnage+1","bronze:Overheat","bronze:Virus+1","bronze:Spike+1","bronze:Boost","bronze:Optimize+1","bronze:FineTuning+1","bronze:Mutator","Writhe","bronze:WhirlingStrike+1","bronze:ClassDefault","bronze:FineTuning+1","bronze:WhirlingStrike+1","bronze:ChildClass+1","bronze:DelayedSlice+1","bronze:DelayedSlice+1","bronze:AlphaBuild+1","Parasite","bronze:ChildClass+1","bronze:BronzeOrb+1"],"relics":["bronze:BronzeCore","hubris:Icosahedron","Molten Egg 2","construct:ClawGrip","DemoMod:ChaffGrenade","conspire:DeflatedDodgeball","hubris:Towel","construct:WeddingRing","Art of War"],"acts_visited":["Exordium","TheCity","TheBeyond"],"potions_floor_usage":[22,23,33,38,42,50,50,50],"damage_taken":[{"damage":0.0,"enemies":"2 Louse","floor":2.0,"turns":3.0},{"damage":0.0,"enemies":"Small Slimes","floor":3.0,"turns":2.0},{"damage":0.0,"enemies":"Cultist","floor":6.0,"turns":2.0},{"damage":5.0,"enemies":"conspire:2 RoseBushes","floor":8.0,"turns":5.0},{"damage":9.0,"enemies":"3 Louse","floor":9.0,"turns":3.0},{"damage":3.0,"enemies":"3 Louse","floor":13.0,"turns":3.0},{"damage":0.0,"enemies":"2 Fungi Beasts","floor":14.0,"turns":2.0},{"damage":5.0,"enemies":"3 Louse","floor":15.0,"turns":3.0},{"damage":7.0,"enemies":"DF_ARCHETYPE_STREAMLINE","floor":16.0,"turns":4.0},{"damage":0.0,"enemies":"downfall:FleeingMerchant","floor":20.0,"turns":4.0},{"damage":9.0,"enemies":"Chosen","floor":21.0,"turns":2.0},{"damage":12,"enemies":"Snake Plant","floor":22,"turns":4},{"damage":0,"enemies":"Snecko","floor":23,"turns":3},{"damage":0,"enemies":"Shelled Parasite and Fungi","floor":24,"turns":4},{"damage":0,"enemies":"Shelled Parasite and Fungi","floor":25,"turns":2},{"damage":0,"enemies":"Centurion and Healer","floor":30,"turns":2},{"damage":26,"enemies":"conspire:HollyBat","floor":31,"turns":6},{"damage":0,"enemies":"Chosen and Byrds","floor":32,"turns":3},{"damage":8,"enemies":"SI_MIRROR_ARCHETYPE","floor":33,"turns":6},{"damage":13,"enemies":"3 Shapes","floor":36,"turns":3},{"damage":0,"enemies":"Orb Walker","floor":37,"turns":3},{"damage":0,"enemies":"Writhing Mass","floor":38,"turns":3},{"damage":42,"enemies":"Spire Growth","floor":42,"turns":6},{"damage":3,"enemies":"3 Darklings","floor":44,"turns":6},{"damage":55,"enemies":"Maw","floor":46,"turns":7},{"damage":13,"enemies":"Sphere and 2 Shapes","floor":49,"turns":5},{"damage":72,"enemies":"WA_ARCHETYPE_DIVINITY","floor":50,"turns":11}],"seed_played":"-8542838327211250945","potions_obtained":[{"floor":3.0,"key":"DemoMod:BlankPotion"},{"floor":6.0,"key":"bronze:CleanCodePotion"},{"floor":15.0,"key":"Elixir"},{"floor":16.0,"key":"AttackPotion"},{"floor":23,"key":"sneckomod:MuddlingPotion"},{"floor":30,"key":"PowerPotion"},{"floor":36,"key":"hexamod:SoulburnPotion"},{"floor":38,"key":"Adrenaline Potion"},{"floor":46,"key":"Ancient Potion"}],"is_trial":false,"path_per_floor":["R","M","M","?","?","M","T","M","M","?","?","R","?","M","M","B",null,"R","?","$","M","M","M","MIM","M","?","R","?","R","M","M","M","B",null,"R","M","M","M","?","?","T","M","?","M","R","M","R","R","M","B"],"character_chosen":"THE_AUTOMATON","items_purchased":["bronze:ClassDefault"],"campfire_rested":2,"item_purchase_floors":[20],"current_hp_per_floor":[77,77,77,77,77,77,77,72,63,63,63,63,60,60,55,48,77,77,77,77,68,56,56,56,56,56,56,56,56,56,30,30,22,77,77,64,64,64,64,64,64,22,87,84,84,29,55,81,68,0,0,0],"gold":249,"neow_bonus":"TEN_PERCENT_HP_BONUS","is_daily":false,"chose_seed":false,"campfire_upgraded":6,"win_rate":0.0,"timestamp":1612529104,"path_taken":["R","M","M","?","?","?","T","M","M","?","?","R","?","M","M","BOSS","R","?","$","M","M","M","MIM","?","?","R","?","R","M","M","M","BOSS","R","M","M","M","?","?","T","?","?","M","R","M","R","R","M","BOSS"],"items_purchased_type":["Card"],"build_version":"2020-12-22","purchased_purges":1,"victory":false,"max_hp_per_floor":[77,77,77,77,77,77,77,77,77,77,77,77,77,77,77,77,77,77,77,77,77,77,77,77,77,77,77,77,77,77,77,77,77,77,77,77,77,77,77,77,77,77,87,87,87,87,87,87,87,87,87,87],"card_choices":[{"not_picked":["bronze:Return","bronze:CloningBeam"],"picked":"bronze:DigitalCarnage","floor":2.0},{"not_picked":["bronze:CutThrough","bronze:BugBarrage"],"picked":"bronze:Overheat","floor":3.0},{"not_picked":["bronze:CutThrough","bronze:Safeguard","bronze:BitShift"],"picked":"SKIP","floor":6.0},{"not_picked":["bronze:Turbo","bronze:ItsAFeature","bronze:BugBarrage+1"],"picked":"SKIP","floor":8.0},{"not_picked":["bronze:BitShift","bronze:Deprecate"],"picked":"bronze:Virus+1","floor":9.0},{"not_picked":[],"picked":"bronze:Spike","floor":13.0},{"not_picked":["bronze:Branch+1","bronze:BronzeArmor"],"picked":"bronze:Boost","floor":13.0},{"not_picked":["bronze:BuggyMess","bronze:Backtrace+1"],"picked":"bronze:Optimize","floor":14.0},{"not_picked":["bronze:ForceShield","bronze:CutThrough+1"],"picked":"bronze:FineTuning","floor":15.0},{"not_picked":["bronze:Format","bronze:RecursiveStrike+1"],"picked":"bronze:Mutator","floor":16.0},{"not_picked":["bronze:BuggyMess+1","bronze:DarkDash+1"],"picked":"bronze:WhirlingStrike+1","floor":20.0},{"not_picked":["bronze:WildBeam+1","bronze:DelayedSlice+1"],"picked":"bronze:FineTuning","floor":21.0},{"not_picked":["bronze:Turbo","bronze:Safeguard+1"],"picked":"bronze:WhirlingStrike+1","floor":22},{"not_picked":["bronze:Repulsor","bronze:Iterate+1","bronze:Deprecate"],"picked":"SKIP","floor":23},{"not_picked":["bronze:Safeguard","bronze:OilSpill+1"],"picked":"bronze:ChildClass+1","floor":24},{"not_picked":["bronze:ThunderWave+1","bronze:ChosenStrike+1"],"picked":"bronze:DelayedSlice+1","floor":25},{"not_picked":["bronze:Turbo","bronze:BugBarrage+1","bronze:Return"],"picked":"SKIP","floor":30},{"not_picked":["bronze:OilSpill+1","bronze:BugBarrage+1","bronze:WildBeam+1"],"picked":"SKIP","floor":31},{"not_picked":["bronze:Backtrace+1","bronze:ChildClass"],"picked":"bronze:DelayedSlice+1","floor":32},{"not_picked":["bronze:SpaghettiCode","bronze:Format"],"picked":"bronze:AlphaBuild+1","floor":33},{"not_picked":["bronze:OilSpill+1","bronze:WildBeam+1","bronze:Invalidate+1"],"picked":"SKIP","floor":36},{"not_picked":["bronze:BronzeArmor+1","bronze:Deprecate+1","bronze:Invalidate+1"],"picked":"SKIP","floor":37},{"not_picked":["bronze:WhirlingStrike+1","bronze:Frontload+1","bronze:WildBeam+1"],"picked":"SKIP","floor":38},{"not_picked":["bronze:BugBarrage+1","bronze:Allocate","bronze:ForceShield"],"picked":"SKIP","floor":42},{"not_picked":["bronze:Boost+1","bronze:ClassDefault","bronze:Frontload+1"],"picked":"SKIP","floor":44},{"not_picked":["bronze:DelayedGuard","bronze:FineTuning+1"],"picked":"bronze:ChildClass+1","floor":46},{"not_picked":["bronze:ClassDefault","bronze:BitShift"],"picked":"bronze:BronzeOrb+1","floor":49}],"player_experience":1472517,"relics_obtained":[{"floor":7.0,"key":"Molten Egg 2"},{"floor":24,"key":"conspire:DeflatedDodgeball"},{"floor":41,"key":"Art of War"}],"event_choices":[{"damage_healed":0,"gold_gain":0,"player_choice":"Ignored","damage_taken":0,"max_hp_gain":0,"max_hp_loss":0,"event_name":"Mysterious Sphere","floor":39,"gold_loss":0}],"is_beta":false,"boss_relics":[{"not_picked":["aspiration:RitualDagger","aspiration:PoetsPen_weak"],"picked":"construct:ClawGrip"},{"not_picked":["Replay:Drink Me","energizedSpire:MagnifyingGlass"],"picked":"construct:WeddingRing"}],"items_purged_floors":[20],"is_endless":false,"potions_floor_spawned":[3,6,15,16,21,23,30,36,38,46],"killed_by":"WA_ARCHETYPE_DIVINITY","ascension_level":0}}