{"host":"msmkw03x1o7nq45i","time":1612545481,"event":{"mods":["AchievementEnabler","BaseMod","Bestiary","Colored Powertips","GifTheSpireLib","Highlight Path","Minty Spire (QoL Compilation)","Random Character Button","StSLib","everything is the same but u backflip on backflip"],"gold_per_floor":[110,26,38,38,38,38,53,64,88,88,113,128,78,88,88,186,186,205,225,244,0,0,0,0,0,0,27,27,44,64,76,76,76,76],"floor_reached":33,"language":"ENG","playtime":995,"items_purged":[],"score":294,"play_id":"a368066b-32ba-4859-8945-fe7363821758","local_time":"20210205191801","is_ascension_mode":false,"campfire_choices":[{"data":"Pummel","floor":6,"key":"SMITH"},{"data":"Pommel Strike","floor":15,"key":"SMITH"},{"floor":23,"key":"RECALL"},{"floor":28,"key":"REST"},{"floor":32,"key":"REST"}],"circlet_count":0,"master_deck":["Defend_R","Defend_R+1","Defend_R+1","Bash","Sword Boomerang+1","Pummel+1","Iron Wave","Pommel Strike+1","Disarm","Dual Wield","Disarm","Bludgeon","Twin Strike","Flame Barrier+1","Writhe","Bite","Bite","Bite","Bite","Bite","Impervious","Spot Weakness+1","Fiend Fire"],"relics":["Sozu","War Paint","Vajra","Singing Bowl","Incense Burner","Fusion Hammer","Akabeko","Bird Faced Urn"],"acts_visited":["Exordium","TheCity"],"potions_floor_usage":[],"damage_taken":[{"damage":7,"enemies":"Small Slimes","floor":1,"turns":3},{"damage":0,"enemies":"Cultist","floor":3,"turns":3},{"damage":7,"enemies":"2 Louse","floor":7,"turns":2},{"damage":4,"enemies":"Blue Slaver","floor":8,"turns":2},{"damage":10,"enemies":"Lagavulin","floor":11,"turns":5},{"damage":10,"enemies":"Exordium Thugs","floor":12,"turns":3},{"damage":12,"enemies":"Exordium Wildlife","floor":14,"turns":3},{"damage":7,"enemies":"Hexaghost","floor":16,"turns":9},{"damage":0,"enemies":"3 Byrds","floor":18,"turns":4},{"damage":0,"enemies":"Spheric Guardian","floor":19,"turns":1},{"damage":2,"enemies":"Centurion and Healer","floor":20,"turns":5},{"damage":14,"enemies":"Book of Stabbing","floor":27,"turns":3},{"damage":0,"enemies":"Snecko","floor":29,"turns":3},{"damage":4,"enemies":"3 Cultists","floor":30,"turns":4},{"damage":1,"enemies":"Centurion and Healer","floor":31,"turns":3},{"damage":77,"enemies":"Champ","floor":33,"turns":8}],"seed_played":"8861500247455062738","potions_obtained":[],"is_trial":false,"path_per_floor":["M","?","M","$","?","R","M","M","T","T","E","M","?","M","R","B",null,"M","M","M","?","$","R","?","?","T","E","R","M","M","M","R","B"],"character_chosen":"IRONCLAD","items_purchased":[],"campfire_rested":2,"item_purchase_floors":[],"current_hp_per_floor":[73,73,73,73,73,73,66,62,62,62,52,42,42,30,30,23,80,80,80,80,80,80,80,80,57,57,43,57,57,55,59,59,0,0],"gold":76,"neow_bonus":"BOSS_RELIC","is_daily":false,"chose_seed":false,"campfire_upgraded":2,"win_rate":0.0,"timestamp":1612545481,"path_taken":["M","?","M","?","?","R","M","M","T","?","E","?","?","M","R","BOSS","M","M","M","?","?","R","?","?","T","E","R","?","M","M","R","BOSS"],"items_purchased_type":[],"build_version":"2020-12-22","purchased_purges":0,"victory":false,"max_hp_per_floor":[80,80,80,80,80,80,80,80,80,80,80,80,80,80,80,80,80,80,80,82,82,82,82,82,57,57,57,57,57,57,59,59,59,59],"card_choices":[{"not_picked":["Pommel Strike","Bloodletting"],"picked":"Sword Boomerang","floor":1},{"not_picked":["Perfected Strike","Headbutt"],"picked":"Pummel","floor":3},{"not_picked":["Anger","Body Slam"],"picked":"Iron Wave","floor":7},{"not_picked":["Infernal Blade","Searing Blow"],"picked":"Pommel Strike","floor":8},{"not_picked":["Second Wind","Pommel Strike"],"picked":"Disarm","floor":11},{"not_picked":["Rage","Sentinel"],"picked":"Dual Wield","floor":12},{"not_picked":["Sever Soul","Clash"],"picked":"Disarm","floor":14},{"not_picked":["Juggernaut","Berserk"],"picked":"Bludgeon","floor":16},{"not_picked":["Reckless Charge+1","Flex"],"picked":"Twin Strike","floor":18},{"not_picked":["Flex","Double Tap"],"picked":"Flame Barrier+1","floor":19},{"not_picked":["Clothesline","Armaments+1","Dropkick"],"picked":"Singing Bowl","floor":20},{"not_picked":["Second Wind","Body Slam"],"picked":"Impervious","floor":27},{"not_picked":["Armaments","Sentinel+1"],"picked":"Spot Weakness+1","floor":29},{"not_picked":["Anger+1","Power Through"],"picked":"Fiend Fire","floor":30},{"not_picked":["Hemokinesis","Sword Boomerang","Wild Strike+1"],"picked":"Singing Bowl","floor":31}],"player_experience":486099,"relics_obtained":[{"floor":9,"key":"Vajra"},{"floor":10,"key":"Singing Bowl"},{"floor":11,"key":"Incense Burner"},{"floor":27,"key":"Bird Faced Urn"}],"event_choices":[{"damage_healed":0,"gold_gain":0,"player_choice":"Paid Gold","damage_taken":0,"relics_obtained":["War Paint"],"max_hp_gain":0,"max_hp_loss":0,"event_name":"WeMeetAgain","floor":2,"gold_loss":84},{"damage_healed":0,"gold_gain":0,"player_choice":"Grow","damage_taken":0,"max_hp_gain":0,"max_hp_loss":0,"event_name":"Living Wall","floor":5,"gold_loss":0,"cards_upgraded":["Sword Boomerang"]},{"cards_removed":["Defend_R"],"damage_healed":0,"gold_gain":0,"player_choice":"Card Removal","damage_taken":0,"max_hp_gain":0,"max_hp_loss":0,"event_name":"The Cleric","floor":13,"gold_loss":50},{"damage_healed":0,"gold_gain":0,"player_choice":"Paid Fearfully","damage_taken":0,"max_hp_gain":0,"max_hp_loss":0,"event_name":"Masked Bandits","floor":21,"gold_loss":244},{"damage_healed":0,"gold_gain":0,"player_choice":"Opened","damage_taken":0,"relics_obtained":["Akabeko"],"max_hp_gain":0,"max_hp_loss":0,"event_name":"The Mausoleum","floor":24,"gold_loss":0,"cards_obtained":["Writhe"]},{"damage_healed":0,"gold_gain":0,"player_choice":"Became a vampire","damage_taken":0,"max_hp_gain":0,"max_hp_loss":25,"event_name":"Vampires","floor":25,"gold_loss":0,"cards_obtained":["Bite","Bite","Bite","Bite","Bite"]}],"is_beta":false,"boss_relics":[{"not_picked":["Black Star","Runic Cube"],"picked":"Fusion Hammer"}],"items_purged_floors":[],"is_endless":false,"potions_floor_spawned":[3,7,12,16,27,29],"killed_by":"Champ","ascension_level":0}}