{"host":"p1xsuo25udtrkbq2","time":1612506632,"event":{"mods":["BaseMod","Colored Map","Googly Eyes","Highlight Path","Minty Spire (QoL Compilation)","Quick Restart","Rare Cards Sparkle","Relic Stats","Slay the Relics Exporter","StSLib","everything is the same but u backflip on backflip"],"gold_per_floor":[112,129,129,29,45,45,71,89,115,115,115],"floor_reached":10,"language":"ENG","playtime":777,"items_purged":[],"score":129,"play_id":"7968294c-02dc-4725-b4ad-1bac4a8e9412","local_time":"20210205013032","is_ascension_mode":true,"campfire_choices":[{"data":"Burst","floor":6.0,"key":"SMITH"}],"circlet_count":0,"master_deck":["AscendersBane","Strike_G","Strike_G","Strike_G","Strike_G","Strike_G","Defend_G","Defend_G","Defend_G","Defend_G","Defend_G","Survivor","Neutralize","Burst+1","Blade Dance","Predator","Blade Dance","Blur","Cloak And Dagger","Dash"],"relics":["Ring of the Snake","GremlinMask","Bronze Scales","Juzu Bracelet"],"acts_visited":["Exordium"],"potions_floor_usage":[],"damage_taken":[{"damage":0.0,"enemies":"Jaw Worm","floor":1.0,"turns":7.0},{"damage":1.0,"enemies":"Cultist","floor":2.0,"turns":3.0},{"damage":9.0,"enemies":"2 Louse","floor":5.0,"turns":2.0},{"damage":23.0,"enemies":"3 Sentries","floor":7.0,"turns":11.0},{"damage":0.0,"enemies":"2 Fungi Beasts","floor":8.0,"turns":3.0},{"damage":32,"enemies":"Gremlin Nob","floor":10,"turns":4}],"seed_played":"14550943269409601","potions_obtained":[{"floor":5.0,"key":"Explosive Potion"},{"floor":7.0,"key":"Energy Potion"}],"is_trial":false,"path_per_floor":["M","M","?","$","M","R","E","M","T","E"],"character_chosen":"THE_SILENT","items_purchased":["Blade Dance","Blur"],"campfire_rested":0,"item_purchase_floors":[4,4],"current_hp_per_floor":[59,58,58,58,49,49,26,26,26,0,0],"gold":115,"neow_bonus":"THREE_RARE_CARDS","is_daily":false,"chose_seed":false,"campfire_upgraded":1,"win_rate":0.0,"timestamp":1612506632,"path_taken":["M","M","?","?","M","R","E","M","T","E"],"items_purchased_type":["Card","Card"],"build_version":"2020-12-22","purchased_purges":0,"victory":false,"max_hp_per_floor":[60,60,60,60,60,60,60,60,60,60,60],"relic_stats":{"counters":[6,30],"Bronze Scales":[12],"Juzu Bracelet":0,"obtain_stats":[{"Bronze Scales":7,"GremlinMask":3,"Juzu Bracelet":9,"Ring of the Snake":0},{"Bronze Scales":4,"GremlinMask":2,"Juzu Bracelet":5,"Ring of the Snake":0},{"Bronze Scales":23,"GremlinMask":10,"Juzu Bracelet":26,"Ring of the Snake":0}],"Ring of the Snake":[12]},"card_choices":[{"not_picked":["A Thousand Cuts","Tools of the Trade"],"picked":"Burst","floor":0.0},{"not_picked":["Underhanded Strike","Dagger Spray"],"picked":"Blade Dance","floor":1.0},{"not_picked":["Well Laid Plans","Acrobatics"],"picked":"Predator","floor":2.0},{"not_picked":["Setup","Blade Dance"],"picked":"Cloak And Dagger","floor":5.0},{"not_picked":["Quick Slash","A Thousand Cuts"],"picked":"Dash","floor":7.0},{"not_picked":["Dodge and Roll","Dagger Spray","Tactician"],"picked":"SKIP","floor":8.0}],"player_experience":990735,"relics_obtained":[{"floor":7.0,"key":"Bronze Scales"},{"floor":9.0,"key":"Juzu Bracelet"}],"event_choices":[{"damage_healed":0.0,"max_hp_gain":0.0,"max_hp_loss":0.0,"gold_gain":0.0,"event_name":"FaceTrader","player_choice":"Trade","floor":3.0,"gold_loss":0.0,"damage_taken":0.0,"relics_obtained":["GremlinMask"]}],"is_beta":false,"boss_relics":[],"items_purged_floors":[],"is_endless":false,"potions_floor_spawned":[5,7,8],"killed_by":"Gremlin Nob","ascension_level":18}}