{"host":"e4mqwdeqkh64qloq","time":1612489506,"event":{"mods":["BaseMod","Downfall","Minty Spire (QoL Compilation)","Replay The Spire","StSLib","The Cursed"],"gold_per_floor":[99,112,132,132,144,175,201,213,228,242,31,47,47,67,86,182,182,182,182,21,37,37,137,160,160,176,194,194,214,214,226,242,342,342,342,359,359,413,413,413,413,431,449,240,255,268,153,181,201,201,201,201],"floor_reached":50,"language":"ENG","playtime":3312,"items_purged":[],"score":507,"play_id":"1924e985-5918-4393-a609-9a777158728e","local_time":"20210204204506","is_ascension_mode":false,"campfire_choices":[{"data":"Guardian:TwinSlam","floor":13.0,"key":"SMITH"},{"floor":18.0,"key":"DIG"},{"data":"expansioncontent:StudyTheSpire","floor":28.0,"key":"SMITH"},{"floor":30.0,"key":"REST"},{"data":"Guardian:TimeSifter","floor":35.0,"key":"SMITH"},{"data":"Guardian:FierceBash","floor":40.0,"key":"SMITH"}],"circlet_count":0,"master_deck":["Guardian:CurlUp","Guardian:TwinSlam+1","Dramatic Entrance","Guardian:BronzeArmor","Guardian:PrimingBeam","Guardian:PiercingHide","Guardian:Recover","Guardian:Orbwalk","Guardian:TimeBomb","Guardian:ChargeCore","Guardian:Planning","Guardian:Incinerate","Guardian:TemporalShield","Guardian:ExploitGems","Guardian:Reroute","Guardian:Incinerate","Guardian:GatlingBeam","Guardian:TimeBomb","Guardian:FierceBash+1","Guardian:CrystalBeam","Guardian:ConstructionForm","Guardian:ShieldCharger+1","Guardian:PolyBeam+1","Guardian:BronzeOrb+1","Guardian:Clone","Guardian:Suspension","Guardian:TimeSifter+1","Guardian:RollAttack","Sever Soul+1","Guardian:BronzeOrb+1","Guardian:ConstructionForm","Guardian:BronzeOrb+1","Guardian:Gem_Red","Guardian:Gem_Red","Guardian:Gem_Crimson","Guardian:PrismaticBarrier+1"],"relics":["Guardian:ModeShifter","Regal Pillow","ReplayTheSpireMod:Lightbulb","Pandora\u0027s Box","Bag of Marbles","Membership Card","Strawberry","Painkiller Herb","Nunchaku","Turnip","Toxic Egg 2","Oddly Smooth Stone","Toolbox","Anchor"],"acts_visited":["Exordium","TheCity","TheBeyond"],"potions_floor_usage":[49,49,49],"damage_taken":[{"damage":0.0,"enemies":"Small Slimes","floor":2.0,"turns":3.0},{"damage":0.0,"enemies":"Cultist","floor":3.0,"turns":3.0},{"damage":0.0,"enemies":"2 Louse","floor":5.0,"turns":2.0},{"damage":2.0,"enemies":"Lagavulin","floor":6.0,"turns":7.0},{"damage":10.0,"enemies":"Exordium Thugs","floor":8.0,"turns":4.0},{"damage":0.0,"enemies":"3 Louse","floor":9.0,"turns":3.0},{"damage":0.0,"enemies":"Gremlin Gang","floor":10.0,"turns":4.0},{"damage":0.0,"enemies":"downfall:FleeingMerchant","floor":11.0,"turns":4.0},{"damage":11.0,"enemies":"Large Slime","floor":12.0,"turns":4.0},{"damage":0.0,"enemies":"Exordium Wildlife","floor":14.0,"turns":4.0},{"damage":13.0,"enemies":"Exordium Thugs","floor":15.0,"turns":4.0},{"damage":34.0,"enemies":"WA_ARCHETYPE_RETAIN","floor":16.0,"turns":10.0},{"damage":10.0,"enemies":"downfall:FleeingMerchant","floor":20.0,"turns":4.0},{"damage":10.0,"enemies":"Shell Parasite","floor":21.0,"turns":5.0},{"damage":21.0,"enemies":"Chosen and Byrds","floor":26.0,"turns":5.0},{"damage":3.0,"enemies":"Centurion and Healer","floor":27.0,"turns":6.0},{"damage":10.0,"enemies":"Sentry and Sphere","floor":29.0,"turns":4.0},{"damage":3.0,"enemies":"Chosen and Byrds","floor":31.0,"turns":4.0},{"damage":20.0,"enemies":"Centurion and Healer","floor":32.0,"turns":4.0},{"damage":41.0,"enemies":"IC_MUSHROOM_ARCHETYPE","floor":33.0,"turns":7.0},{"damage":8.0,"enemies":"Orb Walker","floor":36.0,"turns":3.0},{"damage":2.0,"enemies":"3 Shapes","floor":42.0,"turns":3.0},{"damage":0.0,"enemies":"Sphere and 2 Shapes","floor":43.0,"turns":4.0},{"damage":20.0,"enemies":"downfall:FleeingMerchant","floor":44.0,"turns":4.0},{"damage":21.0,"enemies":"Writhing Mass","floor":45.0,"turns":5.0},{"damage":0,"enemies":"Transient","floor":46,"turns":5},{"damage":15,"enemies":"downfall:FleeingMerchant","floor":47,"turns":4},{"damage":7,"enemies":"Reptomancer","floor":48,"turns":6},{"damage":0,"enemies":"Maw","floor":49,"turns":6},{"damage":15,"enemies":"DF_ARCHETYPE_ORBS","floor":50,"turns":2}],"seed_played":"-6133858779904177379","potions_obtained":[{"floor":1.0,"key":"PowerPotion"},{"floor":1.0,"key":"Strength Potion"},{"floor":5.0,"key":"SpeedPotion"},{"floor":6.0,"key":"DuplicationPotion"},{"floor":9.0,"key":"LiquidMemories"},{"floor":21.0,"key":"Strength Potion"},{"floor":27.0,"key":"hexamod:SoulburnPotion"},{"floor":33.0,"key":"Energy Potion"}],"is_trial":false,"path_per_floor":["R","M","M","?","M","E","T","M","M","M","$","M","R","M","M","B",null,"R","?","$","M","?","?","T","?","M","M","R","M","R","M","M","B",null,"T","?","?","?","?","T","T","?","?","T","?","?","T","E","?","B"],"character_chosen":"GUARDIAN","items_purchased":["expansioncontent:StudyTheSpire","Membership Card","Toxic Egg 2","Oddly Smooth Stone","Toolbox","Guardian:Gem_Red"],"campfire_rested":1,"item_purchase_floors":[11,20,44,44,47,47],"current_hp_per_floor":[80,80,80,80,80,78,78,68,68,68,68,57,57,57,44,10,80,80,80,70,60,60,60,67,67,46,43,43,33,74,71,51,10,87,87,79,79,79,79,79,79,77,77,57,36,36,21,14,14,0,0,0],"gold":201,"neow_bonus":"RANDOM_COLORLESS","is_daily":false,"chose_seed":false,"campfire_upgraded":4,"win_rate":0.0,"timestamp":1612489506,"path_taken":["R","M","M","?","M","E","T","M","M","M","$","?","R","M","M","BOSS","R","?","?","M","?","?","T","?","M","?","R","M","R","M","M","BOSS","T","?","?","?","?","T","T","?","?","T","?","?","T","E","?","BOSS"],"items_purchased_type":["Card","Relic","Relic","Relic","Relic","Card"],"build_version":"2020-12-22","purchased_purges":0,"victory":false,"max_hp_per_floor":[80,80,80,80,80,80,80,80,80,80,80,80,80,80,80,80,80,80,80,80,80,80,80,87,87,87,87,87,87,87,87,87,87,87,87,87,87,87,87,87,87,87,87,87,87,87,87,87,87,87,87,87],"card_choices":[{"not_picked":["Purity","Flash of Steel"],"picked":"Dramatic Entrance","floor":0.0},{"not_picked":["Guardian:TemporalStrike","Guardian:PrismaticBarrier"],"picked":"Guardian:BronzeArmor","floor":2.0},{"not_picked":["Guardian:Harden","Guardian:Suspension"],"picked":"Guardian:Gem_Green","floor":3.0},{"not_picked":["Guardian:Gem_Lightblue","Guardian:TemporalShield"],"picked":"Guardian:PrimingBeam","floor":5.0},{"not_picked":["Guardian:GuardianWhirl","Guardian:AncientConstruct"],"picked":"Guardian:PiercingHide","floor":6.0},{"not_picked":["Guardian:PrimingBeam","Guardian:Harden"],"picked":"Guardian:Recover","floor":8.0},{"not_picked":["Guardian:Clone","Guardian:Incinerate"],"picked":"Guardian:Orbwalk","floor":9.0},{"not_picked":["Guardian:Reroute","Guardian:Gem_Crimson"],"picked":"Guardian:TimeBomb","floor":10.0},{"not_picked":["Guardian:GuardianWhirl","Guardian:Gem_Green"],"picked":"Guardian:ChargeCore","floor":11.0},{"not_picked":["Guardian:Recover","Guardian:WalkerClaw"],"picked":"Guardian:Planning","floor":12.0},{"not_picked":["Guardian:PiercingHide","Guardian:Emergency"],"picked":"Guardian:Incinerate","floor":14.0},{"not_picked":["Guardian:WalkerClaw","Guardian:Incinerate"],"picked":"Guardian:TemporalShield","floor":15.0},{"not_picked":["Guardian:GatlingBeam","Guardian:RevengeProtocol"],"picked":"Guardian:ExploitGems","floor":16.0},{"not_picked":["Guardian:Reroute","Guardian:Planning"],"picked":"Guardian:Gem_Yellow","floor":20.0},{"not_picked":["Guardian:Planning","Guardian:Gem_Red"],"picked":"Guardian:ShieldCharger+1","floor":21.0},{"not_picked":["Guardian:VentSteam","Guardian:Planning+1"],"picked":"Guardian:Gem_Blue","floor":26.0},{"not_picked":["Guardian:Repulse","Guardian:ShieldCharger"],"picked":"Guardian:PolyBeam+1","floor":27.0},{"not_picked":["Guardian:StasisStrike","Guardian:PrimingBeam"],"picked":"Guardian:BronzeOrb+1","floor":29.0},{"not_picked":["Guardian:Planning","Guardian:Emergency+1"],"picked":"Guardian:Clone","floor":31.0},{"not_picked":["Guardian:Reroute","Guardian:ShieldCharger"],"picked":"Guardian:Suspension","floor":32.0},{"not_picked":["Guardian:Gem_Orange","Guardian:SphericShield"],"picked":"Guardian:TimeSifter","floor":33.0},{"not_picked":["Guardian:RefractedBeam+1","Guardian:VentSteam+1"],"picked":"Guardian:RollAttack","floor":36.0},{"not_picked":["Guardian:RefractedBeam+1","Guardian:Planning"],"picked":"Guardian:BronzeOrb+1","floor":42.0},{"not_picked":["Guardian:Planning","Guardian:ChargeCore"],"picked":"Guardian:ConstructionForm","floor":43.0},{"not_picked":["Guardian:BodySlam+1","Guardian:GuardianWhirl"],"picked":"Guardian:BronzeOrb+1","floor":44.0},{"not_picked":["Guardian:Reroute+1","Guardian:Recover+1","Guardian:CrystalBeam+1"],"picked":"SKIP","floor":45.0},{"not_picked":["Guardian:PrismaticBeam+1","Guardian:ShieldCharger+1","Guardian:VentSteam+1"],"picked":"SKIP","floor":46},{"not_picked":["Guardian:MultiBeam","Guardian:Suspension+1"],"picked":"Guardian:Gem_Red","floor":47},{"not_picked":["Guardian:PiercingHide+1","Guardian:ShieldSpikes+1"],"picked":"Guardian:Gem_Crimson","floor":48},{"not_picked":["Guardian:Gem_Fragmented","Guardian:GuardianWhirl+1"],"picked":"Guardian:PrismaticBarrier+1","floor":49}],"player_experience":235021,"relics_obtained":[{"floor":6.0,"key":"Regal Pillow"},{"floor":7.0,"key":"ReplayTheSpireMod:Lightbulb"},{"floor":18.0,"key":"Bag of Marbles"},{"floor":24.0,"key":"Strawberry"},{"floor":38.0,"key":"Nunchaku"},{"floor":41.0,"key":"Turnip"},{"floor":48,"key":"Anchor"}],"event_choices":[{"cards_removed":["Guardian:Strike_Guardian"],"damage_healed":0.0,"max_hp_gain":0.0,"max_hp_loss":0.0,"gold_gain":0.0,"event_name":"Bonfire Elementals","player_choice":"Offered Basic","floor":4.0,"gold_loss":0.0,"damage_taken":0.0},{"cards_removed":["expansioncontent:StudyTheSpire"],"damage_healed":0.0,"max_hp_gain":0.0,"max_hp_loss":0.0,"gold_gain":0.0,"event_name":"NoteForYourself","player_choice":"Took Card","floor":39.0,"gold_loss":0.0,"damage_taken":0.0,"cards_obtained":["Sever Soul"]}],"is_beta":false,"boss_relics":[{"not_picked":["Cursed Key","Snecko Eye"],"picked":"Pandora\u0027s Box"},{"not_picked":["SacredBark","Runic Dome"],"picked":"Painkiller Herb"}],"items_purged_floors":[],"is_endless":false,"potions_floor_spawned":[5,6,9,10,12,14,21,27,31,33,42,43,48],"killed_by":"DF_ARCHETYPE_ORBS","ascension_level":0}}