{"host":"za9ilm1uiwmpmin1","time":1612485605,"event":{"mods":["AchievementEnabler","Act Like it!","Arknights","BaseMod","Dota2Spire","Downfall","Friendly Minions","Lobotomy","LobotomyExtend","Minty Spire (QoL Compilation)","MostiFishMod","Reorder Act Four","RumiaBox-露米娅的神秘盒子","StSLib","TestMod","Waifu the Spire","[IsaacMod]以撒尖塔","【功能Mod】混沌之环修复补丁"],"gold_per_floor":[99,499,513,538,552,572,595,616,683,741,507,546,546,588,608,712,712,512,512,525,545,545,545,545,445,464,480,498,529,529,571,593,701,701,701,723,748,748,768,787,838,768,794,826,848,873,906,781,799,812,812,812,851,851,153,158,162],"floor_reached":58,"language":"ZHS","playtime":2570,"items_purged":["champ:Strike","champ:Strike","champ:Strike","champ:Defend","champ:Strike","champ:Defend+1"],"score":2235,"play_id":"f19e43b6-0c55-453f-8219-a6491b027903","local_time":"20210205084005","is_ascension_mode":true,"campfire_choices":[{"data":"champ:Taunt","floor":1,"key":"SMITH"},{"data":"champ:CalledShot","floor":18,"key":"SMITH"},{"floor":23,"key":"RECALL"},{"data":"champ:Execute","floor":25,"key":"SMITH"},{"data":"champ:Defend","floor":35,"key":"SMITH"},{"floor":54,"key":"REST"}],"circlet_count":0,"master_deck":["champ:Defend+1","champ:Defend+1","champ:Execute+1","champ:Taunt+1","champ:CalledShot+1","champ:CrownThrow+1","champ:HoldFirm+1"],"relics":["HushsDoor","testmod-TestBox","testmod-TheFather","TheBean","BirthdayGift-Icosahedron","Dota2Spire:Bloodstone","LetterFromLob","HornCleat","Dota2Spire:BattleFury","Lantern","OrangePellets","champ:FightingForDummies","PillsDrop","MagicMushroom","downfall:HeartBlessingGreen","downfall:HeartBlessingBlue","Nilry\u0027s Codex","Dota2Spire:DivineRapier","downfall:HeartBlessingRed","Ccalipers","sneckomod:SneckoTalon","Art of War","OriginationStaff","Dota2Spire:ShadowBlade","testmod-Antiphasic","Happy Flower","Dota2Spire:AssaultCuirass","MagicDraw2"],"acts_visited":["Exordium","TheCity","TheBeyond","TheEnding"],"potions_floor_usage":[56,56,56],"damage_taken":[{"damage":0,"enemies":"Jaw Worm","floor":3,"turns":2},{"damage":0,"enemies":"Small Slimes","floor":4,"turns":3},{"damage":0,"enemies":"Cultist","floor":5,"turns":2},{"damage":0,"enemies":"2 Fungi Beasts","floor":6,"turns":2},{"damage":0,"enemies":"Large Slime","floor":8,"turns":3},{"damage":0,"enemies":"Lagavulin Event","floor":9,"turns":3},{"damage":0,"enemies":"Hiden Room Battle","floor":10,"turns":3},{"damage":0,"enemies":"downfall:FleeingMerchant","floor":11,"turns":4},{"damage":11,"enemies":"Lagavulin","floor":12,"turns":3},{"damage":0,"enemies":"3 Sentries","floor":14,"turns":2},{"damage":0,"enemies":"Lots of Slimes","floor":15,"turns":1},{"damage":20,"enemies":"SI_SHIV_ARCHETYPE","floor":16,"turns":4},{"damage":0,"enemies":"Chosen","floor":20,"turns":2},{"damage":0,"enemies":"3 Byrds","floor":21,"turns":2},{"damage":0,"enemies":"Snecko","floor":26,"turns":2},{"damage":0,"enemies":"Snake Plant","floor":27,"turns":1},{"damage":0,"enemies":"Cultist and Chosen","floor":28,"turns":2},{"damage":0,"enemies":"Book of Stabbing","floor":29,"turns":2},{"damage":0,"enemies":"Slavers","floor":31,"turns":1},{"damage":0,"enemies":"Shelled Parasite and Fungi","floor":32,"turns":1},{"damage":0,"enemies":"WA_ARCHETYPE_CALM","floor":33,"turns":4},{"damage":0,"enemies":"Orb Walker","floor":36,"turns":2},{"damage":0,"enemies":"3 Shapes","floor":37,"turns":1},{"damage":0,"enemies":"Jaw Worm Horde","floor":39,"turns":1},{"damage":0,"enemies":"4 Shapes","floor":40,"turns":2},{"damage":0,"enemies":"downfall:FleeingMerchant","floor":42,"turns":2},{"damage":0,"enemies":"3 Darklings","floor":43,"turns":1},{"damage":0,"enemies":"Nemesis","floor":44,"turns":3},{"damage":0,"enemies":"Sphere and 2 Shapes","floor":45,"turns":2},{"damage":0,"enemies":"Jaw Worm Horde","floor":46,"turns":1},{"damage":0,"enemies":"Giant Head","floor":47,"turns":4},{"damage":0,"enemies":"Maw","floor":49,"turns":3},{"damage":20,"enemies":"IC_BLOCK_ARCHETYPE","floor":50,"turns":4},{"damage":20,"enemies":"downfall:CharBossMerchant","floor":53,"turns":5},{"damage":0,"enemies":"downfall:NeowBoss","floor":56,"turns":1},{"damage":10,"enemies":"downfall:NeowBossFinal","floor":57,"turns":5}],"seed_played":"-7920984708688178642","potions_obtained":[{"floor":8,"key":"BlessingOfTheForge"},{"floor":9,"key":"ColorlessPotion"},{"floor":10,"key":"DuplicationPotion"},{"floor":12,"key":"testmod-TestPotion"},{"floor":26,"key":"Block Potion"}],"is_trial":false,"path_per_floor":["R","?","M","M","M","M","T","M","?","?","$","E","?","E","M","B",null,"R","M","M","M","?","R","T","R","M","M","M","E","?","E","M","B",null,"R","M","M","?","M","M","T","$","M","E","M","M","E","$","M","B",null,null,"E","R","$","B","B",null],"character_chosen":"THE_CHAMP","items_purchased":["OrangePellets","champ:HoldFirm","OriginationStaff","Dota2Spire:AssaultCuirass","MagicDraw2"],"campfire_rested":1,"item_purchase_floors":[11,17,42,55,55],"current_hp_per_floor":[90,90,90,90,90,90,90,90,90,90,90,90,90,90,90,90,88,98,80,82,84,68,68,68,68,70,71,76,78,78,79,81,86,97,97,97,97,97,92,92,92,92,92,87,87,87,82,82,82,82,82,82,82,82,82,82,82],"gold":162,"neow_bonus":"BOSS_RELIC","is_daily":false,"chose_seed":false,"campfire_upgraded":4,"win_rate":0.0,"timestamp":1612485605,"path_taken":["R","?","M","?","M","M","T","M","?","?","?","E","?","E","M","BOSS","R","M","M","M","?","R","T","R","M","M","M","E","?","E","M","BOSS","R","M","M","?","M","M","T","$","M","E","M","M","E","$","M","BOSS","E","R","$","BOSS","BOSS"],"items_purchased_type":["Relic","Card","Relic","Relic","Relic"],"build_version":"2020-12-22","purchased_purges":6,"victory":true,"max_hp_per_floor":[90,90,90,90,90,90,90,90,90,90,90,90,90,90,90,90,88,98,98,98,98,98,98,98,98,98,98,101,101,101,101,101,104,97,97,97,97,97,92,92,92,92,92,87,87,87,82,82,82,82,82,82,82,82,82,82,82],"card_choices":[{"not_picked":["champ:Backstep","champ:FlashCut"],"picked":"Bomb","floor":3},{"not_picked":["champ:DefensiveShout","champ:FancyFootwork","champ:Haymaker"],"picked":"SKIP","floor":4},{"not_picked":["champ:EnragedBash","champ:DeathBlow","champ:SkillfulDodge"],"picked":"SKIP","floor":5},{"not_picked":["champ:SetATrap","champ:ArenaPreparation","champ:BerserkersShout"],"picked":"SKIP","floor":6},{"not_picked":["champ:PreciseThrust","champ:Improvising","champ:Shatter"],"picked":"SKIP","floor":8},{"not_picked":["champ:ShieldSigil","champ:Endure"],"picked":"champ:CalledShot","floor":9},{"not_picked":["champ:Encircle","champ:FanOfKnives"],"picked":"champ:CrownThrow","floor":10},{"not_picked":["champ:IronFortress","champ:FaceSlap","champ:EnGarde"],"picked":"SKIP","floor":11},{"not_picked":["champ:Parry","champ:BladeFlurry","champ:DeathBlow"],"picked":"SKIP","floor":12},{"not_picked":["champ:Haymaker","champ:FlashCut"],"picked":"Bomb","floor":14},{"not_picked":["champ:TornadoPunch","champ:ShieldWall","champ:PerfectedStrike"],"picked":"SKIP","floor":15},{"not_picked":["champ:RageSigil+1","champ:SetATrap","champ:SwordSigil"],"picked":"SKIP","floor":20},{"not_picked":["champ:HeartStrike","champ:BerserkerStyle+1","champ:FlashCut"],"picked":"SKIP","floor":21},{"not_picked":["champ:Backstep","champ:FlashCut+1","champ:BringItOn"],"picked":"SKIP","floor":26},{"not_picked":["champ:CheapShot","champ:IronFortress","champ:SetATrap+1"],"picked":"SKIP","floor":27},{"not_picked":["champ:Circumvent","champ:PreciseThrust+1","champ:Parry"],"picked":"SKIP","floor":28},{"not_picked":["champ:DefensiveShout","champ:TornadoPunch","champ:HeavySlash"],"picked":"SKIP","floor":29},{"not_picked":["champ:GladiatorStyle","champ:DefensiveShout","champ:Backstep"],"picked":"SKIP","floor":31},{"not_picked":["champ:FlashCut","champ:Duel","champ:DefensiveShout"],"picked":"SKIP","floor":32},{"not_picked":["champ:SwordSigil","champ:CrownThrow+1","champ:DefensiveShout+1"],"picked":"SKIP","floor":36},{"not_picked":["champ:DefensiveStyle","champ:Shatter+1","champ:Duel"],"picked":"SKIP","floor":37},{"not_picked":["champ:Duel","champ:SwordSigil+1","champ:GutPunch"],"picked":"SKIP","floor":39},{"not_picked":["champ:CrownThrow","champ:ShieldSlam+1","champ:PerfectedStrike+1"],"picked":"SKIP","floor":40},{"not_picked":["champ:Haymaker","champ:BringItOn+1","champ:RisingSlash+1"],"picked":"SKIP","floor":42},{"not_picked":["champ:GladiatorStyle","champ:AdrenalArmor","champ:GutPunch"],"picked":"SKIP","floor":43},{"not_picked":["champ:AdrenalArmor","champ:Backstep","champ:UltimateStance"],"picked":"SKIP","floor":44},{"not_picked":["champ:TornadoPunch+1","champ:DefensiveStyle","champ:Shatter+1"],"picked":"SKIP","floor":45},{"not_picked":["champ:BringItOn+1","champ:BladeFlurry","champ:BerserkersShout+1"],"picked":"SKIP","floor":46},{"not_picked":["champ:ShieldSigil","champ:Circumvent","champ:FocusedBerserking"],"picked":"SKIP","floor":47},{"not_picked":["champ:GutPunch+1","champ:Duel","champ:TornadoPunch"],"picked":"SKIP","floor":49},{"not_picked":["champ:Endure","champ:AdrenalArmor+1","champ:TornadoPunch+1"],"picked":"SKIP","floor":53}],"player_experience":957096,"relics_obtained":[{"floor":3,"key":"LetterFromLob"},{"floor":9,"key":"HornCleat"},{"floor":10,"key":"Dota2Spire:BattleFury"},{"floor":10,"key":"Lantern"},{"floor":12,"key":"champ:FightingForDummies"},{"floor":14,"key":"PillsDrop"},{"floor":22,"key":"Nilry\u0027s Codex"},{"floor":24,"key":"Dota2Spire:DivineRapier"},{"floor":31,"key":"Ccalipers"},{"floor":41,"key":"Art of War"},{"floor":44,"key":"Dota2Spire:ShadowBlade"},{"floor":47,"key":"testmod-Antiphasic"},{"floor":53,"key":"Happy Flower"}],"event_choices":[{"damage_healed":0,"gold_gain":400,"player_choice":"Sell","damage_taken":0,"max_hp_gain":0,"max_hp_loss":0,"event_name":"恩洛斯的盘子","floor":2,"relics_lost":["DaveBox"],"gold_loss":0},{"damage_healed":0,"gold_gain":0,"player_choice":"Fight","damage_taken":0,"max_hp_gain":0,"max_hp_loss":0,"event_name":"HidenRoomEvent","floor":10,"gold_loss":0},{"damage_healed":0,"gold_gain":0,"player_choice":"Swap Relic","damage_taken":0,"relics_obtained":["Technique"],"max_hp_gain":0,"max_hp_loss":0,"event_name":"给自己的盒子","floor":38,"relics_lost":["Technique"],"gold_loss":0}],"is_beta":false,"boss_relics":[{"not_picked":["Tiny House","testmod-DreamHouse"],"picked":"MagicMushroom"},{"not_picked":[]},{"not_picked":["testmod-TimeTraveler","RhineCircuit"],"picked":"sneckomod:SneckoTalon"},{"not_picked":[]}],"items_purged_floors":[11,17,34,42,48,55],"is_endless":false,"potions_floor_spawned":[8,9,10,12,15,16,20,26,28,33,39,40,44,46,47,53],"ascension_level":2}}