{"host":"izaayrkpa5ecuvkh","time":1612548242,"event":{"mods":["AchievementEnabler","BaseMod","Card Forge","Colored Powertips","Highlight Path","Minty Spire (QoL Compilation)","Quick Restart","Relic Stats","StSLib","Transform Curses"],"gold_per_floor":[159,159,16,16,55,146,146,206,206,221,312,168,212,228,228,376,376,425,439,148,247,291,351,417,506,506,600,600,600,660,729,729,875,875,889,826,892,343,382,440,16,81,159,0,0,0,46,94,94,144,144,144,94,187,212],"floor_reached":56,"language":"ENG","playtime":8002,"items_purged":["HandOfGreed+1"],"score":2142,"play_id":"d3359591-fa2d-40cf-85c3-092319f33f96","local_time":"20210205130402","is_ascension_mode":true,"campfire_choices":[{"floor":7.0,"key":"RECALL"},{"floor":15.0,"key":"REST"},{"floor":28.0,"key":"REST"},{"floor":32.0,"key":"REST"},{"floor":45,"key":"REST"},{"floor":49,"key":"REST"},{"floor":52,"key":"REST"}],"circlet_count":0,"master_deck":["Limit Break+1","Limit Break+1","Double Tap+1","Calculated Gamble+1","Calculated Gamble+1","Adrenaline+1","Tactician+1","Tactician+1","Double Energy+1","Finesse+1","Finesse+1","Finesse+1","Finesse+1","Finesse+1","Finesse+1","Finesse+1","HandOfGreed+1","HandOfGreed+1","Master of Strategy+1","Tactician+1","Escape Plan+1","Calculated Gamble+1","Acrobatics+1","Acrobatics+1","Master of Strategy+1","Escape Plan+1","Tactician+1","Adrenaline+1","Acrobatics+1","Calculated Gamble+1","Tactician+1","Adrenaline+1","Acrobatics+1","Calculated Gamble+1","Adrenaline+1","Acrobatics+1","Calculated Gamble+1","Escape Plan+1","Tactician+1","Adrenaline+1","Adrenaline+1","Adrenaline+1","Adrenaline+1","Limit Break+1","Limit Break+1","Limit Break+1","Limit Break+1","Limit Break+1"],"relics":["Burning Blood","Hammer of Thor","Seething Fire","Anvil of the Gods","Sundial","Anchor","Golden Idol","Blood Vial","Letter Opener","Whetstone","ClockworkSouvenir","StrikeDummy","Cursed Key","Brimstone","Juzu Bracelet","Bronze Scales","Gremlin Horn","Shuriken","CeramicFish","SacredBark","Strange Spoon","MealTicket","Meat on the Bone","Incense Burner","Lizard Tail","Nunchaku","Smiling Mask","Darkstone Periapt","Red Mask","Eternal Feather"],"acts_visited":["Exordium","TheCity","TheBeyond","TheEnding"],"potions_floor_usage":[55],"damage_taken":[{"damage":0.0,"enemies":"Small Slimes","floor":1.0,"turns":1.0},{"damage":0.0,"enemies":"Jaw Worm","floor":5.0,"turns":1.0},{"damage":0.0,"enemies":"3 Sentries","floor":6.0,"turns":1.0},{"damage":0.0,"enemies":"Lagavulin","floor":8.0,"turns":2.0},{"damage":0.0,"enemies":"Cultist","floor":10.0,"turns":1.0},{"damage":0.0,"enemies":"3 Sentries","floor":11.0,"turns":1.0},{"damage":0.0,"enemies":"Gremlin Nob","floor":13.0,"turns":1.0},{"damage":3.0,"enemies":"Exordium Thugs","floor":14.0,"turns":2.0},{"damage":0.0,"enemies":"Slime Boss","floor":16.0,"turns":2.0},{"damage":12.0,"enemies":"2 Thieves","floor":18.0,"turns":2.0},{"damage":14.0,"enemies":"Shell Parasite","floor":19.0,"turns":3.0},{"damage":0.0,"enemies":"Snake Plant","floor":22.0,"turns":2.0},{"damage":0.0,"enemies":"Book of Stabbing","floor":23.0,"turns":1.0},{"damage":0.0,"enemies":"Centurion and Healer","floor":24.0,"turns":1.0},{"damage":0.0,"enemies":"Slavers","floor":25.0,"turns":1.0},{"damage":0.0,"enemies":"3 Cultists","floor":27.0,"turns":1.0},{"damage":0.0,"enemies":"Gremlin Leader","floor":30.0,"turns":1.0},{"damage":0.0,"enemies":"Chosen and Byrds","floor":31.0,"turns":1.0},{"damage":0.0,"enemies":"Automaton","floor":33.0,"turns":2.0},{"damage":0.0,"enemies":"3 Darklings","floor":35.0,"turns":2.0},{"damage":0.0,"enemies":"Orb Walker","floor":37.0,"turns":1.0},{"damage":0.0,"enemies":"Writhing Mass","floor":39.0,"turns":1.0},{"damage":0.0,"enemies":"Giant Head","floor":40.0,"turns":1.0},{"damage":0,"enemies":"Nemesis","floor":42,"turns":1},{"damage":0,"enemies":"Spire Growth","floor":47,"turns":2},{"damage":0,"enemies":"Transient","floor":48,"turns":1},{"damage":0,"enemies":"Donu and Deca","floor":50,"turns":1},{"damage":0,"enemies":"Shield and Spear","floor":54,"turns":1},{"damage":17,"enemies":"The Heart","floor":55,"turns":3}],"seed_played":"-1796419408555174515","potions_obtained":[{"floor":1.0,"key":"Strength Potion"},{"floor":10.0,"key":"AttackPotion"},{"floor":16.0,"key":"EntropicBrew"},{"floor":18.0,"key":"Fruit Juice"},{"floor":30.0,"key":"Fire Potion"},{"floor":31.0,"key":"Block Potion"}],"is_trial":false,"path_per_floor":["M","?","$","?","M","E","R","E","T","M","E","$","E","M","R","B",null,"M","M","$","?","M","E","M","E","T","M","R","?","E","M","R","B",null,"M","?","M","$","M","E","$","E","T","?","R","$","M","M","R","B",null,"R","$","E","B",null],"character_chosen":"IRONCLAD","items_purchased":["Anchor","ClockworkSouvenir","Brimstone","Juzu Bracelet","Strange Spoon","MealTicket","Meat on the Bone","Lizard Tail","Nunchaku"],"campfire_rested":6,"item_purchase_floors":[3,12,20,20,38,38,38,41,41],"current_hp_per_floor":[62,62,62,62,68,74,74,80,80,80,80,80,80,80,80,80,80,74,75,75,75,83,85,85,85,85,85,85,85,85,85,85,85,85,85,85,85,85,85,85,85,85,85,85,85,85,85,85,85,85,85,85,85,85,74],"gold":212,"neow_bonus":"RANDOM_COLORLESS_2","is_daily":false,"chose_seed":false,"campfire_upgraded":0,"win_rate":0.0,"timestamp":1612548242,"path_taken":["M","?","$","?","M","E","R","E","T","M","E","$","E","M","R","BOSS","M","M","$","?","M","E","M","E","T","M","R","?","E","M","R","BOSS","M","?","M","$","M","E","?","E","T","?","R","$","M","M","R","BOSS","R","$","E","BOSS"],"items_purchased_type":["Relic","Relic","Relic","Relic","Relic","Relic","Relic","Relic","Relic"],"build_version":"2020-12-22","purchased_purges":1,"victory":true,"max_hp_per_floor":[80,80,80,80,80,80,80,80,80,80,80,80,80,80,80,80,80,80,85,85,85,85,85,85,85,85,85,85,85,85,85,85,85,85,85,85,85,85,85,85,85,85,85,85,85,85,85,85,85,85,85,85,85,85,85],"relic_stats":{"Darkstone Periapt":0,"Gremlin Horn":[11,11],"counters":[29,41],"Golden Idol":228,"CeramicFish":90,"Eternal Feather":0,"Juzu Bracelet":1,"Letter Opener":[1440],"Whetstone":[],"Cursed Key":2,"Smiling Mask":25,"Burning Blood":45,"Blood Vial":8,"Strange Spoon":[25],"Lizard Tail":0,"Nunchaku":[1],"Sundial":[10],"Shuriken":[8],"Bronze Scales":[9],"MealTicket":0,"obtain_stats":[{"Darkstone Periapt":43,"Gremlin Horn":25,"CeramicFish":30,"SacredBark":34,"Hammer of Thor":0,"Juzu Bracelet":20,"Incense Burner":40,"Whetstone":11,"Cursed Key":17,"Smiling Mask":42,"Burning Blood":0,"ClockworkSouvenir":12,"Blood Vial":6,"Lizard Tail":41,"Nunchaku":41,"Sundial":2,"MealTicket":38,"Red Mask":44,"Golden Idol":4,"Eternal Feather":54,"Seething Fire":0,"Letter Opener":8,"Strange Spoon":38,"Anchor":3,"Anvil of the Gods":0,"Brimstone":20,"Shuriken":26,"Bronze Scales":23,"StrikeDummy":13,"Meat on the Bone":38},{"Darkstone Periapt":24,"Gremlin Horn":15,"CeramicFish":17,"SacredBark":19,"Hammer of Thor":0,"Juzu Bracelet":11,"Incense Burner":23,"Whetstone":6,"Cursed Key":9,"Smiling Mask":24,"Burning Blood":0,"ClockworkSouvenir":6,"Blood Vial":3,"Lizard Tail":23,"Nunchaku":23,"Sundial":1,"MealTicket":21,"Red Mask":24,"Golden Idol":1,"Eternal Feather":28,"Seething Fire":0,"Letter Opener":4,"Strange Spoon":21,"Anchor":1,"Anvil of the Gods":0,"Brimstone":11,"Shuriken":15,"Bronze Scales":13,"StrikeDummy":7,"Meat on the Bone":21},{"Darkstone Periapt":33,"Gremlin Horn":22,"CeramicFish":24,"SacredBark":27,"Hammer of Thor":0,"Juzu Bracelet":17,"Incense Burner":32,"Whetstone":7,"Cursed Key":12,"Smiling Mask":33,"Burning Blood":0,"ClockworkSouvenir":7,"Blood Vial":3,"Lizard Tail":32,"Nunchaku":32,"Sundial":1,"MealTicket":30,"Red Mask":33,"Golden Idol":1,"Eternal Feather":38,"Seething Fire":0,"Letter Opener":5,"Strange Spoon":30,"Anchor":1,"Anvil of the Gods":0,"Brimstone":17,"Shuriken":22,"Bronze Scales":20,"StrikeDummy":8,"Meat on the Bone":30}],"Meat on the Bone":0},"card_choices":[{"not_picked":["Transmutation","Secret Technique"],"picked":"Violence","floor":0.0},{"not_picked":["Clothesline","Perfected Strike","Iron Wave"],"picked":"SKIP","floor":1.0},{"not_picked":["Pommel Strike","Warcry","Twin Strike"],"picked":"SKIP","floor":5.0},{"not_picked":["Havoc","Offering","Warcry"],"picked":"SKIP","floor":6.0},{"not_picked":["Sword Boomerang","Brutality","Shrug It Off"],"picked":"SKIP","floor":8.0},{"not_picked":["Sword Boomerang","Ghostly Armor","Burning Pact"],"picked":"SKIP","floor":10.0},{"not_picked":["Whirlwind","Immolate","Headbutt"],"picked":"SKIP","floor":11.0},{"not_picked":["Disarm","Dual Wield","True Grit"],"picked":"SKIP","floor":13.0},{"not_picked":["Anger","Headbutt"],"picked":"Inflame","floor":14.0},{"not_picked":["Shrug It Off+1","Havoc"],"picked":"Anger","floor":18.0},{"not_picked":["Headbutt","Battle Trance","True Grit"],"picked":"SKIP","floor":19.0},{"not_picked":["Flex","Pummel","Uppercut+1"],"picked":"SKIP","floor":22.0},{"not_picked":["Thunderclap","Berserk","Pommel Strike"],"picked":"SKIP","floor":23.0},{"not_picked":["Iron Wave+1","Power Through"],"picked":"Spot Weakness","floor":24.0},{"not_picked":["Intimidate","Dropkick+1","Spot Weakness"],"picked":"SKIP","floor":25.0},{"not_picked":["Power Through+1","Headbutt","Clothesline"],"picked":"SKIP","floor":27.0},{"not_picked":["Pommel Strike","Rupture","Juggernaut"],"picked":"SKIP","floor":30.0},{"not_picked":["Carnage+1","Wild Strike","Sword Boomerang"],"picked":"SKIP","floor":31.0},{"not_picked":["Armaments","Flame Barrier","Clothesline+1"],"picked":"SKIP","floor":35.0},{"not_picked":["Twin Strike+1","Rampage","Clothesline"],"picked":"SKIP","floor":37.0},{"not_picked":["Twin Strike+1","Rampage","Clothesline"],"picked":"SKIP","floor":37.0},{"not_picked":["Warcry","Shrug It Off+1","Hemokinesis"],"picked":"SKIP","floor":39.0},{"not_picked":["Metallicize","Rage+1","Havoc"],"picked":"SKIP","floor":40.0},{"not_picked":["Clothesline","Pommel Strike","Bludgeon"],"picked":"SKIP","floor":42},{"not_picked":["Anger+1","Bloodletting+1","Fire Breathing"],"picked":"SKIP","floor":47},{"not_picked":["Clothesline","Headbutt","Wild Strike"],"picked":"SKIP","floor":48},{"not_picked":["Evolve+1","Spot Weakness+1","Havoc+1"],"picked":"SKIP","floor":54}],"player_experience":205825,"relics_obtained":[{"floor":6.0,"key":"Blood Vial"},{"floor":8.0,"key":"Letter Opener"},{"floor":11.0,"key":"Whetstone"},{"floor":13.0,"key":"StrikeDummy"},{"floor":23.0,"key":"Bronze Scales"},{"floor":25.0,"key":"Gremlin Horn"},{"floor":26.0,"key":"Shuriken"},{"floor":30.0,"key":"CeramicFish"},{"floor":40.0,"key":"Incense Burner"},{"floor":42,"key":"Smiling Mask"},{"floor":43,"key":"Darkstone Periapt"},{"floor":54,"key":"Eternal Feather"}],"event_choices":[{"damage_healed":0.0,"max_hp_gain":0.0,"max_hp_loss":0.0,"gold_gain":0.0,"event_name":"Big Fish","player_choice":"Box","floor":2.0,"gold_loss":0.0,"damage_taken":0.0,"relics_obtained":["Sundial"],"cards_obtained":["Regret"]},{"damage_healed":0.0,"max_hp_gain":0.0,"max_hp_loss":0.0,"gold_gain":0.0,"event_name":"Golden Idol","player_choice":"Take Wound","floor":4.0,"gold_loss":0.0,"damage_taken":0.0,"relics_obtained":["Golden Idol"],"cards_obtained":["Injury"]},{"damage_healed":0.0,"max_hp_gain":0.0,"max_hp_loss":0.0,"gold_gain":99.0,"event_name":"Nest","player_choice":"Stole From Cult","floor":21.0,"gold_loss":0.0,"damage_taken":0.0},{"damage_healed":0.0,"max_hp_gain":0.0,"max_hp_loss":0.0,"gold_gain":0.0,"event_name":"Duplicator","player_choice":"Copied","floor":29.0,"gold_loss":0.0,"damage_taken":0.0,"cards_obtained":["Adrenaline"]},{"cards_removed":["Violence"],"damage_healed":0.0,"max_hp_gain":0.0,"max_hp_loss":0.0,"gold_gain":0.0,"event_name":"Designer","player_choice":"Removal","floor":36.0,"gold_loss":90.0,"damage_taken":0.0},{"damage_healed":0,"gold_gain":0,"player_choice":"Paid","damage_taken":0,"relics_obtained":["Red Mask"],"max_hp_gain":0,"max_hp_loss":0,"event_name":"Tomb of Lord Red Mask","floor":44,"gold_loss":159}],"is_beta":false,"boss_relics":[{"not_picked":["Black Blood","Pandora\u0027s Box"],"picked":"Cursed Key"},{"not_picked":["Velvet Choker","Mark of Pain"],"picked":"SacredBark"}],"items_purged_floors":[53],"is_endless":false,"potions_floor_spawned":[1,10,16,18,30,31,33,40,48],"ascension_level":2}}