{"host":"ga4s3hj9m6nkn6gp","time":1612557084,"event":{"mods":["AchievementEnabler","BaseMod","Bestiary","Colored Powertips","Highlight Path","Minty Spire (QoL Compilation)","Relic Stats","everything is the same but u backflip on backflip"],"gold_per_floor":[118,132,150,150,150,48,62,62,87,116,129,164,176,203,203,203,203],"floor_reached":16,"language":"ENG","playtime":735,"items_purged":["Regret"],"score":257,"play_id":"e2c3bbfd-d75d-49d4-95f1-91b7fb200be4","local_time":"20210205213124","is_ascension_mode":true,"campfire_choices":[{"data":"Sweeping Beam","floor":8,"key":"SMITH"},{"data":"Biased Cognition","floor":15,"key":"SMITH"}],"circlet_count":0,"master_deck":["AscendersBane","Strike_B","Strike_B","Strike_B+1","Strike_B","Defend_B","Defend_B","Defend_B","Defend_B","Zap","Dualcast","FTL","Compile Driver+1","Compile Driver","Sweeping Beam+1","Cold Snap","Biased Cognition+1","Undo","Cold Snap"],"relics":["Cracked Core","Omamori","Art of War","Whetstone","Nunchaku","Blood Vial"],"acts_visited":["Exordium"],"potions_floor_usage":[12,14,16],"damage_taken":[{"damage":0,"enemies":"Small Slimes","floor":1,"turns":3},{"damage":1,"enemies":"Cultist","floor":2,"turns":3},{"damage":2,"enemies":"Jaw Worm","floor":3,"turns":3},{"damage":2,"enemies":"Looter","floor":7,"turns":3},{"damage":21,"enemies":"3 Sentries","floor":10,"turns":6},{"damage":2,"enemies":"Blue Slaver","floor":11,"turns":3},{"damage":7,"enemies":"Lagavulin","floor":12,"turns":4},{"damage":19,"enemies":"Exordium Wildlife","floor":13,"turns":3},{"damage":0,"enemies":"Gremlin Nob","floor":14,"turns":3},{"damage":19,"enemies":"Hexaghost","floor":16,"turns":12}],"seed_played":"-4332954709912037859","potions_obtained":[{"floor":1,"key":"ColorlessPotion"},{"floor":2,"key":"Weak Potion"},{"floor":5,"key":"PowerPotion"},{"floor":13,"key":"Block Potion"},{"floor":14,"key":"Dexterity Potion"}],"is_trial":false,"path_per_floor":["M","M","M","?","?","$","M","R","T","E","M","E","M","E","R","B"],"character_chosen":"DEFECT","items_purchased":["Sweeping Beam"],"campfire_rested":0,"item_purchase_floors":[6],"current_hp_per_floor":[71,70,68,68,68,68,66,66,66,45,43,36,17,17,17,0,0],"gold":203,"neow_bonus":"TEN_PERCENT_HP_BONUS","is_daily":false,"chose_seed":false,"campfire_upgraded":2,"win_rate":0.0,"timestamp":1612557084,"path_taken":["M","M","M","?","?","$","?","R","T","E","M","E","M","E","R","BOSS"],"items_purchased_type":["Card"],"build_version":"2020-12-22","purchased_purges":1,"victory":false,"max_hp_per_floor":[78,78,78,78,78,78,78,78,78,78,78,78,78,78,78,78,78],"relic_stats":{"Blood Vial":2,"Nunchaku":[4],"counters":[10,43],"Art of War":[2],"Whetstone":["Strike_B","Compile Driver"],"obtain_stats":[{"Blood Vial":14,"Nunchaku":12,"Omamori":4,"Art of War":9,"Whetstone":10,"Cracked Core":0},{"Blood Vial":9,"Nunchaku":7,"Omamori":3,"Art of War":4,"Whetstone":5,"Cracked Core":0},{"Blood Vial":31,"Nunchaku":25,"Omamori":9,"Art of War":12,"Whetstone":18,"Cracked Core":0}]},"card_choices":[{"not_picked":["Force Field","Leap"],"picked":"FTL","floor":1},{"not_picked":["White Noise","Hologram"],"picked":"Compile Driver","floor":2},{"not_picked":["Steam","Redo"],"picked":"Compile Driver","floor":3},{"not_picked":["Sweeping Beam","Beam Cell"],"picked":"Cold Snap","floor":7},{"not_picked":["Cold Snap","Stack"],"picked":"Biased Cognition","floor":10},{"not_picked":["Rebound","Chaos","Turbo"],"picked":"SKIP","floor":11},{"not_picked":["Turbo","Leap"],"picked":"Undo","floor":12},{"not_picked":["Heatsinks","White Noise"],"picked":"Cold Snap","floor":13},{"not_picked":["Streamline","Barrage","Heatsinks"],"picked":"SKIP","floor":14}],"player_experience":734685,"relics_obtained":[{"floor":9,"key":"Art of War"},{"floor":10,"key":"Whetstone"},{"floor":12,"key":"Nunchaku"},{"floor":14,"key":"Blood Vial"}],"event_choices":[{"damage_healed":0,"gold_gain":0,"player_choice":"Box","damage_taken":0,"relics_obtained":["Omamori"],"max_hp_gain":0,"max_hp_loss":0,"event_name":"Big Fish","floor":4,"gold_loss":0,"cards_obtained":["Regret"]},{"damage_healed":0,"gold_gain":0,"player_choice":"Got Potions","damage_taken":0,"max_hp_gain":0,"max_hp_loss":0,"event_name":"Lab","floor":5,"gold_loss":0}],"is_beta":false,"boss_relics":[],"items_purged_floors":[6],"is_endless":false,"potions_floor_spawned":[1,2,13,14],"killed_by":"Hexaghost","ascension_level":15}}