{"host":"yuhy0i501zzmn1iz","time":1612538112,"event":{"mods":["AchievementEnabler","AlwaysNeverKeys","BaseMod","Bestiary","Better Match","Better Third Choice","Curses Come First","Downfall","Minty Spire (QoL Compilation)","Reliquary","StSLib","The Blue Laboratory","slay the spire mod where everything is the same but ironclad has a cowboy hat"],"gold_per_floor":[113,126,126,33,43,77,77,93,93,106,123,138,158,174,174,278,278,293,308,320,245,259,292,305,305,305,325,33,63,79,107,107,107,107],"floor_reached":33,"language":"ENG","playtime":1317,"items_purged":[],"score":437,"play_id":"58fad89f-2bdb-47dd-9394-84824e3c91b2","local_time":"20210205101512","is_ascension_mode":true,"campfire_choices":[{"floor":7,"key":"REST"},{"floor":15,"key":"REST"},{"floor":25,"key":"REST"},{"floor":32,"key":"RECALL"}],"circlet_count":0,"master_deck":["Strike_R","Strike_R","Strike_R","Strike_R","Strike_R","Defend_R","Defend_R","Defend_R","Defend_R","Bash","Hemokinesis","Burning Pact","Perfected Strike","Warcry","Pommel Strike","Perfected Strike+1","Ghostly Armor","Barricade","Twin Strike+1","Wild Strike+1","Thunderclap+1","Wild Strike+1","Double Tap","Cleave+1","Seeing Red+1","Metallicize","Flash of Steel+1","Wild Strike+1","Fire Breathing","True Grit","Flame Barrier","Feed+1","Rupture+1","Havoc+1","Searing Blow+1"],"relics":["Fusion Hammer","Mummified Hand","Molten Egg 2","StrikeDummy","Philosopher\u0027s Stone","reliquary:Knoch","reliquary:PurpleTingedLeaf","Lee\u0027s Waffle","Bird Faced Urn","reliquary:Crutches"],"acts_visited":["Exordium","TheCity"],"potions_floor_usage":[18,20,23,23,23,29,29,31],"damage_taken":[{"damage":1,"enemies":"Cultist","floor":1,"turns":3},{"damage":9,"enemies":"Jaw Worm","floor":2,"turns":2},{"damage":0,"enemies":"2 Louse","floor":5,"turns":2},{"damage":18,"enemies":"Gremlin Nob","floor":6,"turns":3},{"damage":10,"enemies":"Blue Slaver","floor":8,"turns":2},{"damage":0,"enemies":"3 Louse","floor":10,"turns":2},{"damage":8,"enemies":"Exordium Thugs","floor":11,"turns":3},{"damage":0,"enemies":"Looter","floor":12,"turns":1},{"damage":0,"enemies":"Blue Slaver","floor":13,"turns":1},{"damage":0,"enemies":"Red Slaver","floor":14,"turns":1},{"damage":30,"enemies":"The Guardian","floor":16,"turns":5},{"damage":17,"enemies":"Shell Parasite","floor":18,"turns":2},{"damage":0,"enemies":"Spheric Guardian","floor":19,"turns":2},{"damage":0,"enemies":"Centurion and Healer","floor":20,"turns":2},{"damage":19,"enemies":"Snake Plant","floor":22,"turns":3},{"damage":29,"enemies":"Book of Stabbing","floor":23,"turns":4},{"damage":0,"enemies":"3 Cultists","floor":24,"turns":3},{"damage":0,"enemies":"Sentry and Sphere","floor":27,"turns":3},{"damage":15,"enemies":"Slavers","floor":29,"turns":2},{"damage":6,"enemies":"Cultist and Chosen","floor":30,"turns":4},{"damage":26,"enemies":"Book of Stabbing","floor":31,"turns":4},{"damage":69,"enemies":"Automaton","floor":33,"turns":6}],"seed_played":"356443331889384701","potions_obtained":[{"floor":1,"key":"SteroidPotion"},{"floor":6,"key":"blueLaboratory:NullPotion"},{"floor":8,"key":"blueLaboratory:EmptyBottle"},{"floor":11,"key":"blueLaboratory:BottledHope"},{"floor":19,"key":"EntropicBrew"},{"floor":23,"key":"BloodPotion"},{"floor":24,"key":"blueLaboratory:BottleOfRum"},{"floor":27,"key":"AttackPotion"}],"is_trial":false,"path_per_floor":["M","M","?","$","M","E","R","M","T","M","M","M","M","M","R","B",null,"M","M","M","?","M","E","M","R","T","M","$","E","M","E","R","B"],"character_chosen":"IRONCLAD","items_purchased":["Perfected Strike","Warcry","Feed+1","Lee\u0027s Waffle"],"campfire_rested":3,"item_purchase_floors":[4,4,28,28],"current_hp_per_floor":[71,62,62,62,62,44,68,58,58,58,50,50,50,50,74,44,71,54,54,54,54,35,22,22,46,46,47,87,72,70,52,52,0,0],"gold":107,"neow_bonus":"BOSS_RELIC","is_daily":false,"chose_seed":false,"campfire_upgraded":0,"win_rate":0.0,"timestamp":1612538112,"path_taken":["M","M","?","$","M","E","R","?","T","M","M","M","M","M","R","BOSS","M","M","?","?","M","E","M","R","T","M","$","E","M","E","R","BOSS"],"items_purchased_type":["Card","Card","Card","Relic"],"build_version":"2020-12-22","purchased_purges":0,"victory":false,"max_hp_per_floor":[80,80,80,80,80,80,80,80,80,80,80,80,80,80,80,80,80,80,80,80,80,80,80,80,80,80,80,87,87,87,87,87,87,87],"card_choices":[{"not_picked":["Heavy Blade","Clothesline"],"picked":"Hemokinesis","floor":1},{"not_picked":["Hemokinesis","Dark Embrace"],"picked":"Burning Pact","floor":2},{"not_picked":["Clothesline","Armaments"],"picked":"Pommel Strike","floor":5},{"not_picked":["Havoc","Clothesline+1"],"picked":"Perfected Strike+1","floor":6},{"not_picked":["Thunderclap+1","Havoc"],"picked":"Ghostly Armor","floor":8},{"not_picked":["Headbutt+1","Body Slam+1"],"picked":"Barricade","floor":10},{"not_picked":["Burning Pact","Headbutt+1"],"picked":"Twin Strike+1","floor":11},{"not_picked":["Headbutt+1","Sword Boomerang+1"],"picked":"Wild Strike+1","floor":12},{"not_picked":["Feel No Pain","Sword Boomerang+1"],"picked":"Thunderclap+1","floor":13},{"not_picked":["Pummel+1","Shrug It Off"],"picked":"Wild Strike+1","floor":14},{"not_picked":["Brutality","Reaper+1"],"picked":"Double Tap","floor":16},{"not_picked":["Flex","Anger+1"],"picked":"Cleave+1","floor":18},{"not_picked":["Heavy Blade+1","Reckless Charge+1"],"picked":"Seeing Red+1","floor":19},{"not_picked":["Thunderclap+1","Clothesline+1","Warcry"],"picked":"SKIP","floor":20},{"not_picked":["Seeing Red","Intimidate"],"picked":"Metallicize","floor":21},{"not_picked":["Forethought","Blind"],"picked":"Flash of Steel","floor":21},{"not_picked":["Clothesline+1","Blood for Blood+1"],"picked":"Wild Strike+1","floor":22},{"not_picked":["Body Slam+1","Headbutt+1"],"picked":"Fire Breathing","floor":23},{"not_picked":["Heavy Blade+1","Twin Strike+1"],"picked":"True Grit","floor":24},{"not_picked":["Pommel Strike+1","Thunderclap+1"],"picked":"Flame Barrier","floor":27},{"not_picked":["Headbutt+1","Combust"],"picked":"Rupture+1","floor":29},{"not_picked":["Fire Breathing","Sentinel"],"picked":"Havoc+1","floor":30},{"not_picked":["Cleave+1","Armaments"],"picked":"Searing Blow+1","floor":31}],"player_experience":347633,"relics_obtained":[{"floor":6,"key":"Molten Egg 2"},{"floor":9,"key":"StrikeDummy"},{"floor":23,"key":"reliquary:Knoch"},{"floor":26,"key":"reliquary:PurpleTingedLeaf"},{"floor":29,"key":"Bird Faced Urn"},{"floor":31,"key":"reliquary:Crutches"}],"event_choices":[{"damage_healed":0,"gold_gain":0,"player_choice":"Gave Potion","damage_taken":0,"relics_obtained":["Mummified Hand"],"max_hp_gain":0,"max_hp_loss":0,"event_name":"WeMeetAgain","floor":3,"gold_loss":0},{"damage_healed":0,"gold_gain":0,"player_choice":"1","damage_taken":0,"max_hp_gain":0,"max_hp_loss":0,"event_name":"betterMatch:BetterMatch","floor":21,"gold_loss":0,"cards_obtained":["betterMatch:UncommonCard","betterMatch:ColorlessUncommonCard"]}],"is_beta":false,"boss_relics":[{"not_picked":["Coffee Dripper","reliquary:Craggleroot"],"picked":"Philosopher\u0027s Stone"}],"items_purged_floors":[],"is_endless":false,"potions_floor_spawned":[1,6,8,11,14,19,23,24,27],"killed_by":"Automaton","ascension_level":6}}