{"host":"2smcgt1ki1qcud40","time":1612532642,"event":{"mods":["BaseMod","Minty Spire (QoL Compilation)"],"gold_per_floor":[110,122,140,140,28,54,54,82,82,116,175,187,187,197,197,272,272,284,4,22,22,40,69,69,96,96,129,129,44,44,58,58,136,136,152,167,2,27,43,77,77,94,94,109,144,155,0,12,12,12,12,12,12,41,41,41],"floor_reached":55,"language":"ENG","playtime":4092,"items_purged":["Doubt"],"score":1481,"play_id":"ae4eb599-1b71-4b94-bccd-b77dae961a09","local_time":"20210205144402","is_ascension_mode":true,"campfire_choices":[{"data":"EmptyFist","floor":7.0,"key":"SMITH"},{"data":"TalkToTheHand","floor":13.0,"key":"SMITH"},{"data":"Eruption","floor":15.0,"key":"SMITH"},{"data":"Nirvana","floor":24.0,"key":"SMITH"},{"data":"CutThroughFate","floor":30.0,"key":"SMITH"},{"data":"Ragnarok","floor":32.0,"key":"SMITH"},{"data":"Wallop","floor":41.0,"key":"SMITH"},{"floor":49.0,"key":"RECALL"},{"data":"Omniscience","floor":52.0,"key":"SMITH"}],"circlet_count":0,"master_deck":["AscendersBane","Strike_P+1","Strike_P+1","Strike_P+1","Strike_P+1","Defend_P+1","Defend_P+1","Defend_P+1","Defend_P+1","Eruption+1","Vigilance","ForeignInfluence+1","EmptyFist+1","Protect","TalkToTheHand+1","ThirdEye","CarveReality","CrushJoints","Adaptation","FlurryOfBlows","Ragnarok+1","Wallop+1","Nirvana+1","JustLucky","ThirdEye","JustLucky+1","CutThroughFate+1","Weave","Omniscience+1","WheelKick+1","Indignation+1","TalkToTheHand+1","Fasting2","Protect+1","Blasphemy","Wireheading+1"],"relics":["Cursed Key","Meat on the Bone","Dream Catcher","Kunai","Omamori","SlaversCollar","Toolbox","Lizard Tail","FossilizedHelix","Pear","Bronze Scales","Bag of Marbles","Sozu","DollysMirror","Ginger","Gremlin Horn","Nunchaku","Red Mask","StoneCalendar"],"acts_visited":["Exordium","TheCity","TheBeyond","TheEnding"],"potions_floor_usage":[],"damage_taken":[{"damage":0.0,"enemies":"2 Louse","floor":1.0,"turns":4.0},{"damage":7.0,"enemies":"Jaw Worm","floor":2.0,"turns":4.0},{"damage":0.0,"enemies":"Small Slimes","floor":3.0,"turns":1.0},{"damage":20.0,"enemies":"3 Sentries","floor":6.0,"turns":6.0},{"damage":11.0,"enemies":"Lagavulin","floor":8.0,"turns":8.0},{"damage":0.0,"enemies":"Gremlin Nob","floor":10.0,"turns":3.0},{"damage":5.0,"enemies":"2 Fungi Beasts","floor":11.0,"turns":5.0},{"damage":6.0,"enemies":"Blue Slaver","floor":12.0,"turns":3.0},{"damage":22.0,"enemies":"Lots of Slimes","floor":14.0,"turns":5.0},{"damage":2.0,"enemies":"Hexaghost","floor":16.0,"turns":7.0},{"damage":0.0,"enemies":"Chosen","floor":18.0,"turns":5.0},{"damage":0.0,"enemies":"3 Byrds","floor":20.0,"turns":3.0},{"damage":0.0,"enemies":"Snecko","floor":22.0,"turns":3.0},{"damage":9.0,"enemies":"Slavers","floor":23.0,"turns":6.0},{"damage":11.0,"enemies":"Book of Stabbing","floor":25.0,"turns":7.0},{"damage":20.0,"enemies":"Gremlin Leader","floor":27.0,"turns":8.0},{"damage":0.0,"enemies":"Centurion and Healer","floor":31.0,"turns":5.0},{"damage":72.0,"enemies":"Collector","floor":33.0,"turns":10.0},{"damage":0.0,"enemies":"Orb Walker","floor":35.0,"turns":3.0},{"damage":0.0,"enemies":"3 Shapes","floor":36.0,"turns":4.0},{"damage":0.0,"enemies":"Mind Bloom Boss Battle","floor":38.0,"turns":5.0},{"damage":23.0,"enemies":"3 Darklings","floor":39.0,"turns":6.0},{"damage":31.0,"enemies":"Reptomancer","floor":40.0,"turns":7.0},{"damage":18.0,"enemies":"Spire Growth","floor":42.0,"turns":4.0},{"damage":0.0,"enemies":"Transient","floor":44.0,"turns":5.0},{"damage":0.0,"enemies":"Giant Head","floor":45.0,"turns":6.0},{"damage":0.0,"enemies":"Sphere and 2 Shapes","floor":46.0,"turns":3.0},{"damage":4.0,"enemies":"Writhing Mass","floor":48.0,"turns":5.0},{"damage":38.0,"enemies":"Time Eater","floor":50.0,"turns":10.0},{"damage":40.0,"enemies":"Shield and Spear","floor":54.0,"turns":6.0},{"damage":82,"enemies":"The Heart","floor":55,"turns":9}],"seed_played":"-2319532037727169017","potions_obtained":[{"floor":1.0,"key":"Strength Potion"},{"floor":2.0,"key":"FairyPotion"},{"floor":6.0,"key":"Fire Potion"},{"floor":12.0,"key":"LiquidMemories"},{"floor":23.0,"key":"Fire Potion"},{"floor":27.0,"key":"Energy Potion"},{"floor":33.0,"key":"AttackPotion"}],"is_trial":false,"path_per_floor":["M","M","M","?","$","E","R","E","T","E","M","M","R","M","R","B",null,"M","$","M","?","M","E","R","E","T","E","?","?","R","M","R","B",null,"M","M","$","?","M","E","R","M","T","M","E","M","?","M","R","B",null,"R","$","E","B"],"character_chosen":"WATCHER","items_purchased":["TalkToTheHand","ThirdEye","Nirvana","Toolbox","DollysMirror"],"campfire_rested":0,"item_purchase_floors":[5,5,19,19,37],"current_hp_per_floor":[61,54,54,34,34,14,14,15,15,27,34,40,40,30,30,40,61,61,61,61,61,61,52,52,41,51,43,43,43,43,43,43,35,67,67,67,67,67,44,25,25,19,19,31,43,43,43,51,51,25,65,65,65,37,0,0],"gold":41,"neow_bonus":"BOSS_RELIC","is_daily":false,"chose_seed":false,"campfire_upgraded":8,"win_rate":0.0,"timestamp":1612532642,"path_taken":["M","M","M","?","$","E","R","E","T","E","M","M","R","M","R","BOSS","M","$","M","?","M","E","R","E","T","E","?","?","R","M","R","BOSS","M","M","$","?","M","E","R","M","T","M","E","M","?","M","R","BOSS","R","$","E","BOSS"],"items_purchased_type":["Card","Card","Card","Relic","Relic"],"build_version":"2020-12-22","purchased_purges":1,"victory":false,"max_hp_per_floor":[68,68,68,68,68,68,68,68,68,68,68,68,68,68,68,68,68,68,68,68,68,68,68,68,68,78,78,78,78,78,78,78,78,78,78,78,78,78,78,78,78,78,78,78,78,78,78,78,78,78,78,78,78,78,78,78],"card_choices":[{"not_picked":["WreathOfFlame","Consecrate"],"picked":"ForeignInfluence","floor":1.0},{"not_picked":["JustLucky","LikeWater"],"picked":"EmptyFist","floor":2.0},{"not_picked":["ClearTheMind","BattleHymn"],"picked":"Protect","floor":3.0},{"not_picked":["Judgement","Consecrate"],"picked":"CarveReality","floor":6.0},{"not_picked":["JustLucky","Consecrate"],"picked":"CrushJoints","floor":8.0},{"not_picked":["Vengeance","Sanctity"],"picked":"Adaptation","floor":10.0},{"not_picked":["Crescendo","CrushJoints","SashWhip"],"picked":"SKIP","floor":11.0},{"not_picked":["JustLucky","Crescendo"],"picked":"FlurryOfBlows","floor":12.0},{"not_picked":["SignatureMove","Collect","SashWhip"],"picked":"SKIP","floor":14.0},{"not_picked":["Alpha","Brilliance"],"picked":"Ragnarok","floor":16.0},{"not_picked":["Evaluate","WindmillStrike"],"picked":"Wallop","floor":18.0},{"not_picked":["Conclude","Perseverance"],"picked":"JustLucky","floor":20.0},{"not_picked":["Adaptation","Halt+1"],"picked":"ThirdEye","floor":22.0},{"not_picked":["SashWhip","WaveOfTheHand"],"picked":"JustLucky+1","floor":23.0},{"not_picked":["Consecrate","PathToVictory","Ragnarok"],"picked":"SKIP","floor":25.0},{"not_picked":["EmptyBody","BowlingBash"],"picked":"CutThroughFate","floor":27.0},{"not_picked":["CutThroughFate","ThirdEye","Study+1"],"picked":"SKIP","floor":31.0},{"not_picked":["Vault","LessonLearned"],"picked":"Omniscience","floor":33.0},{"not_picked":["WreathOfFlame","ThirdEye"],"picked":"WheelKick+1","floor":35.0},{"not_picked":["Prostrate","Consecrate"],"picked":"Indignation+1","floor":36.0},{"not_picked":["Consecrate","FollowUp"],"picked":"Fasting2","floor":38.0},{"not_picked":["JustLucky","Crescendo","ThirdEye"],"picked":"SKIP","floor":39.0},{"not_picked":["Evaluate","WheelKick+1","CrushJoints+1"],"picked":"SKIP","floor":40.0},{"not_picked":["BowlingBash","Wallop"],"picked":"Protect+1","floor":42.0},{"not_picked":["Fasting2","CrushJoints"],"picked":"Blasphemy","floor":44.0},{"not_picked":["DeceiveReality","TalkToTheHand","Fasting2"],"picked":"SKIP","floor":45.0},{"not_picked":["Collect","Crescendo","Perseverance"],"picked":"SKIP","floor":46.0},{"not_picked":["Consecrate","Crescendo","PathToVictory"],"picked":"SKIP","floor":48.0},{"not_picked":["Protect","WindmillStrike+1"],"picked":"Wireheading+1","floor":54.0}],"player_experience":732999,"relics_obtained":[{"floor":6.0,"key":"Meat on the Bone"},{"floor":8.0,"key":"Dream Catcher"},{"floor":9.0,"key":"Kunai"},{"floor":10.0,"key":"Omamori"},{"floor":23.0,"key":"Lizard Tail"},{"floor":25.0,"key":"FossilizedHelix"},{"floor":26.0,"key":"Pear"},{"floor":27.0,"key":"Bronze Scales"},{"floor":38.0,"key":"Ginger"},{"floor":40.0,"key":"Gremlin Horn"},{"floor":45.0,"key":"Nunchaku"},{"floor":54.0,"key":"StoneCalendar"}],"event_choices":[{"damage_healed":0.0,"max_hp_gain":0.0,"max_hp_loss":0.0,"gold_gain":0.0,"event_name":"Shining Light","player_choice":"Entered Light","floor":4.0,"gold_loss":0.0,"damage_taken":20.0,"cards_upgraded":["Defend_P","ForeignInfluence"]},{"damage_healed":0.0,"max_hp_gain":0.0,"max_hp_loss":0.0,"gold_gain":0.0,"event_name":"Back to Basics","player_choice":"Simplicity","floor":21.0,"gold_loss":0.0,"damage_taken":0.0,"cards_upgraded":["Strike_P","Strike_P","Strike_P","Strike_P","Defend_P","Defend_P","Defend_P"]},{"damage_healed":0.0,"max_hp_gain":0.0,"max_hp_loss":0.0,"gold_gain":0.0,"event_name":"The Library","player_choice":"Read","floor":28.0,"gold_loss":0.0,"damage_taken":0.0,"cards_obtained":["Weave"]},{"damage_healed":0.0,"max_hp_gain":0.0,"max_hp_loss":0.0,"gold_gain":0.0,"event_name":"Addict","player_choice":"Obtained Relic","floor":29.0,"gold_loss":85.0,"damage_taken":0.0,"relics_obtained":["Bag of Marbles"]},{"damage_healed":0.0,"max_hp_gain":0.0,"max_hp_loss":0.0,"gold_gain":0.0,"event_name":"MindBloom","player_choice":"Fight","floor":38.0,"gold_loss":0.0,"damage_taken":0.0},{"damage_healed":0.0,"max_hp_gain":0.0,"max_hp_loss":0.0,"gold_gain":0.0,"event_name":"Tomb of Lord Red Mask","player_choice":"Paid","floor":47.0,"gold_loss":155.0,"damage_taken":0.0,"relics_obtained":["Red Mask"]}],"is_beta":false,"boss_relics":[{"not_picked":["Snecko Eye","VioletLotus"],"picked":"SlaversCollar"},{"not_picked":["Pandora\u0027s Box","Runic Dome"],"picked":"Sozu"}],"items_purged_floors":[19],"is_endless":false,"potions_floor_spawned":[1,2,6,12,14,16,23,25,27,31,33,36,39,40,44,45,48],"killed_by":"The Heart","ascension_level":16}}