{"host":"0tiuc76yumknr6qf","time":1612486652,"event":{"mods":["BaseMod","Bestiary","Colored Map","DeckTracker","Highlight Path","Jedi Mod","Minty Spire (QoL Compilation)","StSLib"],"gold_per_floor":[115,127,139,154,154,184,184,84,135,135,135,135,135],"floor_reached":12,"language":"ENG","playtime":879,"items_purged":["Strike_G"],"score":156,"play_id":"94ba16ab-26c3-48e4-9e17-c8982dbd6779","local_time":"20210204185732","is_ascension_mode":true,"campfire_choices":[{"data":"Bouncing Flask","floor":7,"key":"SMITH"},{"data":"Bouncing Flask","floor":10,"key":"SMITH"}],"circlet_count":0,"master_deck":["AscendersBane","Strike_G","Strike_G","Strike_G","Strike_G","Defend_G","Defend_G","Defend_G","Defend_G","Defend_G","Survivor","Neutralize","Wraith Form v2+1","Bouncing Flask+1","Blade Dance","Accuracy","Bouncing Flask+1","Setup","Blade Dance"],"relics":["Ring of the Snake","Pantograph","Bronze Scales"],"acts_visited":["Exordium"],"potions_floor_usage":[6,12],"damage_taken":[{"damage":2,"enemies":"Jaw Worm","floor":1,"turns":7},{"damage":8,"enemies":"Small Slimes","floor":2,"turns":4},{"damage":2,"enemies":"2 Louse","floor":3,"turns":3},{"damage":9,"enemies":"Large Slime","floor":4,"turns":4},{"damage":15,"enemies":"Lagavulin","floor":6,"turns":5},{"damage":37,"enemies":"3 Sentries","floor":12,"turns":6}],"seed_played":"5747115117638651602","potions_obtained":[{"floor":1,"key":"Poison Potion"},{"floor":6,"key":"Fruit Juice"}],"is_trial":false,"path_per_floor":["M","M","M","M","?","E","R","$","T","R","?","E"],"character_chosen":"THE_SILENT","items_purchased":["Blade Dance"],"campfire_rested":0,"item_purchase_floors":[8],"current_hp_per_floor":[57,49,47,38,38,23,23,23,23,23,23,0,0],"gold":135,"neow_bonus":"ONE_RANDOM_RARE_CARD","is_daily":false,"chose_seed":false,"campfire_upgraded":2,"win_rate":0.0,"timestamp":1612486652,"path_taken":["M","M","M","M","?","E","R","$","T","R","?","E"],"items_purchased_type":["Card"],"build_version":"2020-12-22","purchased_purges":1,"victory":false,"max_hp_per_floor":[66,66,66,66,66,66,66,66,66,66,66,71,71],"card_choices":[{"not_picked":["Acrobatics","Dagger Throw"],"picked":"Bouncing Flask","floor":1},{"not_picked":["Terror","jedi:pocketpoison"],"picked":"Blade Dance","floor":2},{"not_picked":["Deflect","jedi:acidrain"],"picked":"Accuracy","floor":3},{"not_picked":["Underhanded Strike","Backstab"],"picked":"Bouncing Flask","floor":4},{"not_picked":["Outmaneuver","Dagger Spray"],"picked":"Setup","floor":6}],"player_experience":1939318,"relics_obtained":[{"floor":6,"key":"Pantograph"},{"floor":9,"key":"Bronze Scales"}],"event_choices":[{"damage_healed":0,"gold_gain":0,"player_choice":"Grow","damage_taken":0,"max_hp_gain":0,"max_hp_loss":0,"event_name":"Living Wall","floor":5,"gold_loss":0,"cards_upgraded":["Wraith Form v2"]},{"damage_healed":0,"gold_gain":0,"player_choice":"Ignored","damage_taken":0,"max_hp_gain":0,"max_hp_loss":0,"event_name":"Golden Wing","floor":11,"gold_loss":0}],"is_beta":false,"boss_relics":[],"items_purged_floors":[8],"is_endless":false,"potions_floor_spawned":[1,6],"killed_by":"3 Sentries","ascension_level":20}}