{"host":"188xoqjicp18t4sg","time":1612514242,"event":{"mods":["BaseMod","Good Game Mod","Highlight Path","Minty Spire (QoL Compilation)","Quick Restart","Relic Filter Mod","Shop Mod","óô»ðÖ¸ÄÏ"],"gold_per_floor":[113,132,132,57,73,73,73,73,73,84,96,96,1759,1776,1305,1381,1381,1397,1447,1447,1447,1372,1287,814,834,834,847,862,877,887,898,467,544,544,563,563,563,563,576,81,662,383,383,148,167,185,194,210,210,210],"floor_reached":51,"language":"ZHS","playtime":2546,"items_purged":["Decay","Strike_P","Defend_P","LessonLearned+1","Enlightenment+1","Defend_P+1","Dramatic Entrance+1","Panacea+1"],"score":1276,"play_id":"577b4991-6b37-4397-8a5b-5a4924d1c4d0","local_time":"20210205163722","is_ascension_mode":true,"campfire_choices":[{"data":"Eruption","floor":6.0,"key":"SMITH"},{"data":"FlurryOfBlows","floor":8.0,"key":"SMITH"}],"circlet_count":0,"master_deck":["AscendersBane","Eruption+1","Vigilance+1","Ragnarok+1","EmptyMind+1","FlurryOfBlows+1","FlurryOfBlows+1","Swivel+1","FlurryOfBlows+1","ClearTheMind+1","EmptyBody+1","Crescendo+1","Collect+1","WreathOfFlame+1","Finesse+1","Halt+1","Adaptation+1","Violence+1","Master of Strategy+1","ClearTheMind+1","Indignation+1","Adaptation+1"],"relics":["REME:ComplimentaryCards","Ornamental Fan","Centennial Puzzle","Membership Card","Omamori","Runic Pyramid","Toxic Egg 2","Ginger","Smiling Mask","Sundial","HandDrill","Calipers","Busted Crown","Frozen Egg 2","Shuriken","MealTicket","Medical Kit","Chemical X","Kunai","MerchantsRug","Bottled Lightning","Bronze Scales"],"acts_visited":["Exordium","TheCity","TheBeyond"],"potions_floor_usage":[33],"damage_taken":[{"damage":4.0,"enemies":"Jaw Worm","floor":1.0,"turns":3.0},{"damage":0.0,"enemies":"2 Louse","floor":2.0,"turns":2.0},{"damage":8.0,"enemies":"Small Slimes","floor":5.0,"turns":2.0},{"damage":16.0,"enemies":"Exordium Thugs","floor":10.0,"turns":2.0},{"damage":3.0,"enemies":"3 Louse","floor":11.0,"turns":2.0},{"damage":0.0,"enemies":"2 Fungi Beasts","floor":14.0,"turns":2.0},{"damage":8.0,"enemies":"The Guardian","floor":16.0,"turns":5.0},{"damage":0.0,"enemies":"Chosen","floor":18.0,"turns":3.0},{"damage":0.0,"enemies":"Spheric Guardian","floor":25.0,"turns":1.0},{"damage":0.0,"enemies":"Cultist and Chosen","floor":27.0,"turns":2.0},{"damage":0.0,"enemies":"Centurion and Healer","floor":28.0,"turns":3.0},{"damage":0.0,"enemies":"3 Cultists","floor":29.0,"turns":2.0},{"damage":24.0,"enemies":"Snake Plant","floor":30.0,"turns":2.0},{"damage":5.0,"enemies":"Snecko","floor":31.0,"turns":4.0},{"damage":18,"enemies":"Champ","floor":33,"turns":5},{"damage":30,"enemies":"3 Darklings","floor":35,"turns":2},{"damage":13,"enemies":"Orb Walker","floor":39,"turns":2},{"damage":0,"enemies":"Sphere and 2 Shapes","floor":45,"turns":2},{"damage":0,"enemies":"Transient","floor":46,"turns":6},{"damage":0,"enemies":"Maw","floor":48,"turns":1},{"damage":36,"enemies":"Awakened One","floor":50,"turns":4}],"seed_played":"8729068328635988731","potions_obtained":[{"floor":1.0,"key":"BottledMiracle"},{"floor":10.0,"key":"SpeedPotion"},{"floor":39,"key":"PowerPotion"},{"floor":45,"key":"SpeedPotion"}],"is_trial":false,"path_per_floor":["M","M","?","?","M","R","?","R","T","M","M","?","$","M","R","B",null,"M","?","?","?","?","?","R","M","T","M","M","M","M","M","R","B",null,"M","?","?","?","M","R","R","R","T","R","M","M","R","M","R","B",null],"character_chosen":"WATCHER","items_purchased":["War Paint","Centennial Puzzle","Membership Card","Omamori","WingedGreaves","Ginger","Smiling Mask","DollysMirror","ClearTheMind+1","Panacea+1","HandDrill","PreservedInsect","Calipers","Enlightenment+1","Sling","Finesse+1","Frozen Egg 2","Prayer Wheel","Shuriken","MealTicket","Medical Kit","Halt+1","Chemical X","Adaptation+1","Violence+1","Kunai","Master of Strategy+1","MerchantsRug","Bottled Lightning","Bronze Scales"],"campfire_rested":0,"item_purchase_floors":[13,13,15,15,15,24,24,24,24,24,32,32,32,32,40,40,40,40,41,41,41,41,42,42,42,44,44,47,47,47],"current_hp_per_floor":[57,57,57,57,49,49,49,49,49,33,30,30,30,30,30,22,57,57,57,57,57,57,57,57,57,57,57,57,57,33,28,28,10,54,24,24,24,24,68,68,68,68,68,68,68,68,68,68,68,32],"gold":210,"neow_bonus":"BOSS_RELIC","is_daily":false,"chose_seed":false,"campfire_upgraded":2,"win_rate":0.0,"timestamp":1612514242,"path_taken":["M","M","?","?","M","R","?","R","T","?","M","?","$","M","R","BOSS","M","?","?","?","?","?","R","M","T","?","M","M","M","M","R","BOSS","M","?","?","?","M","R","R","R","T","R","?","M","R","M","R","BOSS"],"items_purchased_type":["Relic","Relic","Relic","Relic","Relic","Relic","Relic","Relic","Card","Card","Relic","Relic","Relic","Card","Relic","Card","Relic","Relic","Relic","Relic","Relic","Card","Relic","Card","Card","Relic","Card","Relic","Relic","Relic"],"build_version":"2020-12-22","purchased_purges":8,"victory":true,"max_hp_per_floor":[68,68,68,68,68,68,68,68,68,68,68,68,68,68,68,68,68,68,68,68,68,68,68,68,68,68,68,68,68,68,68,68,68,68,68,68,68,68,68,68,68,68,68,68,68,68,68,68,68,68],"card_choices":[{"not_picked":["WindmillStrike","CutThroughFate","ThirdEye"],"picked":"SKIP","floor":1.0},{"not_picked":["ClearTheMind","BowlingBash","Sanctity"],"picked":"SKIP","floor":2.0},{"not_picked":["Adaptation","SashWhip"],"picked":"FlurryOfBlows","floor":5.0},{"not_picked":["PathToVictory","JustLucky","EmptyBody"],"picked":"SKIP","floor":10.0},{"not_picked":["CutThroughFate","ThirdEye"],"picked":"FlurryOfBlows","floor":11.0},{"not_picked":["Halt","JustLucky","BowlingBash"],"picked":"SKIP","floor":14.0},{"not_picked":["CarveReality","EmptyFist"],"picked":"Swivel+1","floor":18.0},{"not_picked":["CutThroughFate","BattleHymn","Conclude"],"picked":"SKIP","floor":25.0},{"not_picked":["PathToVictory+1","FlyingSleeves"],"picked":"EmptyBody+1","floor":27.0},{"not_picked":["Collect+1","Protect+1"],"picked":"Indignation+1","floor":28.0},{"not_picked":["CrushJoints","ThirdEye+1"],"picked":"Crescendo+1","floor":29.0},{"not_picked":["CutThroughFate","PathToVictory+1"],"picked":"Collect+1","floor":30.0},{"not_picked":["Crescendo+1","CrushJoints"],"picked":"WreathOfFlame+1","floor":31.0},{"not_picked":["BowlingBash+1"],"picked":"SKIP","floor":35},{"not_picked":["JustLucky"],"picked":"SKIP","floor":39},{"not_picked":["Prostrate+1"],"picked":"SKIP","floor":45},{"not_picked":["EmptyBody+1"],"picked":"SKIP","floor":45},{"not_picked":[],"picked":"ClearTheMind+1","floor":46},{"not_picked":[],"picked":"Indignation+1","floor":46},{"not_picked":[],"picked":"Adaptation+1","floor":48}],"player_experience":224687,"relics_obtained":[{"floor":9.0,"key":"Ornamental Fan"},{"floor":26.0,"key":"Sundial"},{"floor":43,"key":"Pantograph"}],"event_choices":[{"damage_healed":0.0,"max_hp_gain":0.0,"max_hp_loss":0.0,"gold_gain":0.0,"event_name":"Scrap Ooze","player_choice":"Fled","floor":3.0,"gold_loss":0.0,"damage_taken":0.0},{"cards_removed":["Strike_P"],"damage_healed":0.0,"max_hp_gain":0.0,"max_hp_loss":0.0,"gold_gain":0.0,"event_name":"The Cleric","player_choice":"Card Removal","floor":4.0,"gold_loss":75.0,"damage_taken":0.0},{"damage_healed":0.0,"max_hp_gain":0.0,"max_hp_loss":0.0,"gold_gain":0.0,"event_name":"Wheel of Change","player_choice":"Cursed","floor":7.0,"gold_loss":0.0,"damage_taken":0.0,"cards_obtained":["Decay"]},{"damage_healed":0.0,"max_hp_gain":0.0,"max_hp_loss":0.0,"gold_gain":0.0,"event_name":"Liars Game","player_choice":"Ignored","floor":12.0,"gold_loss":0.0,"damage_taken":0.0},{"damage_healed":0.0,"max_hp_gain":0.0,"max_hp_loss":0.0,"gold_gain":50.0,"event_name":"Nest","player_choice":"Stole From Cult","floor":19.0,"gold_loss":0.0,"damage_taken":0.0},{"damage_healed":0.0,"max_hp_gain":0.0,"max_hp_loss":0.0,"gold_gain":0.0,"event_name":"Ghosts","player_choice":"Ignored","floor":20.0,"gold_loss":0.0,"damage_taken":0.0},{"damage_healed":0.0,"max_hp_gain":0.0,"max_hp_loss":0.0,"gold_gain":0.0,"cards_transformed":["FlyingSleeves","Defend_P"],"event_name":"Drug Dealer","player_choice":"Became Test Subject","floor":21.0,"gold_loss":0.0,"damage_taken":0.0,"cards_obtained":["LessonLearned","BowlingBash"]},{"cards_removed":["BowlingBash"],"damage_healed":0.0,"max_hp_gain":0.0,"max_hp_loss":0.0,"gold_gain":0.0,"event_name":"Beggar","player_choice":"Gave Gold","floor":22.0,"gold_loss":75.0,"damage_taken":0.0},{"damage_healed":0.0,"max_hp_gain":0.0,"max_hp_loss":0.0,"gold_gain":0.0,"event_name":"Addict","player_choice":"Obtained Relic","floor":23.0,"gold_loss":85.0,"damage_taken":0.0,"relics_obtained":["Toxic Egg 2"]},{"damage_healed":0,"gold_gain":0,"player_choice":"Ignored","damage_taken":0,"max_hp_gain":0,"max_hp_loss":0,"event_name":"Tomb of Lord Red Mask","floor":36,"gold_loss":0},{"damage_healed":0,"gold_gain":0,"player_choice":"Ignored","damage_taken":0,"max_hp_gain":0,"max_hp_loss":0,"event_name":"Mysterious Sphere","floor":37,"gold_loss":0},{"cards_removed":["Indignation"],"damage_healed":0,"gold_gain":0,"player_choice":"Purged","damage_taken":0,"max_hp_gain":0,"max_hp_loss":0,"event_name":"Purifier","floor":38,"gold_loss":0}],"is_beta":false,"boss_relics":[{"not_picked":["Ectoplasm","SlaversCollar"],"picked":"Runic Pyramid"},{"not_picked":["Runic Dome","Black Star"],"picked":"Busted Crown"}],"items_purged_floors":[13,15,24,32,40,41,42,47],"is_endless":false,"potions_floor_spawned":[1,10,14,18,25,31,39,45,46],"ascension_level":19}}