{"host":"jfbo3eu2ui08ej1u","time":1612492641,"event":{"mods":["2.2 Compatiblity","AchievementEnabler","Act Like it!","Aspiration","BaseMod","Better Altar","Better Match","Better Note","Better Sensory Stone","Better Skull","Better Third Choice","Block Reminder","Colored Map","Colored Powertips","Conspire","DeckTracker","Displayed Cursed Tome","Energized Spire","Fox Events","GifTheSpireLib","Hermit","Hubris","Infinite Spire","Marked Mod","Minty Spire (QoL Compilation)","Monster B Gone","Pale of the Ancients","Poor People Problems","Quick Restart","Relic Filter","Reliquary","Reorder Act Four","Replay The Spire","Shop Mod","Spicy Shops","Spire Arcade","StSLib","Stuff the Spire","The Blue Laboratory","The Disciple","The Forsaken","The Hierophant","The Marked","Uncapped","Unceasing Turn Reminder","Wandering Minibosses"],"gold_per_floor":[114,67,80,80,90,120,120,151,151,151,151,168,188,219,219,321,321,337,70,70,70,20,20,51,70,70,102,102,74,116,147,147,161,161],"floor_reached":33,"language":"ENG","playtime":1145,"items_purged":[],"score":336,"play_id":"fe35f156-b8a0-42a6-b2f0-0872089e2e60","local_time":"20210204213721","is_ascension_mode":true,"campfire_choices":[{"data":"hermit:Vantage","floor":7.0,"key":"SMITH"},{"floor":15.0,"key":"REST"},{"floor":23.0,"key":"REST"},{"data":"hermit:BlackWind","floor":28.0,"key":"SMITH"},{"floor":32.0,"key":"REST"}],"circlet_count":0,"master_deck":["hermit:Strike_Hermit","hermit:Strike_Hermit","hermit:Strike_Hermit","hermit:Strike_Hermit","hermit:Defend_Hermit","hermit:Defend_Hermit","hermit:Defend_Hermit","hermit:Defend_Hermit","hermit:Snapshot","hermit:Covet","hermit:HeroicBravado+1","hermit:Ricochet","hermit:TrackingShot","hermit:ItchyTrigger","hermit:Enervate","hermit:Vantage+1","hermit:Determination","hermit:Dive","Injury","hermit:Headshot","hermit:BlackWind+1","hermit:Glare+1","hermit:Gambit+1","hermit:Headshot","hermit:BigShot","hermit:HoleUp+1","hermit:TakeAim+1","hermit:Glare+1","conspire:NecroticWound","hermit:RoundhouseKick","hermit:Headshot","hermit:HoleUp+1"],"relics":["hermit:Momento","hubris:CuriousFeather","aspiration:ChemicalBlood","hubris:TinFlute","Toxic Egg 2","betterAltar:BloodRelic","energizedSpire:CursedPentagram","reliquary:Stiletto","Ring of Fury","Ring of Hypnosis","Replay:Bandana","Letter Opener","Smiling Mask"],"acts_visited":["Exordium","TheCity"],"potions_floor_usage":[33,33,33,33,33,33,33],"damage_taken":[{"damage":1.0,"enemies":"2 Louse","floor":1.0,"turns":3.0},{"damage":7.0,"enemies":"Jaw Worm","floor":3.0,"turns":3.0},{"damage":0.0,"enemies":"Small Slimes","floor":5.0,"turns":2.0},{"damage":7.0,"enemies":"Gremlin Nob","floor":6.0,"turns":5.0},{"damage":27.0,"enemies":"3 Sentries","floor":8.0,"turns":9.0},{"damage":2.0,"enemies":"Exordium Wildlife","floor":12.0,"turns":4.0},{"damage":11.0,"enemies":"3 Louse","floor":13.0,"turns":3.0},{"damage":1.0,"enemies":"Gremlin Nob","floor":14.0,"turns":3.0},{"damage":26.0,"enemies":"The Guardian","floor":16.0,"turns":14.0},{"damage":23.0,"enemies":"3 Byrds","floor":18.0,"turns":4.0},{"damage":23.0,"enemies":"Slavers","floor":24.0,"turns":3.0},{"damage":8.0,"enemies":"Shell Parasite","floor":25.0,"turns":2.0},{"damage":0.0,"enemies":"Centurion and Healer","floor":27.0,"turns":4.0},{"damage":30.0,"enemies":"Cultist and Chosen","floor":29.0,"turns":10.0},{"damage":11.0,"enemies":"Gremlin Leader","floor":30.0,"turns":4.0},{"damage":3.0,"enemies":"Snecko","floor":31.0,"turns":2.0},{"damage":57,"enemies":"Collector","floor":33,"turns":6}],"seed_played":"-5848917869306195131","potions_obtained":[{"floor":3.0,"key":"LiquidBronze"},{"floor":6.0,"key":"blueLaboratory:PhilterOfMotion"},{"floor":12.0,"key":"Swift Potion"},{"floor":14.0,"key":"SkillPotion"},{"floor":16.0,"key":"Fire Potion"},{"floor":24.0,"key":"Weak Potion"},{"floor":25.0,"key":"blueLaboratory:HummingbirdPotion"},{"floor":30.0,"key":"EntropicBrew"}],"is_trial":false,"path_per_floor":["M","$","M","?","M","E","R","E","T","?","?","M","M","E","R","B",null,"M","$","?","?","$","R","E","M","T","M","R","M","E","M","R","B"],"character_chosen":"HERMIT","items_purchased":["hermit:TrackingShot","hermit:BigShot","reliquary:Stiletto","hermit:HoleUp+1"],"campfire_rested":3,"item_purchase_floors":[2,19,19,22],"current_hp_per_floor":[74,74,67,67,67,60,60,33,33,33,33,31,20,19,41,17,75,52,52,48,48,48,70,50,46,46,50,50,24,17,18,40,0,0],"gold":161,"neow_bonus":"ONE_RANDOM_RARE_CARD","is_daily":false,"chose_seed":false,"campfire_upgraded":2,"win_rate":0.0,"timestamp":1612492641,"path_taken":["M","$","M","?","M","E","R","E","T","?","?","M","M","E","R","BOSS","M","$","?","?","?","R","E","M","T","M","R","M","E","M","R","BOSS"],"items_purchased_type":["Card","Card","Relic","Card"],"build_version":"2020-12-22","purchased_purges":0,"victory":false,"max_hp_per_floor":[75,75,75,75,75,75,75,75,75,75,75,75,75,75,75,75,75,75,75,75,75,75,75,75,75,75,75,75,75,75,75,75,75,75],"card_choices":[{"not_picked":["hermit:SprayPray","hermit:DeadMansHand"],"picked":"hermit:Ricochet","floor":1.0},{"not_picked":["hermit:Desperado","hermit:Virtue"],"picked":"hermit:ItchyTrigger","floor":3.0},{"not_picked":["hermit:LuckOfTheDraw","hermit:Desperado"],"picked":"hermit:Enervate","floor":5.0},{"not_picked":["hermit:Glare","hermit:Roulette"],"picked":"hermit:Vantage","floor":6.0},{"not_picked":["hermit:Purgatory","hermit:LoneWolf"],"picked":"hermit:Determination","floor":8.0},{"not_picked":["hermit:LowProfile+1","hermit:Quickdraw"],"picked":"hermit:Headshot","floor":12.0},{"not_picked":["hermit:CalledShot","hermit:Roulette"],"picked":"hermit:BlackWind","floor":13.0},{"not_picked":["hermit:Misfire","hermit:Horror+1"],"picked":"hermit:Glare+1","floor":14.0},{"not_picked":["hermit:OverwhelmingPower","hermit:Adapt"],"picked":"hermit:Gambit+1","floor":16.0},{"not_picked":["hermit:DeadMansHand+1","hermit:CalledShot"],"picked":"hermit:Headshot","floor":18.0},{"not_picked":["hermit:Dissolve+1","hermit:TakeCover+1"],"picked":"hermit:TakeAim+1","floor":24.0},{"not_picked":["hermit:Dive+1","hermit:Manifest+1"],"picked":"hermit:Glare+1","floor":25.0},{"not_picked":["hermit:ShadowCloak","hermit:BodyArmor+1","hermit:Cheat+1"],"picked":"SKIP","floor":27.0},{"not_picked":["hermit:Quickdraw+1","hermit:LuckOfTheDraw+1"],"picked":"hermit:RoundhouseKick","floor":29.0},{"not_picked":["hermit:Spite+1","hermit:Cheat+1"],"picked":"hermit:Headshot","floor":30.0},{"not_picked":["hermit:Headshot","hermit:LowProfile+1"],"picked":"hermit:HoleUp+1","floor":31.0}],"player_experience":1297155,"relics_obtained":[{"floor":6.0,"key":"hubris:CuriousFeather"},{"floor":8.0,"key":"aspiration:ChemicalBlood"},{"floor":9.0,"key":"hubris:TinFlute"},{"floor":14.0,"key":"Blood Vial"},{"floor":21.0,"key":"Ring of Fury"},{"floor":21.0,"key":"Ring of Hypnosis"},{"floor":24.0,"key":"Replay:Bandana"},{"floor":26.0,"key":"Letter Opener"},{"floor":30.0,"key":"Smiling Mask"}],"event_choices":[{"damage_healed":0.0,"max_hp_gain":52.0,"max_hp_loss":48.0,"gold_gain":0.0,"event_name":"betterAltar:BetterAltar","player_choice":" RottenVial ","floor":20.0,"potions_obtained":[],"relics_lost":["Blood Vial"],"gold_loss":0.0,"damage_taken":4.0,"relics_obtained":["betterAltar:BloodRelic"]}],"is_beta":false,"boss_relics":[{"not_picked":["aspiration:SilentSkillbook","aspiration:PoetsPen_weak"],"picked":"energizedSpire:CursedPentagram"}],"items_purged_floors":[],"is_endless":false,"potions_floor_spawned":[3,6,12,13,14,18,24,25,30],"killed_by":"Collector","ascension_level":2}}