{"host":"0awa854l6bexpjrv","time":1612509401,"event":{"mods":["BaseMod","Block Reminder","Colored Map","Colored Powertips","Downfall","Highlight Path","Minty Spire (QoL Compilation)","Quick Restart","Rare Cards Sparkle","StSLib","SuperFastMode"],"gold_per_floor":[109,109,184,35,46,46,75,88,159,159,177,0,0,0,0,95,95,115,130,36,50,60,60,75,75,152,152,170,170,170,182,182,286,286,302,318,318,18,18,43,43,43,43,43,58,75,75,92,92,92,92],"floor_reached":50,"language":"ENG","playtime":2295,"items_purged":["Strike_B","Strike_B","Defend_B"],"score":684,"play_id":"4f91a151-67d6-4e28-8497-bd9c9d80dca7","local_time":"20210204231641","is_ascension_mode":true,"campfire_choices":[{"data":"Beam Cell","floor":6,"key":"SMITH"},{"floor":10,"key":"REST"},{"data":"Sunder","floor":13,"key":"SMITH"},{"data":"Go for the Eyes","floor":15,"key":"SMITH"},{"data":"Echo Form","floor":23,"key":"SMITH"},{"floor":27,"key":"REST"},{"data":"Chaos","floor":30,"key":"SMITH"},{"data":"Zap","floor":32,"key":"SMITH"},{"floor":42,"key":"REST"},{"data":"Creative AI","floor":44,"key":"SMITH"},{"floor":49,"key":"REST"}],"circlet_count":0,"master_deck":["Strike_B+1","Defend_B","Defend_B","Defend_B","Zap+1","Dualcast","Ball Lightning","Beam Cell+1","Conserve Battery","Streamline","Go for the Eyes+1","Rebound","Machine Learning+1","Sunder+1","Echo Form+1","Conserve Battery+1","Chaos+1","Coolheaded","Skim","Ball Lightning","Capacitor+1","Fusion+1","Stack","Conserve Battery+1","Creative AI+1","Turbo+1","Reinforced Body","Echo Form+1","Coolheaded","Doom and Gloom+1","Defragment"],"relics":["Velvet Choker","Whetstone","Lantern","Question Card","Busted Crown","Ice Cream","HornCleat","Nuclear Battery","Bronze Scales","DollysMirror","Bag of Preparation","Eternal Feather"],"acts_visited":["Exordium","TheCity","TheBeyond"],"potions_floor_usage":[21,28,33,33,33],"damage_taken":[{"damage":1,"enemies":"Cultist","floor":1,"turns":4},{"damage":0,"enemies":"Jaw Worm","floor":5,"turns":3},{"damage":19,"enemies":"Lagavulin","floor":7,"turns":4},{"damage":0,"enemies":"2 Louse","floor":8,"turns":2},{"damage":0,"enemies":"Gremlin Gang","floor":11,"turns":3},{"damage":19,"enemies":"Hexaghost","floor":16,"turns":7},{"damage":0,"enemies":"Spheric Guardian","floor":18,"turns":2},{"damage":0,"enemies":"Chosen","floor":19,"turns":2},{"damage":16,"enemies":"3 Cultists","floor":21,"turns":6},{"damage":5,"enemies":"Centurion and Healer","floor":22,"turns":4},{"damage":8,"enemies":"Sentry and Sphere","floor":24,"turns":5},{"damage":6,"enemies":"Cultist and Chosen","floor":28,"turns":6},{"damage":0,"enemies":"Snecko","floor":31,"turns":3},{"damage":59,"enemies":"Collector","floor":33,"turns":8},{"damage":14,"enemies":"3 Shapes","floor":35,"turns":4},{"damage":5,"enemies":"Orb Walker","floor":36,"turns":4},{"damage":12,"enemies":"Nemesis","floor":40,"turns":6},{"damage":0,"enemies":"Sphere and 2 Shapes","floor":45,"turns":3},{"damage":34,"enemies":"Maw","floor":46,"turns":7},{"damage":14,"enemies":"Jaw Worm Horde","floor":48,"turns":3},{"damage":76,"enemies":"Time Eater","floor":50,"turns":7}],"seed_played":"-1213385352878775086","potions_obtained":[{"floor":1,"key":"Fire Potion"},{"floor":5,"key":"LiquidMemories"},{"floor":18,"key":"BlessingOfTheForge"},{"floor":24,"key":"SkillPotion"},{"floor":28,"key":"FearPotion"},{"floor":35,"key":"Energy Potion"},{"floor":48,"key":"SteroidPotion"}],"is_trial":false,"path_per_floor":["M","T","?","$","M","R","E","M","T","R","M","$","R","?","R","B",null,"M","M","$","M","M","R","M","?","T","R","M","?","R","M","R","B",null,"M","M","?","$","$","E","$","R","T","R","M","M","?","M","R","B"],"character_chosen":"DEFECT","items_purchased":["Beam Cell","Conserve Battery","Sunder","Coolheaded","Skim","DollysMirror","Coolheaded"],"campfire_rested":4,"item_purchase_floors":[4,4,12,20,20,38,38],"current_hp_per_floor":[74,74,63,63,63,63,44,44,44,66,66,66,66,66,66,47,75,75,75,75,59,54,54,46,46,46,68,62,62,62,62,62,3,75,61,56,56,56,56,44,44,66,66,75,75,41,41,27,67,0,0],"gold":92,"neow_bonus":"BOSS_RELIC","is_daily":false,"chose_seed":false,"campfire_upgraded":7,"win_rate":0.0,"timestamp":1612509401,"path_taken":["M","?","?","$","M","R","E","M","T","R","M","$","R","?","R","BOSS","M","?","$","?","M","R","M","?","T","R","M","?","R","M","R","BOSS","M","M","?","?","$","E","$","R","T","R","M","M","?","M","R","BOSS"],"items_purchased_type":["Card","Card","Card","Card","Card","Relic","Card"],"build_version":"2020-12-22","purchased_purges":3,"victory":false,"max_hp_per_floor":[75,75,75,75,75,75,75,75,75,75,75,75,75,75,75,75,75,75,75,75,75,75,75,75,75,75,75,75,75,75,75,75,75,75,75,75,75,75,75,75,75,75,75,75,75,75,75,75,75,75,75],"card_choices":[{"not_picked":["Tempest","Go for the Eyes"],"picked":"Ball Lightning","floor":1},{"not_picked":["Rebound","Aggregate"],"picked":"Streamline","floor":5},{"not_picked":["Gash","Redo"],"picked":"Go for the Eyes","floor":7},{"not_picked":["Hologram","Redo"],"picked":"Rebound","floor":8},{"not_picked":["Steam","Blizzard","Streamline"],"picked":"Machine Learning","floor":11},{"not_picked":["Multi-Cast","Seek","Biased Cognition"],"picked":"Echo Form","floor":16},{"not_picked":["Coolheaded"],"picked":"Conserve Battery+1","floor":18},{"not_picked":["White Noise"],"picked":"Chaos","floor":19},{"not_picked":["Scrape"],"picked":"Ball Lightning","floor":21},{"not_picked":["Streamline"],"picked":"Capacitor+1","floor":22},{"not_picked":["Chill"],"picked":"Fusion+1","floor":24},{"not_picked":["Capacitor"],"picked":"Stack","floor":28},{"not_picked":["Undo"],"picked":"Conserve Battery+1","floor":31},{"not_picked":["Core Surge"],"picked":"Creative AI","floor":33},{"not_picked":["White Noise"],"picked":"Turbo+1","floor":35},{"not_picked":["Conserve Battery+1"],"picked":"Reinforced Body","floor":36},{"not_picked":["Steam"],"picked":"Doom and Gloom+1","floor":40},{"not_picked":["Conserve Battery","Cold Snap"],"picked":"SKIP","floor":45},{"not_picked":["Storm","Cold Snap"],"picked":"SKIP","floor":46},{"not_picked":["Melter+1"],"picked":"Defragment","floor":48}],"player_experience":722094,"relics_obtained":[{"floor":2,"key":"Whetstone"},{"floor":7,"key":"Lantern"},{"floor":9,"key":"Question Card"},{"floor":26,"key":"HornCleat"},{"floor":40,"key":"Bag of Preparation"},{"floor":43,"key":"Eternal Feather"}],"event_choices":[{"damage_healed":0,"gold_gain":75,"player_choice":"Gather Gold","damage_taken":11,"max_hp_gain":0,"max_hp_loss":0,"event_name":"World of Goop","floor":3,"gold_loss":0},{"damage_healed":0,"gold_gain":0,"player_choice":"Upgraded","damage_taken":0,"max_hp_gain":0,"max_hp_loss":0,"event_name":"Upgrade Shrine","floor":14,"gold_loss":0,"cards_upgraded":["Machine Learning"]},{"damage_healed":0,"gold_gain":0,"player_choice":"Stole Relic","damage_taken":0,"relics_obtained":["Ice Cream"],"max_hp_gain":0,"max_hp_loss":0,"event_name":"Addict","floor":25,"gold_loss":0,"cards_obtained":["Shame"]},{"cards_removed":["Shame"],"damage_healed":0,"gold_gain":0,"player_choice":"Elegance","damage_taken":0,"max_hp_gain":0,"max_hp_loss":0,"event_name":"Back to Basics","floor":29,"gold_loss":0},{"damage_healed":0,"gold_gain":0,"player_choice":"Gave Potion","damage_taken":0,"relics_obtained":["Bronze Scales"],"max_hp_gain":0,"max_hp_loss":0,"event_name":"WeMeetAgain","floor":37,"gold_loss":0},{"cards_removed":["Strike_B"],"damage_healed":0,"gold_gain":0,"player_choice":"Removed Attack","damage_taken":0,"max_hp_gain":0,"max_hp_loss":0,"event_name":"Falling","floor":47,"gold_loss":0}],"is_beta":false,"boss_relics":[{"not_picked":["Coffee Dripper","Philosopher\u0027s Stone"],"picked":"Busted Crown"},{"not_picked":["Black Star","Cursed Key"],"picked":"Nuclear Battery"}],"items_purged_floors":[4,12,38],"is_endless":false,"potions_floor_spawned":[1,5,18,24,28,31,35,48],"killed_by":"Time Eater","ascension_level":2}}