{"host":"mhzgc0zma59jtmoj","time":1612502561,"event":{"mods":["BaseMod","BetterRewards","Custom Start","Glutton Mod","Hermit","Ironclad Rager","Koishi","Luminous","Minty Spire (QoL Compilation)","Shade Mod","Somnambulant","StSLib","The Cursed","The Hierophant","The Jungle","The Marked","The Necromancer","Treasure Hunter"],"gold_per_floor":[347,358,371,5,20,50,50,50,75,110,109,284,284,299,299,359,359,345,245,271,269,144,164,200,200,200,201,216,235,255,271,271,400,400,415,439,289,314,338,354,179,519,519,523,544,544,565,55,55,55,55,55,19,54,58],"floor_reached":56,"language":"ENG","playtime":4339,"items_purged":["Glutton:Strike","Glutton:Strike","Glutton:Strike","Glutton:Defend","Glutton:Strike","Glutton:Strike"],"score":1264,"play_id":"0eb8e50c-0035-4974-aaf8-3a6624bd5f66","local_time":"20210205002241","is_ascension_mode":false,"campfire_choices":[{"data":"Glutton:Nostalgia","floor":8,"key":"SMITH"},{"data":"Glutton:Chomp","floor":13,"key":"SMITH"},{"data":"Glutton:Delusion","floor":15,"key":"SMITH"},{"data":"Glutton:GuardStance","floor":25,"key":"SMITH"},{"data":"Glutton:Malignancy","floor":32,"key":"SMITH"},{"floor":46,"key":"RECALL"},{"data":"Glutton:Clot","floor":49,"key":"SMITH"},{"data":"Glutton:Reminisce","floor":52,"key":"SMITH"}],"circlet_count":0,"master_deck":["Glutton:Strike","Glutton:Defend","Glutton:Defend","Glutton:Flail","Glutton:Nostalgia+1","Glutton:Devour","Glutton:Tantrum","Glutton:Clot+1","TH:DeckOfManyThings","Glutton:Demolish","Injury","TH:BikiniMail","Glutton:Chrysosphagy","TH:PixieDust","Glutton:Chomp+1","Doubt","Glutton:Delusion+1","TH:Mimic","Glutton:Malignancy+1","Glutton:GuardStance+1","Glutton:Devour","TH:Mimic","Glutton:Tantrum+1","TH:BikiniMail","Glutton:Feast","Glutton:Reminisce+1","Glutton:GuardStance+1","TH:ArmorSpikes","Glutton:Devour","TH:ArmorSpikes","Glutton:Malignancy+1","Glutton:Retaliation","TH:DeckOfManyThings","TH:ArmorSpikes","Glutton:ToxicResidue","TH:PixieDust"],"relics":["Glutton:EternalHunger","Bag of Preparation","Glutton:LuckySock","Blood Vial","Golden Idol","Lantern","Snecko Eye","StoneCalendar","Toxic Egg 2","Pantograph","Philosopher\u0027s Stone","Old Coin","Ornamental Fan","Lizard Tail","Shuriken"],"acts_visited":["Exordium","TheCity","TheBeyond","TheEnding"],"potions_floor_usage":[10,11,20,21,33,39,54,55],"damage_taken":[{"damage":7,"enemies":"Jaw Worm","floor":1,"turns":3},{"damage":5,"enemies":"Small Slimes","floor":2,"turns":2},{"damage":12,"enemies":"Cultist","floor":3,"turns":4},{"damage":2,"enemies":"Exordium Wildlife","floor":5,"turns":2},{"damage":34,"enemies":"Gremlin Nob","floor":6,"turns":4},{"damage":59,"enemies":"Lagavulin","floor":10,"turns":7},{"damage":23,"enemies":"Blue Slaver","floor":11,"turns":4},{"damage":20,"enemies":"Large Slime","floor":14,"turns":3},{"damage":119,"enemies":"The Guardian","floor":16,"turns":13},{"damage":28,"enemies":"2 Thieves","floor":18,"turns":4},{"damage":47,"enemies":"3 Byrds","floor":20,"turns":5},{"damage":68,"enemies":"Snake Plant","floor":21,"turns":6},{"damage":47,"enemies":"Shelled Parasite and Fungi","floor":23,"turns":4},{"damage":35,"enemies":"Book of Stabbing","floor":24,"turns":8},{"damage":58,"enemies":"Sentry and Sphere","floor":27,"turns":6},{"damage":27,"enemies":"Snake Plant","floor":28,"turns":4},{"damage":9,"enemies":"Cultist and Chosen","floor":29,"turns":3},{"damage":42,"enemies":"Centurion and Healer","floor":30,"turns":4},{"damage":71,"enemies":"Slavers","floor":31,"turns":6},{"damage":44,"enemies":"Champ","floor":33,"turns":10},{"damage":14,"enemies":"Orb Walker","floor":35,"turns":2},{"damage":50,"enemies":"3 Shapes","floor":36,"turns":4},{"damage":9,"enemies":"Maw","floor":38,"turns":6},{"damage":4,"enemies":"Jaw Worm Horde","floor":39,"turns":3},{"damage":56,"enemies":"4 Shapes","floor":40,"turns":4},{"damage":26,"enemies":"Giant Head","floor":42,"turns":8},{"damage":85,"enemies":"Transient","floor":44,"turns":5},{"damage":74,"enemies":"3 Darklings","floor":45,"turns":6},{"damage":48,"enemies":"Jaw Worm Horde","floor":47,"turns":4},{"damage":108,"enemies":"Awakened One","floor":50,"turns":12},{"damage":77,"enemies":"Shield and Spear","floor":54,"turns":7},{"damage":134,"enemies":"The Heart","floor":55,"turns":9}],"seed_played":"7974860508820747866","potions_obtained":[{"floor":3,"key":"FairyPotion"},{"floor":6,"key":"DistilledChaos"},{"floor":10,"key":"Dexterity Potion"},{"floor":14,"key":"SpeedPotion"},{"floor":18,"key":"Fire Potion"},{"floor":20,"key":"Fire Potion"},{"floor":24,"key":"BlessingOfTheForge"},{"floor":30,"key":"Regen Potion"},{"floor":38,"key":"Explosive Potion"},{"floor":40,"key":"BlessingOfTheForge"},{"floor":47,"key":"Explosive Potion"},{"floor":54,"key":"SkillPotion"}],"is_trial":false,"path_per_floor":["M","M","M","$","M","E","?","R","T","E","M","?","R","M","R","B",null,"M","$","M","M","$","M","E","R","T","M","M","M","M","E","R","B",null,"M","M","$","M","M","M","$","E","T","M","M","R","M","$","R","B",null,"R","$","E","B",null],"character_chosen":"GLUTTON","items_purchased":["Glutton:LuckySock","Glutton:Tantrum","Lizard Tail","Glutton:ToxicResidue"],"campfire_rested":0,"item_purchase_floors":[4,4,48,53],"current_hp_per_floor":[113,108,96,96,94,62,62,62,62,6,50,50,50,53,53,18,126,119,119,86,62,62,68,74,74,74,83,91,86,67,49,49,114,144,145,132,132,141,144,122,122,154,154,113,96,96,140,140,140,107,165,165,165,157,60],"gold":58,"neow_bonus":"RANDOM_COMMON_RELIC","is_daily":false,"chose_seed":false,"campfire_upgraded":7,"win_rate":0.0,"timestamp":1612502561,"path_taken":["M","M","M","$","M","E","?","R","T","E","M","?","R","M","R","BOSS","M","$","M","M","$","M","E","R","T","M","M","M","M","E","R","BOSS","M","M","$","M","M","M","$","E","T","M","M","R","M","$","R","BOSS","R","$","E","BOSS"],"items_purchased_type":["Relic","Card","Relic","Card"],"build_version":"2020-12-22","purchased_purges":6,"victory":true,"max_hp_per_floor":[120,120,120,120,120,122,122,122,122,123,125,125,125,125,125,126,126,126,126,128,129,129,130,132,132,132,132,134,136,136,143,143,144,144,145,145,145,147,147,155,155,156,156,158,159,159,164,164,164,165,165,165,165,166,167],"card_choices":[{"not_picked":["Glutton:SelfFlagellate","Glutton:Thrombosis","Glutton:Tantrum"],"picked":"SKIP","floor":1},{"not_picked":["Glutton:Borborygmi","Glutton:PainMeditation"],"picked":"Glutton:Nostalgia","floor":2},{"not_picked":["Glutton:GnawingHunger","Glutton:Bite"],"picked":"Glutton:Devour","floor":3},{"not_picked":["Glutton:Autotomy","Glutton:Profligacy"],"picked":"Glutton:Clot","floor":5},{"not_picked":["TH:ArmorSpikes"],"picked":"TH:DeckOfManyThings","floor":6},{"not_picked":["Glutton:Thrombosis","Glutton:Regurgitate"],"picked":"Glutton:Demolish","floor":6},{"not_picked":["TH:ArmorSpikes"],"picked":"TH:BikiniMail","floor":9},{"not_picked":["Glutton:FeverVisions","Glutton:GnawingHunger"],"picked":"Glutton:Chrysosphagy","floor":10},{"not_picked":["TH:PixieDust","TH:CursedSword"],"picked":"SKIP","floor":10},{"not_picked":["TH:CursedSword"],"picked":"TH:PixieDust","floor":10},{"not_picked":["Glutton:DistilledAgony","Glutton:GuardStance"],"picked":"Glutton:Chomp","floor":11},{"not_picked":["Glutton:Tantrum","Glutton:GnawingHunger"],"picked":"Glutton:Delusion","floor":14},{"not_picked":["TH:DeckOfManyThings"],"picked":"TH:Mimic","floor":16},{"not_picked":["Glutton:Retaliation","Glutton:FragileMight"],"picked":"Glutton:Malignancy","floor":16},{"not_picked":["Glutton:Chrysosphagy","Glutton:Thrombosis","Glutton:GnawingHunger+1"],"picked":"SKIP","floor":18},{"not_picked":["Glutton:Scab","Glutton:Migraine","Glutton:Slam"],"picked":"SKIP","floor":20},{"not_picked":["Glutton:Scab+1","Glutton:Loot+1"],"picked":"Glutton:GuardStance","floor":21},{"not_picked":["Glutton:ShedFat+1","Glutton:Scab+1"],"picked":"Glutton:Devour","floor":23},{"not_picked":["TH:CursedSword"],"picked":"TH:Mimic","floor":24},{"not_picked":["Glutton:ShareWeakness","Glutton:Migraine+1"],"picked":"Glutton:Tantrum+1","floor":24},{"not_picked":["TH:Mimic"],"picked":"TH:BikiniMail","floor":26},{"not_picked":["Glutton:SelfFlagellate+1","Glutton:ShedFat+1"],"picked":"Glutton:Feast","floor":27},{"not_picked":["Glutton:ShedFat+1","Glutton:GoldenArmor+1"],"picked":"Glutton:Reminisce","floor":28},{"not_picked":["Glutton:Autotomy+1","Glutton:Demolish+1"],"picked":"Glutton:GuardStance+1","floor":29},{"not_picked":["Glutton:Yearn+1","Glutton:FeverVisions","Glutton:GnawingHunger"],"picked":"SKIP","floor":30},{"not_picked":["TH:DeckOfManyThings"],"picked":"TH:ArmorSpikes","floor":31},{"not_picked":["Glutton:Delusion+1","Glutton:DistilledAgony"],"picked":"Glutton:Devour","floor":31},{"not_picked":["TH:CursedSword"],"picked":"TH:ArmorSpikes","floor":33},{"not_picked":["Glutton:Megrim","Glutton:Vitality"],"picked":"Glutton:Malignancy+1","floor":33},{"not_picked":["Glutton:Demolish","Glutton:Slam","Glutton:Salivate+1"],"picked":"SKIP","floor":35},{"not_picked":["Glutton:KneeJerk+1","Glutton:DecrepitStrike+1","Glutton:GuardStance+1"],"picked":"SKIP","floor":36},{"not_picked":["Glutton:Yearn+1","Glutton:Migraine+1","Glutton:Devour"],"picked":"SKIP","floor":38},{"not_picked":["Glutton:ObsessiveGreed+1","Glutton:Borborygmi+1","Glutton:SelfFlagellate+1"],"picked":"SKIP","floor":39},{"not_picked":["Glutton:Devour+1","Glutton:Migraine+1"],"picked":"Glutton:Retaliation","floor":40},{"not_picked":["TH:TreasureMap"],"picked":"TH:DeckOfManyThings","floor":42},{"not_picked":["Glutton:Bite+1","Glutton:Mug","Glutton:Slam"],"picked":"SKIP","floor":42},{"not_picked":["TH:CursedSword"],"picked":"TH:ArmorSpikes","floor":43},{"not_picked":["Glutton:Tantrum+1","Glutton:Thrombosis+1","Glutton:Hoard+1"],"picked":"SKIP","floor":44},{"not_picked":["Glutton:Autotomy+1","Glutton:ShareWeakness+1","Glutton:Tumor+1"],"picked":"SKIP","floor":45},{"not_picked":["Glutton:Salivate+1","Glutton:Treat+1","Glutton:Rest+1"],"picked":"SKIP","floor":47},{"not_picked":["TH:TreasureMap"],"picked":"TH:PixieDust","floor":54},{"not_picked":["Glutton:GnawingHunger+1","Glutton:Thrombosis+1","Glutton:ShedFat+1"],"picked":"SKIP","floor":54}],"player_experience":254388,"relics_obtained":[{"floor":6,"key":"Blood Vial"},{"floor":10,"key":"Lantern"},{"floor":24,"key":"StoneCalendar"},{"floor":26,"key":"Toxic Egg 2"},{"floor":31,"key":"Pantograph"},{"floor":42,"key":"Old Coin"},{"floor":43,"key":"Ornamental Fan"},{"floor":54,"key":"Shuriken"}],"event_choices":[{"damage_healed":0,"gold_gain":0,"player_choice":"Take Wound","damage_taken":0,"relics_obtained":["Golden Idol"],"max_hp_gain":0,"max_hp_loss":0,"event_name":"Golden Idol","floor":7,"gold_loss":0,"cards_obtained":["Injury"]},{"damage_healed":0,"gold_gain":175,"player_choice":"AGREE","damage_taken":0,"max_hp_gain":0,"max_hp_loss":0,"event_name":"Liars Game","floor":12,"gold_loss":0,"cards_obtained":["Doubt"]}],"is_beta":false,"boss_relics":[{"not_picked":["Fusion Hammer","Runic Pyramid"],"picked":"Snecko Eye"},{"not_picked":["Busted Crown","Glutton:Gemstone"],"picked":"Philosopher\u0027s Stone"}],"items_purged_floors":[4,19,22,37,41,48],"is_endless":false,"potions_floor_spawned":[3,6,10,14,18,20,24,30,38,40,47,54],"ascension_level":0}}