{"host":"tj6tjcyqgbd0xj5u","time":1612493769,"event":{"mods":["Aspiration","BaseMod","Better Match","BetterRewards","Challenge The Spire","Conspire","Defuse TimeMaze Blight","Downfall","Energized Spire","Evolution","GifTheSpireLib","Halation","Hubris","Infinite Spire","Minty Spire (QoL Compilation)","Replay The Spire","Reworked Bosses","Spikes Relics","StS++","StSLib","Stuff the Spire"],"gold_per_floor":[114,114,114,39,51,83,100,130,130,130,130,159,175,175,175,272,272,283,283,283,295,311,311,340,358,385,412,412,423,423,442,442,554,554,573,573,417,437,492,531,531,540,540],"floor_reached":42,"language":"ENG","playtime":1560,"items_purged":["Regret","conspire:GhostlyDefend"],"score":661,"play_id":"ffcd224b-3393-4c69-bba9-12c132439065","local_time":"20210204225609","is_ascension_mode":true,"campfire_choices":[{"data":"Double Tap","floor":15,"key":"SMITH"},{"floor":23,"key":"REST"},{"floor":28,"key":"REST"}],"circlet_count":0,"master_deck":["conspire:GhostlyStrike+1","conspire:GhostlyStrike+1","conspire:GhostlyStrike+1","conspire:GhostlyStrike+1","conspire:GhostlyStrike+1","conspire:GhostlyDefend+1","conspire:GhostlyDefend","conspire:GhostlyDefend","Bash+1","StuffTheSpire:Incineration+1","Twin Strike+1","hubris:CleavingFinish+1","BarbarianYell","Double Tap+1","ReplayTheSpireMod:Limb From Limb+1","Thunderclap+1","StuffTheSpire:Slingshot","Anger+1","Seeing Red","ReplayTheSpireMod:Muscle Training","conspire:HitWhereItHurts","Cleave","ReplayTheSpireMod:Muscle Training+1","ReplayTheSpireMod:Muscle Training+1"],"relics":["Burning Blood","EVO:Axolotl","aspiration:Nostalgia","infinitespire:DarkRift","StuffTheSpire:RedRose","Lizard Tail","King of Hearts","aspiration:FetidBarrel","halation:PinkSoulGem","HailfireSword","Nunchaku","Sozu","ReplayTheSpireMod:Shallot","StuffTheSpire:Barrel","halation:IllGainedPizza","aspiration:RitualStick","halation:SmartPhone","halation:NonexistentMirror","CherryCoatedStake","StuffTheSpire:Experiment12"],"acts_visited":["Exordium","TheCity","TheBeyond"],"potions_floor_usage":[6,8,12,22],"damage_taken":[{"damage":2,"enemies":"Jaw Worm","floor":1,"turns":4},{"damage":3,"enemies":"2 Louse","floor":5,"turns":2},{"damage":13,"enemies":"Gremlin Nob","floor":6,"turns":3},{"damage":8,"enemies":"Small Slimes","floor":7,"turns":2},{"damage":25,"enemies":"3 Sentries","floor":8,"turns":8},{"damage":13,"enemies":"Gremlin Nob","floor":12,"turns":4},{"damage":10,"enemies":"3 Louse","floor":13,"turns":4},{"damage":29,"enemies":"Fading Forest","floor":16,"turns":11},{"damage":22,"enemies":"Spheric Guardian","floor":18,"turns":4},{"damage":25,"enemies":"2 Thieves","floor":21,"turns":2},{"damage":15,"enemies":"Snecko","floor":22,"turns":3},{"damage":13,"enemies":"Gremlin Leader","floor":24,"turns":2},{"damage":0,"enemies":"Snake Plant","floor":25,"turns":2},{"damage":36,"enemies":"Slavers","floor":27,"turns":4},{"damage":11,"enemies":"Centurion and Healer","floor":29,"turns":2},{"damage":12,"enemies":"Cultist and Chosen","floor":31,"turns":3},{"damage":53,"enemies":"bossMod:newCollector","floor":33,"turns":6},{"damage":11,"enemies":"3 Darklings","floor":35,"turns":3},{"damage":4,"enemies":"Orb Walker","floor":38,"turns":2},{"damage":25,"enemies":"2 Orb Walkers","floor":39,"turns":3},{"damage":53,"enemies":"Nemesis","floor":40,"turns":3},{"damage":76,"enemies":"Giant Head","floor":42,"turns":6}],"seed_played":"2049360978168584974","potions_obtained":[{"floor":1,"key":"Languid Potion"},{"floor":7,"key":"BloodPotion"},{"floor":8,"key":"AttackPotion"},{"floor":13,"key":"champ:CounterPotion"}],"is_trial":false,"path_per_floor":["M","?","?","$","M","E","M","E","T","?","?","E","M","?","R","B",null,"M","?","AVR","M","M","R","E","M","T","E","R","M","?","M","R","B",null,"M","?","$","M","?","E","?","E"],"character_chosen":"IRONCLAD","items_purchased":["halation:NonexistentMirror"],"campfire_rested":2,"item_purchase_floors":[37],"current_hp_per_floor":[80,80,80,80,80,73,71,68,68,68,68,61,57,57,57,42,71,70,70,70,51,42,66,59,65,65,35,59,54,38,32,56,9,62,57,57,57,59,40,30,70,0,0],"gold":540,"neow_bonus":"NOSTALGIA","is_daily":false,"chose_seed":false,"campfire_upgraded":1,"win_rate":0.0,"timestamp":1612493769,"path_taken":["M","?","?","$","M","E","M","E","T","?","?","E","M","?","R","BOSS","M","?","AVR","M","M","R","E","M","T","E","R","?","?","M","R","BOSS","M","?","?","?","?","E","?","E"],"items_purchased_type":["Relic"],"build_version":"2020-12-22","purchased_purges":2,"victory":false,"max_hp_per_floor":[80,80,80,80,80,80,80,80,80,80,80,80,80,80,80,80,80,80,80,80,80,80,80,80,80,80,80,80,80,80,80,80,80,80,80,80,80,80,80,80,70,70,70],"card_choices":[{"not_picked":["Heavy Blade","Feel No Pain"],"picked":"StuffTheSpire:Incineration","floor":1},{"not_picked":["Fiend Fire","hubris:SharpeningStone"],"picked":"Twin Strike","floor":5},{"not_picked":["Shrug It Off","Blood for Blood"],"picked":"hubris:CleavingFinish","floor":6},{"not_picked":["Intimidate","StuffTheSpire:Slingshot"],"picked":"StSpp:Sprint","floor":7},{"not_picked":["Dark Embrace","hubris:CleavingFinish"],"picked":"BarbarianYell","floor":8},{"not_picked":["Run Through","conspire:Charge"],"picked":"Double Tap","floor":12},{"not_picked":["StSpp:Succumb","Pommel Strike"],"picked":"ReplayTheSpireMod:Limb From Limb","floor":13},{"not_picked":["Armaments","Anger","ReplayTheSpireMod:Corrosion Curse"],"picked":"SKIP","floor":18},{"not_picked":["Shrug It Off","hubris:ReadiedAction"],"picked":"Thunderclap+1","floor":21},{"not_picked":["Sword Boomerang","Combust+1"],"picked":"StuffTheSpire:Slingshot","floor":22},{"not_picked":["ReplayTheSpireMod:LeadingStrike","Double Tap","StuffTheSpire:RockThrow+1"],"picked":"SKIP","floor":24},{"not_picked":["Dual Wield+1","StSpp:Succumb"],"picked":"Anger+1","floor":25},{"not_picked":["StSpp:TheBiggerTheyAre","Wild Strike"],"picked":"Seeing Red","floor":27},{"not_picked":["StuffTheSpire:BloodClot","StuffTheSpire:RockThrow"],"picked":"ReplayTheSpireMod:Muscle Training","floor":29},{"not_picked":["Run Through+1","Feed","hubris:ReadiedAction"],"picked":"SKIP","floor":31},{"not_picked":["Reaper","Offering"],"picked":"conspire:HitWhereItHurts","floor":33},{"not_picked":["Inflame+1","Sever Soul"],"picked":"Cleave","floor":35},{"not_picked":["Wild Strike","StSpp:Vengeance+1","True Grit+1"],"picked":"SKIP","floor":38},{"not_picked":["ReplayTheSpireMod:Limb From Limb","StSpp:Sprint+1"],"picked":"ReplayTheSpireMod:Muscle Training+1","floor":40}],"player_experience":108946,"relics_obtained":[{"floor":6,"key":"Lizard Tail"},{"floor":8,"key":"King of Hearts"},{"floor":9,"key":"aspiration:FetidBarrel"},{"floor":12,"key":"Toy Ornithopter"},{"floor":24,"key":"ReplayTheSpireMod:Shallot"},{"floor":26,"key":"StuffTheSpire:Barrel"},{"floor":27,"key":"halation:IllGainedPizza"},{"floor":39,"key":"CherryCoatedStake"},{"floor":40,"key":"StuffTheSpire:Experiment12"}],"event_choices":[{"damage_healed":0,"gold_gain":0,"player_choice":"Agree","damage_taken":0,"max_hp_gain":0,"max_hp_loss":0,"event_name":"conspire:LoneGhost","floor":2,"gold_loss":0},{"cards_removed":["StSpp:Sprint"],"damage_healed":0,"gold_gain":0,"player_choice":"Purged","damage_taken":0,"max_hp_gain":0,"max_hp_loss":0,"event_name":"Purifier","floor":36,"gold_loss":0},{"damage_healed":0,"gold_gain":0,"player_choice":"Fight","damage_taken":0,"max_hp_gain":0,"max_hp_loss":0,"event_name":"Mysterious Sphere","floor":39,"gold_loss":0},{"damage_healed":70,"gold_gain":0,"player_choice":"Heal","damage_taken":0,"max_hp_gain":0,"max_hp_loss":10,"event_name":"The Moai Head","floor":41,"gold_loss":0}],"is_beta":false,"boss_relics":[{"not_picked":["Empty Cage","aspiration:DefectSkillbook"],"picked":"HailfireSword"},{"not_picked":["halation:MonkeysPaw","infinitespire:Cupcake"],"picked":"halation:SmartPhone"}],"items_purged_floors":[4,20],"is_endless":false,"potions_floor_spawned":[1,7,8,13,22,25,29,31,33,40],"killed_by":"Giant Head","ascension_level":5}}