{"host":"1bvadgc0hovl67h4","time":1612556056,"event":{"mods":["BaseMod","Colored Map","Downfall","Hermit","Minty Spire (QoL Compilation)","StSLib","The Cursed"],"gold_per_floor":[99,99,99,99,99,115,140,160,145,145,145,45,75,87,103,204,204,204,204,204,204,45,45,45,75,88,99,99,118,132,232,252,349,349,149,163,180,268,268,287,287,337,337,352,365,383,383,383,398,398,398,432,75,75,75,75],"floor_reached":57,"language":"ENG","playtime":4545,"items_purged":[],"score":1147,"play_id":"13b8615e-92bd-4fbd-acdf-2ef718c6958f","local_time":"20210205121416","is_ascension_mode":false,"campfire_choices":[{"floor":1.0,"key":"RECALL"},{"data":"champ:Taunt","floor":12.0,"key":"SMITH"},{"data":"champ:PerfectedStrike","floor":18.0,"key":"SMITH"},{"floor":28.0,"key":"REST"},{"data":"champ:StrikeOfGenius","floor":35.0,"key":"SMITH"},{"data":"1","floor":43,"key":"LIFT"},{"floor":47,"key":"REST"},{"floor":54,"key":"REST"}],"circlet_count":0,"master_deck":["champ:Strike","champ:Strike","champ:Strike","champ:Strike","champ:Defend+1","champ:Defend","champ:Defend","champ:Execute","champ:Taunt+1","champ:EnGarde","champ:PerfectedStrike+1","champ:Backstep+1","champ:FaceSlap","champ:RisingSlash","champ:TripleStrike+1","champ:CrownThrow","champ:UltimateStance","champ:FlashCut","champ:RisingSlash","champ:Backstep+1","champ:Duel+1","champ:StanceDance+1","champ:GutPunch+1","champ:StrikeOfGenius+1","CurseOfTheBell","champ:FlashCut+1","champ:FlashCut+1","champ:PerfectedStrike+1","champ:CalledShot+1","champ:Shatter+1","champ:ShieldSlam+1","champ:AdrenalArmor+1"],"relics":["champ:ChampionCrownUpgraded","downfall:HeartsMalice","Boot","downfall:HeartBlessingRed","Dream Catcher","champ:FightingForDummies","Medical Kit","Enchiridion","PreservedInsect","Torii","Darkstone Periapt","Calling Bell","War Paint","Shuriken","Unceasing Top","downfall:HeartBlessingGreen","downfall:HeartBlessingBlue","Happy Flower","Prayer Wheel","Girya","Bottled Flame","Pantograph"],"acts_visited":["Exordium","TheCity","TheBeyond","TheEnding"],"potions_floor_usage":[42,49,50,55,56,56],"damage_taken":[{"damage":0.0,"enemies":"Cultist","floor":2.0,"turns":1.0},{"damage":0.0,"enemies":"2 Louse","floor":3.0,"turns":1.0},{"damage":0.0,"enemies":"Jaw Worm","floor":5.0,"turns":1.0},{"damage":12.0,"enemies":"Large Slime","floor":6.0,"turns":5.0},{"damage":5.0,"enemies":"2 Fungi Beasts","floor":8.0,"turns":3.0},{"damage":15.0,"enemies":"downfall:FleeingMerchant","floor":9.0,"turns":4.0},{"damage":10.0,"enemies":"Lagavulin","floor":13.0,"turns":3.0},{"damage":25.0,"enemies":"3 Louse","floor":14.0,"turns":3.0},{"damage":32.0,"enemies":"Exordium Thugs","floor":15.0,"turns":4.0},{"damage":34.0,"enemies":"WA_ARCHETYPE_RETAIN","floor":16.0,"turns":5.0},{"damage":40.0,"enemies":"downfall:FleeingMerchant","floor":22.0,"turns":4.0},{"damage":24.0,"enemies":"Gremlin Leader","floor":25.0,"turns":4.0},{"damage":35.0,"enemies":"3 Byrds","floor":26.0,"turns":5.0},{"damage":21.0,"enemies":"Shell Parasite","floor":27.0,"turns":3.0},{"damage":25.0,"enemies":"Centurion and Healer","floor":29.0,"turns":5.0},{"damage":17.0,"enemies":"Sentry and Sphere","floor":30.0,"turns":5.0},{"damage":33.0,"enemies":"IC_STATUS_ARCHETYPE","floor":31.0,"turns":3.0},{"damage":35.0,"enemies":"Cultist and Chosen","floor":32.0,"turns":4.0},{"damage":93.0,"enemies":"SI_MIRROR_ARCHETYPE","floor":33.0,"turns":8.0},{"damage":16.0,"enemies":"3 Shapes","floor":36.0,"turns":3.0},{"damage":31.0,"enemies":"Orb Walker","floor":37.0,"turns":3.0},{"damage":18.0,"enemies":"downfall:FleeingMerchant","floor":38.0,"turns":4.0},{"damage":79,"enemies":"Spire Growth","floor":40,"turns":3},{"damage":30,"enemies":"Spire Growth","floor":42,"turns":5},{"damage":61,"enemies":"Transient","floor":44,"turns":5},{"damage":15,"enemies":"3 Darklings","floor":45,"turns":3},{"damage":4,"enemies":"4 Shapes","floor":46,"turns":3},{"damage":35,"enemies":"Transient","floor":49,"turns":5},{"damage":55,"enemies":"IC_BLOCK_ARCHETYPE","floor":50,"turns":7},{"damage":147,"enemies":"downfall:CharBossMerchant","floor":52,"turns":8},{"damage":62,"enemies":"downfall:NeowBoss","floor":55,"turns":17},{"damage":59,"enemies":"downfall:NeowBossFinal","floor":56,"turns":8}],"seed_played":"2786938331393877850","potions_obtained":[{"floor":6.0,"key":"bronze:BurnAndBuffPotion"},{"floor":8.0,"key":"PowerPotion"},{"floor":13.0,"key":"BlessingOfTheForge"},{"floor":14.0,"key":"Fire Potion"},{"floor":16.0,"key":"BlessingOfTheForge"},{"floor":27.0,"key":"Explosive Potion"},{"floor":30.0,"key":"EntropicBrew"},{"floor":31.0,"key":"DistilledChaos"},{"floor":33.0,"key":"champ:CounterPotion"},{"floor":45,"key":"AttackPotion"},{"floor":46,"key":"bronze:BurnAndBuffPotion"}],"is_trial":false,"path_per_floor":["R","M","M","?","M","M","T","M","$","?","?","R","E","M","M","B",null,"R","?","?","?","$","?","T","E","M","M","R","M","M","?","M","B",null,"R","M","M","$","?","M","T","?","R","M","M","M","R","?","M","B",null,"E","$","R","B","B",null],"character_chosen":"THE_CHAMP","items_purchased":["Medical Kit","Fruit Juice","Happy Flower","Pantograph","PowerPotion","SkillPotion"],"campfire_rested":3,"item_purchase_floors":[22,38,38,53,53,53],"current_hp_per_floor":[90,90,90,90,90,88,88,83,83,83,88,88,78,78,71,47,95,95,95,95,95,80,64,64,60,60,54,82,77,74,66,66,28,101,111,110,109,106,106,90,90,95,95,74,74,70,104,104,104,89,116,4,4,38,20,21],"gold":75,"neow_bonus":"THREE_ENEMY_KILL","is_daily":false,"chose_seed":false,"campfire_upgraded":3,"win_rate":0.0,"timestamp":1612556056,"path_taken":["R","M","?","?","M","M","T","M","?","?","?","R","E","M","M","BOSS","R","?","?","?","$","?","T","E","M","M","R","M","M","?","M","BOSS","R","M","M","$","?","M","T","?","R","?","M","M","R","?","M","BOSS","E","$","R","BOSS","BOSS"],"items_purchased_type":["Relic","Potion","Relic","Relic","Potion","Potion"],"build_version":"2020-12-22","purchased_purges":0,"victory":true,"max_hp_per_floor":[90,90,90,90,90,90,90,90,90,90,95,95,95,95,95,95,95,95,95,95,95,95,95,95,95,95,95,95,95,95,95,95,95,101,111,111,111,111,111,111,111,116,116,116,116,116,116,116,116,116,116,116,116,116,116,116],"card_choices":[{"not_picked":["champ:ShieldSlam","champ:FocusedBerserking"],"picked":"champ:EnGarde","floor":2.0},{"not_picked":["champ:TornadoPunch","champ:DeathBlow"],"picked":"champ:PerfectedStrike","floor":3.0},{"not_picked":["champ:StanceDance","champ:SetATrap"],"picked":"champ:Backstep","floor":5.0},{"not_picked":["champ:BringItOn","champ:PerfectedStrike"],"picked":"champ:FaceSlap","floor":6.0},{"not_picked":["champ:EndlessRage","champ:HeartStrike"],"picked":"champ:RisingSlash","floor":8.0},{"not_picked":["champ:Circumvent","champ:PreemptiveStrike"],"picked":"champ:TripleStrike","floor":9.0},{"not_picked":["champ:DefensiveStyle","champ:AdrenalArmor"],"picked":"champ:CrownThrow","floor":13.0},{"not_picked":["champ:Encircle","champ:Haymaker","champ:TornadoPunch"],"picked":"SKIP","floor":14.0},{"not_picked":["champ:Devastate","champ:EnGarde","champ:Encircle"],"picked":"SKIP","floor":15.0},{"not_picked":["champ:Devastate","champ:VampiricStrike"],"picked":"champ:UltimateStance","floor":16.0},{"not_picked":["champ:GutPunch","champ:FanOfKnives","champ:BladeFlurry"],"picked":"SKIP","floor":22.0},{"not_picked":["champ:FaceSlap","champ:EnGarde"],"picked":"champ:FlashCut","floor":25.0},{"not_picked":["champ:CrownThrow","champ:HeartStrike+1"],"picked":"champ:RisingSlash","floor":26.0},{"not_picked":["champ:Lariat","champ:ViciousMockery"],"picked":"champ:RapidStrikes","floor":27.0},{"not_picked":["champ:IronFortress","champ:ShieldWall"],"picked":"champ:Backstep+1","floor":28.0},{"not_picked":["champ:FanOfKnives","champ:CrownThrow","champ:HoldFirm"],"picked":"SKIP","floor":29.0},{"not_picked":["champ:Shatter+1","champ:Endure"],"picked":"champ:Duel+1","floor":30.0},{"not_picked":["champ:GladiatorStyle+1","champ:FocusedDefense"],"picked":"champ:StanceDance+1","floor":31.0},{"not_picked":["champ:SkillfulDodge","champ:DefensiveShout"],"picked":"champ:GutPunch+1","floor":32.0},{"not_picked":["champ:CheapShot","champ:GladiatorForm"],"picked":"champ:StrikeOfGenius","floor":33.0},{"not_picked":["champ:ViciousMockery","champ:Lariat+1","champ:GutPunch+1"],"picked":"SKIP","floor":36.0},{"not_picked":["champ:Endure","champ:Haymaker","champ:CrownThrow"],"picked":"SKIP","floor":37.0},{"not_picked":["champ:TornadoPunch","champ:EnragedBash+1"],"picked":"champ:FlashCut+1","floor":40},{"not_picked":["champ:AdrenalArmor","champ:TornadoPunch+1"],"picked":"champ:FlashCut+1","floor":42},{"not_picked":["champ:GutPunch+1","champ:StanceDance+1"],"picked":"champ:PerfectedStrike+1","floor":44},{"not_picked":["champ:TornadoPunch+1","champ:IronFortress+1"],"picked":"champ:CalledShot+1","floor":44},{"not_picked":["champ:FaceSlap+1","champ:CalledShot"],"picked":"champ:Shatter+1","floor":45},{"not_picked":["champ:CrownThrow","champ:CheapShot"],"picked":"champ:ShieldSlam+1","floor":45},{"not_picked":["champ:HeartStrike+1","champ:EndlessRage+1","champ:AdrenalArmor"],"picked":"SKIP","floor":46},{"not_picked":["champ:ShieldSlam+1","champ:Backstep+1","champ:BerserkersShout+1"],"picked":"SKIP","floor":46},{"not_picked":["champ:ViciousMockery","champ:TornadoPunch"],"picked":"champ:AdrenalArmor+1","floor":47},{"not_picked":["champ:GladiatorStyle","champ:SetATrap","champ:RecklessLeap+1"],"picked":"SKIP","floor":49},{"not_picked":["champ:FancyFootwork","champ:Circumvent+1","champ:EnGarde"],"picked":"SKIP","floor":49},{"not_picked":["champ:Haymaker","champ:DefensiveShout+1","champ:Circumvent+1"],"picked":"SKIP","floor":52}],"player_experience":221866,"relics_obtained":[{"floor":7.0,"key":"Boot"},{"floor":13.0,"key":"Dream Catcher"},{"floor":23.0,"key":"Enchiridion"},{"floor":25.0,"key":"PreservedInsect"},{"floor":31.0,"key":"Torii"},{"floor":31.0,"key":"Darkstone Periapt"},{"floor":34.0,"key":"War Paint"},{"floor":34.0,"key":"Shuriken"},{"floor":34.0,"key":"Unceasing Top"},{"floor":41,"key":"Prayer Wheel"},{"floor":42,"key":"Girya"},{"floor":52,"key":"Bottled Flame"}],"event_choices":[{"damage_healed":0.0,"max_hp_gain":0.0,"max_hp_loss":0.0,"gold_gain":0.0,"event_name":"Living Wall","player_choice":"Grow","floor":10.0,"gold_loss":0.0,"damage_taken":0.0,"cards_upgraded":["champ:TripleStrike"]},{"damage_healed":0.0,"max_hp_gain":5.0,"max_hp_loss":0.0,"gold_gain":0.0,"event_name":"Big Fish","player_choice":"Donut","floor":11.0,"gold_loss":0.0,"damage_taken":0.0},{"damage_healed":0.0,"max_hp_gain":0.0,"max_hp_loss":0.0,"gold_gain":0.0,"event_name":"Vampires","player_choice":"Ignored","floor":19.0,"gold_loss":0.0,"damage_taken":0.0},{"cards_removed":["champ:RapidStrikes"],"damage_healed":0,"gold_gain":0,"player_choice":"Removed Attack","damage_taken":0,"max_hp_gain":0,"max_hp_loss":0,"event_name":"Falling","floor":39,"gold_loss":0}],"is_beta":false,"boss_relics":[{"not_picked":["Busted Crown","bronze:MakeshiftBattery"],"picked":"champ:ChampionCrownUpgraded"},{"not_picked":["SlaversCollar","SacredBark"],"picked":"Calling Bell"}],"items_purged_floors":[],"is_endless":false,"potions_floor_spawned":[6,8,13,14,15,16,27,30,31,33,37,45,46],"ascension_level":0}}