{"host":"8is2j71l4wmybkoi","time":1612530581,"event":{"mods":["AchievementEnabler","BaseMod","Colored Map","Minty Spire (QoL Compilation)","Rare Cards Sparkle","StSLib","SuperFastMode"],"gold_per_floor":[366,366,366,417,33,33,62,62,62,93,122,139,139,151,151,225,225,238,258,278,278,291,318,318,318],"floor_reached":24,"language":"KOR","playtime":951,"items_purged":["Strike_R"],"score":392,"play_id":"88d64676-9e42-428b-a15a-e760d95c411a","local_time":"20210205220941","is_ascension_mode":true,"campfire_choices":[{"data":"Bash","floor":6,"key":"SMITH"},{"data":"Armaments","floor":13,"key":"SMITH"},{"data":"Fire Breathing","floor":15,"key":"SMITH"}],"circlet_count":0,"master_deck":["AscendersBane","Strike_R","Strike_R","Defend_R","Defend_R","Defend_R","Defend_R","Bash+1","Fire Breathing+1","Armaments+1","Twin Strike","Flame Barrier","Shrug It Off","Dark Embrace+1","Demon Form+1","Uppercut","Burning Pact","Sentinel","Wild Strike+1"],"relics":["Burning Blood","Vajra","Boot","Lee\u0027s Waffle","Pen Nib","InkBottle","Centennial Puzzle","Frozen Egg 2","Odd Mushroom","Coffee Dripper","MealTicket"],"acts_visited":["Exordium","TheCity"],"potions_floor_usage":[16,19,23,23,24],"damage_taken":[{"damage":10,"enemies":"Small Slimes","floor":1,"turns":4},{"damage":20,"enemies":"3 Sentries","floor":7,"turns":5},{"damage":40,"enemies":"Gremlin Nob","floor":10,"turns":5},{"damage":19,"enemies":"The Mushroom Lair","floor":11,"turns":5},{"damage":7,"enemies":"Jaw Worm","floor":12,"turns":3},{"damage":0,"enemies":"2 Louse","floor":14,"turns":3},{"damage":31,"enemies":"Hexaghost","floor":16,"turns":11},{"damage":6,"enemies":"Shell Parasite","floor":18,"turns":5},{"damage":9,"enemies":"Chosen","floor":19,"turns":4},{"damage":13,"enemies":"3 Cultists","floor":20,"turns":5},{"damage":33,"enemies":"Snake Plant","floor":22,"turns":6},{"damage":18,"enemies":"Slavers","floor":23,"turns":4},{"damage":20,"enemies":"Centurion and Healer","floor":24,"turns":4}],"seed_played":"1270028156128309702","potions_obtained":[{"floor":10,"key":"PowerPotion"},{"floor":11,"key":"Block Potion"},{"floor":14,"key":"FairyPotion"},{"floor":16,"key":"AttackPotion"},{"floor":18,"key":"AttackPotion"},{"floor":22,"key":"Block Potion"},{"floor":23,"key":"LiquidBronze"}],"is_trial":false,"path_per_floor":["M","?","?","T","$","R","E","?","T","E","?","M","R","M","R","B",null,"M","M","M","?","M","E","M"],"character_chosen":"IRONCLAD","items_purchased":["Lee\u0027s Waffle","Pen Nib"],"campfire_rested":0,"item_purchase_floors":[5,5],"current_hp_per_floor":[46,41,34,34,82,82,68,68,68,34,21,20,20,26,26,26,68,68,65,58,58,31,19,0,0],"gold":318,"neow_bonus":"TWO_FIFTY_GOLD","is_daily":false,"chose_seed":false,"campfire_upgraded":3,"win_rate":0.0,"timestamp":1612530581,"path_taken":["M","?","?","?","$","R","E","?","T","E","?","M","R","M","R","BOSS","M","M","M","?","M","E","M"],"items_purchased_type":["Relic","Relic"],"build_version":"2020-12-22","purchased_purges":1,"victory":false,"max_hp_per_floor":[75,75,75,75,82,82,82,82,82,82,82,82,82,82,82,82,82,82,82,82,82,82,82,82,82],"card_choices":[{"not_picked":["Warcry","Dual Wield"],"picked":"Fire Breathing","floor":1},{"not_picked":["Entrench","Headbutt"],"picked":"Armaments","floor":7},{"not_picked":["Cleave","Pommel Strike"],"picked":"Twin Strike","floor":10},{"not_picked":["Pommel Strike","Shockwave"],"picked":"Flame Barrier","floor":11},{"not_picked":["Pommel Strike","Cleave"],"picked":"Shrug It Off","floor":12},{"not_picked":["Clothesline","Fire Breathing+1"],"picked":"Dark Embrace+1","floor":14},{"not_picked":["Feed","Limit Break"],"picked":"Demon Form+1","floor":16},{"not_picked":["Rage","Twin Strike","Armaments"],"picked":"SKIP","floor":18},{"not_picked":["Blood for Blood","Perfected Strike"],"picked":"Uppercut","floor":19},{"not_picked":["Sword Boomerang","Spot Weakness+1"],"picked":"Burning Pact","floor":20},{"not_picked":["Headbutt","Dual Wield"],"picked":"Sentinel","floor":22},{"not_picked":["Shrug It Off","Shockwave"],"picked":"Wild Strike+1","floor":23}],"player_experience":991463,"relics_obtained":[{"floor":4,"key":"Boot"},{"floor":7,"key":"InkBottle"},{"floor":9,"key":"Centennial Puzzle"},{"floor":10,"key":"Frozen Egg 2"},{"floor":11,"key":"Odd Mushroom"},{"floor":23,"key":"MealTicket"}],"event_choices":[{"damage_healed":0,"gold_gain":0,"player_choice":"Success","damage_taken":5,"relics_obtained":["Vajra"],"max_hp_gain":0,"max_hp_loss":0,"event_name":"Scrap Ooze","floor":2,"gold_loss":0},{"cards_removed":["Strike_R"],"damage_healed":0,"gold_gain":0,"player_choice":"Card Removal","damage_taken":7,"max_hp_gain":0,"max_hp_loss":0,"event_name":"Golden Wing","floor":3,"gold_loss":0},{"damage_healed":0,"gold_gain":0,"player_choice":"Ignored","damage_taken":0,"max_hp_gain":0,"max_hp_loss":0,"event_name":"Liars Game","floor":8,"gold_loss":0},{"damage_healed":0,"gold_gain":0,"player_choice":"Fought Mushrooms","damage_taken":0,"max_hp_gain":0,"max_hp_loss":0,"event_name":"Mushrooms","floor":11,"gold_loss":0},{"cards_removed":["Strike_R"],"damage_healed":0,"gold_gain":0,"player_choice":"Elegance","damage_taken":0,"max_hp_gain":0,"max_hp_loss":0,"event_name":"Back to Basics","floor":21,"gold_loss":0}],"is_beta":false,"boss_relics":[{"not_picked":["Ectoplasm","Runic Pyramid"],"picked":"Coffee Dripper"}],"items_purged_floors":[5],"is_endless":false,"potions_floor_spawned":[10,11,14,16,18,22,23],"killed_by":"Centurion and Healer","ascension_level":15}}