{"host":"v41r765ix9n0d8n3","time":1612545691,"event":{"mods":["BaseMod","Colored Powertips","Hermit","Minty Spire (QoL Compilation)","Shop Mod","StSLib","The Bug Knight","The Cursed","The Druid","The Wild Card"],"gold_per_floor":[114,130,144,144,162,187,187,205,205,205,205,224,237,128,128,128,128],"floor_reached":16,"language":"ENG","playtime":1675,"items_purged":[],"score":104,"play_id":"a539e3f2-3f58-461c-bdd4-1fd42ebb3777","local_time":"20210205182131","is_ascension_mode":false,"campfire_choices":[{"data":"MentalFortress","floor":7,"key":"SMITH"},{"data":"Crescendo","floor":10,"key":"SMITH"},{"data":"Adaptation","floor":15,"key":"SMITH"}],"circlet_count":0,"master_deck":["Strike_P","Strike_P","Strike_P","Strike_P","Defend_P","Defend_P","Defend_P","Eruption+1","Vigilance","FollowUp","MentalFortress+1","FlyingSleeves","SashWhip","JustLucky","Crescendo+1","Prostrate","Consecrate+1","Adaptation+1","InnerPeace"],"relics":["PureWater","Matryoshka","Molten Egg 2","Blood Vial"],"acts_visited":["Exordium"],"potions_floor_usage":[13,16,16],"damage_taken":[{"damage":0,"enemies":"Cultist","floor":1,"turns":2},{"damage":2,"enemies":"Small Slimes","floor":2,"turns":3},{"damage":0,"enemies":"Jaw Worm","floor":3,"turns":3},{"damage":2,"enemies":"Exordium Thugs","floor":5,"turns":4},{"damage":27,"enemies":"3 Sentries","floor":6,"turns":6},{"damage":8,"enemies":"Red Slaver","floor":8,"turns":4},{"damage":2,"enemies":"Gremlin Gang","floor":12,"turns":3},{"damage":0,"enemies":"3 Louse","floor":13,"turns":3},{"damage":41,"enemies":"The Guardian","floor":16,"turns":3}],"seed_played":"571540952516253683","potions_obtained":[{"floor":2,"key":"Strength Potion"},{"floor":8,"key":"LiquidBronze"},{"floor":12,"key":"SpeedPotion"},{"floor":13,"key":"EssenceOfSteel"}],"is_trial":false,"path_per_floor":["M","M","M","?","M","E","R","M","T","R","?","M","M","$","R","B"],"character_chosen":"WATCHER","items_purchased":["Adaptation","InnerPeace"],"campfire_rested":0,"item_purchase_floors":[14,14],"current_hp_per_floor":[72,70,70,70,68,41,41,33,33,33,33,33,35,35,35,0,0],"gold":128,"neow_bonus":"UPGRADE_CARD","is_daily":false,"chose_seed":false,"campfire_upgraded":3,"win_rate":0.0,"timestamp":1612545691,"path_taken":["M","?","?","?","M","E","R","M","T","R","?","?","M","?","R","BOSS"],"items_purchased_type":["Card","Card"],"build_version":"2020-12-22","purchased_purges":0,"victory":false,"max_hp_per_floor":[72,72,72,72,72,72,72,72,72,72,72,72,72,72,72,72,72],"card_choices":[{"not_picked":["Halt","FlurryOfBlows"],"picked":"FollowUp","floor":1},{"not_picked":["EmptyBody","CarveReality"],"picked":"MentalFortress","floor":2},{"not_picked":["FollowUp","ThirdEye"],"picked":"FlyingSleeves","floor":3},{"not_picked":["EmptyBody","FollowUp"],"picked":"SashWhip","floor":5},{"not_picked":["SignatureMove","FollowUp"],"picked":"JustLucky","floor":6},{"not_picked":["Omniscience","Conclude"],"picked":"Crescendo","floor":8},{"not_picked":["Collect","SashWhip+1"],"picked":"Prostrate","floor":12},{"not_picked":["FollowUp+1","Fasting2"],"picked":"Consecrate+1","floor":13}],"player_experience":536779,"relics_obtained":[{"floor":6,"key":"Matryoshka"},{"floor":9,"key":"Molten Egg 2"},{"floor":9,"key":"Blood Vial"}],"event_choices":[{"damage_healed":0,"gold_gain":0,"player_choice":"Ignored","damage_taken":0,"max_hp_gain":0,"max_hp_loss":0,"event_name":"Golden Wing","floor":4,"gold_loss":0},{"cards_removed":["Defend_P"],"damage_healed":0,"gold_gain":0,"player_choice":"Purged","damage_taken":0,"max_hp_gain":0,"max_hp_loss":0,"event_name":"Purifier","floor":11,"gold_loss":0}],"is_beta":false,"boss_relics":[],"items_purged_floors":[],"is_endless":false,"potions_floor_spawned":[2,8,12,13],"killed_by":"The Guardian","ascension_level":0}}