{"host":"7nopzcxpi7o4g3yx","time":1612550392,"event":{"mods":["AchievementEnabler","BaseMod","Colored Powertips","Hermit","Minty Spire (QoL Compilation)","Quick Restart","StSLib","The Cursed","The Servant 0.9.4"],"gold_per_floor":[116,116,191,41,141,141,181,194,194,194,213,229,229,263,263,383,383,403,403,403,373,320,361,286,286],"floor_reached":24,"language":"ENG","playtime":1113,"items_purged":[],"score":270,"play_id":"4cd11218-eee5-48a9-b3de-40ae54a191e2","local_time":"20210205193952","is_ascension_mode":true,"campfire_choices":[{"floor":6,"key":"REST"},{"data":"JustLucky","floor":10,"key":"SMITH"},{"data":"Eruption","floor":13,"key":"SMITH"},{"floor":15,"key":"REST"}],"circlet_count":0,"master_deck":["Strike_P","Strike_P","Strike_P","Strike_P","Defend_P","Defend_P","Defend_P","Defend_P","Eruption+1","Vigilance","JustLucky+1","Swivel","Halt","Prostrate+1","FlurryOfBlows","Prostrate+1","Ragnarok","FollowUp","Perseverance+1","Prostrate+1","ThirdEye+1"],"relics":["HolyWater","NeowsBlessing","Golden Idol","Boot","Bag of Preparation","Toxic Egg 2","FossilizedHelix","Bronze Scales"],"acts_visited":["Exordium","TheCity"],"potions_floor_usage":[16,16,18,23,23],"damage_taken":[{"damage":0.0,"enemies":"Jaw Worm","floor":1.0,"turns":1.0},{"damage":0,"enemies":"Lagavulin","floor":7,"turns":1},{"damage":0,"enemies":"2 Louse","floor":8,"turns":1},{"damage":0,"enemies":"Small Slimes","floor":11,"turns":2},{"damage":0,"enemies":"Red Slaver","floor":12,"turns":3},{"damage":28,"enemies":"Gremlin Nob","floor":14,"turns":3},{"damage":49,"enemies":"Hexaghost","floor":16,"turns":14},{"damage":20,"enemies":"Chosen","floor":18,"turns":5},{"damage":46,"enemies":"Gremlin Leader","floor":23,"turns":5},{"damage":10,"enemies":"2 Thieves","floor":24,"turns":3}],"seed_played":"5833064159334870358","potions_obtained":[{"floor":1,"key":"FearPotion"},{"floor":11,"key":"Block Potion"},{"floor":14,"key":"Swift Potion"},{"floor":21,"key":"StancePotion"},{"floor":21,"key":"Ambrosia"},{"floor":23,"key":"LiquidBronze"}],"is_trial":false,"path_per_floor":["M","?","?","$","?","R","E","M","T","R","M","M","R","E","R","B",null,"M","?","?","?","$","E","M"],"character_chosen":"WATCHER","items_purchased":["Boot","Prostrate+1"],"campfire_rested":2,"item_purchase_floors":[4,22],"current_hp_per_floor":[72,54,43,43,43,64,64,64,64,64,64,64,64,36,57,8,72,52,52,52,52,52,6,0,0],"gold":286,"neow_bonus":"THREE_ENEMY_KILL","is_daily":false,"chose_seed":false,"campfire_upgraded":2,"win_rate":0.0,"timestamp":1612550392,"path_taken":["M","?","?","$","?","R","E","M","T","R","M","?","R","E","R","BOSS","M","?","?","?","$","E","?"],"items_purchased_type":["Relic","Card"],"build_version":"2020-12-22","purchased_purges":0,"victory":false,"max_hp_per_floor":[72,72,72,72,72,72,72,72,72,72,72,72,72,72,72,72,72,72,72,72,72,72,72,72,72],"card_choices":[{"not_picked":["ReachHeaven","Crescendo"],"picked":"JustLucky","floor":1},{"not_picked":["EmptyBody","InnerPeace"],"picked":"Swivel","floor":7},{"not_picked":["DeceiveReality","FlyingSleeves"],"picked":"Halt","floor":8},{"not_picked":["Protect+1","DeusExMachina+1"],"picked":"Prostrate+1","floor":11},{"not_picked":["CutThroughFate","Meditate+1"],"picked":"FlurryOfBlows","floor":12},{"not_picked":["Weave","CrushJoints"],"picked":"Prostrate+1","floor":14},{"not_picked":["DeusExMachina+1","LessonLearned"],"picked":"Ragnarok","floor":16},{"not_picked":["BowlingBash","Collect+1"],"picked":"FollowUp","floor":18},{"not_picked":["CutThroughFate","SashWhip+1"],"picked":"ThirdEye+1","floor":23}],"player_experience":284998,"relics_obtained":[{"floor":7,"key":"Bag of Preparation"},{"floor":9,"key":"Toxic Egg 2"},{"floor":14,"key":"FossilizedHelix"},{"floor":23,"key":"Bronze Scales"}],"event_choices":[{"damage_healed":0,"gold_gain":0,"player_choice":"Take Damage","damage_taken":18,"relics_obtained":["Golden Idol"],"max_hp_gain":0,"max_hp_loss":0,"event_name":"Golden Idol","floor":2,"gold_loss":0},{"damage_healed":0,"gold_gain":75,"player_choice":"Gather Gold","damage_taken":11,"max_hp_gain":0,"max_hp_loss":0,"event_name":"World of Goop","floor":3,"gold_loss":0},{"damage_healed":0,"gold_gain":100,"player_choice":"Pray","damage_taken":0,"max_hp_gain":0,"max_hp_loss":0,"event_name":"Golden Shrine","floor":5,"gold_loss":0},{"damage_healed":0,"gold_gain":0,"player_choice":"Read","damage_taken":0,"max_hp_gain":0,"max_hp_loss":0,"event_name":"The Library","floor":19,"gold_loss":0,"cards_obtained":["Perseverance"]},{"damage_healed":0,"gold_gain":0,"player_choice":"Ignored","damage_taken":0,"max_hp_gain":0,"max_hp_loss":0,"event_name":"Beggar","floor":20,"gold_loss":0},{"damage_healed":0,"gold_gain":0,"player_choice":"Bought 2 Potions","damage_taken":0,"max_hp_gain":0,"max_hp_loss":0,"event_name":"The Woman in Blue","floor":21,"gold_loss":0}],"is_beta":false,"boss_relics":[{"not_picked":["Ectoplasm","Runic Dome"],"picked":"HolyWater"}],"items_purged_floors":[],"is_endless":false,"potions_floor_spawned":[1,11,14,23],"killed_by":"2 Thieves","ascension_level":2}}