{"host":"wbn3xdfsa5pc2kse","time":1612495310,"event":{"mods":["AchievementEnabler","BaseMod","Bestiary","Colored Map","Colored Powertips","Curses Come First","Highlight Path","Minty Spire (QoL Compilation)","Permanent Neow","Rare Cards Sparkle","Relic Stats","StSLib"],"gold_per_floor":[118,131,144,144,154,154,154,154],"floor_reached":7,"language":"ZHT","playtime":228,"items_purged":[],"score":86,"play_id":"788c2c59-b11c-48c7-b427-e4713f4b4060","local_time":"20210205112150","is_ascension_mode":true,"campfire_choices":[{"floor":6,"key":"REST"}],"circlet_count":0,"master_deck":["AscendersBane","Strike_P","Strike_P","Strike_P","Strike_P","Defend_P","Defend_P","Defend_P","Defend_P","Eruption+1","Vigilance","CrushJoints","FlurryOfBlows","FlurryOfBlows","LikeWater"],"relics":["PureWater","Singing Bowl"],"acts_visited":["Exordium"],"potions_floor_usage":[],"damage_taken":[{"damage":6,"enemies":"Jaw Worm","floor":1,"turns":4},{"damage":0,"enemies":"2 Louse","floor":2,"turns":2},{"damage":0,"enemies":"Small Slimes","floor":3,"turns":2},{"damage":16,"enemies":"Exordium Wildlife","floor":5,"turns":4},{"damage":3,"enemies":"Gremlin Nob","floor":7,"turns":3}],"seed_played":"4533454922040456587","potions_obtained":[],"is_trial":false,"path_per_floor":["M","M","M","?","M","R","E"],"character_chosen":"WATCHER","items_purchased":[],"campfire_rested":1,"item_purchase_floors":[],"current_hp_per_floor":[55,55,55,29,13,33,30,30],"gold":154,"neow_bonus":"UPGRADE_CARD","is_daily":false,"chose_seed":false,"campfire_upgraded":0,"win_rate":0.0,"timestamp":1612495310,"path_taken":["M","M","M","?","M","R","E"],"items_purchased_type":[],"build_version":"2020-12-22","purchased_purges":0,"victory":false,"max_hp_per_floor":[68,68,68,68,68,68,68,68],"relic_stats":{"Singing Bowl":0,"counters":[5,15],"obtain_stats":[{"Singing Bowl":4,"PureWater":0},{"Singing Bowl":3,"PureWater":0},{"Singing Bowl":8,"PureWater":0}]},"card_choices":[{"not_picked":["EmptyBody","FollowUp"],"picked":"CrushJoints","floor":1},{"not_picked":["Fasting2","Prostrate"],"picked":"FlurryOfBlows","floor":2},{"not_picked":["BattleHymn","CrushJoints"],"picked":"FlurryOfBlows","floor":3},{"not_picked":["Scrawl","Evaluate"],"picked":"LikeWater","floor":5}],"player_experience":784697,"relics_obtained":[],"event_choices":[{"damage_healed":0,"gold_gain":0,"player_choice":"Success","damage_taken":26,"relics_obtained":["Singing Bowl"],"max_hp_gain":0,"max_hp_loss":0,"event_name":"Scrap Ooze","floor":4,"gold_loss":0}],"is_beta":false,"boss_relics":[],"items_purged_floors":[],"is_endless":false,"potions_floor_spawned":[],"killed_by":"Gremlin Nob","ascension_level":20}}