{"host":"0iey8v53xvwqxh5z","time":1612498782,"event":{"mods":["BaseMod","BetterRewards","Downfall","Hubris","Minty Spire (QoL Compilation)","Relic Stats","Replay The Spire","Shop Mod","StSLib"],"gold_per_floor":[99,117,117,132,150,165,165,181,81,107,107,133,143,158,175,272,272,272,286,297,297,297,327,375,391,291,304,336,349,364,130,170,280,280,180,212,212,212,112,140,140,159,225,225,225,257,286,305,327,445,445,484,384,384,416,454],"floor_reached":57,"language":"ENG","playtime":2976,"items_purged":["Guardian:Strike_Guardian","Guardian:Defend_Guardian"],"score":1417,"play_id":"53f1d262-f461-4ef5-8c72-9dfea7da234f","local_time":"20210204231942","is_ascension_mode":false,"campfire_choices":[{"floor":1.0,"key":"RECALL"},{"data":"Guardian:TwinSlam","floor":9.0,"key":"SMITH"},{"data":"Guardian:HyperBeam_Guardian","floor":18.0,"key":"SMITH"},{"data":"Guardian:PrismaticBeam","floor":26.0,"key":"SMITH"},{"data":"Guardian:Strike_Guardian","floor":35.0,"key":"SMITH"},{"data":"Guardian:Reroute","floor":44.0,"key":"SMITH"},{"data":"Guardian:Strike_Guardian","floor":54,"key":"SMITH"}],"circlet_count":0,"master_deck":["Guardian:Strike_Guardian","Guardian:Strike_Guardian+1","Guardian:Defend_Guardian","Guardian:Defend_Guardian","Guardian:Defend_Guardian","Guardian:CurlUp","Guardian:TwinSlam+1","Guardian:EvasiveProtocol","Guardian:PiercingHide","Guardian:WalkerClaw+1","Guardian:HyperBeam_Guardian+1","CurseOfTheBell","CurseOfTheBell","Writhe","Guardian:PrismaticBeam+1","Pot Of Greed","Pot Of Greed","Pot Of Greed","Guardian:Reroute+1","Guardian:PrimingBeam+1","Guardian:PolyBeam+1"],"relics":["Guardian:ModeShifter","downfall:ShatteredFragment","hubris:Metronome","downfall:HeartBlessingRed","Happy Flower","hubris:OldNail","SlaversCollar","downfall:ExtraCursedBell","PreservedInsect","hubris:PeanutButter","Guardian:SackOfGems","MealTicket","Matryoshka","Grinning Jar","downfall:HeartBlessingBlue","Gambling Chip","Replay:Bandana","Ring of Chaos","downfall:HeartBlessingGreen","hubris:Icosahedron","Ancient Tea Set","Incense Burner","Thread and Needle","Kunai","Centennial Puzzle"],"acts_visited":["Exordium","TheCity","TheBeyond","TheEnding"],"potions_floor_usage":[],"damage_taken":[{"damage":0.0,"enemies":"Cultist","floor":2.0,"turns":4.0},{"damage":0.0,"enemies":"Small Slimes","floor":4.0,"turns":3.0},{"damage":0.0,"enemies":"2 Louse","floor":5.0,"turns":2.0},{"damage":5.0,"enemies":"Large Slime","floor":6.0,"turns":5.0},{"damage":0.0,"enemies":"Exordium Wildlife","floor":8.0,"turns":3.0},{"damage":0.0,"enemies":"Gremlin Nob","floor":10.0,"turns":2.0},{"damage":0.0,"enemies":"Lagavulin","floor":12.0,"turns":2.0},{"damage":0.0,"enemies":"2 Fungi Beasts","floor":13.0,"turns":1.0},{"damage":12.0,"enemies":"Blue Slaver","floor":14.0,"turns":2.0},{"damage":5.0,"enemies":"Lots of Slimes","floor":15.0,"turns":3.0},{"damage":17.0,"enemies":"IC_STATUS_ARCHETYPE","floor":16.0,"turns":5.0},{"damage":3.0,"enemies":"Chosen","floor":19.0,"turns":2.0},{"damage":0.0,"enemies":"Snake Plant","floor":20.0,"turns":2.0},{"damage":6.0,"enemies":"Slavers","floor":23.0,"turns":3.0},{"damage":4.0,"enemies":"Sentry and Sphere","floor":25.0,"turns":3.0},{"damage":0.0,"enemies":"Snecko","floor":27.0,"turns":2.0},{"damage":20.0,"enemies":"Gremlin Leader","floor":28.0,"turns":3.0},{"damage":0.0,"enemies":"Centurion and Healer","floor":29.0,"turns":3.0},{"damage":0.0,"enemies":"Chosen and Byrds","floor":30.0,"turns":1.0},{"damage":2.0,"enemies":"downfall:FleeingMerchant","floor":31.0,"turns":4.0},{"damage":0.0,"enemies":"Snecko","floor":32.0,"turns":2.0},{"damage":33.0,"enemies":"SI_MIRROR_ARCHETYPE","floor":33.0,"turns":6.0},{"damage":0.0,"enemies":"Orb Walker","floor":36.0,"turns":2.0},{"damage":0.0,"enemies":"3 Darklings","floor":40.0,"turns":2.0},{"damage":0.0,"enemies":"Sphere and 2 Shapes","floor":42.0,"turns":1.0},{"damage":0.0,"enemies":"Sphere and 2 Shapes","floor":43.0,"turns":1.0},{"damage":0.0,"enemies":"R_Hoarder","floor":46.0,"turns":1.0},{"damage":0.0,"enemies":"Spire Growth","floor":47.0,"turns":1.0},{"damage":0.0,"enemies":"Writhing Mass","floor":48.0,"turns":1.0},{"damage":0.0,"enemies":"Maw","floor":49.0,"turns":3.0},{"damage":31.0,"enemies":"DF_ARCHETYPE_ORBS","floor":50.0,"turns":4.0},{"damage":0.0,"enemies":"downfall:CharBossMerchant","floor":52.0,"turns":2.0},{"damage":1,"enemies":"downfall:NeowBoss","floor":55,"turns":7},{"damage":55,"enemies":"downfall:NeowBossFinal","floor":56,"turns":6}],"seed_played":"-6354731095857484428","potions_obtained":[{"floor":4.0,"key":"champ:CounterPotion"},{"floor":5.0,"key":"FairyPotion"},{"floor":6.0,"key":"Strength Potion"},{"floor":19.0,"key":"SkillPotion"},{"floor":25.0,"key":"PowerPotion"},{"floor":29.0,"key":"champ:CounterPotion"}],"is_trial":false,"path_per_floor":["R","M","?","M","M","M","T","M","R","E","?","E","M","M","M","B",null,"R","M","M","?","?","E","T","M","R","M","E","M","M","$","M","B",null,"R","M","?","?","NS","M","T","M","?","R","?","E","M","M","M","B",null,"E","$","R","B","B",null],"character_chosen":"GUARDIAN","items_purchased":["Replay:Bandana"],"campfire_rested":0,"item_purchase_floors":[31],"current_hp_per_floor":[88,88,64,64,64,59,59,59,59,59,59,59,59,47,42,25,88,88,85,85,85,85,79,79,75,85,85,65,65,65,78,78,45,98,98,98,98,98,98,98,98,98,98,98,98,98,98,98,98,67,98,98,98,98,97,42],"gold":454,"neow_bonus":"TEN_PERCENT_HP_BONUS","is_daily":false,"chose_seed":false,"campfire_upgraded":6,"win_rate":0.0,"timestamp":1612498782,"path_taken":["R","M","?","M","M","M","T","M","R","E","?","E","M","M","M","BOSS","R","M","M","?","?","E","T","M","R","M","E","M","M","$","M","BOSS","R","M","?","?","NS","M","T","M","?","R","?","E","?","M","M","BOSS","E","$","R","BOSS","BOSS"],"items_purchased_type":["Relic"],"build_version":"2020-12-22","purchased_purges":2,"victory":true,"max_hp_per_floor":[88,88,88,88,88,88,88,88,88,88,88,88,88,88,88,88,88,88,88,88,88,88,88,88,88,98,98,98,98,98,98,98,98,98,98,98,98,98,98,98,98,98,98,98,98,98,98,98,98,98,98,98,98,98,98,98],"relic_stats":{"Centennial Puzzle":[6],"Happy Flower":[25],"counters":[34,94],"Gambling Chip":[63],"MealTicket":15,"PreservedInsect":361,"Kunai":[14],"obtain_stats":[{"hubris:Metronome":7,"Guardian:SackOfGems":21,"downfall:HeartBlessingGreen":35,"Incense Burner":41,"Ancient Tea Set":41,"Replay:Bandana":31,"Centennial Puzzle":52,"Matryoshka":23,"hubris:Icosahedron":37,"downfall:HeartBlessingBlue":26,"Gambling Chip":28,"MealTicket":22,"Kunai":46,"downfall:ExtraCursedBell":21,"downfall:ShatteredFragment":3,"downfall:HeartBlessingRed":9,"Happy Flower":10,"Guardian:ModeShifter":0,"Thread and Needle":43,"PreservedInsect":21,"Ring of Chaos":34,"SlaversCollar":17,"hubris:PeanutButter":21,"Grinning Jar":24,"hubris:OldNail":12},{"hubris:Metronome":4,"Guardian:SackOfGems":13,"downfall:HeartBlessingGreen":22,"Incense Burner":24,"Ancient Tea Set":24,"Replay:Bandana":20,"Centennial Puzzle":32,"Matryoshka":14,"hubris:Icosahedron":23,"downfall:HeartBlessingBlue":15,"Gambling Chip":17,"MealTicket":13,"Kunai":27,"downfall:ExtraCursedBell":13,"downfall:ShatteredFragment":1,"downfall:HeartBlessingRed":5,"Happy Flower":6,"Guardian:ModeShifter":0,"Thread and Needle":26,"PreservedInsect":13,"Ring of Chaos":22,"SlaversCollar":11,"hubris:PeanutButter":13,"Grinning Jar":14,"hubris:OldNail":7},{"hubris:Metronome":14,"Guardian:SackOfGems":36,"downfall:HeartBlessingGreen":63,"Incense Burner":67,"Ancient Tea Set":67,"Replay:Bandana":55,"Centennial Puzzle":81,"Matryoshka":39,"hubris:Icosahedron":65,"downfall:HeartBlessingBlue":42,"Gambling Chip":47,"MealTicket":36,"Kunai":70,"downfall:ExtraCursedBell":36,"downfall:ShatteredFragment":4,"downfall:HeartBlessingRed":17,"Happy Flower":19,"Guardian:ModeShifter":0,"Thread and Needle":69,"PreservedInsect":36,"Ring of Chaos":63,"SlaversCollar":32,"hubris:PeanutButter":36,"Grinning Jar":39,"hubris:OldNail":21}]},"card_choices":[{"not_picked":["Guardian:VentSteam","Guardian:Emergency"],"picked":"Guardian:EvasiveProtocol","floor":2.0},{"not_picked":["Guardian:Suspension","Guardian:TimeCapacitor"],"picked":"Guardian:PiercingHide","floor":4.0},{"not_picked":["Guardian:Reroute","Guardian:PrimingBeam"],"picked":"Guardian:RollAttack","floor":5.0},{"not_picked":["Guardian:TemporalShield","Guardian:PiercingHide","Guardian:TimeCapacitor"],"picked":"SKIP","floor":6.0},{"not_picked":["Guardian:TemporalStrike","Guardian:StasisStrike"],"picked":"Guardian:Gem_Green","floor":8.0},{"not_picked":["Guardian:Planning","Guardian:ChargeCore","Guardian:ShieldCharger"],"picked":"SKIP","floor":10.0},{"not_picked":["Guardian:Incinerate","Guardian:Recover","Guardian:Gem_Yellow"],"picked":"SKIP","floor":12.0},{"not_picked":["Guardian:Gem_Green","Guardian:PrimingBeam","Guardian:FloatingOrbs"],"picked":"SKIP","floor":13.0},{"not_picked":["Guardian:StasisStrike","Guardian:Recover"],"picked":"Guardian:Gem_Red","floor":14.0},{"not_picked":["Guardian:TimeBomb","Guardian:Repulse"],"picked":"Guardian:WalkerClaw","floor":15.0},{"not_picked":["Guardian:AncientConstruct","Guardian:TimeSifter"],"picked":"Guardian:HyperBeam_Guardian","floor":16.0},{"not_picked":["Guardian:RollAttack","Guardian:Repulse+1"],"picked":"Guardian:Gem_Fragmented","floor":19.0},{"not_picked":["Guardian:Gem_Lightblue","Guardian:Gem_Green"],"picked":"Guardian:Gem_Red","floor":20.0},{"not_picked":["Guardian:SpikerProtocol","Guardian:Gem_Fragmented"],"picked":"Guardian:PrismaticBeam","floor":23.0},{"not_picked":["Guardian:Reroute","Guardian:CrystalBeam","Guardian:Gem_Red"],"picked":"SKIP","floor":25.0},{"not_picked":["Guardian:TemporalStrike+1","Guardian:WalkerClaw","Guardian:Reroute"],"picked":"SKIP","floor":27.0},{"not_picked":["Guardian:Planning","Guardian:Gem_Green","Guardian:BaubleBeam"],"picked":"SKIP","floor":28.0},{"not_picked":["Guardian:PiercingHide","Guardian:Incinerate","Guardian:FloatingOrbs"],"picked":"SKIP","floor":29.0},{"not_picked":["Guardian:WalkerClaw","Guardian:Gem_Cyan","Guardian:TemporalStrike"],"picked":"SKIP","floor":30.0},{"not_picked":["Guardian:GuardianWhirl","Guardian:SphericShield","Guardian:RefractedBeam"],"picked":"SKIP","floor":31.0},{"not_picked":["Guardian:Recover","Guardian:Gem_Cyan","Guardian:EvasiveProtocol"],"picked":"SKIP","floor":32.0},{"not_picked":["Guardian:BronzeOrb","Guardian:Gem_Red"],"picked":"Guardian:Reroute","floor":36.0},{"not_picked":["Guardian:Gem_Cyan","Guardian:ShieldCharger","Guardian:Reroute+1"],"picked":"SKIP","floor":40.0},{"not_picked":["Guardian:ShieldCharger+1","Guardian:TemporalShield+1","Guardian:EvasiveProtocol+1"],"picked":"SKIP","floor":42.0},{"not_picked":["Guardian:EvasiveProtocol+1","Guardian:DecasProtection"],"picked":"Guardian:PrimingBeam+1","floor":46.0},{"not_picked":["Guardian:WalkerClaw","Guardian:SphericShield","Guardian:PiercingHide"],"picked":"SKIP","floor":47.0},{"not_picked":["Guardian:Gem_Cyan","Guardian:PiercingHide","Guardian:TemporalShield"],"picked":"SKIP","floor":48.0},{"not_picked":["Guardian:RollAttack","Guardian:PiercingHide+1","Guardian:Reroute"],"picked":"SKIP","floor":49.0},{"not_picked":["Guardian:Recover","Guardian:Gem_Crimson"],"picked":"Guardian:PolyBeam+1","floor":52.0}],"player_experience":66219,"relics_obtained":[{"floor":7.0,"key":"hubris:Metronome"},{"floor":10.0,"key":"Happy Flower"},{"floor":12.0,"key":"hubris:OldNail"},{"floor":21.0,"key":"PreservedInsect"},{"floor":21.0,"key":"hubris:PeanutButter"},{"floor":21.0,"key":"Guardian:SackOfGems"},{"floor":23.0,"key":"Matryoshka"},{"floor":24.0,"key":"Grinning Jar"},{"floor":28.0,"key":"Gambling Chip"},{"floor":41.0,"key":"Ancient Tea Set"},{"floor":41.0,"key":"Incense Burner"},{"floor":43.0,"key":"Thread and Needle"},{"floor":46.0,"key":"Kunai"},{"floor":52.0,"key":"Centennial Puzzle"}],"event_choices":[],"is_beta":false,"boss_relics":[{"not_picked":["hubris:BlackHole","hubris:HollowSoul"],"picked":"SlaversCollar"},{"not_picked":["Fusion Hammer","Coffee Dripper"],"picked":"Ring of Chaos"}],"items_purged_floors":[31,53],"is_endless":false,"potions_floor_spawned":[4,5,6,13,15,19,25,29,30,33,36,42],"ascension_level":0}}