{"host":"pke0xxyzw0teju56","time":1612551988,"event":{"mods":["BaseMod","Bestiary","Colored Powertips","Highlight Path","Minty Spire (QoL Compilation)","Relic Stats","Slay the Relics Exporter","StSLib","ojb\u0027s Info Mod"],"gold_per_floor":[119,119,135,153,166,194,194,194,194,205,20,20,20],"floor_reached":12,"language":"ENG","playtime":319,"items_purged":[],"score":160,"play_id":"a012479e-5ce3-4343-9734-22c537e6eb67","local_time":"20210205140628","is_ascension_mode":true,"campfire_choices":[{"floor":8,"key":"REST"}],"circlet_count":0,"master_deck":["AscendersBane","Strike_G","Strike_G","Strike_G","Strike_G","Strike_G","Defend_G","Defend_G","Defend_G","Defend_G","Survivor","Neutralize","Accuracy","Cloak And Dagger","Choke","Noxious Fumes+1","PiercingWail","Catalyst","Deadly Poison","Infinite Blades","Cloak And Dagger","Bullet Time","Acrobatics","Well Laid Plans"],"relics":["Sozu","Turnip","Ornamental Fan","Orrery"],"acts_visited":["Exordium"],"potions_floor_usage":[],"damage_taken":[{"damage":4,"enemies":"Jaw Worm","floor":1,"turns":5},{"damage":3,"enemies":"Cultist","floor":3,"turns":5},{"damage":0,"enemies":"2 Louse","floor":4,"turns":3},{"damage":19,"enemies":"Exordium Thugs","floor":5,"turns":5},{"damage":24,"enemies":"Lagavulin","floor":6,"turns":8},{"damage":0,"enemies":"Looter","floor":10,"turns":3},{"damage":51,"enemies":"Gremlin Nob","floor":12,"turns":4}],"seed_played":"1803983882375756026","potions_obtained":[],"is_trial":false,"path_per_floor":["M","?","M","M","M","E","?","R","T","M","$","E"],"character_chosen":"THE_SILENT","items_purchased":["Deadly Poison","Orrery"],"campfire_rested":1,"item_purchase_floors":[11,11],"current_hp_per_floor":[55,55,52,52,33,9,9,28,28,28,28,0,0],"gold":20,"neow_bonus":"BOSS_RELIC","is_daily":false,"chose_seed":false,"campfire_upgraded":0,"win_rate":0.0,"timestamp":1612551988,"path_taken":["M","?","?","M","M","E","?","R","T","?","$","E"],"items_purchased_type":["Card","Relic"],"build_version":"2020-12-22","purchased_purges":0,"victory":false,"max_hp_per_floor":[66,66,66,66,66,66,66,66,66,66,66,66,66],"relic_stats":{"Sozu":3,"counters":[7,33],"Ornamental Fan":[8],"Turnip":[0],"obtain_stats":[{"Sozu":0,"Ornamental Fan":9,"Orrery":11,"Turnip":6,"Ring of the Snake":0},{"Sozu":0,"Ornamental Fan":5,"Orrery":6,"Turnip":5,"Ring of the Snake":0},{"Sozu":0,"Ornamental Fan":26,"Orrery":29,"Turnip":26,"Ring of the Snake":0}]},"card_choices":[{"not_picked":["Sucker Punch","Setup"],"picked":"Accuracy","floor":1},{"not_picked":["Bane","Dodge and Roll"],"picked":"Cloak And Dagger","floor":3},{"not_picked":["Infinite Blades","Finisher"],"picked":"Choke","floor":4},{"not_picked":["Flechettes","Concentrate"],"picked":"Noxious Fumes","floor":5},{"not_picked":["Sucker Punch","Prepared"],"picked":"PiercingWail","floor":6},{"not_picked":["Acrobatics","Masterful Stab"],"picked":"Catalyst","floor":10},{"not_picked":["Quick Slash","Dagger Throw"],"picked":"Infinite Blades","floor":11},{"not_picked":["Escape Plan","Noxious Fumes"],"picked":"Cloak And Dagger","floor":11},{"not_picked":["Infinite Blades","Dodge and Roll"],"picked":"Bullet Time","floor":11},{"not_picked":["Reflex","Quick Slash"],"picked":"Acrobatics","floor":11},{"not_picked":["Eviscerate","Prepared"],"picked":"Well Laid Plans","floor":11}],"player_experience":5301525,"relics_obtained":[{"floor":6,"key":"Turnip"},{"floor":9,"key":"Ornamental Fan"}],"event_choices":[{"cards_removed":["Defend_G"],"damage_healed":0,"gold_gain":0,"player_choice":"Purged","damage_taken":0,"max_hp_gain":0,"max_hp_loss":0,"event_name":"Purifier","floor":2,"gold_loss":0},{"damage_healed":0,"gold_gain":0,"player_choice":"Upgraded","damage_taken":0,"max_hp_gain":0,"max_hp_loss":0,"event_name":"Upgrade Shrine","floor":7,"gold_loss":0,"cards_upgraded":["Noxious Fumes"]}],"is_beta":false,"boss_relics":[],"items_purged_floors":[],"is_endless":false,"potions_floor_spawned":[1,3,10],"killed_by":"Gremlin Nob","ascension_level":20}}