{"host":"tj6tjcyqgbd0xj5u","time":1612540637,"event":{"mods":["Aspiration","BaseMod","Better Match","BetterRewards","Challenge The Spire","Conspire","Defuse TimeMaze Blight","Downfall","Energized Spire","Evolution","GifTheSpireLib","Halation","Hubris","Infinite Spire","Minty Spire (QoL Compilation)","Replay The Spire","Reworked Bosses","Spikes Relics","StS++","StSLib","Stuff the Spire"],"gold_per_floor":[115,390,401,417,429,429,457,11,11,11,11,42,42,62,62,162,162,178,196,215,229,229,229],"floor_reached":22,"language":"ENG","playtime":961,"items_purged":["Regret"],"score":253,"play_id":"b86db26a-1228-4d02-9035-809ace246fe6","local_time":"20210205115717","is_ascension_mode":true,"campfire_choices":[{"data":"StuffTheSpire:Incursion","floor":6,"key":"SMITH"},{"floor":10,"key":"REST"},{"floor":15,"key":"REST"}],"circlet_count":0,"master_deck":["Strike_G","Strike_G","Strike_G","Strike_G","Defend_G","Defend_G","Defend_G","Defend_G","Defend_G","Survivor","Neutralize+1","Flying Knee","Deadly Poison","Dagger Spray","StuffTheSpire:Incursion+1","Noxious Fumes","Noxious Fumes","Deflect","Replay:Bootleg Shield Generator","Bane","hubris:Counter","Malaise","Noxious Fumes+1","Noxious Fumes","Replay:Poison Smokescreen"],"relics":["Ring of the Snake","EVO:Axolotl","StoneCalendar","Oddly Smooth Stone","StSpp:XCola","StuffTheSpire:GrapeVine","Centennial Puzzle","infinitespire:Cupcake"],"acts_visited":["Exordium","TheCity"],"potions_floor_usage":[7,16,19],"damage_taken":[{"damage":4,"enemies":"conspire:RoseBush","floor":1,"turns":4},{"damage":0,"enemies":"Cultist","floor":3,"turns":3},{"damage":18,"enemies":"infinitespire:Voidling","floor":4,"turns":4},{"damage":19,"enemies":"Exordium Thugs","floor":5,"turns":4},{"damage":25,"enemies":"Gremlin Nob","floor":7,"turns":4},{"damage":19,"enemies":"3 Sentries","floor":12,"turns":6},{"damage":2,"enemies":"Looter","floor":14,"turns":4},{"damage":17,"enemies":"Fading Forest","floor":16,"turns":11},{"damage":11,"enemies":"conspire:FuzzyDice","floor":18,"turns":6},{"damage":24,"enemies":"Shell Parasite","floor":19,"turns":4},{"damage":19,"enemies":"Chosen and Byrds","floor":20,"turns":5},{"damage":10,"enemies":"Centurion and Healer","floor":21,"turns":6}],"seed_played":"1988101464638549001","potions_obtained":[{"floor":1,"key":"EssenceOfSteel"},{"floor":5,"key":"SmokeBomb"},{"floor":12,"key":"SkillPotion"},{"floor":14,"key":"PowerPotion"},{"floor":19,"key":"Slimebound:ThreeZeroPotion"}],"is_trial":false,"path_per_floor":["M","?","M","M","M","R","E","$","T","R","?","E","$","M","R","B",null,"M","M","M","M","?"],"character_chosen":"THE_SILENT","items_purchased":["Noxious Fumes","Oddly Smooth Stone","Deflect","Replay:Bootleg Shield Generator"],"campfire_rested":2,"item_purchase_floors":[8,8,8,8],"current_hp_per_floor":[66,66,66,57,38,38,13,13,13,34,34,15,15,13,34,33,70,59,35,16,6,0,0],"gold":229,"neow_bonus":"RANDOM_EVENT","is_daily":false,"chose_seed":false,"campfire_upgraded":1,"win_rate":0.0,"timestamp":1612540637,"path_taken":["M","?","?","M","M","R","E","$","T","R","?","E","$","?","R","BOSS","M","?","M","M","?"],"items_purchased_type":["Card","Relic","Card","Card"],"build_version":"2020-12-22","purchased_purges":1,"victory":false,"max_hp_per_floor":[70,70,70,70,70,70,70,70,70,70,70,70,70,70,70,70,70,70,70,70,70,70,70],"card_choices":[{"not_picked":["StSpp:PoisonousPunch","Dash"],"picked":"Flying Knee","floor":1},{"not_picked":["Flying Knee","StuffTheSpire:Incursion"],"picked":"Deadly Poison","floor":3},{"not_picked":["StSpp:Dive","Flying Knee"],"picked":"Dagger Spray","floor":4},{"not_picked":["StuffTheSpire:FinalStruggle","StSpp:Dive"],"picked":"StuffTheSpire:Incursion","floor":5},{"not_picked":["StSpp:ChainedTrap","StuffTheSpire:Python"],"picked":"Noxious Fumes","floor":7},{"not_picked":["StSpp:TimeParadox","Footwork"],"picked":"Bane","floor":12},{"not_picked":["PiercingWail","Dagger Spray"],"picked":"hubris:Counter","floor":14},{"not_picked":["Grand Finale","Burst"],"picked":"Malaise","floor":16},{"not_picked":["Underhanded Strike+1","Deadly Poison+1"],"picked":"Noxious Fumes+1","floor":18},{"not_picked":["Slice","Blade Dance"],"picked":"Noxious Fumes","floor":19},{"not_picked":["Hidden Blade+1","Acrobatics","Bouncing Flask"],"picked":"SKIP","floor":20},{"not_picked":["StSpp:Dive+1","Escape Plan"],"picked":"Replay:Poison Smokescreen","floor":21}],"player_experience":110506,"relics_obtained":[{"floor":7,"key":"StoneCalendar"},{"floor":9,"key":"StSpp:XCola"},{"floor":12,"key":"Centennial Puzzle"}],"event_choices":[{"damage_healed":0,"gold_gain":0,"player_choice":"Grow","damage_taken":0,"max_hp_gain":0,"max_hp_loss":0,"event_name":"Living Wall","floor":0,"gold_loss":0,"cards_upgraded":["Neutralize"]},{"damage_healed":0,"gold_gain":275,"player_choice":"Desecrate","damage_taken":0,"max_hp_gain":0,"max_hp_loss":0,"event_name":"Golden Shrine","floor":2,"gold_loss":0,"cards_obtained":["Regret"]},{"cards_removed":["Bane"],"damage_healed":0,"gold_gain":0,"player_choice":"Gave Card","damage_taken":0,"relics_obtained":["StuffTheSpire:GrapeVine"],"max_hp_gain":0,"max_hp_loss":0,"event_name":"WeMeetAgain","floor":11,"gold_loss":0}],"is_beta":false,"boss_relics":[{"not_picked":["Snecko Scales","aspiration:RunicSpoon"],"picked":"infinitespire:Cupcake"}],"items_purged_floors":[8],"is_endless":false,"potions_floor_spawned":[1,5,12,14,19],"ascension_level":3}}