{"host":"ydujlihd8f5px9gp","time":1612561613,"event":{"mods":["AchievementEnabler","BaseMod","Block Reminder","Colored Map","Minty Spire (QoL Compilation)","StSLib","ojb\u0027s Info Mod"],"gold_per_floor":[116,116,133,133,133,159,159,176,201,201,219,232,259,273,273,371,371,359,372,372,74,74,74,108,108,108],"floor_reached":25,"language":"ENG","playtime":1050,"items_purged":["Parasite"],"score":277,"play_id":"197fbe84-cfab-4817-b787-8a6deb4c81dc","local_time":"20210205194653","is_ascension_mode":true,"campfire_choices":[{"floor":10,"key":"REST"},{"floor":15,"key":"REST"},{"data":"Scrape","floor":23,"key":"SMITH"}],"circlet_count":0,"master_deck":["Strike_B","Strike_B+1","Defend_B","Defend_B","Defend_B","Zap+1","Dualcast","Sweeping Beam","Loop","Coolheaded","Self Repair","Sweeping Beam","Cold Snap","Gash","Machine Learning","Lockon","Gash","Scrape+1","Rainbow"],"relics":["Empty Cage","Juzu Bracelet","Cables","Regal Pillow","Potion Belt","Cursed Key","Nilry\u0027s Codex","MealTicket","Lantern"],"acts_visited":["Exordium","TheCity"],"potions_floor_usage":[6,12,16,24,25,25],"damage_taken":[{"damage":3,"enemies":"2 Louse","floor":1,"turns":3},{"damage":1,"enemies":"Cultist","floor":3,"turns":3},{"damage":36,"enemies":"Gremlin Nob","floor":6,"turns":4},{"damage":0,"enemies":"Jaw Worm","floor":8,"turns":4},{"damage":9,"enemies":"3 Louse","floor":11,"turns":3},{"damage":15,"enemies":"Exordium Wildlife","floor":12,"turns":6},{"damage":19,"enemies":"3 Sentries","floor":13,"turns":6},{"damage":9,"enemies":"Blue Slaver","floor":14,"turns":3},{"damage":59,"enemies":"Hexaghost","floor":16,"turns":13},{"damage":25,"enemies":"2 Thieves","floor":18,"turns":4},{"damage":4,"enemies":"Chosen","floor":19,"turns":6},{"damage":40,"enemies":"Book of Stabbing","floor":24,"turns":6},{"damage":8,"enemies":"Shelled Parasite and Fungi","floor":25,"turns":2}],"seed_played":"-8682366750579994818","potions_obtained":[{"floor":3,"key":"Strength Potion"},{"floor":8,"key":"Block Potion"},{"floor":12,"key":"Explosive Potion"},{"floor":13,"key":"AttackPotion"},{"floor":14,"key":"Weak Potion"},{"floor":18,"key":"SkillPotion"},{"floor":24,"key":"Ancient Potion"}],"is_trial":false,"path_per_floor":["M","?","M","?","?","E","?","M","T","R","M","M","E","M","R","B",null,"M","M","?","$","?","R","E","M"],"character_chosen":"DEFECT","items_purchased":["Scrape","MealTicket"],"campfire_rested":2,"item_purchase_floors":[21,21],"current_hp_per_floor":[72,57,56,49,46,10,28,28,28,65,56,48,29,27,64,12,75,57,60,44,44,44,44,11,3,3],"gold":108,"neow_bonus":"BOSS_RELIC","is_daily":false,"chose_seed":false,"campfire_upgraded":1,"win_rate":0.0,"timestamp":1612561613,"path_taken":["M","?","M","?","?","E","?","M","T","R","M","M","E","M","R","BOSS","M","M","?","$","?","R","E","M"],"items_purchased_type":["Card","Relic"],"build_version":"2020-12-22","purchased_purges":1,"victory":false,"max_hp_per_floor":[75,75,75,75,75,75,75,75,75,75,75,75,75,75,75,75,75,75,75,75,72,72,72,72,72,72],"card_choices":[{"not_picked":["Rebound","Doom and Gloom"],"picked":"Sweeping Beam","floor":1},{"not_picked":["Beam Cell","Stack","Turbo"],"picked":"SKIP","floor":3},{"not_picked":["Conserve Battery","Undo"],"picked":"Loop","floor":6},{"not_picked":["Rip and Tear","White Noise"],"picked":"Coolheaded","floor":8},{"not_picked":["Stack","Beam Cell"],"picked":"Self Repair","floor":11},{"not_picked":["Fission","Steam"],"picked":"Sweeping Beam","floor":12},{"not_picked":["Hyperbeam","Self Repair"],"picked":"Cold Snap","floor":13},{"not_picked":["Coolheaded","Steam"],"picked":"Gash","floor":14},{"not_picked":["Hyperbeam","Meteor Strike"],"picked":"Machine Learning","floor":16},{"not_picked":["Hello World+1","Reprogram+1"],"picked":"Lockon","floor":18},{"not_picked":["Conserve Battery","Leap"],"picked":"Gash","floor":19},{"not_picked":["Recycle","Core Surge"],"picked":"Rainbow","floor":24}],"player_experience":155595,"relics_obtained":[{"floor":6,"key":"Cables"},{"floor":9,"key":"Regal Pillow"},{"floor":13,"key":"Potion Belt"},{"floor":20,"key":"Nilry\u0027s Codex"},{"floor":24,"key":"Lantern"}],"event_choices":[{"damage_healed":0,"gold_gain":0,"player_choice":"Entered Light","damage_taken":15,"max_hp_gain":0,"max_hp_loss":0,"event_name":"Shining Light","floor":2,"gold_loss":0,"cards_upgraded":["Zap","Strike_B"]},{"cards_removed":["Strike_B"],"damage_healed":0,"gold_gain":0,"player_choice":"Card Removal","damage_taken":7,"max_hp_gain":0,"max_hp_loss":0,"event_name":"Golden Wing","floor":4,"gold_loss":0},{"damage_healed":0,"gold_gain":0,"player_choice":"Success","damage_taken":3,"relics_obtained":["Juzu Bracelet"],"max_hp_gain":0,"max_hp_loss":0,"event_name":"Scrap Ooze","floor":5,"gold_loss":0},{"damage_healed":18,"gold_gain":0,"player_choice":"Healed and dodged fight","damage_taken":0,"max_hp_gain":0,"max_hp_loss":0,"event_name":"Mushrooms","floor":7,"gold_loss":0,"cards_obtained":["Parasite"]},{"damage_healed":0,"gold_gain":0,"player_choice":"Obtained Book","damage_taken":16,"max_hp_gain":0,"max_hp_loss":0,"event_name":"Cursed Tome","floor":20,"gold_loss":0},{"damage_healed":0,"gold_gain":0,"player_choice":"Ignored","damage_taken":0,"max_hp_gain":0,"max_hp_loss":0,"event_name":"Vampires","floor":22,"gold_loss":0}],"is_beta":false,"boss_relics":[{"not_picked":["Busted Crown","Pandora\u0027s Box"],"picked":"Cursed Key"}],"items_purged_floors":[21],"is_endless":false,"potions_floor_spawned":[3,8,12,13,14,18,24],"killed_by":"Shelled Parasite and Fungi","ascension_level":4}}