{"host":"1gxyv4nzk9y6vrq3","time":1612483234,"event":{"mods":["BaseMod","Downfall","Duelist Mod","Hermit","Marisa????????","Minty Spire (QoL Compilation)","SOS???????","StSLib","The Animator","The Bladedancer","The Disciple","The Runesmith","The Senshi","The Servant 0.9.4"],"gold_per_floor":[111,121,98,116,116,116,130,130,203,18,33,43,43,56,56,154,154,173,190,21,21,21,21,38,52,52,52,52],"floor_reached":27,"language":"ENG","playtime":2034,"items_purged":[],"score":232,"play_id":"c2c4a66e-36f2-41f2-9e21-1e219c56509b","local_time":"20210204160034","is_ascension_mode":false,"campfire_choices":[{"floor":6,"key":"REST"},{"data":"ExoVibe","floor":8,"key":"SMITH"},{"data":"ReapSow","floor":13,"key":"SMITH"},{"data":"OracleForm","floor":15,"key":"SMITH"},{"data":"LockedScales","floor":23,"key":"SMITH"}],"circlet_count":0,"master_deck":["Allegro","Allegro","Strike_Br","Strike_Br","Strike_Br+1","Strike_Br","Defend_Br","Defend_Br","Defend_Br","Defend_Br","SecondHand","PatternShift+1","Allegro","ReapSow+8","ExoVibe+12","WindUp","OracleForm+1","BeatsPerMinute","Keepsakes","Allargando","LockedBell","CurseOfTheBell","VestedLegacy+1","LockedScales+1","HandsUpC"],"relics":["Chronometer","Pear","Calling Bell","Regal Pillow","Gremlin Horn","Cryopreserver","Lee\u0027s Waffle","MysticCrockPot"],"acts_visited":["Exordium","TheCity"],"potions_floor_usage":[16,16,18,25],"damage_taken":[{"damage":7,"enemies":"2 Louse","floor":1,"turns":4},{"damage":0,"enemies":"Small Slimes","floor":2,"turns":3},{"damage":0,"enemies":"Cultist","floor":4,"turns":4},{"damage":0,"enemies":"Red Slaver","floor":7,"turns":4},{"damage":1,"enemies":"3 Louse","floor":11,"turns":4},{"damage":5,"enemies":"Exordium Wildlife","floor":12,"turns":5},{"damage":4,"enemies":"Blue Slaver","floor":14,"turns":4},{"damage":56,"enemies":"Hexaghost","floor":16,"turns":12},{"damage":42,"enemies":"3 Byrds","floor":18,"turns":6},{"damage":18,"enemies":"Spheric Guardian","floor":19,"turns":3},{"damage":31,"enemies":"Snake Plant","floor":24,"turns":4},{"damage":46,"enemies":"Snecko","floor":25,"turns":7},{"damage":9,"enemies":"3 Cultists","floor":27,"turns":3}],"seed_played":"3922575880518184460","potions_obtained":[{"floor":1,"key":"hexamod:SoulburnPotion"},{"floor":2,"key":"HastePotion"},{"floor":16,"key":"Strength Potion"},{"floor":19,"key":"SpeedPotion"},{"floor":24,"key":"SkillPotion"}],"is_trial":false,"path_per_floor":["M","M","$","M","?","R","M","R","T","$","M","M","R","M","R","B",null,"M","M","$","?","?","R","M","M","T","M"],"character_chosen":"CHRONO_CLASS","items_purchased":["ExoVibe","OracleForm","BeatsPerMinute","Lee\u0027s Waffle","LockedScales"],"campfire_rested":1,"item_purchase_floors":[3,10,10,20,20],"current_hp_per_floor":[64,64,64,64,50,71,71,71,81,81,80,75,75,71,71,15,81,39,21,88,88,82,82,51,5,5,0,0],"gold":52,"neow_bonus":"TEN_PERCENT_HP_BONUS","is_daily":false,"chose_seed":false,"campfire_upgraded":4,"win_rate":0.0,"timestamp":1612483234,"path_taken":["M","M","$","M","?","R","M","R","T","$","M","M","R","M","R","BOSS","M","M","$","?","?","R","?","M","T","M"],"items_purchased_type":["Card","Card","Card","Relic","Card"],"build_version":"2020-12-22","purchased_purges":0,"victory":false,"max_hp_per_floor":[71,71,71,71,71,71,71,71,81,81,81,81,81,81,81,81,81,81,81,88,88,88,88,88,88,88,88,88],"card_choices":[{"not_picked":["Recurrance","BlueShift"],"picked":"Tempo","floor":1},{"not_picked":["ResonantCall","LockedAnchor"],"picked":"ReapSow","floor":2},{"not_picked":["AlternateTimeline","HandsUpB","LockedWhetstone"],"picked":"SKIP","floor":4},{"not_picked":["HandsUpC","LockedMedicine"],"picked":"WindUp","floor":7},{"not_picked":["Backlash","HandsUpB","LockedAnchor"],"picked":"SKIP","floor":11},{"not_picked":["LockedAstrolabe","LockedMedicine"],"picked":"Keepsakes","floor":12},{"not_picked":["ReapSow","LockedAnchor"],"picked":"Tempo","floor":14},{"not_picked":["Echonomics","Fragmentalize"],"picked":"LockedBell","floor":16},{"not_picked":["Analog","LockedTurtyl"],"picked":"VestedLegacy+1","floor":18},{"not_picked":["ResonantCall","Facsimile","Parity+1"],"picked":"SKIP","floor":19},{"not_picked":["LockedWarPaint+1","BlueShift"],"picked":"HandsUpC","floor":24},{"not_picked":["Break+1","LockedBlood","Recurrance"],"picked":"SKIP","floor":25}],"player_experience":57028,"relics_obtained":[{"floor":9,"key":"Pear"},{"floor":17,"key":"Regal Pillow"},{"floor":17,"key":"Gremlin Horn"},{"floor":17,"key":"Cryopreserver"},{"floor":26,"key":"MysticCrockPot"}],"event_choices":[{"damage_healed":0,"gold_gain":0,"player_choice":"Entered Light","damage_taken":14,"max_hp_gain":0,"max_hp_loss":0,"event_name":"Shining Light","floor":5,"gold_loss":0,"cards_upgraded":["Strike_Br","PatternShift"]},{"damage_healed":0,"gold_gain":0,"player_choice":"","damage_taken":6,"max_hp_gain":0,"max_hp_loss":0,"event_name":"Knowing Skull","floor":22,"potions_obtained":[],"gold_loss":0,"cards_obtained":[]}],"is_beta":false,"boss_relics":[{"not_picked":["Tiny House","SlaversCollar"],"picked":"Calling Bell"}],"items_purged_floors":[],"is_endless":false,"potions_floor_spawned":[1,2,16,19,24],"killed_by":"3 Cultists","ascension_level":0}}