{"host":"ywif2ugnepgiw45s","time":1612565985,"event":{"mods":["Act Like it!","BaseMod","Better Skull","Downfall","Elementarium","GifTheSpireLib","Hermit","Marisa????????","Minty Spire (QoL Compilation)","READ ME - Guardian Mod","Replay The Spire","Shade Mod","Shop Mod","StSLib","The Cursed","The Jungle","The Runesmith","The Servant 0.9.4"],"gold_per_floor":[111,140,252,59,75,110,110,110,20,33,67,67,167,43,56,56,56,56],"floor_reached":16,"language":"ENG","playtime":1012,"items_purged":["champ:Strike"],"score":113,"play_id":"c4f5e730-7f4b-4ca9-b151-ac991ed95488","local_time":"20210205175945","is_ascension_mode":true,"campfire_choices":[{"data":"champ:Taunt","floor":1,"key":"SMITH"},{"data":"expansioncontent:StudyTheSpire","floor":8,"key":"SMITH"}],"circlet_count":0,"master_deck":["champ:Strike","champ:Strike","champ:Strike","champ:Defend","champ:Defend","champ:Defend","champ:Defend","champ:Execute","champ:Taunt+1","champ:FocusedDefense","champ:CrownThrow","expansioncontent:StudyTheSpire+1","champ:GutPunch","Pot Of Greed","Pot Of Greed","champ:ShieldWall","champ:Lariat","champ:RageSigil"],"relics":["Grinning Jar","InkBottle","champ:GladiatorsBookOfMartialProwess","m_IronCrown","MerchantsRug"],"acts_visited":["Exordium"],"potions_floor_usage":[],"damage_taken":[{"damage":11,"enemies":"Jaw Worm","floor":2,"turns":5},{"damage":20,"enemies":"downfall:FleeingMerchant","floor":4,"turns":4},{"damage":18,"enemies":"Small Slimes","floor":5,"turns":3},{"damage":36,"enemies":"3 Sentries","floor":6,"turns":8},{"damage":18,"enemies":"downfall:FleeingMerchant","floor":9,"turns":4},{"damage":7,"enemies":"2 Louse","floor":10,"turns":2},{"damage":30,"enemies":"Lagavulin","floor":11,"turns":6},{"damage":25,"enemies":"downfall:FleeingMerchant","floor":14,"turns":4},{"damage":21,"enemies":"Red Slaver","floor":15,"turns":4},{"damage":94,"enemies":"WA_ARCHETYPE_RETAIN","floor":16,"turns":9}],"seed_played":"-6496169959005471798","potions_obtained":[{"floor":11,"key":"Ancient Potion"},{"floor":15,"key":"FairyPotion"}],"is_trial":false,"path_per_floor":["R","M","?","$","M","E","T","R","$","M","E","?","?","$","M","B"],"character_chosen":"THE_CHAMP","items_purchased":["expansioncontent:StudyTheSpire","MerchantsRug"],"campfire_rested":0,"item_purchase_floors":[4,14],"current_hp_per_floor":[90,89,89,89,81,60,60,60,52,45,45,45,45,46,41,0,0,0],"gold":56,"neow_bonus":"RANDOM_COMMON_RELIC","is_daily":false,"chose_seed":false,"campfire_upgraded":2,"win_rate":0.0,"timestamp":1612565985,"path_taken":["R","M","?","$","M","E","T","R","$","M","E","?","?","$","M","BOSS"],"items_purchased_type":["Card","Relic"],"build_version":"2020-12-22","purchased_purges":1,"victory":false,"max_hp_per_floor":[90,90,90,90,90,90,90,90,90,90,90,90,90,90,90,90,90,90],"card_choices":[{"not_picked":["champ:BringItOn","champ:BerserkersShout"],"picked":"champ:FocusedDefense","floor":2},{"not_picked":["champ:RecklessLeap","champ:EnGarde"],"picked":"champ:CrownThrow","floor":4},{"not_picked":["champ:FocusedDefense","champ:AdrenalArmor"],"picked":"champ:GutPunch","floor":5},{"not_picked":["champ:Devastate","champ:EnGarde"],"picked":"champ:ShieldWall","floor":6},{"not_picked":["champ:EnGarde","champ:BerserkersShout"],"picked":"champ:Lariat","floor":9},{"not_picked":["champ:SwordSigil","champ:FlashCut","champ:Shatter"],"picked":"SKIP","floor":10},{"not_picked":["champ:RapidStrikes","champ:DefensiveShout","champ:DeathBlow"],"picked":"SKIP","floor":11},{"not_picked":["champ:BladeFlurry","champ:CalledShot","champ:ViciousMockery"],"picked":"SKIP","floor":14},{"not_picked":["champ:StanceDance","champ:Shatter"],"picked":"champ:RageSigil","floor":15}],"player_experience":1746080,"relics_obtained":[{"floor":6,"key":"Grinning Jar"},{"floor":7,"key":"InkBottle"},{"floor":11,"key":"champ:GladiatorsBookOfMartialProwess"}],"event_choices":[],"is_beta":false,"boss_relics":[],"items_purged_floors":[9],"is_endless":false,"potions_floor_spawned":[11,15],"killed_by":"WA_ARCHETYPE_RETAIN","ascension_level":1}}