{"host":"uceopoba4zvqsgiy","time":1612542309,"event":{"mods":["2.2 Compatiblity","Act Like it!","BaseMod","Better Skull","Better Third Choice","Elementarium","Evolution","GifTheSpireLib","Hermit","Humility","Infinite Spire","Jorbs\u0027s Wanderer Trilogy","Marked Mod","Minty Spire (QoL Compilation)","Potionbrewer","Reliquary","Replay The Spire","Robot Space Explorer","Shade Mod","Spicy Shops","StS++","StSLib","Stuff the Spire","The Blue Laboratory","The Caster","The Cursed","The Dragon Tamer","The Hierophant","The Judge","The Jungle","TheSurvivalist","Wandering Minibosses"],"gold_per_floor":[109,127,127,141,107,107,132,148,148,148,223,237,237,247,261,261,261,364,364,352,352,16,16,16,46,66,66,66,66,76,126,149,149,149,155,155],"floor_reached":35,"language":"ENG","playtime":2782,"items_purged":[],"score":277,"play_id":"0ec0dcde-7956-45e2-bc7d-5d1309a32b8a","local_time":"20210206025509","is_ascension_mode":false,"campfire_choices":[{"data":"survmod:PoisonTrap","floor":6,"key":"SMITH"},{"floor":13,"key":"REST"},{"floor":17,"key":"REST"},{"floor":27,"key":"REST"},{"floor":29,"key":"REST"},{"floor":34,"key":"REST"}],"circlet_count":0,"master_deck":["survmod:NockAnArrow","survmod:NockAnArrow","survmod:Strike","survmod:Strike","survmod:Defend","survmod:Defend","survmod:Defend","survmod:Defend","survmod:VersatileOffense","survmod:Sprint","survmod:FlareBarrage","survmod:FlareBarrage","survmod:FlareQuiver","survmod:PoisonTrap+1","survmod:NockAnArrow","survmod:AcidTrap","survmod:MarkedShot","survmod:AcidTrap","survmod:Exploit","Parasite","survmod:GoForFace","survmod:LongShot","survmod:QuickDash","survmod:FlashbangTrap","survmod:SkillfulManeuver","survmod:OverexertingShot","survmod:ChokingBow","survmod:MarkTrap","survmod:GoForFace+1","Normality"],"relics":["PureWater","EVO:Axolotl","NeowsBlessing","Replay:Towering Pillar of Hats","reliquary:TridentHead","infinitespire:Cubic Diamond","reliquary:Craggleroot","CultistMask","Membership Card","potionbrewer:BoosterPack","Gambling Chip","potionbrewer:MortarAndPestle","StuffTheSpire:OldFever","reliquary:Aerogel","ReplayTheSpireMod:Ring of Addiction","Ring of Greed","Chameleon Ring","SacredBark","Replay:Bandana","MealTicket"],"acts_visited":["Exordium","TheCity"],"potions_floor_usage":[7,7,15,25,32,32,32],"damage_taken":[{"damage":0,"enemies":"Cultist","floor":1,"turns":1},{"damage":0,"enemies":"Jaw Worm","floor":2,"turns":1},{"damage":0,"enemies":"2 Louse","floor":4,"turns":1},{"damage":28,"enemies":"Lagavulin","floor":7,"turns":10},{"damage":13,"enemies":"Exordium Thugs","floor":8,"turns":4},{"damage":2,"enemies":"3 Louse","floor":12,"turns":2},{"damage":12,"enemies":"Looter","floor":14,"turns":4},{"damage":2,"enemies":"2 Fungi Beasts","floor":15,"turns":4},{"damage":19,"enemies":"Hexaghost","floor":18,"turns":9},{"damage":11,"enemies":"2 Thieves","floor":20,"turns":4},{"damage":24,"enemies":"Nightmare","floor":25,"turns":8},{"damage":18,"enemies":"Shell Parasite","floor":26,"turns":4},{"damage":15,"enemies":"3 Cultists","floor":30,"turns":4},{"damage":13,"enemies":"Centurion and Healer","floor":32,"turns":5},{"damage":47,"enemies":"Champ","floor":35,"turns":5}],"seed_played":"-2523037798352560860","potions_obtained":[{"floor":2,"key":"blueLaboratory:EmptyBottle"},{"floor":4,"key":"blueLaboratory:BottleOfVodka"},{"floor":7,"key":"Strength Potion"},{"floor":8,"key":"blueLaboratory:SavagePotion"},{"floor":14,"key":"potionbrewer:EndurancePotion"},{"floor":20,"key":"blueLaboratory:RememoryPotion"},{"floor":31,"key":"Venom Potion"},{"floor":31,"key":"potionbrewer:EndurancePotion"},{"floor":31,"key":"blueLaboratory:AbyssPotion"}],"is_trial":false,"path_per_floor":["M","M","$","M","$","R","E","M","PTL","PTL","T","M","R","M","M","?","R","B",null,"M","?","$","?","T","NM","M","R","T","R","M","?","M","?","R","B"],"character_chosen":"THE_SURVIVOR","items_purchased":["survmod:PoisonTrap","Membership Card","survmod:GoForFace","potionbrewer:BoosterPack","Gambling Chip"],"campfire_rested":5,"item_purchase_floors":[5,22,22,22,22],"current_hp_per_floor":[50,50,50,50,50,50,22,9,9,9,9,7,22,10,8,8,23,4,50,39,39,39,39,39,20,2,17,17,32,17,17,9,9,24,0,0],"gold":155,"neow_bonus":"THREE_ENEMY_KILL","is_daily":false,"chose_seed":false,"campfire_upgraded":1,"win_rate":0.0,"timestamp":1612542309,"path_taken":["M","?","$","M","$","R","E","M","PTL","PTL","T","M","R","M","M","?","R","BOSS","M","?","?","?","?","NM","M","R","T","R","M","?","?","?","R","BOSS"],"items_purchased_type":["Card","Relic","Card","Relic","Relic"],"build_version":"2020-12-22","purchased_purges":0,"victory":false,"max_hp_per_floor":[50,50,50,50,50,50,50,50,50,50,50,50,50,50,50,50,50,50,50,50,50,50,50,50,50,50,50,50,50,50,50,50,50,50,50,50],"card_choices":[{"not_picked":["survmod:SwiftKick","survmod:TakeAim"],"picked":"survmod:FlareBarrage","floor":1},{"not_picked":["survmod:HailOfArrows","survmod:BearTrap"],"picked":"survmod:FlareBarrage","floor":2},{"not_picked":["survmod:ShrapnelTraps","survmod:BearTrap"],"picked":"survmod:FlareQuiver","floor":4},{"not_picked":["survmod:QuickDash","survmod:FlashbangTrap"],"picked":"survmod:NockAnArrow","floor":7},{"not_picked":["survmod:HailOfArrows","survmod:UnfortunateEscape"],"picked":"survmod:AcidTrap","floor":8},{"not_picked":["survmod:SimpleMutation","survmod:TwinShot"],"picked":"survmod:MarkedShot","floor":12},{"not_picked":["survmod:TakeAim","survmod:UnfortunateEscape","survmod:SwiftKick"],"picked":"SKIP","floor":14},{"not_picked":["survmod:TwinShot","survmod:SimpleMutation"],"picked":"survmod:AcidTrap","floor":15},{"not_picked":["survmod:RobFromTheRich","survmod:DeadlyAim"],"picked":"survmod:Exploit","floor":18},{"not_picked":["survmod:UnfortunateEscape","survmod:TakeAim+1","survmod:DuckAndFlare"],"picked":"SKIP","floor":20},{"not_picked":["survmod:FenceTrap","survmod:SimpleMutation+1","survmod:PinningSnipe"],"picked":"SKIP","floor":25},{"not_picked":["survmod:TrickShot","survmod:Exploit"],"picked":"survmod:MarkTrap","floor":26},{"not_picked":["survmod:NockAnArrow","survmod:PenetratingShot+1"],"picked":"survmod:GoForFace+1","floor":30},{"not_picked":["survmod:FindCover","survmod:SimpleMutation","survmod:PinningSnipe"],"picked":"SKIP","floor":32}],"player_experience":1772158,"relics_obtained":[{"floor":7,"key":"Replay:Towering Pillar of Hats"},{"floor":11,"key":"reliquary:TridentHead"},{"floor":24,"key":"potionbrewer:MortarAndPestle"},{"floor":25,"key":"StuffTheSpire:OldFever"},{"floor":28,"key":"reliquary:Aerogel"},{"floor":31,"key":"ReplayTheSpireMod:Ring of Addiction"},{"floor":31,"key":"Ring of Greed"},{"floor":31,"key":"Chameleon Ring"},{"floor":31,"key":"SacredBark"},{"floor":31,"key":"Replay:Bandana"},{"floor":31,"key":"MealTicket"}],"event_choices":[{"damage_healed":0,"gold_gain":0,"player_choice":"Trade","damage_taken":0,"relics_obtained":["CultistMask"],"max_hp_gain":0,"max_hp_loss":0,"event_name":"FaceTrader","floor":21,"gold_loss":0},{"damage_healed":0,"gold_gain":0,"player_choice":"Ignored","damage_taken":0,"max_hp_gain":0,"max_hp_loss":0,"event_name":"Vampires","floor":23,"gold_loss":0}],"is_beta":false,"boss_relics":[{"not_picked":["Tiny House","StuffTheSpire:Kangaroo"],"picked":"reliquary:Craggleroot"}],"items_purged_floors":[],"is_endless":false,"potions_floor_spawned":[2,4,7,8,14,20],"killed_by":"Champ","ascension_level":0,"is_humility":true}}