{"host":"bplbr8uekuotory4","time":1612522265,"event":{"mods":["Act Like it!","BaseMod","GungeonMod","Hermit","KinomotoSakuraMod(木之本樱)","Marisa（F雨　魔理沙）","Minty Spire (QoL Compilation)","Prisma Mod","Quick Restart","Reimu（博丽灵梦）","SOS（斯巴达之子）","Spicy Shops","StSLib","TestMod","The Blackbeard","The Cursed","The Mystic","The Poker Player","The Saiyan","The Senshi","The Servant 0.9.4","Yuri Mod","[IsaacMod]以撒尖塔"],"gold_per_floor":[120,120,120,130,130,171,171,191,191,227,102,27,27,67,67,190,190,203,222,255,30,30,75,114,114,140,195,195,230,73,73,73,195,195,227,297,73,112,149,149,186,186,213,213,254,314,361,431,431,461,461,461,78,137,171],"floor_reached":56,"language":"ZHS","playtime":2014,"items_purged":["yuri:yuriDefend","yuri:yuriDefend","yuri:yuriStrike","yuri:yuriDefend","yuri:yuriDefend","yuri:yuriStrike"],"score":2368,"play_id":"e7b8459a-5950-4897-bd4a-0e6369bfef70","local_time":"20210205185105","is_ascension_mode":true,"campfire_choices":[{"data":"yuri:MagneticKnives","floor":7.0,"key":"SMITH"},{"floor":13.0,"key":"REST"},{"data":"yuri:DebugCard","floor":15.0,"key":"SMITH"},{"data":"yuri:GlitchRemove","floor":25.0,"key":"SMITH"},{"data":"yuri:RemoveSafetyChecks","floor":28.0,"key":"SMITH"},{"data":"yuri:NerfBat","floor":32.0,"key":"SMITH"},{"data":"yuri:DragonForm","floor":40,"key":"SMITH"},{"data":"yuri:HoldBack","floor":42,"key":"SMITH"},{"floor":49,"key":"RECALL"},{"data":"yuri:CalmingAura","floor":52,"key":"SMITH"}],"circlet_count":0,"master_deck":["AscendersBane","yuri:yuriStrike","yuri:Oolong","yuri:yuriStab","yuri:CalmingAura+1","yuri:MagneticKnives+1","yuri:RemoveSafetyChecks+1","yuri:DebugCard+1","yuri:GlitchRemove+1","yuri:StealPen+1","yuri:DragonForm+1","yuri:NerfBat+1","yuri:HoldBack+1","yuri:yuriQuickStrike+1","yuri:DejaVu+1","yuri:ThornRemove+1","yuri:GrowingInsanity+1"],"relics":["yuri:yuriKnife","testmod-TestBox","HushsDoor","DeadEye","testmod-PortableAltar","Mummified Hand","Bloody Idol","Lizard Tail","TheBible","Kunai","DemoMod:OrangeGuonStone","BookofShadows","testmod-TimeTraveler","RottenBaby","Ornamental Fan","Frozen Egg 2","Toolbox","Astrolabe","DemoMod:PinkGuonStone","DemoMod:Metronome","Potion Belt","testmod-Acrobat","Bottled Flame","CatCart","HornCleat"],"acts_visited":["Exordium","TheCity","TheBeyond","TheEnding"],"potions_floor_usage":[50,55,55,55,55,55,55,55,55,55,55,55,55],"damage_taken":[{"damage":16.0,"enemies":"Small Slimes","floor":1.0,"turns":4.0},{"damage":13.0,"enemies":"Jaw Worm","floor":4.0,"turns":2.0},{"damage":16.0,"enemies":"3 Sentries","floor":6.0,"turns":5.0},{"damage":5.0,"enemies":"2 Louse","floor":8.0,"turns":2.0},{"damage":20.0,"enemies":"Lagavulin","floor":10.0,"turns":5.0},{"damage":5.0,"enemies":"Gremlin Nob","floor":14.0,"turns":3.0},{"damage":3.0,"enemies":"Slime Boss","floor":16.0,"turns":4.0},{"damage":0.0,"enemies":"Chosen","floor":18.0,"turns":3.0},{"damage":0.0,"enemies":"2 Thieves","floor":19.0,"turns":3.0},{"damage":6.0,"enemies":"Snake Plant","floor":20.0,"turns":3.0},{"damage":0.0,"enemies":"Book of Stabbing","floor":23.0,"turns":3.0},{"damage":11.0,"enemies":"3 Cultists","floor":24.0,"turns":4.0},{"damage":15.0,"enemies":"Gremlin Leader","floor":27.0,"turns":4.0},{"damage":5.0,"enemies":"Centurion and Healer","floor":29.0,"turns":4.0},{"damage":1.0,"enemies":"Champ","floor":33.0,"turns":5.0},{"damage":0,"enemies":"3 Darklings","floor":35,"turns":3},{"damage":0,"enemies":"Hiden Room Battle","floor":36,"turns":3},{"damage":1,"enemies":"3 Shapes","floor":38,"turns":3},{"damage":1,"enemies":"Transient","floor":39,"turns":5},{"damage":15,"enemies":"Spire Growth","floor":41,"turns":3},{"damage":3,"enemies":"Maw","floor":45,"turns":4},{"damage":0,"enemies":"Nemesis","floor":46,"turns":3},{"damage":0,"enemies":"3 Darklings","floor":47,"turns":3},{"damage":0,"enemies":"Orin","floor":48,"turns":7},{"damage":0,"enemies":"Donu and Deca","floor":50,"turns":4},{"damage":0,"enemies":"Shield and Spear","floor":54,"turns":4},{"damage":4,"enemies":"The Heart","floor":55,"turns":5}],"seed_played":"2557379317887547270","potions_obtained":[{"floor":0.0,"key":"Fruit Juice"},{"floor":0.0,"key":"testmod-TimePotion"},{"floor":0.0,"key":"Explosive Potion"},{"floor":14.0,"key":"Energy Potion"},{"floor":19.0,"key":"GrandPatriotsElixir:ReiMu"},{"floor":41,"key":"testmod-EscapePotion"},{"floor":45,"key":"Dexterity Potion"},{"floor":47,"key":"DemoMod:LeadSkinPotion"},{"floor":48,"key":"DemoMod:LeadSkinPotion"}],"is_trial":false,"path_per_floor":["M","?","?","M","?","E","R","M","T","E","?","$","R","E","R","B",null,"M","M","M","$","?","E","M","R","T","E","R","M","$","?","R","B",null,"M","?","$","M","M","R","M","R","T","?","M","E","M","?","R","B",null,"R","$","E","B",null],"character_chosen":"YURI","items_purchased":["RottenBaby","Toolbox","Potion Belt","EntropicBrew"],"campfire_rested":1,"item_purchase_floors":[17,30,37,53],"current_hp_per_floor":[65,70,67,58,37,25,25,24,24,8,8,8,31,30,30,31,47,51,50,43,43,43,46,39,39,43,36,36,40,39,22,22,35,35,34,39,39,38,37,36,26,26,31,63,63,62,61,60,59,58,57,56,55,54,53],"gold":171,"neow_bonus":"THREE_SMALL_POTIONS","is_daily":false,"chose_seed":false,"campfire_upgraded":8,"win_rate":0.0,"timestamp":1612522265,"path_taken":["M","?","?","M","?","E","R","M","T","E","?","$","R","E","R","BOSS","M","M","M","$","?","E","M","R","T","E","R","?","$","?","R","BOSS","M","?","$","?","M","R","M","R","T","?","M","E","M","?","R","BOSS","R","$","E","BOSS"],"items_purchased_type":["Relic","Relic","Relic","Potion"],"build_version":"2020-12-22","purchased_purges":6,"victory":true,"max_hp_per_floor":[84,88,87,86,85,84,83,82,81,80,79,78,77,76,75,74,52,51,50,49,48,47,46,45,44,43,42,41,40,39,38,37,36,35,34,40,39,38,37,36,35,34,33,64,63,62,61,60,59,58,57,56,55,54,53],"card_choices":[{"not_picked":["yuri:Stalk","yuri:Stare","yuri:Skip"],"picked":"SKIP","floor":0.0},{"not_picked":["yuri:TPose","yuri:BookRed"],"picked":"yuri:CalmingAura","floor":1.0},{"not_picked":["yuri:Stare","yuri:yuriHeavyStrike"],"picked":"yuri:MagneticKnives","floor":4.0},{"not_picked":["yuri:UntestedCode","yuri:InsanityDefense"],"picked":"yuri:RemoveSafetyChecks","floor":6.0},{"not_picked":["yuri:TPose","yuri:DeepBreathing","yuri:RecklessStrike"],"picked":"SKIP","floor":8.0},{"not_picked":["yuri:AdaptiveAI","yuri:CalmingAura"],"picked":"yuri:DebugCard","floor":10.0},{"not_picked":["yuri:Skip","yuri:Spin"],"picked":"Bomb","floor":14.0},{"not_picked":["yuri:DisableStrike","yuri:MirrorInsanity"],"picked":"yuri:GlitchRemove","floor":16.0},{"not_picked":["yuri:Parry","yuri:ReactiveMadness"],"picked":"yuri:StealPen+1","floor":18.0},{"not_picked":["yuri:GlitchedStrike","yuri:yuriHeavyStrike"],"picked":"yuri:DragonForm","floor":19.0},{"not_picked":["yuri:HeavierStrike","yuri:DejaVu"],"picked":"yuri:NerfBat","floor":20.0},{"not_picked":["yuri:yuriQuickStrike+1","yuri:HeavierStrike+1"],"picked":"yuri:HoldBack","floor":23.0},{"not_picked":["yuri:MPose","yuri:ThrowingKnives","yuri:SelfHarm+1"],"picked":"SKIP","floor":24.0},{"not_picked":["yuri:ThrowingKnives","yuri:TPose","yuri:HeavierStrike"],"picked":"SKIP","floor":27.0},{"not_picked":["yuri:GlitchRemove+1","yuri:Skip+1","yuri:ChibiInvasion"],"picked":"SKIP","floor":29.0},{"not_picked":["yuri:Skip","yuri:WickedSlash+1"],"picked":"yuri:GrowingInsanity+1","floor":35},{"not_picked":["yuri:GlitchedStrike","yuri:HeavierStrike","yuri:Spin"],"picked":"SKIP","floor":38},{"not_picked":["yuri:StealPen","yuri:GlitchRemove+1","yuri:ThrowBook+1"],"picked":"SKIP","floor":39},{"not_picked":["yuri:DebugCard","yuri:MultiDip","yuri:Stalk"],"picked":"SKIP","floor":41},{"not_picked":["yuri:Virus","yuri:yuriQuickStrike+1","yuri:yuriHeavyStrike+1"],"picked":"SKIP","floor":45},{"not_picked":["yuri:RecklessStrike+1","yuri:HeavierStrike","yuri:yuriQuickStrike"],"picked":"SKIP","floor":46},{"not_picked":["yuri:Stare","yuri:BrokenCode+1","yuri:WickedSlash"],"picked":"SKIP","floor":47},{"not_picked":["yuri:Stare","yuri:BrokenCode+1","yuri:WickedSlash"],"picked":"SKIP","floor":47},{"not_picked":["yuri:MPose","yuri:DistillInsanity","yuri:TPose+1"],"picked":"SKIP","floor":54}],"player_experience":1115856,"relics_obtained":[{"floor":6.0,"key":"Lizard Tail"},{"floor":9.0,"key":"TheBible"},{"floor":10.0,"key":"Kunai"},{"floor":14.0,"key":"BookofShadows"},{"floor":23.0,"key":"Ornamental Fan"},{"floor":27.0,"key":"Frozen Egg 2"},{"floor":36,"key":"DemoMod:PinkGuonStone"},{"floor":36,"key":"DemoMod:Metronome"},{"floor":43,"key":"testmod-Acrobat"},{"floor":46,"key":"Bottled Flame"},{"floor":48,"key":"CatCart"},{"floor":54,"key":"HornCleat"}],"event_choices":[{"damage_healed":0.0,"max_hp_gain":5.0,"max_hp_loss":0.0,"gold_gain":0.0,"event_name":"Big Fish","player_choice":"Donut","floor":2.0,"gold_loss":0.0,"damage_taken":0.0},{"damage_healed":0.0,"max_hp_gain":0.0,"max_hp_loss":0.0,"gold_gain":0.0,"event_name":"Scrap Ooze","player_choice":"Success","floor":3.0,"gold_loss":0.0,"damage_taken":3.0,"relics_obtained":["Mummified Hand"]},{"damage_healed":0.0,"max_hp_gain":0.0,"max_hp_loss":0.0,"gold_gain":0.0,"event_name":"Golden Idol","player_choice":"Take Damage","floor":5.0,"gold_loss":0.0,"damage_taken":21.0,"relics_obtained":["Golden Idol"]},{"damage_healed":0.0,"max_hp_gain":0.0,"max_hp_loss":0.0,"gold_gain":0.0,"event_name":"WeMeetAgain","player_choice":"Paid Gold","floor":11.0,"gold_loss":125.0,"damage_taken":0.0,"relics_obtained":["DemoMod:OrangeGuonStone"]},{"damage_healed":0.0,"max_hp_gain":0.0,"max_hp_loss":0.0,"gold_gain":0.0,"event_name":"Forgotten Altar","player_choice":"Gave Idol","floor":22.0,"relics_lost":["Golden Idol"],"gold_loss":0.0,"damage_taken":0.0,"relics_obtained":["Bloody Idol"]},{"damage_healed":0.0,"max_hp_gain":0.0,"max_hp_loss":0.0,"gold_gain":0.0,"event_name":"Cursed Tome","player_choice":"Obtained Book","floor":31.0,"gold_loss":0.0,"damage_taken":16.0},{"damage_healed":0,"gold_gain":0,"player_choice":"Fight","damage_taken":0,"max_hp_gain":0,"max_hp_loss":0,"event_name":"HidenRoomEvent","floor":36,"gold_loss":0},{"damage_healed":0,"gold_gain":0,"player_choice":"Swap Relic","damage_taken":0,"relics_obtained":["testmod-HarvestTotem"],"max_hp_gain":0,"max_hp_loss":0,"event_name":"给自己的盒子","floor":44,"relics_lost":["testmod-HarvestTotem"],"gold_loss":0},{"damage_healed":0,"gold_gain":0,"player_choice":"Fight","damage_taken":0,"max_hp_gain":0,"max_hp_loss":0,"event_name":"OrinTheCat","floor":48,"gold_loss":0}],"is_beta":false,"boss_relics":[{"not_picked":["MagicMushroom","testmod-SaigiyounoYou"],"picked":"testmod-TimeTraveler"},{"not_picked":[]},{"not_picked":["testmod-EnergyCheck","Runic Dome"],"picked":"Astrolabe"},{"not_picked":[]}],"items_purged_floors":[12,17,21,21,37,53],"is_endless":false,"potions_floor_spawned":[1,14,19,20,27,29,41,45,47,48,54],"ascension_level":12}}