{"host":"a4if3i6bxi7381ve","time":1612562251,"event":{"mods":["BaseMod","Better Third Choice","Bossed Relics","Colored Powertips","Minty Spire (QoL Compilation)","Permanent Neow","Rare Cards Sparkle","Relic Stats","Shop Mod","StSLib"],"gold_per_floor":[114,114,114,129,154,184,184,214,239,239,239],"floor_reached":10,"language":"ENG","playtime":364,"items_purged":[],"score":99,"play_id":"0e0279e8-2953-46eb-b99f-f598718faffa","local_time":"20210205225731","daily_mods":["Specialized","ControlledChaos","Elite Swarm"],"is_ascension_mode":false,"campfire_choices":[{"floor":7,"key":"REST"}],"circlet_count":0,"master_deck":["Strike_P","Strike_P","Strike_P","Strike_P","Defend_P","Defend_P","Defend_P","Defend_P","Eruption","Vigilance","FlyingSleeves","FlyingSleeves","FlyingSleeves","FlyingSleeves","Conclude","Consecrate","Devotion","Alpha"],"relics":["PureWater","Frozen Eye","Centennial Puzzle","Art of War","Omamori","Potion Belt"],"acts_visited":["Exordium"],"potions_floor_usage":[10],"damage_taken":[{"damage":1,"enemies":"2 Louse","floor":1,"turns":2},{"damage":19,"enemies":"Small Slimes","floor":4,"turns":3},{"damage":31,"enemies":"3 Sentries","floor":6,"turns":3},{"damage":28,"enemies":"Gremlin Nob","floor":8,"turns":3},{"damage":32,"enemies":"Lagavulin","floor":10,"turns":3}],"seed_played":"-8643747277835071688","potions_obtained":[{"floor":1,"key":"BottledMiracle"},{"floor":6,"key":"ColorlessPotion"}],"is_trial":false,"path_per_floor":["M","?","?","M","T","E","R","E","T","E"],"character_chosen":"WATCHER","items_purchased":[],"campfire_rested":1,"item_purchase_floors":[],"current_hp_per_floor":[71,71,71,52,52,21,42,14,14,0,0],"gold":239,"neow_bonus":"","is_daily":true,"chose_seed":false,"campfire_upgraded":0,"win_rate":0.0,"timestamp":1612562251,"path_taken":["M","?","?","?","?","E","R","E","T","E"],"items_purchased_type":[],"build_version":"2020-12-22","purchased_purges":0,"victory":false,"max_hp_per_floor":[72,72,72,72,72,72,72,72,72,72,72],"relic_stats":{"Centennial Puzzle":[9],"counters":[5,14],"Art of War":[0],"obtain_stats":[{"Potion Belt":9,"Frozen Eye":0,"Centennial Puzzle":5,"Art of War":6,"Omamori":8,"PureWater":0},{"Potion Belt":4,"Frozen Eye":0,"Centennial Puzzle":2,"Art of War":3,"Omamori":4,"PureWater":0},{"Potion Belt":11,"Frozen Eye":0,"Centennial Puzzle":5,"Art of War":8,"Omamori":11,"PureWater":0}]},"card_choices":[{"not_picked":["Sanctity","BowlingBash"],"picked":"Conclude","floor":1},{"not_picked":["CrushJoints","CutThroughFate"],"picked":"Consecrate","floor":4},{"not_picked":["Vault","Scrawl"],"picked":"Devotion","floor":6},{"not_picked":["MasterReality","Scrawl"],"picked":"Alpha","floor":8}],"player_experience":202810,"relics_obtained":[{"floor":5,"key":"Centennial Puzzle"},{"floor":6,"key":"Art of War"},{"floor":8,"key":"Omamori"},{"floor":9,"key":"Potion Belt"}],"event_choices":[{"damage_healed":0,"gold_gain":0,"player_choice":"Ignored","damage_taken":114,"max_hp_gain":0,"max_hp_loss":0,"event_name":"betterThird:BetterSerpent","floor":2,"gold_loss":0},{"cards_removed":["FlyingSleeves"],"damage_healed":0,"gold_gain":0,"player_choice":"Purged","damage_taken":0,"max_hp_gain":0,"max_hp_loss":0,"event_name":"Purifier","floor":3,"gold_loss":0}],"is_beta":false,"boss_relics":[],"items_purged_floors":[],"is_endless":false,"potions_floor_spawned":[1,6],"killed_by":"Lagavulin","ascension_level":0}}