{"host":"rnjhaewkefy4rz3c","time":1612547435,"event":{"mods":["2.2 Compatiblity","AchievementEnabler","BaseMod","Colored Map","Downfall","Minty Spire (QoL Compilation)","Permanent Neow","StSLib"],"gold_per_floor":[99,113,113,113,129,146,170,70,5,24,24,54,54,54,67,162,162,162,179,196,131,144,155,228,228,241,257,357,357,384,334,352,449,449,449,468,418,442,460,360,360,386,386,416,316,316,348,348,362,362,362,362],"floor_reached":50,"language":"ENG","playtime":2420,"items_purged":["bronze:Strike","bronze:Strike","bronze:Strike","bronze:Strike","bronze:Replicate+1"],"score":735,"play_id":"2bcf12f6-a79e-426c-8c42-bf07b0ce9d37","local_time":"20210205135035","is_ascension_mode":true,"campfire_choices":[{"floor":1,"key":"RECALL"},{"data":"bronze:Goto","floor":8,"key":"SMITH"},{"data":"bronze:Iterate","floor":11,"key":"SMITH"},{"floor":13,"key":"REST"},{"data":"bronze:BronzeOrb","floor":18,"key":"SMITH"},{"data":"bronze:Iterate","floor":25,"key":"SMITH"},{"floor":29,"key":"REST"},{"floor":35,"key":"REST"},{"floor":40,"key":"REST"},{"floor":43,"key":"REST"},{"floor":45,"key":"REST"}],"circlet_count":0,"master_deck":["bronze:Defend","bronze:Defend","bronze:Defend","bronze:Defend","bronze:Goto+1","bronze:Iterate+1","bronze:BronzeOrb+1","bronze:Iterate+1","bronze:Refactor","bronze:Iterate+1","bronze:Philosophize+1","bronze:CleanCode","bronze:Flail+1","bronze:Iterate+1","bronze:FineTuning+1"],"relics":["bronze:BronzeCore","Smiling Mask","Blood Vial","downfall:HeartBlessingRed","Toxic Egg 2","Busted Crown","Shuriken","Pantograph","Pen Nib","Fusion Hammer","downfall:HeartBlessingBlue","Bottled Lightning","Art of War","CeramicFish","downfall:HeartBlessingGreen","TungstenRod"],"acts_visited":["Exordium","TheCity","TheBeyond"],"potions_floor_usage":[9,15,19,22,30,32,33,33,36,42,42,42,46,50,50,50],"damage_taken":[{"damage":7,"enemies":"Jaw Worm","floor":2,"turns":3},{"damage":6,"enemies":"Small Slimes","floor":5,"turns":2},{"damage":0,"enemies":"Cultist","floor":6,"turns":4},{"damage":0,"enemies":"downfall:FleeingMerchant","floor":9,"turns":4},{"damage":0,"enemies":"3 Louse","floor":10,"turns":2},{"damage":16,"enemies":"Gremlin Nob","floor":12,"turns":3},{"damage":6,"enemies":"Lots of Slimes","floor":15,"turns":3},{"damage":34,"enemies":"DF_ARCHETYPE_STREAMLINE","floor":16,"turns":5},{"damage":6,"enemies":"Spheric Guardian","floor":19,"turns":3},{"damage":0,"enemies":"Chosen","floor":20,"turns":3},{"damage":0,"enemies":"downfall:FleeingMerchant","floor":21,"turns":4},{"damage":12,"enemies":"3 Cultists","floor":22,"turns":4},{"damage":20,"enemies":"downfall:FleeingMerchant","floor":23,"turns":4},{"damage":0,"enemies":"Snecko","floor":26,"turns":2},{"damage":0,"enemies":"Shelled Parasite and Fungi","floor":27,"turns":2},{"damage":0,"enemies":"Gremlin Leader","floor":30,"turns":2},{"damage":0,"enemies":"Chosen and Byrds","floor":32,"turns":3},{"damage":32,"enemies":"SI_MIRROR_ARCHETYPE","floor":33,"turns":4},{"damage":13,"enemies":"3 Darklings","floor":36,"turns":3},{"damage":0,"enemies":"Orb Walker","floor":39,"turns":1},{"damage":31,"enemies":"Reptomancer","floor":42,"turns":3},{"damage":1,"enemies":"Nemesis","floor":44,"turns":3},{"damage":0,"enemies":"4 Shapes","floor":46,"turns":3},{"damage":0,"enemies":"Reptomancer","floor":47,"turns":3},{"damage":57,"enemies":"Transient","floor":49,"turns":5},{"damage":88,"enemies":"IC_BLOCK_ARCHETYPE","floor":50,"turns":4}],"seed_played":"-8159318133571684118","potions_obtained":[{"floor":5,"key":"Block Potion"},{"floor":6,"key":"PowerPotion"},{"floor":12,"key":"Fruit Juice"},{"floor":15,"key":"PowerPotion"},{"floor":16,"key":"EntropicBrew"},{"floor":20,"key":"LiquidMemories"},{"floor":26,"key":"SkillPotion"},{"floor":27,"key":"LiquidMemories"},{"floor":30,"key":"BlessingOfTheForge"},{"floor":33,"key":"EntropicBrew"},{"floor":36,"key":"EssenceOfSteel"},{"floor":44,"key":"Ancient Potion"},{"floor":47,"key":"LiquidBronze"}],"is_trial":false,"path_per_floor":["R","M","?","?","M","M","T","R","$","M","R","E","R","?","M","B",null,"R","M","M","$","M","$","T","R","M","M","?","R","E","$","M","B",null,"R","M","$","?","M","R","T","E","R","E","R","M","E","?","M","B"],"character_chosen":"THE_AUTOMATON","items_purchased":["Shuriken","bronze:FineTuning+1"],"campfire_rested":6,"item_purchase_floors":[23,23],"current_hp_per_floor":[70,63,45,45,39,39,39,39,41,43,43,29,50,50,51,19,75,75,69,71,73,63,45,45,45,47,49,49,71,73,73,75,43,75,75,62,62,62,64,85,85,54,79,80,85,85,85,85,28,0,0,0],"gold":362,"neow_bonus":"THREE_CARDS","is_daily":false,"chose_seed":false,"campfire_upgraded":4,"win_rate":0.0,"timestamp":1612547435,"path_taken":["R","M","?","?","M","M","T","R","$","?","R","E","R","?","M","BOSS","R","M","M","$","?","$","T","R","M","M","?","R","E","?","M","BOSS","R","M","$","?","M","R","T","E","R","E","R","M","E","?","M","BOSS"],"items_purchased_type":["Relic","Card"],"build_version":"2020-12-22","purchased_purges":5,"victory":false,"max_hp_per_floor":[70,70,70,70,70,70,70,70,70,70,70,70,70,70,75,75,75,75,75,75,75,75,75,75,75,75,75,75,75,75,75,75,75,75,75,75,75,75,75,85,85,85,85,85,85,85,85,85,85,85,85,85],"card_choices":[{"not_picked":["bronze:OilSpill","bronze:InfiniteBeams"],"picked":"bronze:Iterate","floor":0},{"not_picked":["bronze:FineTuning","bronze:Separator"],"picked":"bronze:BronzeOrb","floor":2},{"not_picked":["bronze:InfiniteBeams","bronze:Shield"],"picked":"bronze:Refactor","floor":5},{"not_picked":["bronze:BitShift","bronze:Fortify","bronze:Constructor"],"picked":"SKIP","floor":6},{"not_picked":["bronze:RecursiveStrike","bronze:DarkDash"],"picked":"bronze:Iterate","floor":9},{"not_picked":["bronze:Deprecate","bronze:OilSpill","bronze:Invalidate"],"picked":"SKIP","floor":10},{"not_picked":["bronze:Repair+1","bronze:CutThrough"],"picked":"bronze:Philosophize+1","floor":12},{"not_picked":["bronze:Deprecate+1","bronze:ForLoop+1","bronze:InfiniteBeams"],"picked":"SKIP","floor":15},{"not_picked":["bronze:Break","bronze:InfiniteLoop"],"picked":"bronze:CleanCode","floor":16},{"not_picked":[],"picked":"bronze:Flail+1","floor":19},{"not_picked":["bronze:Frontload+1"],"picked":"SKIP","floor":20},{"not_picked":["bronze:GetLatest+1"],"picked":"SKIP","floor":21},{"not_picked":["bronze:WhirlingStrike"],"picked":"SKIP","floor":22},{"not_picked":[],"picked":"bronze:Iterate","floor":23},{"not_picked":["bronze:Shell+1"],"picked":"SKIP","floor":26},{"not_picked":["bronze:Separator+1"],"picked":"SKIP","floor":27},{"not_picked":["bronze:Overload+1"],"picked":"SKIP","floor":30},{"not_picked":["bronze:BronzeArmor+1"],"picked":"SKIP","floor":32},{"not_picked":["bronze:DelayedGuard+1"],"picked":"SKIP","floor":36},{"not_picked":["bronze:Constructor+1"],"picked":"SKIP","floor":39},{"not_picked":["bronze:CutThrough+1"],"picked":"SKIP","floor":42},{"not_picked":["bronze:Optimize+1"],"picked":"SKIP","floor":44},{"not_picked":["bronze:NullPointer"],"picked":"SKIP","floor":47},{"not_picked":["bronze:WhirlingStrike+1"],"picked":"SKIP","floor":49}],"player_experience":719246,"relics_obtained":[{"floor":7,"key":"Blood Vial"},{"floor":12,"key":"Toxic Egg 2"},{"floor":24,"key":"Pantograph"},{"floor":30,"key":"Pen Nib"},{"floor":41,"key":"Bottled Lightning"},{"floor":42,"key":"Art of War"},{"floor":44,"key":"CeramicFish"},{"floor":47,"key":"TungstenRod"}],"event_choices":[{"damage_healed":0,"gold_gain":0,"player_choice":"Success","damage_taken":18,"relics_obtained":["Smiling Mask"],"max_hp_gain":0,"max_hp_loss":0,"event_name":"Scrap Ooze","floor":3,"gold_loss":0}],"is_beta":false,"boss_relics":[{"not_picked":["Snecko Eye","Coffee Dripper"],"picked":"Busted Crown"},{"not_picked":["bronze:MakeshiftBattery","Black Star"],"picked":"Fusion Hammer"}],"items_purged_floors":[9,21,23,31,37],"is_endless":false,"potions_floor_spawned":[5,6,12,15,16,20,26,27,30,33,36,44,47],"killed_by":"IC_BLOCK_ARCHETYPE","ascension_level":2}}