{"host":"p9vmbvw2hh2n16dn","time":1612522288,"event":{"mods":["AchievementEnabler","BaseMod","Block Reminder","Minty Spire (QoL Compilation)","Relic Stats","SuperFastMode"],"gold_per_floor":[113,113,127,148,167,167,200,200,200,215,215,215,215,254,254,254,254],"floor_reached":16,"language":"ENG","playtime":550,"items_purged":[],"score":160,"play_id":"a14fcfa8-0978-4cc5-b0bf-2a282c295d02","local_time":"20210205115128","is_ascension_mode":true,"campfire_choices":[{"data":"Zap","floor":6.0,"key":"SMITH"},{"floor":8.0,"key":"REST"},{"floor":12.0,"key":"REST"},{"data":"Dualcast","floor":15.0,"key":"SMITH"}],"circlet_count":0,"master_deck":["Strike_B","Strike_B","Strike_B+1","Defend_B","Defend_B","Defend_B","Defend_B","Zap+1","Dualcast+1","Steam","Beam Cell+1","Gash","Sweeping Beam"],"relics":["Runic Pyramid","Golden Idol","Art of War","Omamori","Cables"],"acts_visited":["Exordium"],"potions_floor_usage":[],"damage_taken":[{"damage":4.0,"enemies":"Small Slimes","floor":1.0,"turns":3.0},{"damage":0.0,"enemies":"2 Louse","floor":3.0,"turns":4.0},{"damage":8.0,"enemies":"Jaw Worm","floor":4.0,"turns":3.0},{"damage":23.0,"enemies":"Exordium Thugs","floor":5.0,"turns":6.0},{"damage":25.0,"enemies":"Gremlin Nob","floor":7.0,"turns":4.0},{"damage":3.0,"enemies":"Blue Slaver","floor":10.0,"turns":4.0},{"damage":9.0,"enemies":"Lagavulin","floor":14.0,"turns":4.0},{"damage":17,"enemies":"Slime Boss","floor":16,"turns":3}],"seed_played":"-3813589965694487644","potions_obtained":[{"floor":3.0,"key":"Energy Potion"},{"floor":5.0,"key":"SkillPotion"},{"floor":7.0,"key":"SneckoOil"},{"floor":10.0,"key":"FearPotion"}],"is_trial":false,"path_per_floor":["M","?","M","M","M","R","E","R","T","M","?","R","?","E","R","B"],"character_chosen":"DEFECT","items_purchased":[],"campfire_rested":2,"item_purchase_floors":[],"current_hp_per_floor":[64,64,64,56,33,33,8,28,28,25,11,31,24,15,15,0,0],"gold":254,"neow_bonus":"BOSS_RELIC","is_daily":false,"chose_seed":false,"campfire_upgraded":2,"win_rate":0.0,"timestamp":1612522288,"path_taken":["M","?","M","M","M","R","E","R","T","M","?","R","?","E","R","BOSS"],"items_purchased_type":[],"build_version":"2020-12-22","purchased_purges":0,"victory":false,"max_hp_per_floor":[75,69,69,69,69,69,69,69,69,69,69,69,69,69,69,69,69],"relic_stats":{"counters":[8,31],"Golden Idol":29,"Art of War":[1],"obtain_stats":[{"Golden Idol":2,"Art of War":7,"Omamori":9,"Cracked Core":0,"Runic Pyramid":0,"Cables":14},{"Golden Idol":1,"Art of War":5,"Omamori":5,"Cracked Core":0,"Runic Pyramid":0,"Cables":7},{"Golden Idol":3,"Art of War":20,"Omamori":20,"Cracked Core":0,"Runic Pyramid":0,"Cables":28}],"Cables":[0,0,0,0,0]},"card_choices":[{"not_picked":["Ball Lightning","Coolheaded"],"picked":"Steam","floor":1.0},{"not_picked":["Redo","Recycle","Loop"],"picked":"SKIP","floor":3.0},{"not_picked":["Rip and Tear","Steam","Recycle"],"picked":"SKIP","floor":4.0},{"not_picked":["Skim","Cold Snap"],"picked":"Beam Cell","floor":5.0},{"not_picked":["Heatsinks","Conserve Battery","Coolheaded"],"picked":"SKIP","floor":7.0},{"not_picked":["Rip and Tear","Coolheaded"],"picked":"Gash","floor":10.0},{"not_picked":["Ball Lightning","Hyperbeam"],"picked":"Sweeping Beam","floor":14.0}],"player_experience":305737,"relics_obtained":[{"floor":7.0,"key":"Art of War"},{"floor":9.0,"key":"Omamori"},{"floor":14.0,"key":"Cables"}],"event_choices":[{"damage_healed":0.0,"max_hp_gain":0.0,"max_hp_loss":6.0,"gold_gain":0.0,"event_name":"Golden Idol","player_choice":"Lose Max HP","floor":2.0,"gold_loss":0.0,"damage_taken":0.0,"relics_obtained":["Golden Idol"]},{"damage_healed":0.0,"max_hp_gain":0.0,"max_hp_loss":0.0,"gold_gain":0.0,"event_name":"Shining Light","player_choice":"Entered Light","floor":11.0,"gold_loss":0.0,"damage_taken":14.0,"cards_upgraded":["Beam Cell","Strike_B"]},{"cards_removed":["Strike_B"],"damage_healed":0.0,"max_hp_gain":0.0,"max_hp_loss":0.0,"gold_gain":0.0,"event_name":"Golden Wing","player_choice":"Card Removal","floor":13.0,"gold_loss":0.0,"damage_taken":7.0}],"is_beta":false,"boss_relics":[],"items_purged_floors":[],"is_endless":false,"potions_floor_spawned":[3,5,7,10],"killed_by":"Slime Boss","ascension_level":9}}