{"host":"zlolxa879v8f5dwy","time":1612518536,"event":{"mods":["AchievementEnabler","BaseMod","Downfall","Friendly Minions","Hermit","Hubris","Jorbs\u0027s Wanderer Trilogy","Kiyohime????","Koishi","Marisa????????","Minty Spire (QoL Compilation)","Remilia??????","StSLib","The Animator","The Cursed","The Disciple","The Hierophant","The Servant 0.9.4"],"gold_per_floor":[99,99,99,110,110,127,127,27,44,44,74,8,38,23,40,144,144,44,61,74,74,71,113,176,201,113,125,150,172,184,207,239,349,361,373,385,413,440,470,482,494,506,529,541,128,128,161,175,185,185,185,185,185,185],"floor_reached":52,"language":"ENG","playtime":5064,"items_purged":["Doubt"],"score":764,"play_id":"29f6d4df-0ba7-46fd-9272-a9c7b423aa46","local_time":"20210205104856","is_ascension_mode":false,"campfire_choices":[{"floor":1.0,"key":"RECALL"},{"floor":8.0,"key":"REST"},{"data":"Guardian:TwinSlam","floor":10.0,"key":"SMITH"},{"data":"Guardian:HyperBeam_Guardian","floor":18.0,"key":"SMITH"},{"floor":26.0,"key":"REST"},{"floor":30,"key":"REST"},{"data":"Guardian:ConstructionForm","floor":35,"key":"SMITH"},{"floor":40,"key":"REST"},{"floor":42,"key":"REST"},{"data":"hubris:DuctTapeCard","floor":46,"key":"SMITH"}],"circlet_count":0,"master_deck":["Guardian:PiercingHide+1","Guardian:Strike_Guardian","Guardian:Strike_Guardian","Guardian:Strike_Guardian","Guardian:Strike_Guardian","Guardian:Defend_Guardian","Guardian:Defend_Guardian","Guardian:Defend_Guardian","Guardian:Defend_Guardian","Guardian:CurlUp","Guardian:TwinSlam+1","Guardian:FloatingOrbs","Guardian:PiercingHide+1","Guardian:CrystalBeam","Guardian:StasisStrike","Guardian:Incinerate","Guardian:RollAttack","Guardian:EvasiveProtocol","Guardian:WalkerClaw","Writhe","Guardian:DecasProtection","Guardian:ShieldSpikes","Wrath_TH","EndlessPower","Guardian:TimeBomb","Guardian:PolyBeam","Guardian:ConstructionForm+1","Guardian:ShieldCharger","Guardian:VentSteam+1","Guardian:MultiBeam","Injury","hubris:DuctTapeCard+2","Guardian:DecasProtection+1","Guardian:BodySlam","expansioncontent:StudyTheSpire","expansioncontent:StudyTheSpire","Guardian:ArmoredProtocol","Guardian:PrimingBeam+1","Guardian:Gem_Green","Guardian:Gem_Blue"],"relics":["Guardian:ModeShifter","hubris:Towel","Guardian:PickAxe","downfall:HeartBlessingRed","Oddly Smooth Stone","Matryoshka","Sozu","downfall:HeartBlessingBlue","MawBank","Anchor","hubris:Metronome","hubris:SlimyHat","downfall:HeartBlessingGreen","Cursed Key","Bag of Preparation","hubris:DuctTape","hubris:PeanutButter","DollysMirror","Nunchaku","hubris:ToyBattleship","Pen Nib"],"acts_visited":["Exordium","TheCity","TheBeyond","TheEnding"],"potions_floor_usage":[],"damage_taken":[{"damage":22.0,"enemies":"DF_ARCHETYPE_STREAMLINE","floor":3.0,"turns":10.0},{"damage":0.0,"enemies":"Small Slimes","floor":4.0,"turns":4.0},{"damage":5.0,"enemies":"2 Louse","floor":6.0,"turns":4.0},{"damage":0.0,"enemies":"Cultist","floor":9.0,"turns":3.0},{"damage":12.0,"enemies":"3 Sentries","floor":11.0,"turns":6.0},{"damage":0.0,"enemies":"downfall:FleeingMerchant","floor":12.0,"turns":4.0},{"damage":4.0,"enemies":"Gremlin Nob","floor":13.0,"turns":3.0},{"damage":3.0,"enemies":"downfall:FleeingMerchant","floor":14.0,"turns":4.0},{"damage":0.0,"enemies":"Blue Slaver","floor":15.0,"turns":3.0},{"damage":9.0,"enemies":"SI_SHIV_ARCHETYPE","floor":16.0,"turns":9.0},{"damage":2.0,"enemies":"Shell Parasite","floor":19.0,"turns":4.0},{"damage":0.0,"enemies":"Chosen","floor":20.0,"turns":3.0},{"damage":0.0,"enemies":"downfall:FleeingMerchant","floor":22.0,"turns":4.0},{"damage":21.0,"enemies":"Slavers","floor":23.0,"turns":5.0},{"damage":2.0,"enemies":"Centurion and Healer","floor":25.0,"turns":4.0},{"damage":20.0,"enemies":"Snecko","floor":28.0,"turns":4.0},{"damage":12,"enemies":"Shelled Parasite and Fungi","floor":29,"turns":4},{"damage":5,"enemies":"3 Cultists","floor":31,"turns":5},{"damage":0,"enemies":"Snake Plant","floor":32,"turns":3},{"damage":49,"enemies":"WA_ARCHETYPE_CALM","floor":33,"turns":7},{"damage":5,"enemies":"Orb Walker","floor":37,"turns":2},{"damage":37,"enemies":"3 Shapes","floor":38,"turns":2},{"damage":8,"enemies":"Writhing Mass","floor":39,"turns":6},{"damage":0,"enemies":"3 Darklings","floor":43,"turns":3},{"damage":18,"enemies":"downfall:FleeingMerchant","floor":45,"turns":4},{"damage":0,"enemies":"Giant Head","floor":47,"turns":7},{"damage":0,"enemies":"Maw","floor":48,"turns":5},{"damage":0,"enemies":"Sphere and 2 Shapes","floor":49,"turns":3},{"damage":57,"enemies":"IC_BLOCK_ARCHETYPE","floor":50,"turns":9},{"damage":122,"enemies":"downfall:CharBossMerchant","floor":52,"turns":9}],"seed_played":"9041913767146767316","potions_obtained":[{"floor":6.0,"key":"LiquidMemories"},{"floor":9.0,"key":"Swift Potion"},{"floor":11.0,"key":"champ:CounterPotion"},{"floor":15.0,"key":"LiquidBronze"}],"is_trial":false,"path_per_floor":["R","?","?","M","?","M","T","R","M","R","E","$","E","$","M","B",null,"R","M","M","?","$","E","T","M","R","?","M","M","R","M","M","B",null,"R","?","M","M","M","R","T","R","M","T","$","R","E","M","M","B",null,"E"],"character_chosen":"GUARDIAN","items_purchased":["Guardian:Incinerate","expansioncontent:StudyTheSpire","DollysMirror","Guardian:ArmoredProtocol","Nunchaku","hubris:ToyBattleship"],"campfire_rested":5,"item_purchase_floors":[12,45,45,45,45,45],"current_hp_per_floor":[80,80,58,58,58,53,53,77,77,77,65,65,61,58,58,49,80,90,88,88,88,88,67,67,65,90,90,70,58,85,80,80,31,90,90,90,85,48,40,67,67,90,90,90,72,72,72,72,72,15,90,0,0,0],"gold":185,"neow_bonus":"UPGRADE_CARD","is_daily":false,"chose_seed":false,"campfire_upgraded":4,"win_rate":0.0,"timestamp":1612518536,"path_taken":["R","?","?","M","?","?","T","R","M","R","E","$","E","$","M","BOSS","R","M","M","?","$","E","T","M","R","?","M","M","R","M","M","BOSS","R","?","M","M","?","R","T","R","M","?","$","R","E","M","M","BOSS","E"],"items_purchased_type":["Card","Card","Relic","Card","Relic","Relic"],"build_version":"2020-12-22","purchased_purges":1,"victory":false,"max_hp_per_floor":[80,80,80,80,80,80,80,80,80,80,80,80,80,80,80,80,80,90,90,90,90,90,90,90,90,90,90,90,90,90,90,90,90,90,90,90,90,90,90,90,90,90,90,90,90,90,90,90,90,90,90,90,90,90],"card_choices":[{"not_picked":["Guardian:RefractedBeam","Guardian:Gem_Cyan"],"picked":"Guardian:FloatingOrbs","floor":4.0},{"not_picked":["Guardian:Recover","Guardian:VentSteam"],"picked":"Guardian:CrystalBeam","floor":6.0},{"not_picked":["Guardian:ChargeCore","Guardian:VentSteam"],"picked":"Guardian:ExploitGems","floor":9.0},{"not_picked":["Guardian:ArmoredProtocol","Guardian:Repulse"],"picked":"Guardian:StasisStrike","floor":11.0},{"not_picked":["Guardian:Preprogram","Guardian:Recover"],"picked":"Guardian:Gem_Fragmented","floor":12.0},{"not_picked":["Guardian:ChargeCore","Guardian:Gem_Cyan"],"picked":"Guardian:RollAttack","floor":13.0},{"not_picked":["Guardian:Incinerate","Guardian:Recover"],"picked":"Guardian:Gem_Synthetic","floor":14.0},{"not_picked":["Guardian:PiercingHide","Guardian:RollAttack"],"picked":"Guardian:EvasiveProtocol","floor":15.0},{"not_picked":["Guardian:StasisField","Guardian:RevengeProtocol"],"picked":"Guardian:HyperBeam_Guardian","floor":16.0},{"not_picked":["Guardian:Suspension","Guardian:Repulse"],"picked":"Guardian:WalkerClaw","floor":19.0},{"not_picked":["Guardian:RollAttack+1","Guardian:TimeCapacitor"],"picked":"Guardian:Gem_Purple","floor":20.0},{"not_picked":["Guardian:ShieldCharger","Guardian:TemporalStrike","Guardian:Reroute"],"picked":"SKIP","floor":22.0},{"not_picked":["Guardian:Harden+1","Guardian:Gem_Blue"],"picked":"Guardian:DecasProtection","floor":23.0},{"not_picked":["Guardian:Harden","Guardian:Gem_Yellow"],"picked":"Guardian:ShieldSpikes","floor":25.0},{"not_picked":["Guardian:ShieldCharger","Guardian:ExploitGems"],"picked":"Guardian:Gem_Cyan","floor":28},{"not_picked":["Guardian:Preprogram","Guardian:FloatingOrbs"],"picked":"Guardian:TimeBomb","floor":29},{"not_picked":["Guardian:EvasiveProtocol","Guardian:Planning"],"picked":"Guardian:Gem_Lightblue","floor":31},{"not_picked":["Guardian:Gem_Lightblue","Guardian:Recover"],"picked":"Guardian:PolyBeam","floor":32},{"not_picked":["Guardian:TimeSifter","Guardian:StasisStrike"],"picked":"Guardian:ConstructionForm","floor":33},{"not_picked":["Guardian:CrystalBeam","Guardian:Gem_Red"],"picked":"Guardian:ShieldCharger","floor":37},{"not_picked":["Guardian:ChargeCore","Guardian:Gem_Red"],"picked":"Guardian:VentSteam+1","floor":38},{"not_picked":["Guardian:PrimingBeam","Guardian:Gem_Purple"],"picked":"Guardian:MultiBeam","floor":39},{"not_picked":["Guardian:PrimingBeam","Guardian:Repulse"],"picked":"Guardian:DecasProtection+1","floor":43},{"not_picked":["Guardian:DecasProtection","Guardian:PiercingHide"],"picked":"Guardian:BodySlam","floor":45},{"not_picked":["Guardian:Recover","Guardian:Planning"],"picked":"Guardian:PrimingBeam+1","floor":47},{"not_picked":["Guardian:Incinerate","Guardian:Suspension+1"],"picked":"Guardian:Gem_Green","floor":48},{"not_picked":["Guardian:RefractedBeam","Guardian:CrystalBeam"],"picked":"Guardian:Gem_Blue","floor":49}],"player_experience":165206,"relics_obtained":[{"floor":11.0,"key":"Oddly Smooth Stone"},{"floor":13.0,"key":"Matryoshka"},{"floor":23.0,"key":"Anchor"},{"floor":24.0,"key":"hubris:Metronome"},{"floor":24.0,"key":"hubris:SlimyHat"},{"floor":41,"key":"Bag of Preparation"},{"floor":41,"key":"hubris:DuctTape"},{"floor":44,"key":"hubris:PeanutButter"},{"floor":47,"key":"Pen Nib"}],"event_choices":[],"is_beta":false,"boss_relics":[{"not_picked":["Guardian:StasisSlotReductionRelic","Philosopher\u0027s Stone"],"picked":"Sozu"},{"not_picked":["Snecko Eye","Velvet Choker"],"picked":"Cursed Key"}],"items_purged_floors":[45],"is_endless":false,"potions_floor_spawned":[3,6,9,11,15,23,28,31,32,37,39,43,47,48],"killed_by":"downfall:CharBossMerchant","ascension_level":0}}