{"host":"5yoj846f700ld8qy","time":1612546886,"event":{"mods":["AchievementEnabler","BaseMod","Better Altar","Better Match","Better Note","Better Sensory Stone","Better Skull","Better Third Choice","Colored Map","Colored Powertips","Minty Spire (QoL Compilation)","StSLib","UnlockEverythingMod"],"gold_per_floor":[117,127,139,149,167,167,17,17,17,17,29,29,29,48,48,124,124,142,142,121,133,33,33,33,33,33],"floor_reached":25,"language":"ENG","playtime":616,"items_purged":["Strike_B","Strike_B"],"score":390,"play_id":"320a96c7-1822-4945-811a-bb15d106af89","local_time":"20210205194126","is_ascension_mode":true,"campfire_choices":[{"data":"Zap","floor":6,"key":"SMITH"},{"data":"Dualcast","floor":8,"key":"SMITH"},{"data":"Thunder Strike","floor":10,"key":"SMITH"},{"data":"Self Repair","floor":12,"key":"SMITH"},{"data":"Streamline","floor":15,"key":"SMITH"},{"data":"Ghostly","floor":23,"key":"SMITH"}],"circlet_count":0,"master_deck":["AscendersBane","Strike_B","Strike_B","Defend_B","Defend_B","Defend_B","Defend_B","Zap+1","Dualcast+1","Ball Lightning","Glacier","Streamline+1","Self Repair+1","Thunder Strike+1","Blizzard","Static Discharge+1","Amplify","Ghostly+1","Ghostly","Ghostly","Cold Snap"],"relics":["Cracked Core","NeowsBlessing","Frozen Egg 2","Coffee Dripper"],"acts_visited":["Exordium","TheCity"],"potions_floor_usage":[5,16,20],"damage_taken":[{"damage":0,"enemies":"Cultist","floor":1,"turns":1},{"damage":0,"enemies":"Jaw Worm","floor":2,"turns":1},{"damage":0,"enemies":"Small Slimes","floor":3,"turns":1},{"damage":6,"enemies":"Blue Slaver","floor":4,"turns":4},{"damage":25,"enemies":"Exordium Thugs","floor":5,"turns":6},{"damage":4,"enemies":"3 Louse","floor":11,"turns":4},{"damage":9,"enemies":"Blue Slaver","floor":14,"turns":3},{"damage":54,"enemies":"Hexaghost","floor":16,"turns":9},{"damage":4,"enemies":"3 Byrds","floor":18,"turns":1},{"damage":0,"enemies":"2 Thieves","floor":20,"turns":4},{"damage":13,"enemies":"Snake Plant","floor":21,"turns":4},{"damage":23,"enemies":"Gremlin Leader","floor":25,"turns":5}],"seed_played":"-3476538948094831451","potions_obtained":[{"floor":4,"key":"Explosive Potion"},{"floor":5,"key":"EssenceOfSteel"},{"floor":20,"key":"Fruit Juice"}],"is_trial":false,"path_per_floor":["M","M","M","M","M","R","$","R","T","R","M","R","?","M","R","B",null,"M","?","M","M","$","R","$","E"],"character_chosen":"DEFECT","items_purchased":["Blizzard"],"campfire_rested":0,"item_purchase_floors":[7],"current_hp_per_floor":[64,64,64,58,40,40,40,40,40,40,43,43,66,67,67,23,59,55,35,40,37,37,37,37,14,14],"gold":33,"neow_bonus":"THREE_ENEMY_KILL","is_daily":false,"chose_seed":false,"campfire_upgraded":6,"win_rate":0.0,"timestamp":1612546886,"path_taken":["M","M","M","?","M","R","$","R","T","R","M","R","?","M","R","BOSS","M","?","M","M","$","R","$","E"],"items_purchased_type":["Card"],"build_version":"2020-12-22","purchased_purges":2,"victory":false,"max_hp_per_floor":[71,71,71,71,71,71,71,71,71,71,71,71,71,71,71,71,71,71,35,40,40,40,40,40,40,40],"card_choices":[{"not_picked":["Beam Cell","Turbo"],"picked":"Ball Lightning","floor":1},{"not_picked":["Chaos","Barrage"],"picked":"Glacier","floor":2},{"not_picked":["Stack","Gash"],"picked":"Streamline","floor":3},{"not_picked":["Steam","Hologram"],"picked":"Self Repair","floor":4},{"not_picked":["Compile Driver","Go for the Eyes"],"picked":"Thunder Strike","floor":5},{"not_picked":["Leap","Compile Driver"],"picked":"Static Discharge+1","floor":11},{"not_picked":["Force Field","Rebound","Compile Driver"],"picked":"SKIP","floor":14},{"not_picked":["Fission","All For One"],"picked":"Amplify","floor":16},{"not_picked":["Glacier","Beam Cell","Barrage"],"picked":"SKIP","floor":18},{"not_picked":["Barrage","Beam Cell"],"picked":"Cold Snap","floor":20},{"not_picked":["Heatsinks+1","Barrage","Sweeping Beam"],"picked":"SKIP","floor":21}],"player_experience":435369,"relics_obtained":[{"floor":9,"key":"Frozen Egg 2"}],"event_choices":[{"damage_healed":23,"gold_gain":0,"player_choice":"Banana","damage_taken":0,"max_hp_gain":0,"max_hp_loss":0,"event_name":"Big Fish","floor":13,"gold_loss":0},{"damage_healed":0,"gold_gain":0,"player_choice":"Became a Ghost","damage_taken":0,"max_hp_gain":0,"max_hp_loss":36,"event_name":"Ghosts","floor":19,"gold_loss":0,"cards_obtained":["Ghostly","Ghostly","Ghostly"]}],"is_beta":false,"boss_relics":[{"not_picked":["Busted Crown","Inserter"],"picked":"Coffee Dripper"}],"items_purged_floors":[7,22],"is_endless":false,"potions_floor_spawned":[4,5,20],"killed_by":"Gremlin Leader","ascension_level":20}}