{"host":"w6ebodudjlk2jwu4","time":1612536139,"event":{"mods":["Act Like it!","Bard","BaseMod","Beaked The Cultist","Colored Map","Glutton Mod","Hermit","Highlight Path","Infinite Spire","Jorbs\u0027s Wanderer Trilogy","Koishi","Mad Scientist","Marisa????????","Minty Spire (QoL Compilation)","Relic Stats","Replay The Spire","Robot Space Explorer","StSLib","The Administrix","The Blue Laboratory","The Bug Knight","The Construct","The Cursed","The Marked","The Mystic","The Servant 0.9.4","The Witch","Wandering Minibosses"],"gold_per_floor":[16,34,34,109,123,123,156,166,166,197,211,211,235,205,205,309,309,249,268,18,35,45,72,72,88,139,158,158,193,206,224,224,319,319,337,353,353,353],"floor_reached":37,"language":"ENG","playtime":4111,"items_purged":["Strike_B"],"score":623,"play_id":"49138072-e497-4dbe-bc04-82208bb8dc67","local_time":"20210205064219","is_ascension_mode":true,"campfire_choices":[{"data":"Zap","floor":6,"key":"SMITH"},{"data":"Genetic Algorithm","floor":12,"key":"SMITH"},{"data":"Glacier","floor":15,"key":"SMITH"},{"floor":24,"key":"REST"},{"floor":32,"key":"REST"}],"circlet_count":0,"master_deck":["Strike_B","Strike_B","Strike_B","Defend_B","Defend_B","Defend_B","Defend_B","Zap+1","Dualcast","Conserve Battery","Coolheaded","Conserve Battery","White Noise","Glacier+1","Self Repair","Genetic Algorithm+1","Barrage","Reboot","Steam+1","Gash","Mayhem","Aggregate+1","Defragment","Loop","Go for the Eyes","ReplaySolidLightProjector","Buffer","Doom and Gloom+1","Amplify","Stack+1","Turbo"],"relics":["Cracked Core","Pocketwatch","Gremlin Horn","Replay:Ringing Soul","Juzu Bracelet","ReplayTheSpireMod:Lightbulb","SlaversCollar","Potion Belt","Replay:Wax Seal","Bag of Marbles","Art of War","Coffee Dripper"],"acts_visited":["Exordium","TheCity","TheBeyond"],"potions_floor_usage":[7,10,23,25,29],"damage_taken":[{"damage":7,"enemies":"Jaw Worm","floor":1,"turns":3},{"damage":0,"enemies":"Cultist","floor":2,"turns":3},{"damage":7,"enemies":"Small Slimes","floor":5,"turns":3},{"damage":10,"enemies":"Gremlin Nob","floor":7,"turns":3},{"damage":2,"enemies":"Red Slaver","floor":8,"turns":4},{"damage":4,"enemies":"Lagavulin","floor":10,"turns":9},{"damage":5,"enemies":"Large Slime","floor":11,"turns":7},{"damage":1,"enemies":"Looter","floor":14,"turns":4},{"damage":0,"enemies":"The Guardian","floor":16,"turns":16},{"damage":15,"enemies":"2 Thieves","floor":18,"turns":4},{"damage":29,"enemies":"3 Byrds","floor":19,"turns":8},{"damage":20,"enemies":"Shelled Parasite and Fungi","floor":21,"turns":9},{"damage":17,"enemies":"Snake Plant","floor":22,"turns":7},{"damage":0,"enemies":"HollowMod:Nosk","floor":23,"turns":10},{"damage":0,"enemies":"Snecko","floor":25,"turns":6},{"damage":19,"enemies":"Sentry and Sphere","floor":27,"turns":8},{"damage":93,"enemies":"Slavers","floor":29,"turns":10},{"damage":25,"enemies":"Cultist and Chosen","floor":30,"turns":8},{"damage":0,"enemies":"Snecko","floor":31,"turns":8},{"damage":26,"enemies":"Collector","floor":33,"turns":16},{"damage":0,"enemies":"Orb Walker","floor":35,"turns":5},{"damage":64,"enemies":"3 Darklings","floor":36,"turns":10},{"damage":99,"enemies":"infinitespire:Three Voidlings","floor":37,"turns":7}],"seed_played":"5980408984027991179","potions_obtained":[{"floor":1,"key":"blueLaboratory:TeslaPotion"},{"floor":8,"key":"Adrenaline Potion"},{"floor":10,"key":"Strength Potion"},{"floor":21,"key":"blueLaboratory:BottledHope"},{"floor":22,"key":"blueLaboratory:CorrosionFlask"},{"floor":23,"key":"LiquidBronze"},{"floor":25,"key":"blueLaboratory:BottleOfRum"},{"floor":33,"key":"blueLaboratory:CorrosionFlask"},{"floor":35,"key":"GamblersBrew"}],"is_trial":false,"path_per_floor":["M","M","?","?","M","R","E","M","T","E","M","R","T","M","R","B",null,"M","M","$","M","M","E","R","M","T","M","?","E","M","M","R","B",null,"M","M","?"],"character_chosen":"DEFECT","items_purchased":["Mayhem"],"campfire_rested":2,"item_purchase_floors":[20],"current_hp_per_floor":[82,82,70,62,55,55,45,43,43,42,47,47,47,56,56,66,101,96,77,80,70,63,73,108,118,118,109,109,26,8,18,57,41,134,137,83,0,0],"gold":353,"neow_bonus":"TWENTY_PERCENT_HP_BONUS","is_daily":false,"chose_seed":false,"campfire_upgraded":3,"win_rate":0.0,"timestamp":1612536139,"path_taken":["M","M","?","?","M","R","E","?","T","E","M","R","?","M","R","BOSS","M","M","$","M","M","E","R","M","T","M","?","E","M","M","R","BOSS","M","M","?"],"items_purchased_type":["Card"],"build_version":"2020-12-22","purchased_purges":1,"victory":false,"max_hp_per_floor":[89,89,89,89,89,89,89,89,89,92,95,95,95,98,98,101,101,104,107,110,113,116,119,119,122,122,125,125,128,128,131,131,134,134,137,140,140,140],"relic_stats":{"Gremlin Horn":[17,17],"counters":[23,168],"Juzu Bracelet":0,"Art of War":[10],"obtain_stats":[{"Potion Belt":23,"Replay:Ringing Soul":9,"SlaversCollar":17,"Gremlin Horn":7,"Juzu Bracelet":10,"Bag of Marbles":28,"Art of War":29,"Coffee Dripper":34,"Replay:Wax Seal":26,"Cracked Core":0,"ReplayTheSpireMod:Lightbulb":13,"Pocketwatch":3},{"Potion Belt":14,"Replay:Ringing Soul":5,"SlaversCollar":9,"Gremlin Horn":4,"Juzu Bracelet":6,"Bag of Marbles":16,"Art of War":17,"Coffee Dripper":20,"Replay:Wax Seal":15,"Cracked Core":0,"ReplayTheSpireMod:Lightbulb":7,"Pocketwatch":2},{"Potion Belt":90,"Replay:Ringing Soul":16,"SlaversCollar":52,"Gremlin Horn":12,"Juzu Bracelet":25,"Bag of Marbles":104,"Art of War":114,"Coffee Dripper":146,"Replay:Wax Seal":96,"Cracked Core":0,"ReplayTheSpireMod:Lightbulb":32,"Pocketwatch":6}],"Pocketwatch":[114]},"card_choices":[{"not_picked":["BasicCrystalCard","Streamline"],"picked":"Conserve Battery","floor":1},{"not_picked":["Beam Cell","Rip and Tear"],"picked":"Coolheaded","floor":2},{"not_picked":["ReplayTheSpireMod:System Scan","Hologram"],"picked":"Conserve Battery","floor":5},{"not_picked":["ReplaySort","Turbo"],"picked":"White Noise","floor":7},{"not_picked":["BasicCrystalCard","Thunder Strike"],"picked":"Glacier","floor":8},{"not_picked":["White Noise","ReplaySolidLightProjector"],"picked":"Self Repair","floor":10},{"not_picked":["Steam Power","Aggregate"],"picked":"Genetic Algorithm","floor":11},{"not_picked":["Auto Shields","Stack"],"picked":"Barrage","floor":14},{"not_picked":["Biased Cognition","Fission"],"picked":"Reboot","floor":16},{"not_picked":["Redo+1","Cold Snap"],"picked":"Steam+1","floor":18},{"not_picked":["Storm","Cold Snap"],"picked":"Gash","floor":19},{"not_picked":["Gash","Storm"],"picked":"Aggregate+1","floor":21},{"not_picked":["Go for the Eyes","Streamline"],"picked":"Defragment","floor":22},{"not_picked":["Chaos","BasicCrystalCard"],"picked":"Loop","floor":23},{"not_picked":["BasicCrystalCard","Redo"],"picked":"Go for the Eyes","floor":25},{"not_picked":["BasicCrystalCard+1","Go for the Eyes"],"picked":"ReplaySolidLightProjector","floor":27},{"not_picked":["Rip and Tear","Force Field"],"picked":"Buffer","floor":29},{"not_picked":["BasicCrystalCard+1","Hologram+1","Redo+1"],"picked":"SKIP","floor":30},{"not_picked":["Steam Power","ReplayTheSpireMod:System Scan"],"picked":"Doom and Gloom+1","floor":31},{"not_picked":["ReplayTheSpireMod:Fabricate Wheel","Echo Form"],"picked":"Amplify","floor":33},{"not_picked":["ReplayTheSpireMod:System Scan+1","Turbo+1"],"picked":"Stack+1","floor":35},{"not_picked":["Steam+1","ReplayTheSpireMod:Reroute Power+1"],"picked":"Turbo","floor":36}],"player_experience":166192,"relics_obtained":[{"floor":7,"key":"Gremlin Horn"},{"floor":9,"key":"Replay:Ringing Soul"},{"floor":10,"key":"Juzu Bracelet"},{"floor":13,"key":"ReplayTheSpireMod:Lightbulb"},{"floor":23,"key":"Potion Belt"},{"floor":26,"key":"Replay:Wax Seal"},{"floor":29,"key":"Art of War"}],"event_choices":[{"damage_healed":0,"gold_gain":0,"player_choice":"Success","damage_taken":12,"relics_obtained":["Pocketwatch"],"max_hp_gain":0,"max_hp_loss":0,"event_name":"Scrap Ooze","floor":3,"gold_loss":0},{"damage_healed":0,"gold_gain":75,"player_choice":"Touch","damage_taken":8,"max_hp_gain":0,"max_hp_loss":0,"event_name":"FaceTrader","floor":4,"gold_loss":0},{"damage_healed":0,"gold_gain":0,"player_choice":"Gave Potion","damage_taken":0,"relics_obtained":["Bag of Marbles"],"max_hp_gain":0,"max_hp_loss":0,"event_name":"WeMeetAgain","floor":28,"gold_loss":0}],"is_beta":false,"boss_relics":[{"not_picked":["Ectoplasm","ReplayTheSpireMod:DimensionalGlitch"],"picked":"SlaversCollar"},{"not_picked":["ReplayTheSpireMod:SealedPack","construct:ClawGrip"],"picked":"Coffee Dripper"}],"items_purged_floors":[20],"is_endless":false,"potions_floor_spawned":[1,8,10,21,22,23,25,33,35],"killed_by":"infinitespire:Three Voidlings","ascension_level":3}}