{"host":"z4nt7tdd4gjrinn7","time":1612535864,"event":{"mods":["100% Spire Juice","BaseMod","Minty Spire (QoL Compilation)","StS++","StSLib","The Hierophant"],"gold_per_floor":[114,114,114,114,127,127,156,156,156,182,182,194,194,194,194,296,296,308,308,308,308,323,40,50,50,50,50,50],"floor_reached":27,"language":"ENG","playtime":1215,"items_purged":[],"score":292,"play_id":"c16d27d6-0332-4a1f-8384-3680d459ed29","local_time":"20210205093744","is_ascension_mode":false,"campfire_choices":[{"floor":6,"key":"REST"},{"data":"Redo","floor":8,"key":"SMITH"},{"floor":11,"key":"REST"},{"data":"Genetic Algorithm","floor":15,"key":"SMITH"},{"floor":25,"key":"REST"}],"circlet_count":0,"master_deck":["Strike_B","Strike_B","Strike_B","Strike_B","Defend_B","Defend_B","Defend_B","Defend_B","Zap","Dualcast","Go for the Eyes","Redo+1","Rip and Tear","Genetic Algorithm+1","Conserve Battery","Hyperbeam","StSpp:Channeliser+1","Sweeping Beam+1","Storm","Stack+1"],"relics":["Cracked Core","NeowsBlessing","StSpp:SailorCap","FossilizedHelix","Blood Vial","SacredBark","Toy Ornithopter","Frozen Egg 2"],"acts_visited":["Exordium","TheCity"],"potions_floor_usage":[16,24,27,27],"damage_taken":[{"damage":0,"enemies":"2 Louse","floor":1,"turns":1},{"damage":0,"enemies":"Jaw Worm","floor":5,"turns":1},{"damage":0,"enemies":"Lagavulin","floor":7,"turns":1},{"damage":25,"enemies":"3 Sentries","floor":10,"turns":6},{"damage":0,"enemies":"Cultist","floor":12,"turns":2},{"damage":0,"enemies":"Slime Boss","floor":16,"turns":7},{"damage":33,"enemies":"3 Byrds","floor":18,"turns":5},{"damage":22,"enemies":"2 Thieves","floor":22,"turns":5},{"damage":0,"enemies":"Cultist and Chosen","floor":24,"turns":3},{"damage":61,"enemies":"Gremlin Leader","floor":27,"turns":8}],"seed_played":"-2440480506549131902","potions_obtained":[{"floor":7,"key":"AttackPotion"},{"floor":10,"key":"Weak Potion"},{"floor":24,"key":"DistilledChaos"}],"is_trial":false,"path_per_floor":["M","?","$","?","M","R","E","R","T","E","R","M","$","?","R","B",null,"M","?","?","?","M","$","M","R","T","E"],"character_chosen":"DEFECT","items_purchased":["Toy Ornithopter","Explosive Potion","Storm"],"campfire_rested":3,"item_purchase_floors":[23,23,23],"current_hp_per_floor":[75,80,80,80,80,80,80,80,80,55,79,80,80,80,80,80,80,47,47,32,32,12,12,19,44,44,0,0],"gold":50,"neow_bonus":"THREE_ENEMY_KILL","is_daily":false,"chose_seed":false,"campfire_upgraded":2,"win_rate":0.0,"timestamp":1612535864,"path_taken":["M","?","$","?","?","R","E","R","T","E","R","M","?","?","R","BOSS","M","?","?","?","M","$","M","R","T","E"],"items_purchased_type":["Relic","Potion","Card"],"build_version":"2020-12-22","purchased_purges":0,"victory":false,"max_hp_per_floor":[75,80,80,80,80,80,80,80,80,80,80,80,80,80,80,80,80,80,80,85,85,85,85,85,85,85,85,85],"card_choices":[{"not_picked":["Beam Cell","Stack"],"picked":"Go for the Eyes","floor":1},{"not_picked":["Reinforced Body","Chaos"],"picked":"Redo","floor":5},{"not_picked":["Genetic Algorithm","Aggregate"],"picked":"Rip and Tear","floor":7},{"not_picked":["Consume","Machine Learning"],"picked":"Genetic Algorithm","floor":10},{"not_picked":["Sweeping Beam","Streamline"],"picked":"Conserve Battery","floor":12},{"not_picked":["Meteor Strike","StSpp:Saturation"],"picked":"Hyperbeam","floor":16},{"not_picked":["Hello World","Coolheaded"],"picked":"StSpp:Channeliser+1","floor":18},{"not_picked":["Rip and Tear+1","Melter"],"picked":"Sweeping Beam+1","floor":22},{"not_picked":["Coolheaded","Steam"],"picked":"Stack+1","floor":24}],"player_experience":176581,"relics_obtained":[{"floor":7,"key":"StSpp:SailorCap"},{"floor":9,"key":"FossilizedHelix"},{"floor":10,"key":"Blood Vial"},{"floor":26,"key":"Frozen Egg 2"}],"event_choices":[{"damage_healed":0,"gold_gain":0,"player_choice":"Donut","damage_taken":0,"max_hp_gain":5,"max_hp_loss":0,"event_name":"Big Fish","floor":2,"gold_loss":0},{"damage_healed":0,"gold_gain":0,"player_choice":"Fled","damage_taken":0,"max_hp_gain":0,"max_hp_loss":0,"event_name":"Scrap Ooze","floor":4,"gold_loss":0},{"damage_healed":0,"gold_gain":0,"player_choice":"Ignored","damage_taken":0,"max_hp_gain":0,"max_hp_loss":0,"event_name":"Golden Wing","floor":14,"gold_loss":0},{"damage_healed":0,"gold_gain":0,"player_choice":"Ignored","damage_taken":0,"max_hp_gain":0,"max_hp_loss":0,"event_name":"Ghosts","floor":19,"gold_loss":0},{"damage_healed":0,"gold_gain":0,"player_choice":"Shed Blood","damage_taken":20,"max_hp_gain":5,"max_hp_loss":0,"event_name":"Forgotten Altar","floor":20,"gold_loss":0},{"damage_healed":0,"gold_gain":0,"player_choice":"Ignored","damage_taken":0,"max_hp_gain":0,"max_hp_loss":0,"event_name":"Beggar","floor":21,"gold_loss":0}],"is_beta":false,"boss_relics":[{"not_picked":["Runic Dome","StSpp:Magatama"],"picked":"SacredBark"}],"items_purged_floors":[],"is_endless":false,"potions_floor_spawned":[7,10,24],"killed_by":"Gremlin Leader","ascension_level":0}}