{"host":"i0avyit1s6jb1siw","time":1612538543,"event":{"mods":["BaseMod","DeckTracker","Dota2Spire","Highlight Path","Minty Spire (QoL Compilation)","Quick Restart","StSLib","SuperFastMode"],"gold_per_floor":[16,31,31,31,47,47,79,79,148,148,159,84,84,119,92,92,169,169,169,169,92,92,92,92,92,92,92,92,92,92,92,92,92,92,92,92,92],"floor_reached":36,"language":"ENG","playtime":729,"items_purged":["Strike_R"],"score":628,"play_id":"3a1b04aa-a1f6-420e-98bd-280f14feb2a9","local_time":"20210205162223","is_ascension_mode":true,"campfire_choices":[{"data":"Cleave","floor":6,"key":"SMITH"},{"data":"Evolve","floor":8,"key":"SMITH"},{"data":"Headbutt","floor":13,"key":"SMITH"},{"floor":16,"key":"REST"},{"data":"Spot Weakness","floor":24,"key":"SMITH"},{"data":"Fire Breathing","floor":30,"key":"SMITH"},{"floor":35,"key":"REST"}],"circlet_count":0,"master_deck":["AscendersBane","Strike_R+1","Strike_R+1","Strike_R+1","Strike_R+1","Defend_R+1","Defend_R+1","Defend_R+1","Defend_R+1","Bash+1","Cleave+1","Evolve+1","Shrug It Off","Headbutt+1","Power Through","Immolate","Spot Weakness+1","Fire Breathing+1","Disarm","Second Wind","Burning Pact","Sentinel","Wild Strike+1"],"relics":["Burning Blood","Ice Cream","Oddly Smooth Stone","Dota2Spire:BlackKingBar","Dota2Spire:MantaStyle","MealTicket","Ectoplasm","Singing Bowl","Frozen Egg 2","Dota2Spire:EtherealBlade"],"acts_visited":["Exordium","TheCity"],"potions_floor_usage":[14,26,31,31,33],"damage_taken":[{"damage":5,"enemies":"Small Slimes","floor":1,"turns":4},{"damage":4,"enemies":"2 Louse","floor":2,"turns":3},{"damage":9,"enemies":"Jaw Worm","floor":5,"turns":4},{"damage":32,"enemies":"Gremlin Nob","floor":7,"turns":4},{"damage":20,"enemies":"3 Louse","floor":11,"turns":5},{"damage":38,"enemies":"Lagavulin","floor":14,"turns":6},{"damage":14,"enemies":"Exordium Thugs","floor":15,"turns":4},{"damage":31,"enemies":"Slime Boss","floor":17,"turns":8},{"damage":12,"enemies":"Chosen","floor":19,"turns":5},{"damage":6,"enemies":"Shell Parasite","floor":23,"turns":4},{"damage":20,"enemies":"Snecko","floor":25,"turns":6},{"damage":24,"enemies":"Slavers","floor":26,"turns":4},{"damage":13,"enemies":"Centurion and Healer","floor":29,"turns":5},{"damage":34,"enemies":"Book of Stabbing","floor":31,"turns":5},{"damage":0,"enemies":"Chosen and Byrds","floor":32,"turns":5},{"damage":15,"enemies":"Snecko","floor":33,"turns":5},{"damage":9,"enemies":"Snake Plant","floor":34,"turns":4},{"damage":51,"enemies":"Champ","floor":36,"turns":11}],"seed_played":"9027522962138657875","potions_obtained":[{"floor":1,"key":"BloodPotion"},{"floor":7,"key":"BlessingOfTheForge"},{"floor":14,"key":"SpeedPotion"},{"floor":17,"key":"AttackPotion"},{"floor":25,"key":"DistilledChaos"},{"floor":29,"key":"BloodPotion"},{"floor":32,"key":"Explosive Potion"},{"floor":34,"key":"SpeedPotion"}],"is_trial":false,"path_per_floor":["M","M","?","?","M","R","E","R","T","T","M","$","R","E","M","R","B",null,"M","?","$","?","M","R","M","E","T","T","M","R","E","M","M","M","R","B"],"character_chosen":"IRONCLAD","items_purchased":["Fire Breathing"],"campfire_rested":2,"item_purchase_floors":[21],"current_hp_per_floor":[69,71,71,76,73,73,47,47,47,47,33,33,33,17,9,33,8,62,56,56,71,71,71,71,57,41,41,41,34,34,22,30,21,18,43,0,0],"gold":92,"neow_bonus":"ONE_RARE_RELIC","is_daily":false,"chose_seed":false,"campfire_upgraded":5,"win_rate":0.0,"timestamp":1612538543,"path_taken":["M","M","?","?","M","R","E","R","T","T","M","$","R","E","M","R","BOSS","M","?","$","?","?","R","M","E","T","T","?","R","E","?","M","M","R","BOSS"],"items_purchased_type":["Card"],"build_version":"2020-12-22","purchased_purges":1,"victory":false,"max_hp_per_floor":[75,75,75,80,80,80,80,80,80,80,80,80,80,80,80,80,80,80,80,80,80,80,80,80,80,82,82,82,82,82,82,84,84,84,84,84,84],"card_choices":[{"not_picked":["Searing Blow","Clothesline"],"picked":"Cleave","floor":1},{"not_picked":["Hemokinesis","Sword Boomerang"],"picked":"Evolve","floor":2},{"not_picked":["Flex","Second Wind"],"picked":"Shrug It Off","floor":5},{"not_picked":["Clothesline","Double Tap","Warcry"],"picked":"SKIP","floor":7},{"not_picked":["Sword Boomerang","Dropkick"],"picked":"Headbutt","floor":11},{"not_picked":["Thunderclap","Exhume","Pummel"],"picked":"SKIP","floor":14},{"not_picked":["True Grit","Clash"],"picked":"Power Through","floor":15},{"not_picked":["Bludgeon","Fiend Fire"],"picked":"Immolate","floor":17},{"not_picked":["Whirlwind+1","Twin Strike","Flex"],"picked":"SKIP","floor":19},{"not_picked":["Dual Wield","Intimidate","Havoc+1"],"picked":"SKIP","floor":23},{"not_picked":["Iron Wave","Sword Boomerang"],"picked":"Disarm","floor":25},{"not_picked":["Headbutt","Warcry","Havoc"],"picked":"Singing Bowl","floor":26},{"not_picked":["Sentinel","Thunderclap"],"picked":"Second Wind","floor":29},{"not_picked":["Anger","Exhume"],"picked":"Burning Pact","floor":31},{"not_picked":["Clash","Havoc","Uppercut"],"picked":"Singing Bowl","floor":32},{"not_picked":["Warcry","Iron Wave+1"],"picked":"Sentinel","floor":33},{"not_picked":["Armaments","Rampage"],"picked":"Wild Strike+1","floor":34}],"player_experience":2411886,"relics_obtained":[{"floor":7,"key":"Oddly Smooth Stone"},{"floor":9,"key":"Dota2Spire:BlackKingBar"},{"floor":10,"key":"Dota2Spire:MantaStyle"},{"floor":14,"key":"MealTicket"},{"floor":26,"key":"Singing Bowl"},{"floor":27,"key":"Frozen Egg 2"},{"floor":31,"key":"Dota2Spire:EtherealBlade"}],"event_choices":[{"damage_healed":0,"gold_gain":0,"player_choice":"Grow","damage_taken":0,"max_hp_gain":0,"max_hp_loss":0,"event_name":"Living Wall","floor":3,"gold_loss":0,"cards_upgraded":["Bash"]},{"damage_healed":0,"gold_gain":0,"player_choice":"Donut","damage_taken":0,"max_hp_gain":5,"max_hp_loss":0,"event_name":"Big Fish","floor":4,"gold_loss":0},{"damage_healed":0,"gold_gain":0,"player_choice":"Read","damage_taken":0,"max_hp_gain":0,"max_hp_loss":0,"event_name":"The Library","floor":20,"gold_loss":0,"cards_obtained":["Spot Weakness"]},{"damage_healed":0,"gold_gain":0,"player_choice":"Simplicity","damage_taken":0,"max_hp_gain":0,"max_hp_loss":0,"event_name":"Back to Basics","floor":22,"gold_loss":0,"cards_upgraded":["Strike_R","Strike_R","Strike_R","Strike_R","Defend_R","Defend_R","Defend_R","Defend_R"]}],"is_beta":false,"boss_relics":[{"not_picked":["Runic Dome","Pandora\u0027s Box"],"picked":"Ectoplasm"}],"items_purged_floors":[12],"is_endless":false,"potions_floor_spawned":[1,7,14,17,19,25,29,32,34],"killed_by":"Champ","ascension_level":20}}