{"host":"qekv59dthhdg54sz","time":1612535739,"event":{"mods":["AchievementEnabler","BaseMod","Colored Map","DeckTracker","KOR Keyword Fix","Minty Spire (QoL Compilation)","Rare Cards Sparkle","StSLib","SuperFastMode"],"gold_per_floor":[112,112,37,37,84,117,117,128,198,209,228,228,248,280,280,357,357,373,373,288,488,506,535,535,569,569,569,580,580,165,177,177,177,177],"floor_reached":33,"language":"KOR","playtime":613,"items_purged":["Strike_G"],"score":736,"play_id":"521c7853-4161-48d6-a51f-455cc7e33468","local_time":"20210205233539","is_ascension_mode":true,"campfire_choices":[{"data":"Deadly Poison","floor":7.0,"key":"SMITH"},{"data":"Tactician","floor":15.0,"key":"SMITH"},{"data":"Strike_G","floor":24.0,"key":"PURGE"},{"data":"Strike_G","floor":27.0,"key":"PURGE"},{"data":"Strike_G","floor":29.0,"key":"PURGE"},{"data":"Defend_G","floor":32.0,"key":"PURGE"}],"circlet_count":0,"master_deck":["AscendersBane","Defend_G+1","Defend_G+1","Defend_G+1","Defend_G+1","Survivor","Neutralize","Tactician+1","Deadly Poison+1","Flying Knee+1","Riddle With Holes+1","Masterful Stab+1","Poisoned Stab+1","Terror+1","Corpse Explosion+1","Acrobatics+1","Dagger Throw+1","Finisher+1","Footwork","Phantasmal Killer+1"],"relics":["Ring of the Snake","NeowsBlessing","War Paint","Molten Egg 2","Toxic Egg 2","Thread and Needle","Fusion Hammer","Bag of Preparation","Peace Pipe","Tiny Chest","Eternal Feather","Anchor"],"acts_visited":["Exordium","TheCity"],"potions_floor_usage":[33],"damage_taken":[{"damage":0.0,"enemies":"Cultist","floor":1.0,"turns":1.0},{"damage":0.0,"enemies":"3 Sentries","floor":6.0,"turns":1.0},{"damage":0.0,"enemies":"Small Slimes","floor":8.0,"turns":1.0},{"damage":0.0,"enemies":"Jaw Worm","floor":10.0,"turns":3.0},{"damage":0.0,"enemies":"Red Slaver","floor":11.0,"turns":4.0},{"damage":0.0,"enemies":"Large Slime","floor":13.0,"turns":3.0},{"damage":0.0,"enemies":"Lagavulin","floor":14.0,"turns":6.0},{"damage":11.0,"enemies":"Slime Boss","floor":16.0,"turns":9.0},{"damage":9.0,"enemies":"2 Thieves","floor":18.0,"turns":4.0},{"damage":12.0,"enemies":"Spheric Guardian","floor":22.0,"turns":4.0},{"damage":0.0,"enemies":"Gremlin Leader","floor":23.0,"turns":3.0},{"damage":7.0,"enemies":"Book of Stabbing","floor":25.0,"turns":4.0},{"damage":0.0,"enemies":"Snecko","floor":28.0,"turns":4.0},{"damage":0.0,"enemies":"Centurion and Healer","floor":31.0,"turns":2.0},{"damage":66,"enemies":"Champ","floor":33,"turns":13}],"seed_played":"6518565249145180653","potions_obtained":[{"floor":1.0,"key":"Block Potion"},{"floor":6.0,"key":"CunningPotion"},{"floor":16.0,"key":"LiquidMemories"},{"floor":22.0,"key":"AttackPotion"},{"floor":23.0,"key":"EntropicBrew"}],"is_trial":false,"path_per_floor":["M","?","?","$","T","E","R","M","T","M","M","?","M","E","R","B",null,"M","?","?","?","M","E","R","E","T","R","M","R","$","M","R","B"],"character_chosen":"THE_SILENT","items_purchased":["Phantasmal Killer+1","Anchor"],"campfire_rested":0,"item_purchase_floors":[30,30],"current_hp_per_floor":[59,39,39,39,39,39,39,39,39,39,39,39,39,39,39,28,57,48,48,48,48,36,36,36,29,29,41,41,53,53,53,65,0,0],"gold":177,"neow_bonus":"THREE_ENEMY_KILL","is_daily":false,"chose_seed":false,"campfire_upgraded":2,"win_rate":0.0,"timestamp":1612535739,"path_taken":["M","?","?","$","?","E","R","M","T","M","?","?","M","E","R","BOSS","M","?","?","?","M","E","R","E","T","R","M","R","$","M","R","BOSS"],"items_purchased_type":["Card","Relic"],"build_version":"2020-12-22","purchased_purges":1,"victory":false,"max_hp_per_floor":[66,66,66,66,66,66,66,66,66,66,66,66,66,66,66,66,66,66,66,66,66,66,66,66,66,66,66,66,66,66,66,66,66,66],"card_choices":[{"not_picked":["Backstab","Slice"],"picked":"Tactician","floor":1.0},{"not_picked":["Slice+1","Backflip"],"picked":"Deadly Poison","floor":6.0},{"not_picked":["Underhanded Strike+1","Prepared"],"picked":"Flying Knee+1","floor":8.0},{"not_picked":["Concentrate+1","Dodge and Roll+1"],"picked":"Riddle With Holes+1","floor":10.0},{"not_picked":["Calculated Gamble+1","Slice+1"],"picked":"Masterful Stab+1","floor":11.0},{"not_picked":["Heel Hook+1","Concentrate+1"],"picked":"Poisoned Stab+1","floor":13.0},{"not_picked":["Setup+1","Cloak And Dagger+1"],"picked":"Terror+1","floor":14.0},{"not_picked":["After Image","Bullet Time+1"],"picked":"Corpse Explosion+1","floor":16.0},{"not_picked":["Tactician+1","Endless Agony+1","Sucker Punch+1"],"picked":"SKIP","floor":18.0},{"not_picked":["Predator+1","Skewer+1"],"picked":"Dagger Throw+1","floor":22.0},{"not_picked":["Blade Dance+1","Poisoned Stab+1","Slice+1"],"picked":"SKIP","floor":23.0},{"not_picked":["Setup+1","Bane+1"],"picked":"Finisher+1","floor":25.0},{"not_picked":["Blade Dance+1","Cloak And Dagger+1"],"picked":"Footwork","floor":28.0},{"not_picked":["Eviscerate+1","Slice+1","Dodge and Roll+1"],"picked":"SKIP","floor":31.0}],"player_experience":877519,"relics_obtained":[{"floor":5.0,"key":"War Paint"},{"floor":6.0,"key":"Molten Egg 2"},{"floor":9.0,"key":"Toxic Egg 2"},{"floor":14.0,"key":"Thread and Needle"},{"floor":23.0,"key":"Peace Pipe"},{"floor":25.0,"key":"Tiny Chest"},{"floor":26.0,"key":"Eternal Feather"}],"event_choices":[{"damage_healed":0.0,"max_hp_gain":0.0,"max_hp_loss":0.0,"gold_gain":0.0,"event_name":"Shining Light","player_choice":"Entered Light","floor":2.0,"gold_loss":0.0,"damage_taken":20.0,"cards_upgraded":["Defend_G","Defend_G"]},{"cards_removed":["Strike_G"],"damage_healed":0.0,"max_hp_gain":0.0,"max_hp_loss":0.0,"gold_gain":0.0,"event_name":"The Cleric","player_choice":"Card Removal","floor":3.0,"gold_loss":75.0,"damage_taken":0.0},{"damage_healed":0.0,"max_hp_gain":0.0,"max_hp_loss":0.0,"gold_gain":0.0,"event_name":"Liars Game","player_choice":"Ignored","floor":12.0,"gold_loss":0.0,"damage_taken":0.0},{"damage_healed":0.0,"max_hp_gain":0.0,"max_hp_loss":0.0,"gold_gain":0.0,"event_name":"The Library","player_choice":"Read","floor":19.0,"gold_loss":0.0,"damage_taken":0.0,"cards_obtained":["Acrobatics"]},{"damage_healed":0.0,"max_hp_gain":0.0,"max_hp_loss":0.0,"gold_gain":0.0,"event_name":"Addict","player_choice":"Obtained Relic","floor":20.0,"gold_loss":85.0,"damage_taken":0.0,"relics_obtained":["Bag of Preparation"]},{"damage_healed":0.0,"max_hp_gain":0.0,"max_hp_loss":0.0,"gold_gain":200.0,"event_name":"Wheel of Change","player_choice":"Gold","floor":21.0,"gold_loss":0.0,"damage_taken":0.0}],"is_beta":false,"boss_relics":[{"not_picked":["SlaversCollar","Runic Dome"],"picked":"Fusion Hammer"}],"items_purged_floors":[30],"is_endless":false,"potions_floor_spawned":[1,6,16,22,23],"killed_by":"Champ","ascension_level":20}}