{"host":"5t6h2siq57l98co3","time":1612493937,"event":{"mods":["AchievementEnabler","Act Like it!","Aspiration","BaseMod","Better Altar","Better Match","Better Note","Better Sensory Stone","Better Skull","Better Third Choice","BetterRewards","CCEM2","Colored Map","Colored Powertips","Curses Come First","Displayed Cursed Tome","Downfall","Gold Saver","Googly Eyes","Highlight Path","Infinite Spire","Jedi Mod","Mimic Mod","Minty Spire (QoL Compilation)","Permanent Neow","Prisma Mod","RatMod","Replay The Spire","Spicy Shops","StSLib","The Alterego","The Jungle","Transform Curses","Virulent Crown","Yuri Mod","everything is the same but u backflip on backflip"],"gold_per_floor":[4010,4030,4030,4030,4046,4080,4114,4114,4162,4174,4185,4216,4236,3483,3483,3647,3647,3699,2139,2195,2237,1010,1010,1092,1092,1092,1145,1189,1242,1310,1410,1410,1599,1599,1649,1066,1066,374,416,416,456,456,456,493,595,635,659,705,778,868],"floor_reached":51,"language":"ENG","playtime":5170,"items_purged":["yuri:BookRed","Clumsy","yuri:Suicide"],"score":1183,"play_id":"06477c5f-b279-46d3-a7e0-5c11bd1f8dba","local_time":"20210204205857","daily_mods":["Shiny","Vintage","DeadlyEvents","Binary","Elite Swarm","Terminal","downfall:Enraging"],"is_ascension_mode":true,"campfire_choices":[{"data":"yuri:Virus","floor":8,"key":"SMITH"},{"data":"yuri:GlitchRemove","floor":15,"key":"SMITH"},{"data":"Apotheosis","floor":23,"key":"SMITH"},{"data":"alterego_mod:Cooking","floor":25,"key":"SMITH"},{"data":"alterego_mod:BrynhildrRomantia","floor":40,"key":"SMITH"},{"data":"infinitespire:Gouge","floor":42,"key":"SMITH"}],"circlet_count":0,"master_deck":["yuri:JumpScare","yuri:GhostForm","yuri:BlackTea","yuri:DragonForm","yuri:RelentlessStrikes","yuri:DistillInsanity","yuri:NoEscape+1","yuri:DuplicateCode","yuri:GlitchRemove+1","yuri:Virus+1","yuri:MirrorInsanity","yuri:DisableStrike+1","yuri:ConsumeGlitch","yuri:ExploitStrike+1","yuri:RemoveSafetyChecks","yuri:MagneticKnives","yuri:Torment","alterego_mod:AlterEgo","alterego_mod:InsideBaseball","alterego_mod:Weigh+1","alterego_mod:STier","alterego_mod:Palingenesis","alterego_mod:Tantrum","alterego_mod:ClassAdvantage","alterego_mod:RingBreak","alterego_mod:PainIsPleasure","alterego_mod:Alter","alterego_mod:IdEs","alterego_mod:Valkyrie+1","alterego_mod:Rake+1","alterego_mod:TrickOrTreatment","alterego_mod:Vow","alterego_mod:Venus+1","alterego_mod:SideboobHour+1","alterego_mod:Antipathy","alterego_mod:BrynhildrRomantia+1","alterego_mod:VirginLaserPalladion+1","alterego_mod:Lift","alterego_mod:Venus","yuri:CorruptHitbox","yuri:GreenTea","Apotheosis+1","alterego_mod:Support","alterego_mod:Cooking+1","alterego_mod:Cooking","Pot Of Greed","Pot Of Greed","Pot Of Greed","Pot Of Greed","infinitespire:NeuralNetwork","yuri:Parry","Pot Of Greed","alterego_mod:BrynhildrRomantia+1","alterego_mod:BrynhildrRomantia+1","infinitespire:Gouge+1","yuri:ArmBrace","yuri:TeaSet"],"relics":["alterego_mod:MasochisticConstitution","replay:Trail_Library","Letter Opener","jedi:shrinkray","jedi:gremlinknob","Blood Vial","Tiny Chest","CCEMRelics:SelfSharpeningBlade","Happy Flower","aspiration:FetidBarrel","Oddly Smooth Stone","Shuriken","Replay:Bandana","aspiration:Lifesprig","Dream Catcher","ReplayTheSpireMod:Lightbulb","SlaversCollar","Akabeko","infinitespire:ShieldingShard","Quantum Egg","CCEMRelics:WrappedPresent","Singing Bowl","Bottled Flame","Nunchaku","Lizard Tail","Iron Hammer","jedi:heavyjacket","Vajra","Darkstone Periapt","jedi:fakemustache","Replay:Wax Seal","Medical Kit","CCEMRelics:MissingSock","Grinning Jar","aspiration:TomeofQuesting","Bag of Preparation","aspiration:FrozenJewel","Replay:Wanted Poster","PreservedInsect","sneckomod:SneckoTalon","Turnip","Guardian:PocketSentry","Slimebound:StickyStick","DollysMirror","Slimebound:PreparedRelic","hexamod:BolsterEngine","jedi:kaleidoscope","CCEMRelics:SpiritsEdge","Gremlin Food","CCEMRelics:OrganicArmor","infinitespire:Magic Flask","bronze:BronzeIdol","Calipers","aspiration:VileToxins","CeramicFish","Du-Vu Doll"],"acts_visited":["Exordium","theJungle:Jungle","TheBeyond"],"potions_floor_usage":[5,12,12,16,16,21,29,30,35,50,50,50],"damage_taken":[{"damage":0,"enemies":"Cultist","floor":1,"turns":4},{"damage":1,"enemies":"2 Louse","floor":2,"turns":2},{"damage":7,"enemies":"Jaw Worm","floor":5,"turns":2},{"damage":0,"enemies":"Gremlin Nob","floor":6,"turns":2},{"damage":6,"enemies":"Replay:BlueRogue","floor":7,"turns":3},{"damage":10,"enemies":"Blue Slaver","floor":10,"turns":2},{"damage":0,"enemies":"Lots of Slimes","floor":11,"turns":5},{"damage":15,"enemies":"Gremlin Nob","floor":12,"turns":3},{"damage":0,"enemies":"Exordium Wildlife","floor":13,"turns":3},{"damage":62,"enemies":"Hexaghost","floor":16,"turns":8},{"damage":24,"enemies":"theJungle:GiantWrat","floor":18,"turns":5},{"damage":16,"enemies":"Shell Parasite","floor":20,"turns":5},{"damage":16,"enemies":"theJungle:Snecko_Cultist_And_Trap","floor":21,"turns":4},{"damage":0,"enemies":"theJungle:SlimyTreeVines","floor":27,"turns":2},{"damage":0,"enemies":"theJungle:Lyon","floor":28,"turns":1},{"damage":0,"enemies":"theJungle:JungleHuntersEncounter","floor":29,"turns":4},{"damage":1,"enemies":"theJungle:Snecko_Cultist_And_Trap","floor":30,"turns":5},{"damage":11,"enemies":"theJungle:FunGuy","floor":33,"turns":8},{"damage":0,"enemies":"3 Darklings","floor":35,"turns":1},{"damage":0,"enemies":"3 Shapes","floor":39,"turns":3},{"damage":0,"enemies":"Writhing Mass","floor":41,"turns":2},{"damage":0,"enemies":"Nemesis","floor":44,"turns":1},{"damage":0,"enemies":"Maw","floor":45,"turns":4},{"damage":0,"enemies":"R_Hoarder","floor":46,"turns":2},{"damage":0,"enemies":"Sphere and 2 Shapes","floor":48,"turns":2},{"damage":0,"enemies":"2 Orb Walkers","floor":49,"turns":1},{"damage":0,"enemies":"Donu and Deca","floor":50,"turns":6}],"seed_played":"-3451088388907387424","potions_obtained":[{"floor":1,"key":"Energy Potion"},{"floor":7,"key":"SteroidPotion"},{"floor":10,"key":"Dexterity Potion"},{"floor":11,"key":"AttackPotion"},{"floor":13,"key":"bronze:BurnAndBuffPotion"},{"floor":20,"key":"Block Potion"},{"floor":27,"key":"Fire Potion"},{"floor":29,"key":"jedi:StrikingPotion"},{"floor":33,"key":"ColorlessPotion"},{"floor":41,"key":"Block Potion"}],"is_trial":true,"path_per_floor":["M","M","?","?","M","E","E","R","T","M","M","E","M","$","R","B",null,"M","$","M","M","$","R","T","R","T","M","M","M","M","AVR","R_BF","B",null,"M","$","?","$","M","R","M","R","T","E","M","E","T","M","R_BF","B",null],"character_chosen":"The_Alterego","items_purchased":["Replay:Bandana","aspiration:Lifesprig","Dream Catcher","ReplayTheSpireMod:Lightbulb","yuri:CorruptHitbox","yuri:GreenTea","infinitespire:ShieldingShard","Apotheosis","Quantum Egg","CCEMRelics:WrappedPresent","Singing Bowl","Bottled Flame","jedi:heavyjacket","Vajra","Darkstone Periapt","jedi:fakemustache","Replay:Wax Seal","Medical Kit","alterego_mod:Support","alterego_mod:Cooking","Guardian:PocketSentry","Slimebound:StickyStick","DollysMirror","Block Potion","LifebloodPotion","Slimebound:PreparedRelic","hexamod:BolsterEngine","jedi:kaleidoscope"],"campfire_rested":0,"item_purchase_floors":[14,14,14,14,14,14,19,19,19,19,19,19,22,22,22,22,22,22,22,22,36,36,36,36,36,38,38,38],"current_hp_per_floor":[71,71,29,29,34,34,38,38,38,38,71,57,59,59,59,6,53,45,45,45,39,65,64,63,62,61,60,59,62,66,65,64,67,66,69,68,51,66,69,68,67,66,65,70,69,74,73,76,85,88],"gold":868,"neow_bonus":"","is_daily":false,"chose_seed":false,"campfire_upgraded":6,"win_rate":0.0,"timestamp":1612493937,"path_taken":["M","M","?","?","M","E","?","R","T","?","?","?","M","$","R","BOSS","M","$","M","M","$","R","?","R","T","M","M","M","?","AVR","R_BF","BOSS","M","?","?","$","M","R","M","R","T","E","M","E","?","M","R_BF","BOSS"],"items_purchased_type":["Relic","Relic","Relic","Relic","Card","Card","Relic","Card","Relic","Relic","Relic","Relic","Relic","Relic","Relic","Relic","Relic","Relic","Card","Card","Relic","Relic","Relic","Potion","Potion","Relic","Relic","Relic"],"build_version":"2020-12-22","purchased_purges":3,"victory":true,"max_hp_per_floor":[71,71,70,69,73,72,72,71,70,70,71,71,70,69,68,68,67,67,66,66,66,65,64,63,62,61,60,59,62,66,65,64,67,66,69,68,67,66,69,68,67,66,65,70,69,74,73,76,85,88],"card_choices":[{"not_picked":["yuri:Suicide"],"picked":"alterego_mod:Venus","floor":6},{"not_picked":["alterego_mod:Vow","yuri:DistillInsanity"],"picked":"SKIP","floor":7},{"not_picked":["alterego_mod:SideboobHour","alterego_mod:Antipathy"],"picked":"SKIP","floor":12},{"not_picked":["yuri:DragonForm"],"picked":"alterego_mod:BrynhildrRomantia","floor":33},{"not_picked":["ReplayTheSpireMod:Echoes of Time","infinitespire:Fortify"],"picked":"infinitespire:Gouge","floor":37},{"not_picked":["alterego_mod:Weigh","yuri:NoEscape"],"picked":"Singing Bowl","floor":44},{"not_picked":["alterego_mod:Venus","yuri:DisableStrike"],"picked":"Singing Bowl","floor":46},{"not_picked":["yuri:TPose","alterego_mod:BiFurious"],"picked":"Singing Bowl","floor":49}],"player_experience":890488,"relics_obtained":[{"floor":1,"key":"Letter Opener"},{"floor":2,"key":"jedi:shrinkray"},{"floor":5,"key":"jedi:gremlinknob"},{"floor":6,"key":"Blood Vial"},{"floor":7,"key":"Tiny Chest"},{"floor":9,"key":"CCEMRelics:SelfSharpeningBlade"},{"floor":10,"key":"Happy Flower"},{"floor":11,"key":"aspiration:FetidBarrel"},{"floor":12,"key":"Oddly Smooth Stone"},{"floor":13,"key":"Shuriken"},{"floor":18,"key":"Akabeko"},{"floor":19,"key":"Nunchaku"},{"floor":19,"key":"Lizard Tail"},{"floor":21,"key":"Iron Hammer"},{"floor":26,"key":"CCEMRelics:MissingSock"},{"floor":27,"key":"Grinning Jar"},{"floor":28,"key":"aspiration:TomeofQuesting"},{"floor":29,"key":"Bag of Preparation"},{"floor":30,"key":"aspiration:FrozenJewel"},{"floor":35,"key":"Turnip"},{"floor":39,"key":"CCEMRelics:SpiritsEdge"},{"floor":41,"key":"Gremlin Food"},{"floor":43,"key":"CCEMRelics:OrganicArmor"},{"floor":44,"key":"infinitespire:Magic Flask"},{"floor":45,"key":"bronze:BronzeIdol"},{"floor":46,"key":"Calipers"},{"floor":47,"key":"aspiration:VileToxins"},{"floor":48,"key":"CeramicFish"},{"floor":49,"key":"Du-Vu Doll"}],"event_choices":[{"damage_healed":0,"gold_gain":0,"player_choice":"Relic ","damage_taken":42,"max_hp_gain":0,"max_hp_loss":0,"event_name":"betterThird:BetterScrap","floor":3,"gold_loss":0,"cards_obtained":["Ragnarok"]},{"damage_healed":0,"gold_gain":0,"player_choice":"Fight","damage_taken":0,"max_hp_gain":0,"max_hp_loss":0,"event_name":"Mysterious Sphere","floor":49,"gold_loss":0}],"is_beta":false,"boss_relics":[{"not_picked":["SacredBark","aspiration:RunicSpoon"],"picked":"SlaversCollar"},{"not_picked":["Busted Crown","jedi:hotpepper"],"picked":"sneckomod:SneckoTalon"}],"items_purged_floors":[14,19,22],"is_endless":false,"potions_floor_spawned":[1,6,7,10,11,13,20,27,29,33,41,45,46,49],"ascension_level":5}}