{"host":"lq2h7q9ca6uwu60x","time":1612502466,"event":{"mods":["Act Like it!","BaseMod","Gensokyo","Minty Spire (QoL Compilation)","StSLib","The Animator"],"gold_per_floor":[275,375,375,395,422,422,422,448,474,104,128,128,58,99,99,223,248,276,276,301,461,461,548,110,110,159,184,184,184],"floor_reached":28,"language":"ZHS","playtime":1469,"items_purged":["animator:Strike"],"score":295,"play_id":"c47d90fe-c204-4c41-821e-a2c2e69ca413","local_time":"20210205132106","is_ascension_mode":true,"campfire_choices":[{"floor":7.0,"key":"RECALL"},{"floor":12.0,"key":"DIG"},{"floor":15.0,"key":"DIG"}],"circlet_count":0,"master_deck":["animator:Strike_Kancolle+1","animator:Defend_Kancolle","animator:Defend","Gensokyo:CrescentMoonSlash","animator:Vesta","animator:Gilgamesh+16","animator:Shuna","animator:Shuna","animator:Vesta+1","Gensokyo:TarnishedGold","Gensokyo:Shovel","Gensokyo:BlemishedSteel"],"relics":["animator:TheMissingPiece","Fusion Hammer","Pear","Shovel","Juzu Bracelet","Strawberry","Blood Vial","Empty Cage","Gensokyo:RedStar","animator:EngravedStaff","Mercury Hourglass","Sling","DollysMirror","Happy Flower"],"acts_visited":["Exordium","Gensokyo:Gensokyo"],"potions_floor_usage":[],"damage_taken":[{"damage":0.0,"enemies":"Gensokyo:Gryphon","floor":1.0,"turns":4.0},{"damage":0.0,"enemies":"Gensokyo:2_Kodama","floor":4.0,"turns":2.0},{"damage":6.0,"enemies":"Gensokyo:Python","floor":5.0,"turns":3.0},{"damage":0.0,"enemies":"Gensokyo:Gryphon_and_Rabbit","floor":8.0,"turns":4.0},{"damage":0.0,"enemies":"Gensokyo:3_Kodama","floor":11.0,"turns":3.0},{"damage":0.0,"enemies":"Gensokyo:Mamizou","floor":14.0,"turns":8.0},{"damage":8.0,"enemies":"Gensokyo:Reimu","floor":16.0,"turns":8.0},{"damage":9.0,"enemies":"Gensokyo:CosmicMonolith","floor":18.0,"turns":7.0},{"damage":14.0,"enemies":"Gensokyo:CosmicMonolith","floor":21.0,"turns":11.0},{"damage":51.0,"enemies":"Gensokyo:Koishi","floor":23.0,"turns":8.0},{"damage":9,"enemies":"Gensokyo:AngelMirror","floor":27,"turns":4},{"damage":10,"enemies":"Gensokyo:Swordslinger","floor":28,"turns":1}],"seed_played":"-5685912966262420834","potions_obtained":[{"floor":1.0,"key":"Block Potion"},{"floor":8.0,"key":"Swift Potion"},{"floor":16.0,"key":"AttackPotion"},{"floor":18.0,"key":"SkillPotion"},{"floor":21.0,"key":"SpeedPotion"},{"floor":27,"key":"FearPotion"}],"is_trial":false,"path_per_floor":["M","?","?","M","M","?","R","M","T","$","M","R","?","E","R","B",null,"M","?","?","?","?","E","COS","?","T","M","M"],"character_chosen":"THE_ANIMATOR","items_purchased":["Shovel"],"campfire_rested":0,"item_purchase_floors":[10],"current_hp_per_floor":[66,66,57,57,51,46,46,46,46,46,46,46,46,53,53,47,83,74,74,74,62,62,13,13,13,13,6,0,0],"gold":184,"neow_bonus":"BOSS_RELIC","is_daily":false,"chose_seed":false,"campfire_upgraded":0,"win_rate":0.0,"timestamp":1612502466,"path_taken":["M","?","?","M","M","?","R","M","T","$","?","R","?","E","R","BOSS","M","?","?","?","?","E","COS","?","T","M","M"],"items_purchased_type":["Relic"],"build_version":"2020-12-22","purchased_purges":1,"victory":false,"max_hp_per_floor":[66,66,66,66,66,76,76,76,76,76,76,76,76,83,83,83,83,83,83,83,83,83,83,83,83,83,83,83,83],"card_choices":[{"not_picked":["animator:CowGirl","animator:Gillette","animator:Souei"],"picked":"SKIP","floor":1.0},{"not_picked":["animator:Viivi","animator:RinTohsaka","animator:Sebas"],"picked":"SKIP","floor":4.0},{"not_picked":["animator:TukaLunaMarceau","animator:MetalKnight","animator:SilverFang"],"picked":"SKIP","floor":5.0},{"not_picked":["animator:Shion","animator:Millim"],"picked":"animator:Vesta","floor":8.0},{"not_picked":["animator:Rider","animator:ChaikaTrabant","animator:MetalKnight"],"picked":"SKIP","floor":11.0},{"not_picked":["animator:Tatsumaki","animator:AcuraTooru","animator:Viivi"],"picked":"SKIP","floor":14.0},{"not_picked":["animator:Shizu","animator:Saber"],"picked":"animator:Gilgamesh","floor":16.0},{"not_picked":["animator:Berserker","animator:Assassin","animator:SakuraMatou+1"],"picked":"SKIP","floor":18.0},{"not_picked":["animator:Vesta","animator:Hakurou"],"picked":"animator:Shuna","floor":21.0},{"not_picked":["animator:Illya+1","animator:Hakurou"],"picked":"animator:Vesta+1","floor":23.0},{"not_picked":["animator:Tatsumaki","animator:LeleiLaLalena","animator:Sonic"],"picked":"SKIP","floor":27}],"player_experience":807148,"relics_obtained":[{"floor":12.0,"key":"Juzu Bracelet"},{"floor":14.0,"key":"Strawberry"},{"floor":15.0,"key":"Blood Vial"},{"floor":21.0,"key":"animator:EngravedStaff"},{"floor":21.0,"key":"WingedGreaves"},{"floor":23.0,"key":"Mercury Hourglass"},{"floor":26,"key":"Happy Flower"}],"event_choices":[],"is_beta":false,"boss_relics":[{"not_picked":["animator:CursedBlade","Calling Bell"],"picked":"Empty Cage"}],"items_purged_floors":[10],"is_endless":false,"potions_floor_spawned":[1,8,16,18,21,27],"killed_by":"Gensokyo:Swordslinger","ascension_level":1}}