{"host":"x1wt4ryasj4hxyw3","time":1612513801,"event":{"mods":["Act Like it!","BaseMod","CapriCore","CavMod","Gensokyo","GungeonMod","Lobotomy","LobotomyExtend","Minty Spire (QoL Compilation)","Prisma Mod","Quick Restart","Remilia£¨ÀÙÃ×ÀòÑÇ£©","RumiaBox-Â¶Ã×æ«µÄÉñÃØºÐ×Ó","StSLib","The Administrix","The Alterego","The Immortal","Youmu£¨»êÆÇÑýÃÎ£©","Yuyuko","¡¾¹¦ÄÜMod¡¿»ìãçÖ®»·ÐÞ¸´²¹¶¡"],"gold_per_floor":[114,133,133,143,143,143,159,170,225,237,249,289,311,342,354,469,481,508,199,124,74,109,139,139,174,174,24,24,83,83,97,97,199,199,216,216,216,227,260,260,289,289,289,324,344,110,130,145,145,145],"floor_reached":51,"language":"ZHS","playtime":3734,"items_purged":["GalaxyChild"],"score":706,"play_id":"9c685e68-bd80-4528-8a82-87806425cdfa","local_time":"20210205163001","is_ascension_mode":false,"campfire_choices":[{"data":"UnstableMagic","floor":6.0,"key":"SMITH"},{"data":"ScarletShoot","floor":11.0,"key":"SMITH"},{"floor":15,"key":"REST"},{"data":"QueenOfMidnight","floor":32,"key":"SMITH"},{"data":"KillingBlow","floor":40,"key":"SMITH"},{"data":"MastersStateliness","floor":42,"key":"SMITH"},{"data":"BlasphemousPunishment","floor":49,"key":"SMITH"}],"circlet_count":0,"master_deck":["Strike_RM","Strike_RM","Defend_RM","Defend_RM","Defend_RM","Defend_RM","RedMoon","ScarletShoot+1","UnstableMagic+1","KillingBlow+1","Wellcheers","UnderTheZenith","ReincarnationDial","FairyFestival","ForecastOfChange","MastersStateliness+1","DreamingCurrent","CharismaGuard","QueenOfMidnight+1","FavorOfDestiny","NightLord","OldLady","ScarletImprint+1","MillenniumVampire","BigBadWolf","DiffusionOfMisfortune+1","BlasphemousPunishment+1","FitfulNightmare","BodiesMountain","HeartBreak","Alriune","MiserableFate+1","Bandage Up","UnstableMagic","ForbiddenFruit+1","DespairKnight","StarOfDavid+1","Septette+1","Parasite","BlueStar","EndlessAdversity+1","BloodyCatastrophe","VampireKiss","EternalNight+1"],"relics":["ScarletHat","CogitoBucket","LetterFromLob","MawBank","AntiCross","TreeSap","Empty Cage","Gremlin Horn","LastBattle","ChangeAnything","DemoMod:Bottle","Frozen Eye","MealTicket","Gaze_r","ScarletEmblem","AtMidnight","BackwardClock","Oddly Smooth Stone","DemoMod:JetPack","FairyMaid"],"acts_visited":["Exordium","TheCity","TheBeyond"],"potions_floor_usage":[25,25,25,30,33,33,38,44,50,50],"damage_taken":[{"damage":0.0,"enemies":"2 Louse","floor":1.0,"turns":3.0},{"damage":6.0,"enemies":"Cultist","floor":2.0,"turns":5.0},{"damage":7.0,"enemies":"Small Slimes","floor":4.0,"turns":5.0},{"damage":10.0,"enemies":"Blue Slaver","floor":7.0,"turns":2.0},{"damage":3.0,"enemies":"2 Fungi Beasts","floor":8.0,"turns":4.0},{"damage":23.0,"enemies":"Lagavulin","floor":12.0,"turns":7.0},{"damage":41,"enemies":"Lots of Slimes","floor":13,"turns":5},{"damage":8,"enemies":"Looter","floor":14,"turns":2},{"damage":139,"enemies":"Hexaghost","floor":16,"turns":7},{"damage":60,"enemies":"3 Byrds","floor":18,"turns":7},{"damage":9,"enemies":"Spheric Guardian","floor":22,"turns":3},{"damage":81,"enemies":"Gremlin Leader","floor":23,"turns":7},{"damage":113,"enemies":"Snake Plant","floor":25,"turns":5},{"damage":15,"enemies":"Centurion and Healer","floor":29,"turns":4},{"damage":19,"enemies":"Cultist and Chosen","floor":30,"turns":3},{"damage":13,"enemies":"Cultist and Chosen","floor":31,"turns":5},{"damage":84,"enemies":"Automaton","floor":33,"turns":9},{"damage":30,"enemies":"Orb Walker","floor":35,"turns":4},{"damage":59,"enemies":"3 Shapes","floor":38,"turns":3},{"damage":40,"enemies":"Sphere and 2 Shapes","floor":39,"turns":3},{"damage":76,"enemies":"Nemesis","floor":41,"turns":3},{"damage":48,"enemies":"Reptomancer","floor":44,"turns":3},{"damage":21,"enemies":"Writhing Mass","floor":45,"turns":5},{"damage":94,"enemies":"Maw","floor":47,"turns":5},{"damage":31,"enemies":"Jaw Worm Horde","floor":48,"turns":5},{"damage":42,"enemies":"Donu and Deca","floor":50,"turns":5}],"seed_played":"6472355884651104177","potions_obtained":[{"floor":2.0,"key":"Dexterity Potion"},{"floor":4.0,"key":"Explosive Potion"},{"floor":8.0,"key":"Ancient Potion"},{"floor":22,"key":"SteroidPotion"},{"floor":23,"key":"PowerPotion"},{"floor":25,"key":"SteroidPotion"},{"floor":25,"key":"LiquidBronze"},{"floor":31,"key":"Strength Potion"},{"floor":31,"key":"Explosive Potion"},{"floor":38,"key":"SteroidPotion"},{"floor":41,"key":"DemoMod:BlankPotion"},{"floor":44,"key":"Block Potion"},{"floor":48,"key":"BlessingOfTheForge"}],"is_trial":false,"path_per_floor":["M","M","?","M","?","R","M","M","T","?","R","E","M","M","R","B",null,"M","$","?","$","M","E","?","M","T","$","?","M","M","M","R","B",null,"M","?","?","M","M","R","E","R","T","E","M","$","M","M","R","B",null],"character_chosen":"REMILIA","items_purchased":["NightLord","Gremlin Horn","FavorOfDestiny","Frozen Eye","BloodyCatastrophe"],"campfire_rested":1,"item_purchase_floors":[19,19,21,27,46],"current_hp_per_floor":[75,70,70,65,65,65,57,54,54,59,59,47,8,10,34,36,80,80,80,80,80,80,75,75,65,65,65,65,65,65,63,63,62,65,61,51,51,59,42,42,65,65,65,46,65,65,65,65,65,65],"gold":145,"neow_bonus":"","is_daily":false,"chose_seed":false,"campfire_upgraded":6,"win_rate":0.0,"timestamp":1612513801,"path_taken":["M","M","?","?","?","R","M","M","T","?","R","E","M","M","R","BOSS","M","$","?","$","M","E","?","M","T","?","?","M","?","M","R","BOSS","M","?","?","M","M","R","E","R","T","E","M","$","?","M","R","BOSS"],"items_purchased_type":["Card","Relic","Card","Relic","Card"],"build_version":"2020-12-22","purchased_purges":1,"victory":true,"max_hp_per_floor":[75,75,75,75,75,75,75,75,75,80,80,80,80,80,80,80,80,80,80,80,80,80,80,80,65,65,65,65,65,65,65,65,65,65,65,65,65,65,65,65,65,65,65,65,65,65,65,65,65,65],"card_choices":[{"not_picked":["Scorched","OldLady"],"picked":"QueenOfHatred","floor":1.0},{"not_picked":["BloodHunter","VampirishNight"],"picked":"EmergencyRegeneration","floor":1.0},{"not_picked":["Freischutz","UniverseFragment","WallGazer"],"picked":"Singing Bowl","floor":2.0},{"not_picked":["SpiderBud","CENSORED"],"picked":"CherryBlossoms","floor":2.0},{"not_picked":["BombardNight","StarOfDavid"],"picked":"TwelveNightmare","floor":2.0},{"not_picked":["ShyLook","UniverseFragment","QueenOfHatred"],"picked":"Singing Bowl","floor":4.0},{"not_picked":["CharismaGuard","NightDance"],"picked":"UnstableMagic","floor":4.0},{"not_picked":["OSAHOGD","BeautyBeast","Bloodbath"],"picked":"Singing Bowl","floor":7.0},{"not_picked":["Bloodbath","WallGazer"],"picked":"Wellcheers","floor":7.0},{"not_picked":["UnstableMagic","BombardNight"],"picked":"UnderTheZenith","floor":7.0},{"not_picked":["MHz","SpiderBud","WallGazer"],"picked":"Singing Bowl","floor":8.0},{"not_picked":["SpiderBud","SingingMachine"],"picked":"LongBird","floor":8.0},{"not_picked":["RedNightlessCastle","Stigmanizer"],"picked":"ReincarnationDial","floor":8.0},{"not_picked":["LittlePrince","WallGazer","FieryBird"],"picked":"Singing Bowl","floor":12.0},{"not_picked":["BlackSwan","OSAHOGD"],"picked":"FairyFestival","floor":12.0},{"not_picked":["ScarletDevil","EndlessAdversity"],"picked":"ForecastOfChange","floor":12.0},{"not_picked":["PunishingBird","QueenBee","HeroicMonk"],"picked":"Singing Bowl","floor":13},{"not_picked":["UniverseFragment","PunishingBird"],"picked":"Bloodbath","floor":13},{"not_picked":["BloodHunter","StarOfDavid"],"picked":"MastersStateliness","floor":13},{"not_picked":["CherryBlossoms","HeroicMonk"],"picked":"DreamingCurrent","floor":14},{"not_picked":["EmergencyRegeneration","FavorOfDestiny"],"picked":"CharismaGuard","floor":14},{"not_picked":["MHz","GreedKing"],"picked":"PlagueDoctor","floor":16},{"not_picked":["BatForm","DemonKingCradle"],"picked":"QueenOfMidnight","floor":16},{"not_picked":["MHz","BeautyBeast","Scarecrow"],"picked":"Singing Bowl","floor":18},{"not_picked":["RedNightlessCastle","AfternoonTea"],"picked":"FavorOfDestiny","floor":18},{"not_picked":["RedShoes","BeautyBeast","LaLuna"],"picked":"Singing Bowl","floor":22},{"not_picked":["QueenBee","WallGazer"],"picked":"OldLady","floor":22},{"not_picked":["EndlessAdversity","FavorOfDestiny"],"picked":"ScarletImprint+1","floor":22},{"not_picked":["Variant","Porccubus"],"picked":"MeltingLove","floor":23},{"not_picked":["BlasphemousPunishment+1","ReincarnationDial"],"picked":"MillenniumVampire","floor":23},{"not_picked":["Freischutz","BlackSwan"],"picked":"BigBadWolf","floor":25},{"not_picked":["RedNightlessCastle","UnderTheZenith"],"picked":"DiffusionOfMisfortune+1","floor":25},{"not_picked":["MHz","MeatLantern","GreedKing"],"picked":"Singing Bowl","floor":29},{"not_picked":["ChainGang","NightDance+1"],"picked":"BlasphemousPunishment","floor":29},{"not_picked":["CrumblingArmor","CherryBlossoms","Scorched"],"picked":"Singing Bowl","floor":31},{"not_picked":["BloodHunter","ScarletDevil"],"picked":"FitfulNightmare","floor":31},{"not_picked":["CrumblingArmor","LaLuna","UniverseFragment"],"picked":"Singing Bowl","floor":33},{"not_picked":["Laetitia","LongBird"],"picked":"BodiesMountain","floor":33},{"not_picked":["BloodyHallows","QueenOfMidnight"],"picked":"HeartBreak","floor":33},{"not_picked":["Bloodbath","NakedNest"],"picked":"Alriune","floor":35},{"not_picked":["FavorOfDestiny+1","RedRainbow"],"picked":"MiserableFate+1","floor":35},{"not_picked":["Enlightenment","Trip"],"picked":"Violence","floor":36},{"not_picked":["Swift Strike","DemoMod:Deposit"],"picked":"Bandage Up","floor":36},{"not_picked":["Transmutation","Bandage Up"],"picked":"Purity","floor":36},{"not_picked":["LittlePrince","CrumblingArmor"],"picked":"GalaxyChild","floor":38},{"not_picked":["TwelveNightmare+1","Ultimatum"],"picked":"UnstableMagic","floor":38},{"not_picked":["BeautyBeast","MeatLantern","QueenBee"],"picked":"Singing Bowl","floor":39},{"not_picked":["QueenOfMidnight","EmergencyRegeneration+1"],"picked":"ForbiddenFruit+1","floor":39},{"not_picked":["SpiderBud","WhitesApple"],"picked":"DespairKnight","floor":41},{"not_picked":["UnderTheZenith+1","RedRainbow"],"picked":"StarOfDavid+1","floor":41},{"not_picked":["BlackArmy","ShyLook","WallGazer"],"picked":"Singing Bowl","floor":44},{"not_picked":["Maim","MillenniumVampire"],"picked":"Septette+1","floor":44},{"not_picked":["BlackSwan","Porccubus","LongBird"],"picked":"Singing Bowl","floor":45},{"not_picked":["Funeral","BlackArmy"],"picked":"BlueStar","floor":45},{"not_picked":["UltimateOffering","DiffusionOfMisfortune"],"picked":"EndlessAdversity+1","floor":45},{"not_picked":["Porccubus","LittlePrince","CrumblingArmor"],"picked":"Singing Bowl","floor":47},{"not_picked":["NightDance+1","ChainGang+1"],"picked":"VampireKiss","floor":47},{"not_picked":["BlackSwan","HeroicMonk","Rudolta"],"picked":"Singing Bowl","floor":48},{"not_picked":["BombardNight+1","MastersStateliness+1"],"picked":"EternalNight+1","floor":48}],"player_experience":175477,"relics_obtained":[{"floor":1.0,"key":"LetterFromLob"},{"floor":9.0,"key":"MawBank"},{"floor":12.0,"key":"AntiCross"},{"floor":23,"key":"LastBattle"},{"floor":26,"key":"DemoMod:Bottle"},{"floor":28,"key":"MealTicket"},{"floor":38,"key":"AtMidnight"},{"floor":41,"key":"Oddly Smooth Stone"},{"floor":43,"key":"DemoMod:JetPack"},{"floor":44,"key":"FairyMaid"}],"event_choices":[{"cards_removed":["QueenOfHatred"],"damage_healed":0.0,"max_hp_gain":0.0,"max_hp_loss":0.0,"gold_gain":0.0,"event_name":"Purifier","player_choice":"Purged","floor":3.0,"gold_loss":0.0,"damage_taken":0.0},{"damage_healed":0.0,"max_hp_gain":0.0,"max_hp_loss":0.0,"gold_gain":0.0,"cards_transformed":["Strike_RM"],"event_name":"Living Wall","player_choice":"Change","floor":5.0,"gold_loss":0.0,"damage_taken":0.0,"cards_obtained":["KillingBlow"]},{"damage_healed":0.0,"max_hp_gain":5.0,"max_hp_loss":0.0,"gold_gain":0.0,"event_name":"Big Fish","player_choice":"Donut","floor":10.0,"gold_loss":0.0,"damage_taken":0.0},{"cards_removed":["PlagueDoctor"],"damage_healed":0,"gold_gain":0,"player_choice":"Gave Gold","damage_taken":0,"max_hp_gain":0,"max_hp_loss":0,"event_name":"Beggar","floor":20,"gold_loss":75},{"damage_healed":0,"gold_gain":0,"player_choice":"Relic","damage_taken":0,"max_hp_gain":0,"max_hp_loss":0,"event_name":"Wheel of Change","floor":28,"gold_loss":0},{"damage_healed":0,"gold_gain":0,"player_choice":"Memory 3","damage_taken":10,"max_hp_gain":0,"max_hp_loss":0,"event_name":"SensoryStone","floor":36,"gold_loss":0},{"damage_healed":0,"gold_gain":0,"player_choice":"Ignored","damage_taken":0,"max_hp_gain":0,"max_hp_loss":0,"event_name":"Tomb of Lord Red Mask","floor":37,"gold_loss":0}],"is_beta":false,"boss_relics":[{"not_picked":["Astrolabe","Snecko Eye"],"picked":"Empty Cage"},{"not_picked":["Sozu","Black Star"],"picked":"ScarletEmblem"}],"items_purged_floors":[46],"is_endless":false,"potions_floor_spawned":[2,4,8,22,25,30,31,38,41,44,48],"ascension_level":0}}