{"host":"xb2tau8pgi8aflss","time":1612532911,"event":{"mods":["AchievementEnabler","BaseMod","Hermit","Minty Spire (QoL Compilation)","StSLib","SuperFastMode"],"gold_per_floor":[116,391,34,44,44,82,82,122,122,157,157,157,157,157],"floor_reached":13,"language":"KOR","playtime":302,"items_purged":[],"score":149,"play_id":"6845cc04-407f-47f2-b831-5713b9a69679","local_time":"20210205224831","is_ascension_mode":true,"campfire_choices":[{"data":"hermit:Vantage","floor":7,"key":"SMITH"},{"floor":11,"key":"REST"}],"circlet_count":0,"master_deck":["hermit:Strike_Hermit","hermit:Strike_Hermit","hermit:Strike_Hermit","hermit:Strike_Hermit","hermit:Defend_Hermit","hermit:Defend_Hermit","hermit:Defend_Hermit","hermit:Defend_Hermit","hermit:Snapshot","hermit:Covet","hermit:CalledShot","Regret","hermit:BigShot+1","hermit:TrackingShot","hermit:CalledShot","hermit:Vantage+1","Injury","hermit:FlashPowder","hermit:Cheat+1","hermit:DeadMansHand+1"],"relics":["hermit:Momento","NeowsBlessing","Membership Card","Mummified Hand","Golden Idol","White Beast Statue","Toxic Egg 2","The Courier","InkBottle"],"acts_visited":["Exordium"],"potions_floor_usage":[13],"damage_taken":[{"damage":0,"enemies":"Jaw Worm","floor":1,"turns":1},{"damage":0,"enemies":"Cultist","floor":4,"turns":1},{"damage":0,"enemies":"Gremlin Nob","floor":6,"turns":1},{"damage":44,"enemies":"Lagavulin","floor":8,"turns":9},{"damage":11,"enemies":"Gremlin Nob","floor":10,"turns":4},{"damage":45,"enemies":"3 Sentries","floor":13,"turns":4}],"seed_played":"-7528766441413194852","potions_obtained":[{"floor":8,"key":"LiquidBronze"},{"floor":10,"key":"hermit:BlackBile"}],"is_trial":false,"path_per_floor":["M","?","$","M","?","E","R","E","T","E","R","?","E"],"character_chosen":"HERMIT","items_purchased":["Membership Card","Mummified Hand","hermit:BigShot","hermit:TrackingShot","hermit:CalledShot"],"campfire_rested":1,"item_purchase_floors":[3,3,3,3,3],"current_hp_per_floor":[75,75,75,75,75,75,75,31,31,20,42,42,0,0],"gold":157,"neow_bonus":"THREE_ENEMY_KILL","is_daily":false,"chose_seed":false,"campfire_upgraded":1,"win_rate":0.0,"timestamp":1612532911,"path_taken":["M","?","$","?","?","E","R","E","T","E","R","?","E"],"items_purchased_type":["Relic","Relic","Card","Card","Card"],"build_version":"2020-12-22","purchased_purges":0,"victory":false,"max_hp_per_floor":[75,75,75,75,75,75,75,75,75,75,75,75,75,75],"card_choices":[{"not_picked":["hermit:Manifest","hermit:LowProfile"],"picked":"hermit:CalledShot","floor":1},{"not_picked":["hermit:CalledShot","hermit:Roulette"],"picked":"hermit:Vantage","floor":4},{"not_picked":["hermit:LoneWolf","hermit:Brawl"],"picked":"hermit:FlashPowder","floor":6},{"not_picked":["hermit:Ricochet","hermit:HoleUp+1"],"picked":"hermit:Cheat+1","floor":8},{"not_picked":["hermit:LowProfile+1","hermit:Glare+1"],"picked":"hermit:DeadMansHand+1","floor":10}],"player_experience":808295,"relics_obtained":[{"floor":6,"key":"White Beast Statue"},{"floor":8,"key":"Toxic Egg 2"},{"floor":9,"key":"The Courier"},{"floor":10,"key":"InkBottle"}],"event_choices":[{"damage_healed":0,"gold_gain":275,"player_choice":"Desecrate","damage_taken":0,"max_hp_gain":0,"max_hp_loss":0,"event_name":"Golden Shrine","floor":2,"gold_loss":0,"cards_obtained":["Regret"]},{"damage_healed":0,"gold_gain":0,"player_choice":"Take Wound","damage_taken":0,"relics_obtained":["Golden Idol"],"max_hp_gain":0,"max_hp_loss":0,"event_name":"Golden Idol","floor":5,"gold_loss":0,"cards_obtained":["Injury"]},{"damage_healed":0,"gold_gain":0,"player_choice":"Upgraded","damage_taken":0,"max_hp_gain":0,"max_hp_loss":0,"event_name":"Upgrade Shrine","floor":12,"gold_loss":0,"cards_upgraded":["hermit:BigShot"]}],"is_beta":false,"boss_relics":[],"items_purged_floors":[],"is_endless":false,"potions_floor_spawned":[8,10],"killed_by":"3 Sentries","ascension_level":4}}