{"host":"0s8kyghz8ihx2r41","time":1612487460,"event":{"mods":["2.2 Compatiblity","Act Like it!","Bard","BaseMod","CapriCore","Chen","Conspire","Downfall","Friendly Minions","GungeonMod","Hermit","HololiveMod","Hubris","Koishi","Lobotomy","LobotomyExtend","Marisa（霧雨　魔理沙）","Minty Spire (QoL Compilation)","Monster B Gone","Morshu Shopkeeper","Onozuka Komachi Mod","Prisma Mod","READ ME - Snecko Mod","Reimu（博??梦）","Reliquary","Replay The Spire","Spire Birthday Party","StSLib","The Administrix","The Alterego","The Clintock","The Construct","The Cursed","The Disciple","The Druid","The Edgeheg","The Gatherer","The Immortal","The Marked","The Mystic","The Servant 0.9.4","TheVacant","Waifu the Spire","Yakumo Yukari mod","Yuyuko","everything is the same but u backflip on backflip","slay the spire mod where everything is the same but ironclad has a cowboy hat"],"gold_per_floor":[113,126,141,154,189,189,200,200,200,200,200,220,231,247,247,351,351,366,366,81,96,96,96],"floor_reached":22,"language":"ENG","playtime":957,"items_purged":[],"score":182,"play_id":"3702f36c-66db-4b72-8253-0e448bee66d5","local_time":"20210204201100","is_ascension_mode":false,"campfire_choices":[{"floor":6,"key":"REST"},{"data":"DemoMod:BSG","floor":11,"key":"SMITH"},{"data":"DemoMod:CombinedRifle","floor":15,"key":"SMITH"}],"circlet_count":0,"master_deck":["DemoMod:Strike_Huntress","DemoMod:Strike_Huntress","DemoMod:Strike_Huntress","DemoMod:Defend_Huntress","DemoMod:Defend_Huntress","DemoMod:Defend_Huntress","DemoMod:Defend_Huntress","DemoMod:Roll","DemoMod:ManualReload","DemoMod:RustySidearm","DemoMod:CrossBow+1","DemoMod:HungryBullets+1","DemoMod:PotionOfGunFriendShip","DemoMod:Camera","DemoMod:CombinedRifle+1","DemoMod:BSG+1","DemoMod:BattleInHaste","DemoMod:FightSabre","DemoMod:GunShield","DemoMod:HighKaliber","DemoMod:AbyssalTentacle","DemoMod:ShadowBullets+1"],"relics":["DemoMod:Dog","LetterFromLob","Ornamental Fan","Black Star"],"acts_visited":["Exordium","TheCity"],"potions_floor_usage":[16,16,16,20],"damage_taken":[{"damage":0,"enemies":"Cultist","floor":1,"turns":4},{"damage":0,"enemies":"Jaw Worm","floor":2,"turns":3},{"damage":0,"enemies":"2 Louse","floor":3,"turns":2},{"damage":28,"enemies":"Exordium Thugs","floor":4,"turns":7},{"damage":1,"enemies":"3 Louse","floor":5,"turns":4},{"damage":10,"enemies":"Large Slime","floor":7,"turns":5},{"damage":0,"enemies":"2 Fungi Beasts","floor":12,"turns":2},{"damage":0,"enemies":"3 Louse","floor":13,"turns":2},{"damage":0,"enemies":"Large Slime","floor":14,"turns":2},{"damage":48,"enemies":"The Guardian","floor":16,"turns":11},{"damage":32,"enemies":"3 Byrds","floor":18,"turns":5},{"damage":26,"enemies":"Shell Parasite","floor":21,"turns":4},{"damage":36,"enemies":"Shelled Parasite and Fungi","floor":22,"turns":4}],"seed_played":"442283743057038685","potions_obtained":[{"floor":3,"key":"Toxic Potion"},{"floor":4,"key":"ZuzhouPotion:ReiMu"},{"floor":13,"key":"PowerPotion"},{"floor":14,"key":"Reflective Coating"}],"is_trial":false,"path_per_floor":["M","M","M","M","M","R","M","?","T","?","R","M","M","M","R","B",null,"M","?","$","M","M"],"character_chosen":"HUNTRESS","items_purchased":["DemoMod:HighKaliber","DemoMod:AbyssalTentacle","Fruit Juice","DemoMod:ShadowBullets+1"],"campfire_rested":1,"item_purchase_floors":[20,20,20,20],"current_hp_per_floor":[70,70,70,42,41,62,52,52,52,52,52,52,52,52,52,4,70,38,38,43,17,0,0],"gold":96,"neow_bonus":"RANDOM_EVENT","is_daily":false,"chose_seed":false,"campfire_upgraded":2,"win_rate":0.0,"timestamp":1612487460,"path_taken":["M","?","M","M","?","R","M","?","T","?","R","M","M","M","R","BOSS","M","?","?","M","M"],"items_purchased_type":["Card","Card","Potion","Card"],"build_version":"2020-12-22","purchased_purges":0,"victory":false,"max_hp_per_floor":[70,70,70,70,70,70,70,70,70,70,70,70,70,70,70,70,70,70,70,75,75,75,75],"card_choices":[{"not_picked":["DemoMod:HuntsMan","DemoMod:ProbeStrike","DemoMod:Unmoved"],"picked":"SKIP","floor":1},{"not_picked":["DemoMod:EasyReloadBullets","DemoMod:GunstockTap"],"picked":"DemoMod:HungryBullets","floor":2},{"not_picked":["DemoMod:HungryBullets","DemoMod:ChanceBullets","DemoMod:CursedBullets"],"picked":"SKIP","floor":3},{"not_picked":["DemoMod:Behold!","DemoMod:ConditionalReflex"],"picked":"DemoMod:PotionOfGunFriendShip","floor":4},{"not_picked":["DemoMod:SniperShot","DemoMod:JK47"],"picked":"DemoMod:Camera","floor":5},{"not_picked":["DemoMod:Polaris","DemoMod:FortunesFavor"],"picked":"DemoMod:CombinedRifle","floor":7},{"not_picked":["DemoMod:PotionOfGunFriendShip","DemoMod:Ejector"],"picked":"DemoMod:BattleInHaste","floor":12},{"not_picked":["DemoMod:MachoBrace","DemoMod:AWP"],"picked":"DemoMod:FightSabre","floor":13},{"not_picked":["DemoMod:Ejector","DemoMod:PotionOfGunFriendShip","DemoMod:EasyReloadBullets"],"picked":"SKIP","floor":14},{"not_picked":["DemoMod:HardPowerCard","DemoMod:FeignSurrender"],"picked":"DemoMod:GunShield","floor":18},{"not_picked":["DemoMod:Polaris","DemoMod:HighKaliber","DemoMod:ChanceBullets"],"picked":"SKIP","floor":21}],"player_experience":347731,"relics_obtained":[{"floor":2,"key":"LetterFromLob"},{"floor":9,"key":"Ornamental Fan"}],"event_choices":[{"damage_healed":0,"gold_gain":0,"player_choice":"1 cards matched","damage_taken":0,"max_hp_gain":0,"max_hp_loss":0,"event_name":"Match and Keep!","floor":10,"gold_loss":0,"cards_obtained":["DemoMod:BSG"]},{"damage_healed":0,"gold_gain":0,"player_choice":"Forge","damage_taken":0,"max_hp_gain":0,"max_hp_loss":0,"event_name":"Accursed Blacksmith","floor":19,"gold_loss":0,"cards_upgraded":["DemoMod:HungryBullets"]}],"is_beta":false,"boss_relics":[{"not_picked":["Hololive_Finger","hubris:TerracottaHorce"],"picked":"Black Star"}],"items_purged_floors":[],"is_endless":false,"potions_floor_spawned":[3,4,13,14],"killed_by":"Shelled Parasite and Fungi","ascension_level":0}}