{"host":"e5u7qs1emxzejr12","time":1612535216,"event":{"mods":["100% Spire Juice","2.2 Compatiblity","Act Like it!","Arknights","Ascension Unlocker","BaseMod","CapriCore","Card Forge","Colored Powertips","Custom Start","GifTheSpireLib","Highlight Path","Minty Spire (QoL Compilation)","MostiFishMod","Quick Restart","Relic Filter Mod","Reliquary","Replay The Spire","StSLib","SuperFastMode","The Blackbeard","WarShipGirlsR/战舰少女R mod","篝火指南"],"gold_per_floor":[129,129,171,228,378,462,540,615,665,749,295,373,463,493,176,404,404,449,485,545,650,650,764,273,375,375,459,534,534,534,525,94,319,319,379,300,450,486,313,418,252,252,323,410,509,87,189,282,132,132,132,132,132,38,137,137],"floor_reached":57,"language":"ZHS","playtime":1699,"items_purged":[],"score":3951,"play_id":"e5255bd9-9f82-4563-aa66-130123d0275e","local_time":"20210205222656","daily_mods":["Heirloom","Flight","DeadlyEvents","Elite Swarm","Midas"],"is_ascension_mode":true,"campfire_choices":[{"floor":29.0,"key":"RECALL"},{"floor":53.0,"key":"DIG"}],"circlet_count":0,"master_deck":["AscendersBane","Zap+1","Seek+1","MostiFishMod:StrandedSiren+1","Biased Cognition+1","Electrodynamics+1","Creative AI+1","Defragment+1","BasicCrystalCard+1","MostiFishMod:ReadyAimFire+1","Fission+1","Amplify+1","Buffer+1","MostiFishMod:ActiveDefenseSystem+1","MostiFishMod:Prepare+1","Heatsinks+1","Defragment+1","Creative AI+1","Machine Learning+1","Storm+1","Heatsinks+1","MostiFishMod:Prepare+1"],"relics":["Cracked Core","Hammer of Thor","Seething Fire","Anvil of the Gods","DaveBox","Pondfish Scales","OneHitWonderSystem","SynthV:TestCard","WarpedTongs","Replay:Bottled Steam","Gremlin Horn","reliquary:Buckler","Nunchaku","Runic Capacitor","Art of War","reliquary:Knoch","CeramicFish","reliquary:PartyBalloon","reliquary:Bookmark","FeatherPendant","Frozen Egg 2","MutagenicStrength","Replay:Bottled Snecko","Unceasing Top","reliquary:RoseTintedGlasses","Toy Ornithopter","Divine Protection","Bag of Preparation","Replay:Wax Seal","ReplayTheSpireMod:CursedCoin","Omamori","Bottled Tornado","Lantern","Replay:Grab Bag","Sozu","Cursed Key","Snecko Heart","Cables","Civilization","reliquary:Stiletto","Membership Card","reliquary:JackalopeAntler","Replay:Arrowhead","Shovel","Chemical X","Lizard Tail","Bird Faced Urn","Replay:Ringing Soul","Regal Pillow","Carrot","reliquary:BoilingFlask","TheAbacus","StoneCalendar"],"acts_visited":["Exordium","TheCity","TheBeyond","TheEnding"],"potions_floor_usage":[],"damage_taken":[{"damage":0.0,"enemies":"2 Louse","floor":1.0,"turns":2.0},{"damage":0.0,"enemies":"Cultist","floor":3.0,"turns":2.0},{"damage":0.0,"enemies":"Small Slimes","floor":4.0,"turns":2.0},{"damage":0.0,"enemies":"3 Sentries","floor":6.0,"turns":7.0},{"damage":0.0,"enemies":"Lagavulin","floor":7.0,"turns":5.0},{"damage":0.0,"enemies":"Gremlin Nob","floor":8.0,"turns":3.0},{"damage":0.0,"enemies":"Lagavulin","floor":10.0,"turns":4.0},{"damage":0.0,"enemies":"Gremlin Nob","floor":12.0,"turns":2.0},{"damage":0.0,"enemies":"3 Sentries","floor":13.0,"turns":2.0},{"damage":0.0,"enemies":"Gremlin Gang","floor":14.0,"turns":1.0},{"damage":0.0,"enemies":"The Guardian","floor":16.0,"turns":2.0},{"damage":0.0,"enemies":"Shell Parasite","floor":18.0,"turns":3.0},{"damage":0.0,"enemies":"3 Byrds","floor":19.0,"turns":1.0},{"damage":0.0,"enemies":"Cultist and Chosen","floor":20.0,"turns":1.0},{"damage":0.0,"enemies":"Book of Stabbing","floor":21.0,"turns":2.0},{"damage":0.0,"enemies":"Gremlin Leader","floor":23.0,"turns":2.0},{"damage":0.0,"enemies":"Slavers","floor":25.0,"turns":2.0},{"damage":0.0,"enemies":"Book of Stabbing","floor":27.0,"turns":2.0},{"damage":0.0,"enemies":"Gremlin Leader","floor":28.0,"turns":1.0},{"damage":0.0,"enemies":"Champ","floor":33.0,"turns":2.0},{"damage":0.0,"enemies":"3 Darklings","floor":35.0,"turns":1.0},{"damage":0.0,"enemies":"3 Shapes","floor":38.0,"turns":1.0},{"damage":0.0,"enemies":"R_Hoarder","floor":40.0,"turns":2.0},{"damage":0.0,"enemies":"Nemesis","floor":44.0,"turns":1.0},{"damage":0.0,"enemies":"R_Hoarder","floor":45.0,"turns":3.0},{"damage":0.0,"enemies":"Nemesis","floor":47.0,"turns":3.0},{"damage":0.0,"enemies":"R_Hoarder","floor":48.0,"turns":2.0},{"damage":0.0,"enemies":"Replay:Hell Engine","floor":50.0,"turns":1.0},{"damage":0.0,"enemies":"Time Eater","floor":51.0,"turns":1.0},{"damage":0,"enemies":"Shield and Spear","floor":55,"turns":1},{"damage":0,"enemies":"The Heart","floor":56,"turns":4}],"seed_played":"-5649414150738481837","potions_obtained":[{"floor":7.0,"key":"SkillPotion"},{"floor":10.0,"key":"Venom Potion"},{"floor":20.0,"key":"Adrenaline Potion"}],"is_trial":true,"path_per_floor":["M","?","M","M","?","E","E","E","T","E","R","E","E","M","R","B",null,"M","M","M","E","?","E","R","E","T","E","E","R","$","$","R","B",null,"M","$","?","M","$","E","R","$","T","E","E","R","E","E","R","B","B",null,"R","$","E","B",null],"character_chosen":"DEFECT","items_purchased":["Runic Capacitor","Art of War","Defragment","BasicCrystalCard","reliquary:PartyBalloon","reliquary:Bookmark","Unceasing Top","reliquary:RoseTintedGlasses","ReplayTheSpireMod:CursedCoin","Omamori","Bottled Tornado","Lantern","Heatsinks+1","Civilization","Membership Card","Chemical X","Lizard Tail","Bird Faced Urn","Storm+1","Carrot","TheAbacus","Heatsinks+1"],"campfire_rested":0,"item_purchase_floors":[11,11,11,11,15,15,24,24,31,31,32,32,36,39,41,46,46,46,49,49,54,54],"current_hp_per_floor":[1,1,1,1,1,1,1,1,1,1,1,1,1,1,1,1,1,1,1,1,1,1,1,1,1,1,1,1,1,1,1,1,1,1,1,1,1,1,1,2,1,1,1,3,4,1,8,6,4,6,6,1,1,4,9,6],"gold":137,"neow_bonus":"","is_daily":false,"chose_seed":false,"campfire_upgraded":0,"win_rate":0.0,"timestamp":1612535216,"path_taken":["M","?","?","M","?","E","E","E","T","E","R","E","E","?","R","BOSS","M","?","?","?","?","E","R","E","T","E","E","R","$","$","R","BOSS","M","$","?","?","$","E","R","$","T","E","E","R","E","E","R","BOSS","BOSS","R","$","E","BOSS"],"items_purchased_type":["Relic","Relic","Card","Card","Relic","Relic","Relic","Relic","Relic","Relic","Relic","Relic","Card","Relic","Relic","Relic","Relic","Relic","Card","Relic","Relic","Card"],"build_version":"2020-12-22","purchased_purges":0,"victory":true,"max_hp_per_floor":[1,1,1,1,1,1,1,1,1,1,1,1,1,1,1,1,1,1,1,1,1,1,1,1,1,1,1,1,1,1,1,1,1,1,1,1,1,1,1,2,1,1,1,3,4,1,8,6,4,6,6,1,1,4,9,6],"card_choices":[{"not_picked":["Sweeping Beam","Skim","Compile Driver"],"picked":"SKIP","floor":1.0},{"not_picked":["ReplayTheSpireMod:GoodbyeWorld","Ball Lightning","Fusion","Stack","Streamline"],"picked":"SKIP","floor":3.0},{"not_picked":["Panic Button","Streamline","Beam Cell","Sweeping Beam"],"picked":"Seek","floor":4.0},{"not_picked":["MostiFishMod:Nova","Hyperbeam","Rainbow","MostiFishMod:ATRI"],"picked":"MostiFishMod:StrandedSiren","floor":6.0},{"not_picked":["Rainbow","MostiFishMod:TalkingToTheRain","Hyperbeam","MostiFishMod:IntelligentEquipment"],"picked":"Biased Cognition","floor":7.0},{"not_picked":["Rainbow","MostiFishMod:ActiveDefenseSystem","MostiFishMod:Exploitation","ReplayRNGCard"],"picked":"Electrodynamics","floor":8.0},{"not_picked":["MostiFishMod:TalkingToTheRain","Thunder Strike","MostiFishMod:StarOceanB","Biased Cognition"],"picked":"Creative AI","floor":10.0},{"not_picked":["Seek","MostiFishMod:IntelligentEquipment","MostiFishMod:TalkingToTheRain","MostiFishMod:StarOceanB"],"picked":"MostiFishMod:ReadyAimFire","floor":12.0},{"not_picked":["MostiFishMod:TalkingToTheRain","Meteor Strike","Seek","All For One"],"picked":"Fission","floor":13.0},{"not_picked":["Scrape","Reinforced Body","Genetic Algorithm","Barrage","Streamline"],"picked":"SKIP","floor":14.0},{"not_picked":["MostiFishMod:ReadyAimFire","MostiFishMod:ATRI","Thunder Strike","MostiFishMod:Culaccino"],"picked":"Amplify","floor":16.0},{"not_picked":["Auto Shields","Go for the Eyes","Doom and Gloom","Aggregate","Skim"],"picked":"SKIP","floor":18.0},{"not_picked":["Leap+1","Stack","Beam Cell+1","Cold Snap+1","Steam"],"picked":"SKIP","floor":19.0},{"not_picked":["Hologram","Gash","Rebound+1","Reprogram","Streamline"],"picked":"SKIP","floor":20.0},{"not_picked":["Hologram","Gash","Rebound+1","Reprogram","Streamline"],"picked":"SKIP","floor":20.0},{"not_picked":["MostiFishMod:StrandedSiren+1","Hyperbeam","MostiFishMod:InterfaceCompatibility+1","MostiFishMod:Nova"],"picked":"Buffer+1","floor":21.0},{"not_picked":["MostiFishMod:SeaWaves+1","Creative AI+1","ReplayRNGCard","MostiFishMod:Distribution"],"picked":"MostiFishMod:ActiveDefenseSystem+1","floor":23.0},{"not_picked":["ReplayTheSpireMod:Omega Cannon","Multi-Cast","MostiFishMod:Exploitation","MostiFishMod:DawningShadow+1","MostiFishMod:Culaccino"],"picked":"SKIP","floor":25.0},{"not_picked":["MostiFishMod:Overload","Machine Learning+1","MostiFishMod:SeaWaves+1","Thunder Strike"],"picked":"MostiFishMod:Prepare+1","floor":27.0},{"not_picked":["MostiFishMod:Nova","MostiFishMod:IntelligentEquipment+1","Biased Cognition+1","Meteor Strike","MostiFishMod:Culaccino"],"picked":"SKIP","floor":28.0},{"not_picked":["Go for the Eyes","Stack","MostiFishMod:PushDownKick","MostiFishMod:LinkProtocol","Doom and Gloom"],"picked":"SKIP","floor":35.0},{"not_picked":["Auto Shields","MostiFishMod:PushDownKick+1","White Noise+1","Gash+1"],"picked":"Defragment+1","floor":37.0},{"not_picked":["Streamline","Compile Driver","Loop+1","Conserve Battery","Gash+1"],"picked":"SKIP","floor":38.0},{"not_picked":["Hyperbeam","Meteor Strike","Mirror Shield","Rainbow","MostiFishMod:StarOceanB"],"picked":"SKIP","floor":40.0},{"not_picked":["Electrodynamics+1","MostiFishMod:DawningShadow+1","MostiFishMod:Distribution","All For One","Mirror Shield"],"picked":"SKIP","floor":44.0},{"not_picked":["MostiFishMod:StarOceanB","Electrodynamics+1","MostiFishMod:Distribution","MostiFishMod:StrandedSiren+1"],"picked":"Creative AI+1","floor":45.0},{"not_picked":["Biased Cognition+1","Meteor Strike","MostiFishMod:TalkingToTheRain+1","MostiFishMod:Hijack"],"picked":"Machine Learning+1","floor":47.0},{"not_picked":["Hyperbeam","Thunder Strike","Creative AI+1","Core Surge","MostiFishMod:StrandedSiren+1"],"picked":"SKIP","floor":48.0},{"not_picked":["Electrodynamics+1","Meteor Strike","Hyperbeam","MostiFishMod:IntelligentEquipment+1"],"picked":"MostiFishMod:Prepare+1","floor":55}],"player_experience":82053,"relics_obtained":[{"floor":1.0,"key":"SynthV:TestCard"},{"floor":6.0,"key":"Replay:Bottled Steam"},{"floor":7.0,"key":"Gremlin Horn"},{"floor":8.0,"key":"reliquary:Buckler"},{"floor":10.0,"key":"Nunchaku"},{"floor":12.0,"key":"reliquary:Knoch"},{"floor":13.0,"key":"CeramicFish"},{"floor":21.0,"key":"Frozen Egg 2"},{"floor":23.0,"key":"Replay:Bottled Snecko"},{"floor":25.0,"key":"Toy Ornithopter"},{"floor":26.0,"key":"Divine Protection"},{"floor":27.0,"key":"Bag of Preparation"},{"floor":28.0,"key":"Replay:Wax Seal"},{"floor":37.0,"key":"Cables"},{"floor":40.0,"key":"reliquary:Stiletto"},{"floor":43.0,"key":"reliquary:JackalopeAntler"},{"floor":44.0,"key":"Replay:Arrowhead"},{"floor":45.0,"key":"Shovel"},{"floor":47.0,"key":"Replay:Ringing Soul"},{"floor":48.0,"key":"Regal Pillow"},{"floor":53.0,"key":"reliquary:BoilingFlask"},{"floor":55,"key":"StoneCalendar"}],"event_choices":[{"damage_healed":0.0,"max_hp_gain":0.0,"max_hp_loss":0.0,"gold_gain":0.0,"event_name":"Accursed Blacksmith","player_choice":"Rummage","floor":2.0,"gold_loss":0.0,"damage_taken":0.0,"relics_obtained":["WarpedTongs"],"cards_obtained":["Pain"]},{"damage_healed":0.0,"max_hp_gain":0.0,"max_hp_loss":0.0,"gold_gain":150.0,"event_name":"Liars Game","player_choice":"AGREE","floor":5.0,"gold_loss":0.0,"damage_taken":0.0,"cards_obtained":["Doubt"]},{"damage_healed":0.0,"max_hp_gain":0.0,"max_hp_loss":0.0,"gold_gain":0.0,"event_name":"Drug Dealer","player_choice":"Inject Mutagens","floor":22.0,"gold_loss":0.0,"damage_taken":0.0,"relics_obtained":["MutagenicStrength"]}],"is_beta":false,"boss_relics":[{"not_picked":["Painkiller Herb","RhineCircuit"],"picked":"FeatherPendant"},{"not_picked":["MoonlightInvasionPlan","ChiXiaoBlade"],"picked":"Replay:Grab Bag"},{"not_picked":["Runic Dome","SlaversCollar"],"picked":"Sozu"},{"not_picked":["Busted Crown","Velvet Choker"],"picked":"Cursed Key"},{"not_picked":["Snecko Eye","Tiny House"],"picked":"Snecko Heart"}],"items_purged_floors":[],"is_endless":false,"potions_floor_spawned":[3,6,7,10,20,27,40,44,55],"ascension_level":20}}