{"host":"amvb77pwe2wp6zyc","time":1612524789,"event":{"mods":["2.2 Compatiblity","AchievementEnabler","AlwaysNeverKeys","BaseMod","BetterRewards","Downfall","Duelist Mod","GifTheSpireLib","Minty Spire (QoL Compilation)","Permanent Neow","Quick Restart","Relic Filter","Shop Mod","StSLib","SuperFastMode","Trackpad"],"gold_per_floor":[141,141,41,41,41,41,41,41],"floor_reached":7,"language":"DEU","playtime":273,"items_purged":["theDuelist:NaturiaBeast","theDuelist:CocoonParty"],"score":67,"play_id":"daa41fbf-20f7-4fe1-a053-4c6742eac7bb","local_time":"20210205123309","is_ascension_mode":true,"campfire_choices":[{"floor":6,"key":"DIG"}],"circlet_count":0,"master_deck":["AscendersBane","theDuelist:CastleWalls","theDuelist:CastleWalls","theDuelist:CastleWalls","theDuelist:NaturiaCliff","theDuelist:NaturiaRock","theDuelist:NaturiaTulip","theDuelist:Sparks","theDuelist:Sparks","theDuelist:Sparks","Forethought"],"relics":["theDuelist:MillenniumPuzzle","theDuelist:CardPoolRelic","theDuelist:CardPoolBasicRelic","theDuelist:BoosterPackPoolRelic","theDuelist:CardPoolAddRelic","theDuelist:CardPoolMinusRelic","theDuelist:CardPoolSaveRelic","theDuelist:CardPoolOptionsRelic","Peace Pipe","Calipers","Shovel","MerchantsRug","Golden Idol","Blue Candle"],"acts_visited":["Exordium"],"potions_floor_usage":[],"damage_taken":[{"damage":0,"enemies":"Jaw Worm","floor":1,"turns":4},{"damage":10,"enemies":"Lagavulin","floor":7,"turns":5}],"seed_played":"6273258716393019223","potions_obtained":[],"is_trial":false,"path_per_floor":["M","?","$","?","$","R","E"],"character_chosen":"THE_DUELIST","items_purchased":["Peace Pipe","Calipers","Shovel","MerchantsRug"],"campfire_rested":0,"item_purchase_floors":[0,0,0,0],"current_hp_per_floor":[31,7,7,7,7,7,0,0],"gold":41,"neow_bonus":"","is_daily":false,"chose_seed":false,"campfire_upgraded":0,"win_rate":0.0,"timestamp":1612524789,"path_taken":["M","?","$","?","$","R","E"],"items_purchased_type":["Relic","Relic","Relic","Relic"],"build_version":"2020-12-22","purchased_purges":2,"victory":false,"max_hp_per_floor":[70,70,70,70,70,70,70,70],"card_choices":[{"not_picked":["theDuelist:SurvivalInstinct+1","theDuelist:DemiseLand+1","theDuelist:SangaEarth+1"],"picked":"SKIP","floor":1}],"player_experience":403528,"relics_obtained":[{"floor":6,"key":"Blue Candle"}],"event_choices":[{"damage_healed":0,"gold_gain":0,"player_choice":"Take Damage","damage_taken":24,"relics_obtained":["Golden Idol"],"max_hp_gain":0,"max_hp_loss":0,"event_name":"Golden Idol","floor":2,"gold_loss":0},{"damage_healed":0,"gold_gain":0,"player_choice":"Leave","duelist":true,"damage_taken":0,"max_hp_gain":0,"max_hp_loss":0,"event_name":"Millennium Items","floor":4,"gold_loss":0}],"is_beta":false,"boss_relics":[],"items_purged_floors":[0,3],"is_endless":false,"potions_floor_spawned":[],"killed_by":"Lagavulin","ascension_level":16}}