{"host":"q6r63elxu27obe7v","time":1612528488,"event":{"mods":["2.2 Compatiblity","AchievementEnabler","BaseMod","CapriCore","Colored Map","DeckTracker","KOR Keyword Fix","Keyboard Shortcuts","Minty Spire (QoL Compilation)","Permanent Neow","Quick Restart","Replay The Spire","StSLib","SuperFastMode","everything is the same but u backflip on backflip","¡¼?Úª?ø«¡½REMEMod"],"gold_per_floor":[113,188,201,53,66,94,94,125,152,152,164,164,177,253,253,349,349,366,55,55,75,75,110,110,121,121,121,141,141,168,168,168,270,270,287,38,48,48,48,81,81,81,81,108,33,46,46,58,58,58,58,58,58,86,86],"floor_reached":56,"language":"KOR","playtime":1812,"items_purged":["Decay"],"score":1659,"play_id":"df7ba556-436e-41b3-88fb-888eb9fe0dc9","local_time":"20210205213448","is_ascension_mode":true,"campfire_choices":[{"data":"Massacre","floor":7,"key":"SMITH"},{"floor":10,"key":"REST"},{"data":"Offering","floor":15,"key":"SMITH"},{"floor":24,"key":"RECALL"},{"floor":27,"key":"REST"},{"floor":32,"key":"REST"},{"floor":42,"key":"REST"},{"floor":47,"key":"REST"},{"floor":49,"key":"REST"},{"floor":52,"key":"REST"}],"circlet_count":0,"master_deck":["Bash+1","Havoc","Flex","Eclipse","REME_FearOfPain","Hemokinesis+1","Massacre+1","Juggernaut","Rupture+1","ReplayTheSpireMod:Stacked","ReplayTheSpireMod:Stacked","Offering+1","Burning Pact+1","Dark Embrace","ReplayTheSpireMod:Stacked+1","Pommel Strike+1","Offering","Sword Boomerang+1","Necronomicurse","Seeing Red+1","Body Slam+1"],"relics":["REME_ComplimentaryCards","Pandora\u0027s Box","REME_HandOfSuture","Replay:Rubber Ducky","Bag of Preparation","Pear","Runic Pyramid","Ice Cream","Juzu Bracelet","Happy Flower","Gremlin Food","Necronomicon","ReplayTheSpireMod:Shallot","Peace Pipe","Oddly Smooth Stone","ReplayTheSpireMod:Lightbulb","Nunchaku"],"acts_visited":["Exordium","TheCity","TheBeyond","TheEnding"],"potions_floor_usage":[6,11,28,33,33,48,50,50],"damage_taken":[{"damage":0,"enemies":"Small Slimes","floor":1,"turns":2},{"damage":2,"enemies":"2 Louse","floor":3,"turns":2},{"damage":6,"enemies":"Jaw Worm","floor":5,"turns":1},{"damage":23,"enemies":"Replay:BlueRogue","floor":6,"turns":4},{"damage":24,"enemies":"3 Sentries","floor":8,"turns":5},{"damage":8,"enemies":"Exordium Thugs","floor":11,"turns":2},{"damage":6,"enemies":"Blue Slaver","floor":13,"turns":2},{"damage":15,"enemies":"Fading Forest","floor":16,"turns":11},{"damage":2,"enemies":"Spheric Guardian","floor":18,"turns":3},{"damage":23,"enemies":"Chosen","floor":21,"turns":3},{"damage":14,"enemies":"Book of Stabbing","floor":23,"turns":2},{"damage":0,"enemies":"Centurion and Healer","floor":25,"turns":2},{"damage":0,"enemies":"Snake Plant","floor":28,"turns":2},{"damage":24,"enemies":"Gremlin Leader","floor":30,"turns":2},{"damage":23,"enemies":"Collector","floor":33,"turns":6},{"damage":12,"enemies":"Orb Walker","floor":35,"turns":1},{"damage":12,"enemies":"3 Darklings","floor":37,"turns":4},{"damage":14,"enemies":"R_Hoarder","floor":40,"turns":4},{"damage":23,"enemies":"Reptomancer","floor":44,"turns":2},{"damage":8,"enemies":"Jaw Worm Horde","floor":46,"turns":2},{"damage":30,"enemies":"Writhing Mass","floor":48,"turns":3},{"damage":59,"enemies":"Donu and Deca","floor":50,"turns":3},{"damage":66,"enemies":"Shield and Spear","floor":54,"turns":6},{"damage":77,"enemies":"The Heart","floor":55,"turns":4}],"seed_played":"4289979477510150255","potions_obtained":[{"floor":1,"key":"Energy Potion"},{"floor":8,"key":"CultistPotion"},{"floor":11,"key":"BloodPotion"},{"floor":13,"key":"AttackPotion"},{"floor":21,"key":"FearPotion"},{"floor":35,"key":"Strength Potion"},{"floor":44,"key":"Regen Potion"},{"floor":48,"key":"LiquidBronze"}],"is_trial":false,"path_per_floor":["M","?","M","$","M","E","R","E","T","R","M","?","M","T","R_BF","B",null,"M","$","?","M","?","E","R","M","T","R","M","?","E","?","R","B",null,"M","$","M","?","?","E","?","R","T","E","$","M","R","M","R","B",null,"R","$","E","B",null],"character_chosen":"IRONCLAD","items_purchased":["Offering","Ice Cream","ReplayTheSpireMod:Shallot"],"campfire_rested":7,"item_purchase_floors":[4,19,36],"current_hp_per_floor":[72,61,59,59,53,30,30,6,6,30,38,38,32,42,42,27,74,72,72,72,49,31,17,17,17,17,45,45,45,21,5,33,10,74,62,62,50,50,50,36,36,64,64,41,41,33,61,40,68,9,74,95,95,29,30],"gold":86,"neow_bonus":"BOSS_RELIC","is_daily":false,"chose_seed":false,"campfire_upgraded":2,"win_rate":0.0,"timestamp":1612528488,"path_taken":["M","?","M","$","M","E","R","E","T","R","M","?","M","?","R_BF","BOSS","M","$","?","M","?","E","R","M","T","R","M","?","E","?","R","BOSS","M","$","M","?","?","E","?","R","T","E","$","M","R","M","R","BOSS","R","$","E","BOSS"],"items_purchased_type":["Card","Relic","Relic"],"build_version":"2020-12-22","purchased_purges":1,"victory":true,"max_hp_per_floor":[80,80,80,80,80,80,80,80,80,80,80,80,80,90,90,90,90,90,90,90,90,95,95,95,95,95,95,95,95,95,95,95,95,95,95,95,95,95,95,95,95,95,95,95,95,95,95,95,95,95,95,95,95,95,97],"card_choices":[{"not_picked":["ReplayTheSpireMod:Muscle Training","Run Through"],"picked":"ReplayTheSpireMod:Stacked","floor":1},{"not_picked":["Carnage","Anger"],"picked":"ReplayTheSpireMod:Stacked","floor":3},{"not_picked":["Clothesline","Life Link"],"picked":"Burning Pact","floor":5},{"not_picked":["ReplayTheSpireMod:Limb From Limb","Perfected Strike"],"picked":"Metallicize","floor":6},{"not_picked":["Perfected Strike","Reaper"],"picked":"Dark Embrace","floor":8},{"not_picked":["Anger","Headbutt","Dual Wield"],"picked":"SKIP","floor":11},{"not_picked":["REME_SingleHolding","Sword Boomerang"],"picked":"Pommel Strike","floor":13},{"not_picked":["Hemogenesis","Demon Form"],"picked":"Offering","floor":16},{"not_picked":["Anger+1","Replay:Undeath\u0027s Touch","Carnage"],"picked":"SKIP","floor":18},{"not_picked":["Clash","Perfected Strike","Rupture"],"picked":"SKIP","floor":21},{"not_picked":["Blood for Blood","True Grit"],"picked":"Sword Boomerang+1","floor":23},{"not_picked":["Shockwave","Sword Boomerang","REME_SingleHolding+1"],"picked":"SKIP","floor":25},{"not_picked":["Cleave","Carnage+1","Clothesline"],"picked":"SKIP","floor":28},{"not_picked":["Pummel+1","Replay:Undeath\u0027s Touch","Anger"],"picked":"SKIP","floor":30},{"not_picked":["Warcry+1","Pommel Strike","Spot Weakness+1"],"picked":"SKIP","floor":35},{"not_picked":["Clothesline+1","Cleave","Replay:Undeath\u0027s Touch"],"picked":"SKIP","floor":37},{"not_picked":["Abandon","Infernal Blade+1","Headbutt"],"picked":"SKIP","floor":40},{"not_picked":["Armaments+1","Pommel Strike+1"],"picked":"Seeing Red+1","floor":44},{"not_picked":["Clothesline+1","Armaments","Flex"],"picked":"SKIP","floor":46},{"not_picked":["Cleave+1","Heavy Blade","Juggernaut"],"picked":"SKIP","floor":48},{"not_picked":["ReplayTheSpireMod:LeadingStrike+1","Metallicize"],"picked":"Body Slam+1","floor":54}],"player_experience":149991,"relics_obtained":[{"floor":6,"key":"REME_HandOfSuture"},{"floor":8,"key":"Replay:Rubber Ducky"},{"floor":9,"key":"Bag of Preparation"},{"floor":14,"key":"Pear"},{"floor":23,"key":"Happy Flower"},{"floor":30,"key":"Gremlin Food"},{"floor":31,"key":"Necronomicon"},{"floor":40,"key":"Peace Pipe"},{"floor":43,"key":"Oddly Smooth Stone"},{"floor":44,"key":"ReplayTheSpireMod:Lightbulb"},{"floor":54,"key":"Nunchaku"}],"event_choices":[{"damage_healed":0,"gold_gain":75,"player_choice":"Gather Gold","damage_taken":11,"max_hp_gain":0,"max_hp_loss":0,"event_name":"World of Goop","floor":2,"gold_loss":0},{"damage_healed":0,"gold_gain":0,"player_choice":"Opened","damage_taken":0,"relics_obtained":["Juzu Bracelet"],"max_hp_gain":0,"max_hp_loss":0,"event_name":"The Mausoleum","floor":20,"gold_loss":0,"cards_obtained":["Writhe"]},{"damage_healed":0,"gold_gain":0,"player_choice":"Shed Blood","damage_taken":23,"max_hp_gain":5,"max_hp_loss":0,"event_name":"Forgotten Altar","floor":22,"gold_loss":0},{"damage_healed":0,"gold_gain":0,"player_choice":"Ignored","damage_taken":0,"max_hp_gain":0,"max_hp_loss":0,"event_name":"Vampires","floor":29,"gold_loss":0},{"damage_healed":0,"gold_gain":0,"player_choice":"Obtained Book","damage_taken":16,"max_hp_gain":0,"max_hp_loss":0,"event_name":"Cursed Tome","floor":31,"gold_loss":0},{"cards_removed":["Writhe"],"damage_healed":0,"gold_gain":0,"player_choice":"Purged","damage_taken":0,"max_hp_gain":0,"max_hp_loss":0,"event_name":"Purifier","floor":38,"gold_loss":0},{"damage_healed":0,"gold_gain":0,"player_choice":"Cursed","damage_taken":0,"max_hp_gain":0,"max_hp_loss":0,"event_name":"Wheel of Change","floor":39,"gold_loss":0,"cards_obtained":["Decay"]},{"cards_removed":["Metallicize"],"damage_healed":0,"gold_gain":0,"player_choice":"Removed Power","damage_taken":0,"max_hp_gain":0,"max_hp_loss":0,"event_name":"Falling","floor":41,"gold_loss":0}],"is_beta":false,"boss_relics":[{"not_picked":["Ectoplasm","REME_LowDesire"],"picked":"Runic Pyramid"},{"not_picked":["Honey Jar","Painkiller Herb","Ooze Armor"]}],"items_purged_floors":[45],"is_endless":false,"potions_floor_spawned":[1,8,11,13,21,23,25,35,44,48],"ascension_level":6}}