{"host":"t9l8sucsqkcz586p","time":1612488671,"event":{"mods":["BaseMod","Colored Map","DeckTracker","Keyboard Shortcuts","Minty Spire (QoL Compilation)","Permanent Neow","Quick Restart","StSLib","SuperFastMode","everything is the same but u backflip on backflip"],"gold_per_floor":[109,109,184,194,210,244,255,290,316,316,350,275,347,347,347,443,443,456,476,476,476,575,607,625,653,653,684,684,736,736,836,836,935,935,952,967,983,997,1042,1068,1068,1097,1175,1210,1210,1239,663,663,663,663,663,663,108,136,136],"floor_reached":56,"language":"KOR","playtime":3025,"items_purged":["Strike_P","Strike_P+1"],"score":1921,"play_id":"b1374b41-5d9d-4276-9104-5765cdde8d9b","local_time":"20210205103111","is_ascension_mode":true,"campfire_choices":[{"floor":10.0,"key":"RECALL"},{"floor":15.0,"key":"REST"},{"data":"1","floor":32,"key":"LIFT"},{"data":"2","floor":41,"key":"LIFT"},{"data":"3","floor":49,"key":"LIFT"},{"floor":52,"key":"REST"}],"circlet_count":0,"master_deck":["Strike_P+1","Eruption+1","Vigilance+1","LikeWater+1","LessonLearned+1","Halt+1","Wallop+1","Prostrate+1","Scrawl+1","ClearTheMind+1","InnerPeace+1","Fasting2+1","Study+1","Vengeance+1","Vault+1","CrushJoints+1","Vault+1","Adaptation+1","MentalFortress+1","Wireheading+1"],"relics":["Astrolabe","Bag of Preparation","Oddly Smooth Stone","Regal Pillow","Mercury Hourglass","Fusion Hammer","PreservedInsect","Ginger","Incense Burner","Girya","Blood Vial","CloakClasp","TeardropLocket","Empty Cage","Pocketwatch","Potion Belt","StrikeDummy","Singing Bowl","TungstenRod","CaptainsWheel","Strange Spoon","Bottled Flame","Medical Kit","Lantern","Happy Flower","Mummified Hand"],"acts_visited":["Exordium","TheCity","TheBeyond","TheEnding"],"potions_floor_usage":[55,55,55,55,55,55],"damage_taken":[{"damage":0.0,"enemies":"Jaw Worm","floor":1.0,"turns":4.0},{"damage":2.0,"enemies":"Small Slimes","floor":4.0,"turns":4.0},{"damage":0.0,"enemies":"2 Louse","floor":5.0,"turns":2.0},{"damage":0.0,"enemies":"Gremlin Nob","floor":6.0,"turns":3.0},{"damage":8.0,"enemies":"Blue Slaver","floor":7.0,"turns":3.0},{"damage":0.0,"enemies":"3 Sentries","floor":8.0,"turns":7.0},{"damage":2.0,"enemies":"Lagavulin","floor":11.0,"turns":5.0},{"damage":20.0,"enemies":"Slime Boss","floor":16.0,"turns":10.0},{"damage":0.0,"enemies":"Chosen","floor":18.0,"turns":3.0},{"damage":0.0,"enemies":"2 Thieves","floor":19.0,"turns":3.0},{"damage":4,"enemies":"Slavers","floor":23,"turns":5},{"damage":0,"enemies":"Chosen and Byrds","floor":24,"turns":5},{"damage":4,"enemies":"Gremlin Leader","floor":25,"turns":3},{"damage":5,"enemies":"Slavers","floor":27,"turns":6},{"damage":0,"enemies":"Colosseum Slavers","floor":31,"turns":4},{"damage":0,"enemies":"Colosseum Nobs","floor":31,"turns":3},{"damage":5,"enemies":"Automaton","floor":33,"turns":6},{"damage":2,"enemies":"Orb Walker","floor":35,"turns":4},{"damage":0,"enemies":"3 Shapes","floor":36,"turns":5},{"damage":14,"enemies":"Transient","floor":37,"turns":6},{"damage":0,"enemies":"Maw","floor":38,"turns":6},{"damage":0,"enemies":"2 Orb Walkers","floor":39,"turns":5},{"damage":0,"enemies":"Nemesis","floor":40,"turns":3},{"damage":0,"enemies":"Giant Head","floor":42,"turns":5},{"damage":0,"enemies":"Nemesis","floor":44,"turns":6},{"damage":0,"enemies":"Giant Head","floor":46,"turns":5},{"damage":0,"enemies":"Awakened One","floor":50,"turns":10},{"damage":4,"enemies":"Shield and Spear","floor":54,"turns":5},{"damage":6,"enemies":"The Heart","floor":55,"turns":7}],"seed_played":"-4455529942948425278","potions_obtained":[{"floor":5.0,"key":"AttackPotion"},{"floor":6.0,"key":"Weak Potion"},{"floor":11.0,"key":"DuplicationPotion"},{"floor":16.0,"key":"LiquidMemories"},{"floor":35,"key":"Swift Potion"},{"floor":42,"key":"EntropicBrew"},{"floor":46,"key":"Weak Potion"}],"is_trial":false,"path_per_floor":["M","?","?","M","M","E","M","E","T","R","E","$","T","?","R","B",null,"M","M","?","?","?","E","M","E","T","E","?","T","?","?","R","B",null,"M","M","M","M","?","E","R","E","T","E","?","E","$","?","R","B",null,"R","$","E","B",null],"character_chosen":"WATCHER","items_purchased":["Adaptation","Strange Spoon","Bottled Flame","MentalFortress","Medical Kit","Lantern","Happy Flower","DuplicationPotion"],"campfire_rested":2,"item_purchase_floors":[47,47,47,53,53,53,53,53],"current_hp_per_floor":[72,77,66,64,64,64,56,56,56,56,54,54,54,54,77,57,72,72,72,72,72,72,68,68,64,64,59,59,59,45,49,49,46,73,73,75,63,65,67,69,69,71,71,75,75,79,79,79,79,81,82,82,82,78,74],"gold":136,"neow_bonus":"BOSS_RELIC","is_daily":false,"chose_seed":false,"campfire_upgraded":0,"win_rate":0.0,"timestamp":1612488671,"path_taken":["M","?","?","M","M","E","M","E","T","R","E","$","?","?","R","BOSS","M","M","?","?","?","E","?","E","T","E","?","?","?","?","R","BOSS","M","M","M","M","?","E","R","E","T","E","?","E","$","?","R","BOSS","R","$","E","BOSS"],"items_purchased_type":["Card","Relic","Relic","Card","Relic","Relic","Relic","Potion"],"build_version":"2020-12-22","purchased_purges":2,"victory":true,"max_hp_per_floor":[72,77,77,77,77,77,77,77,77,77,77,77,77,77,77,77,77,77,77,77,77,77,77,77,77,77,77,77,77,82,82,82,82,82,82,82,82,82,82,82,82,82,82,84,84,86,86,82,82,82,82,82,82,82,82],"card_choices":[{"not_picked":["EmptyBody","Consecrate","WaveOfTheHand"],"picked":"SKIP","floor":1.0},{"not_picked":["ThirdEye","EmptyFist"],"picked":"Wallop","floor":4.0},{"not_picked":["EmptyMind","Fasting2"],"picked":"Prostrate","floor":5.0},{"not_picked":["FlyingSleeves","ClearTheMind"],"picked":"Scrawl","floor":6.0},{"not_picked":["Vengeance","Consecrate","JustLucky"],"picked":"SKIP","floor":7.0},{"not_picked":["FlurryOfBlows","SpiritShield","SandsOfTime"],"picked":"SKIP","floor":8.0},{"not_picked":["PathToVictory","Fasting2","SashWhip"],"picked":"SKIP","floor":11.0},{"not_picked":["FlyingSleeves+1","Vengeance+1","Nirvana"],"picked":"SKIP","floor":18.0},{"not_picked":["Crescendo+1","EmptyBody"],"picked":"ClearTheMind+1","floor":19.0},{"not_picked":["SandsOfTime+1","SashWhip"],"picked":"InnerPeace","floor":23},{"not_picked":["Crescendo","Prostrate+1"],"picked":"Fasting2","floor":24},{"not_picked":["ThirdEye","SashWhip","BowlingBash"],"picked":"SKIP","floor":25},{"not_picked":["Alpha","SashWhip"],"picked":"Study","floor":27},{"not_picked":["Establishment","Blasphemy"],"picked":"Vault","floor":33},{"not_picked":["EmptyBody+1","CrushJoints+1","BowlingBash"],"picked":"SKIP","floor":35},{"not_picked":["JustLucky","Evaluate","FollowUp"],"picked":"SKIP","floor":36},{"not_picked":["FlurryOfBlows","Meditate"],"picked":"CrushJoints+1","floor":37},{"not_picked":["Protect","Crescendo+1","FollowUp"],"picked":"SKIP","floor":38},{"not_picked":["PathToVictory","Prostrate"],"picked":"Vault","floor":40},{"not_picked":["Protect","Pray","ClearTheMind+1"],"picked":"SKIP","floor":42},{"not_picked":["Halt","JustLucky","Prostrate+1"],"picked":"Singing Bowl","floor":44},{"not_picked":["FollowUp","PathToVictory","WaveOfTheHand"],"picked":"Singing Bowl","floor":46},{"not_picked":["ClearTheMind+1","Nirvana"],"picked":"Wireheading+1","floor":54}],"player_experience":115938,"relics_obtained":[{"floor":6.0,"key":"Bag of Preparation"},{"floor":8.0,"key":"Oddly Smooth Stone"},{"floor":11.0,"key":"Regal Pillow"},{"floor":13.0,"key":"Mercury Hourglass"},{"floor":23,"key":"PreservedInsect"},{"floor":25,"key":"Ginger"},{"floor":26,"key":"Incense Burner"},{"floor":27,"key":"Girya"},{"floor":29,"key":"Blood Vial"},{"floor":31,"key":"CloakClasp"},{"floor":31,"key":"TeardropLocket"},{"floor":39,"key":"Pocketwatch"},{"floor":40,"key":"Potion Belt"},{"floor":42,"key":"StrikeDummy"},{"floor":43,"key":"Singing Bowl"},{"floor":44,"key":"TungstenRod"},{"floor":46,"key":"CaptainsWheel"},{"floor":54,"key":"Mummified Hand"}],"event_choices":[{"damage_healed":0.0,"max_hp_gain":5.0,"max_hp_loss":0.0,"gold_gain":0.0,"event_name":"Big Fish","player_choice":"Donut","floor":2.0,"gold_loss":0.0,"damage_taken":0.0},{"damage_healed":0.0,"max_hp_gain":0.0,"max_hp_loss":0.0,"gold_gain":75.0,"event_name":"World of Goop","player_choice":"Gather Gold","floor":3.0,"gold_loss":0.0,"damage_taken":11.0},{"damage_healed":0.0,"max_hp_gain":0.0,"max_hp_loss":0.0,"gold_gain":0.0,"event_name":"Liars Game","player_choice":"Ignored","floor":14.0,"gold_loss":0.0,"damage_taken":0.0},{"damage_healed":0.0,"max_hp_gain":0.0,"max_hp_loss":0.0,"gold_gain":0.0,"event_name":"Vampires","player_choice":"Ignored","floor":20.0,"gold_loss":0.0,"damage_taken":0.0},{"damage_healed":0,"gold_gain":0,"player_choice":"Ignored","damage_taken":0,"max_hp_gain":0,"max_hp_loss":0,"event_name":"The Mausoleum","floor":21,"gold_loss":0},{"damage_healed":0,"gold_gain":99,"player_choice":"Stole From Cult","damage_taken":0,"max_hp_gain":0,"max_hp_loss":0,"event_name":"Nest","floor":22,"gold_loss":0},{"damage_healed":0,"gold_gain":0,"player_choice":"Read","damage_taken":0,"max_hp_gain":0,"max_hp_loss":0,"event_name":"The Library","floor":28,"gold_loss":0,"cards_obtained":["Vengeance"]},{"damage_healed":0,"gold_gain":0,"player_choice":"Shed Blood","damage_taken":19,"max_hp_gain":5,"max_hp_loss":0,"event_name":"Forgotten Altar","floor":30,"gold_loss":0},{"damage_healed":0,"gold_gain":0,"player_choice":"Fight","damage_taken":0,"max_hp_gain":0,"max_hp_loss":0,"event_name":"Colosseum","floor":31,"gold_loss":0},{"damage_healed":0,"gold_gain":0,"player_choice":"Fought Nobs","damage_taken":0,"max_hp_gain":0,"max_hp_loss":0,"event_name":"Colosseum","floor":31,"gold_loss":0},{"damage_healed":0,"gold_gain":0,"player_choice":"Fight","damage_taken":0,"max_hp_gain":0,"max_hp_loss":0,"event_name":"Mysterious Sphere","floor":39,"gold_loss":0},{"damage_healed":0,"gold_gain":0,"player_choice":"Ignored","damage_taken":0,"max_hp_gain":0,"max_hp_loss":0,"event_name":"Tomb of Lord Red Mask","floor":45,"gold_loss":0},{"damage_healed":0,"gold_gain":0,"player_choice":"Max HP","damage_taken":0,"max_hp_gain":0,"max_hp_loss":4,"event_name":"Winding Halls","floor":48,"gold_loss":0}],"is_beta":false,"boss_relics":[{"not_picked":["Philosopher\u0027s Stone","Runic Pyramid"],"picked":"Fusion Hammer"},{"not_picked":["SlaversCollar","Cursed Key"],"picked":"Empty Cage"}],"items_purged_floors":[12,47],"is_endless":false,"potions_floor_spawned":[5,6,11,16,18,19,27,33,35,36,42,46],"ascension_level":5}}