{"host":"6q6idgl71g9ab7at","time":1612508713,"event":{"mods":["BaseMod","Minty Spire (QoL Compilation)","StSLib","SuperFastMode"],"gold_per_floor":[216,291,179,192,202,202,230,230,257,283,293,304,304,331,331,436,436,448,279,291,291,304,334,334,366,412,445,544,459,266,283,283,386,386,397,397,445,462,176,176,176,187,187,12,25,25,25,44,44,44,44],"floor_reached":50,"language":"KOR","playtime":950,"items_purged":["Defend_R","Defend_R","Strike_R","Strike_R","Strike_R"],"score":610,"play_id":"2667c5dc-5ee5-4895-87bb-0257c8f37f4d","local_time":"20210205160513","is_ascension_mode":true,"campfire_choices":[{"data":"Pommel Strike","floor":6.0,"key":"SMITH"},{"data":"Uppercut","floor":8.0,"key":"SMITH"},{"floor":15.0,"key":"REST"},{"data":"Bludgeon","floor":24.0,"key":"SMITH"},{"data":"Seeing Red","floor":32.0,"key":"SMITH"},{"data":"Limit Break","floor":40,"key":"SMITH"},{"data":"Limit Break","floor":41,"key":"SMITH"},{"data":"Pommel Strike","floor":46,"key":"SMITH"},{"data":"Double Tap","floor":49,"key":"SMITH"}],"circlet_count":0,"master_deck":["Strike_R+1","Defend_R+1","Defend_R","Bash","Dropkick","Pommel Strike+1","Clothesline","Uppercut+1","Seeing Red+1","Offering","Shrug It Off+1","Seeing Red","Warcry+1","Headbutt+1","Bludgeon+1","Flex+1","Dropkick","Dropkick","Limit Break+1","Intimidate+1","Pommel Strike+1","Limit Break+1","Dual Wield+1","Double Tap+1"],"relics":["Burning Blood","Nunchaku","Vajra","Anchor","Odd Mushroom","Philosopher\u0027s Stone","WingedGreaves","StoneCalendar","Potion Belt","Red Skull","Calipers","Snecko Eye","Omamori","Pen Nib"],"acts_visited":["Exordium","TheCity","TheBeyond"],"potions_floor_usage":[50,50,50,50],"damage_taken":[{"damage":7.0,"enemies":"Jaw Worm","floor":1.0,"turns":3.0},{"damage":1.0,"enemies":"Cultist","floor":4.0,"turns":3.0},{"damage":6.0,"enemies":"2 Louse","floor":5.0,"turns":2.0},{"damage":45.0,"enemies":"3 Sentries","floor":7.0,"turns":10.0},{"damage":12.0,"enemies":"Gremlin Nob","floor":10.0,"turns":3.0},{"damage":0.0,"enemies":"Large Slime","floor":11.0,"turns":4.0},{"damage":0.0,"enemies":"3 Louse","floor":12.0,"turns":2.0},{"damage":25.0,"enemies":"The Mushroom Lair","floor":14.0,"turns":4.0},{"damage":31.0,"enemies":"The Guardian","floor":16.0,"turns":12.0},{"damage":19.0,"enemies":"3 Byrds","floor":18.0,"turns":5.0},{"damage":0.0,"enemies":"Shell Parasite","floor":20.0,"turns":3.0},{"damage":0.0,"enemies":"Snecko","floor":22.0,"turns":3.0},{"damage":29.0,"enemies":"Slavers","floor":23.0,"turns":4.0},{"damage":19.0,"enemies":"Gremlin Leader","floor":25.0,"turns":3.0},{"damage":23.0,"enemies":"Book of Stabbing","floor":27.0,"turns":4.0},{"damage":7.0,"enemies":"Chosen and Byrds","floor":31.0,"turns":2.0},{"damage":31.0,"enemies":"Champ","floor":33.0,"turns":7.0},{"damage":2.0,"enemies":"Orb Walker","floor":35.0,"turns":2.0},{"damage":3.0,"enemies":"3 Darklings","floor":38.0,"turns":4.0},{"damage":6,"enemies":"4 Shapes","floor":42,"turns":3},{"damage":12,"enemies":"Sphere and 2 Shapes","floor":45,"turns":2},{"damage":45,"enemies":"Jaw Worm Horde","floor":48,"turns":4},{"damage":37,"enemies":"Awakened One","floor":50,"turns":3}],"seed_played":"3049026352514020966","potions_obtained":[{"floor":1.0,"key":"HeartOfIron"},{"floor":7.0,"key":"ElixirPotion"},{"floor":11.0,"key":"SkillPotion"},{"floor":18.0,"key":"ElixirPotion"},{"floor":23.0,"key":"SkillPotion"},{"floor":31.0,"key":"Weak Potion"},{"floor":33.0,"key":"HeartOfIron"},{"floor":35.0,"key":"BlessingOfTheForge"},{"floor":48,"key":"DuplicationPotion"}],"is_trial":false,"path_per_floor":["M","?","$","M","M","R","E","R","T","E","M","M","?","?","R","B",null,"M","$","M","?","M","E","R","E","T","E","?","?","$","M","R","B",null,"M","?","T","M","$","R","R","M","T","$","M","R","?","M","R","B"],"character_chosen":"IRONCLAD","items_purchased":["Dropkick","Seeing Red","Dropkick","Limit Break"],"campfire_rested":1,"item_purchase_floors":[3,19,30,39],"current_hp_per_floor":[79,71,71,76,76,76,37,37,37,31,37,43,27,8,32,7,80,67,67,73,73,79,56,56,43,43,26,26,26,26,41,41,34,80,80,80,80,80,80,80,80,80,80,80,74,74,74,35,35,0,0],"gold":44,"neow_bonus":"HUNDRED_GOLD","is_daily":false,"chose_seed":false,"campfire_upgraded":8,"win_rate":0.0,"timestamp":1612508713,"path_taken":["M","?","$","M","M","R","E","R","T","E","M","?","?","?","R","BOSS","M","$","M","?","M","E","R","E","T","E","?","?","$","M","R","BOSS","M","?","?","M","$","R","R","?","T","$","?","R","?","M","R","BOSS"],"items_purchased_type":["Card","Card","Card","Card"],"build_version":"2020-12-22","purchased_purges":5,"victory":false,"max_hp_per_floor":[80,80,80,80,80,80,80,80,80,80,80,80,80,80,80,80,80,80,80,80,80,80,80,80,80,80,80,80,80,80,80,80,80,80,80,80,80,80,80,80,80,80,80,80,80,80,80,80,80,80,80],"card_choices":[{"not_picked":["Intimidate","Reckless Charge","Fire Breathing"],"picked":"SKIP","floor":1.0},{"not_picked":["Anger","Flame Barrier"],"picked":"Pommel Strike","floor":4.0},{"not_picked":["Burning Pact","Blood for Blood"],"picked":"Clothesline","floor":5.0},{"not_picked":["Anger","Thunderclap"],"picked":"Uppercut","floor":7.0},{"not_picked":["Blood for Blood","Intimidate","Havoc"],"picked":"SKIP","floor":10.0},{"not_picked":["Blood for Blood","Armaments"],"picked":"Seeing Red","floor":11.0},{"not_picked":["Armaments","Wild Strike","Twin Strike"],"picked":"SKIP","floor":12.0},{"not_picked":["Immolate","Corruption"],"picked":"Offering","floor":16.0},{"not_picked":["Havoc","Sword Boomerang"],"picked":"Shrug It Off+1","floor":18.0},{"not_picked":["Thunderclap","Rage"],"picked":"Warcry+1","floor":20.0},{"not_picked":["Fiend Fire","Sentinel"],"picked":"Headbutt+1","floor":22.0},{"not_picked":["Sentinel","Wild Strike"],"picked":"Bludgeon","floor":23.0},{"not_picked":["Fiend Fire","Sword Boomerang"],"picked":"Flex+1","floor":25.0},{"not_picked":["Spot Weakness","Iron Wave"],"picked":"Reaper","floor":27.0},{"not_picked":["Pommel Strike","Warcry"],"picked":"Dropkick","floor":31.0},{"not_picked":["Bludgeon","Exhume"],"picked":"Limit Break","floor":33.0},{"not_picked":["Body Slam+1","Iron Wave"],"picked":"Intimidate+1","floor":35.0},{"not_picked":["Sever Soul","Clash+1"],"picked":"Pommel Strike","floor":38},{"not_picked":["Havoc","Power Through"],"picked":"Dual Wield+1","floor":42},{"not_picked":["Hemokinesis+1","Clash+1","Body Slam+1"],"picked":"SKIP","floor":45},{"not_picked":["Reckless Charge+1","Clash+1"],"picked":"Double Tap","floor":48}],"player_experience":8475,"relics_obtained":[{"floor":7.0,"key":"Nunchaku"},{"floor":9.0,"key":"Vajra"},{"floor":10.0,"key":"Anchor"},{"floor":14.0,"key":"Odd Mushroom"},{"floor":23.0,"key":"WingedGreaves"},{"floor":25.0,"key":"StoneCalendar"},{"floor":26.0,"key":"Potion Belt"},{"floor":27.0,"key":"Red Skull"},{"floor":37.0,"key":"Omamori"},{"floor":43,"key":"Pen Nib"}],"event_choices":[{"damage_healed":0.0,"max_hp_gain":0.0,"max_hp_loss":0.0,"gold_gain":75.0,"event_name":"FaceTrader","player_choice":"Touch","floor":2.0,"gold_loss":0.0,"damage_taken":8.0},{"damage_healed":0.0,"max_hp_gain":0.0,"max_hp_loss":0.0,"gold_gain":0.0,"event_name":"Shining Light","player_choice":"Entered Light","floor":13.0,"gold_loss":0.0,"damage_taken":16.0,"cards_upgraded":["Strike_R","Defend_R"]},{"damage_healed":0.0,"max_hp_gain":0.0,"max_hp_loss":0.0,"gold_gain":0.0,"event_name":"Mushrooms","player_choice":"Fought Mushrooms","floor":14.0,"gold_loss":0.0,"damage_taken":0.0},{"damage_healed":0.0,"max_hp_gain":0.0,"max_hp_loss":0.0,"gold_gain":0.0,"event_name":"Vampires","player_choice":"Ignored","floor":21.0,"gold_loss":0.0,"damage_taken":0.0},{"damage_healed":0.0,"max_hp_gain":0.0,"max_hp_loss":0.0,"gold_gain":99.0,"event_name":"Nest","player_choice":"Stole From Cult","floor":28.0,"gold_loss":0.0,"damage_taken":0.0},{"damage_healed":0.0,"max_hp_gain":0.0,"max_hp_loss":0.0,"gold_gain":0.0,"event_name":"Addict","player_choice":"Obtained Relic","floor":29.0,"gold_loss":85.0,"damage_taken":0.0,"relics_obtained":["Calipers"]},{"cards_removed":["Reaper"],"damage_healed":0.0,"max_hp_gain":0.0,"max_hp_loss":0.0,"gold_gain":0.0,"event_name":"Falling","player_choice":"Removed Attack","floor":36.0,"gold_loss":0.0,"damage_taken":0.0},{"cards_removed":["Strike_R"],"damage_healed":0,"gold_gain":0,"player_choice":"Offered Basic","damage_taken":0,"max_hp_gain":0,"max_hp_loss":0,"event_name":"Bonfire Elementals","floor":47,"gold_loss":0}],"is_beta":false,"boss_relics":[{"not_picked":["Mark of Pain","Velvet Choker"],"picked":"Philosopher\u0027s Stone"},{"not_picked":["Black Blood","Coffee Dripper"],"picked":"Snecko Eye"}],"items_purged_floors":[3,19,30,39,44],"is_endless":false,"potions_floor_spawned":[1,7,11,18,23,31,33,35,48],"killed_by":"Awakened One","ascension_level":4}}