{"host":"188x3om7sf6mgxv1","time":1612549203,"event":{"mods":["BaseMod","Downfall","Minty Spire (QoL Compilation)","Relic Stats","StSLib"],"gold_per_floor":[112,131,147,147,162,162,189,209,209,209,209],"floor_reached":9,"language":"ENG","playtime":414,"items_purged":[],"score":58,"play_id":"6bcc9d53-571d-4156-98c1-4641b379b9d2","local_time":"20210205132003","is_ascension_mode":true,"campfire_choices":[],"circlet_count":0,"master_deck":["Guardian:Strike_Guardian","Guardian:Strike_Guardian","Guardian:Strike_Guardian","Guardian:Strike_Guardian","Guardian:Defend_Guardian","Guardian:Defend_Guardian","Guardian:Defend_Guardian","Guardian:Defend_Guardian","Guardian:CurlUp","Guardian:TwinSlam","Guardian:SpikerProtocol","Guardian:DonusPower","Guardian:Gem_Crimson","Guardian:Gem_Lightblue","Guardian:Gem_Orange","Guardian:Gem_Red","Guardian:Gem_Blue","Guardian:PiercingHide","Guardian:CrystalBeam"],"relics":["Guardian:ModeShifter","Guardian:SackOfGems","CultistMask","Ancient Tea Set"],"acts_visited":["Exordium"],"potions_floor_usage":[],"damage_taken":[{"damage":5,"enemies":"Cultist","floor":1,"turns":4},{"damage":11,"enemies":"Jaw Worm","floor":2,"turns":4},{"damage":14,"enemies":"2 Louse","floor":3,"turns":6},{"damage":9,"enemies":"Blue Slaver","floor":5,"turns":4},{"damage":14,"enemies":"2 Fungi Beasts","floor":8,"turns":5},{"damage":44,"enemies":"Gremlin Nob","floor":9,"turns":6}],"seed_played":"-2070543548845728909","potions_obtained":[{"floor":1,"key":"Ancient Potion"},{"floor":8,"key":"Guardian:AcceleratePotion"}],"is_trial":false,"path_per_floor":["M","M","M","T","M","?","T","M","E"],"character_chosen":"GUARDIAN","items_purchased":[],"campfire_rested":0,"item_purchase_floors":[],"current_hp_per_floor":[83,72,58,58,49,49,49,35,0,0,0],"gold":209,"neow_bonus":"TEN_PERCENT_HP_BONUS","is_daily":false,"chose_seed":false,"campfire_upgraded":0,"win_rate":0.0,"timestamp":1612549203,"path_taken":["M","M","M","?","M","?","T","?","E"],"items_purchased_type":[],"build_version":"2020-12-22","purchased_purges":0,"victory":false,"max_hp_per_floor":[88,88,88,88,88,88,88,88,88,88,88],"relic_stats":{"counters":[6,28],"obtain_stats":[{"Guardian:ModeShifter":0,"Guardian:SackOfGems":4,"CultistMask":6,"Ancient Tea Set":7},{"Guardian:ModeShifter":0,"Guardian:SackOfGems":3,"CultistMask":4,"Ancient Tea Set":4},{"Guardian:ModeShifter":0,"Guardian:SackOfGems":13,"CultistMask":17,"Ancient Tea Set":17}]},"card_choices":[{"not_picked":["Guardian:BronzeOrb","Guardian:ChargeCore"],"picked":"Guardian:SpikerProtocol","floor":1},{"not_picked":["Guardian:VentSteam","Guardian:WalkerClaw"],"picked":"Guardian:DonusPower","floor":2},{"not_picked":["Guardian:Harden","Guardian:VentSteam","Guardian:TimeCapacitor"],"picked":"SKIP","floor":3},{"not_picked":["Guardian:TimeCapacitor","Guardian:Gem_Yellow"],"picked":"Guardian:PiercingHide","floor":5},{"not_picked":["Guardian:WalkerClaw","Guardian:BronzeOrb"],"picked":"Guardian:CrystalBeam","floor":8}],"player_experience":34052,"relics_obtained":[{"floor":4,"key":"Guardian:SackOfGems"},{"floor":7,"key":"Ancient Tea Set"}],"event_choices":[{"damage_healed":0,"gold_gain":0,"player_choice":"Trade","damage_taken":0,"relics_obtained":["CultistMask"],"max_hp_gain":0,"max_hp_loss":0,"event_name":"FaceTrader","floor":6,"gold_loss":0}],"is_beta":false,"boss_relics":[],"items_purged_floors":[],"is_endless":false,"potions_floor_spawned":[1,8],"killed_by":"Gremlin Nob","ascension_level":1}}