{"host":"rnjhaewkefy4rz3c","time":1612553678,"event":{"mods":["2.2 Compatiblity","AchievementEnabler","BaseMod","Colored Map","Downfall","Minty Spire (QoL Compilation)","Permanent Neow","StSLib"],"gold_per_floor":[99,109,109,109,109,136,190,217,17,48,48,48,63,94,113,209,209,209,220,231,231,246,257,282,323,223,249,249,249,268,268,296,402,402,402,430,430,446,455,298,298,315,359,359,459,492,592,619,631,631,631,666,173,173,173,173],"floor_reached":57,"language":"ENG","playtime":5516,"items_purged":["bronze:Strike"],"score":1482,"play_id":"1b9360b9-550e-456a-bdde-51ba0488bb99","local_time":"20210205153438","is_ascension_mode":true,"campfire_choices":[{"data":"bronze:Fortify","floor":1.0,"key":"SMITH"},{"floor":9.0,"key":"REST"},{"floor":11.0,"key":"REST"},{"floor":18.0,"key":"RECALL"},{"floor":26.0,"key":"REST"},{"data":"bronze:Format","floor":35.0,"key":"SMITH"},{"data":"bronze:InfiniteBeams","floor":44.0,"key":"SMITH"},{"floor":54.0,"key":"REST"}],"circlet_count":0,"master_deck":["bronze:Strike","bronze:Strike+1","bronze:Defend","bronze:Defend","bronze:Defend","bronze:Replicate+1","bronze:Goto","bronze:Fortify+1","bronze:ForceShield","bronze:Format+1","bronze:Backtrace","bronze:DelayedGuard+1","bronze:Separator","bronze:Backtrace","bronze:ThunderWave","bronze:Optimize","bronze:DelayedGuard","bronze:Constructor","bronze:Separator+1","bronze:Repair+1","bronze:InfiniteBeams+1","bronze:SpaghettiCode","bronze:Repulsor","expansioncontent:Chronoboost","bronze:ForLoop+1","bronze:HardenedForm","bronze:Terminator"],"relics":["bronze:BronzeCore","bronze:BottledCode","Nunchaku","Whetstone","Mummified Hand","downfall:HeartBlessingGreen","downfall:HeartBlessingBlue","Orichalcum","Smiling Mask","bronze:ElectromagneticCoil","CeramicFish","Singing Bowl","downfall:HeartBlessingRed","bronze:ProtectiveGoggles","MutagenicStrength","Runic Pyramid","TungstenRod","Letter Opener","Juzu Bracelet","White Beast Statue","War Paint","Toxic Egg 2","bronze:Mallet","Mango","HandDrill"],"acts_visited":["Exordium","TheCity","TheBeyond","TheEnding"],"potions_floor_usage":[56],"damage_taken":[{"damage":18.0,"enemies":"2 Louse","floor":2.0,"turns":3.0},{"damage":32.0,"enemies":"Lagavulin","floor":6.0,"turns":10.0},{"damage":19.0,"enemies":"Gremlin Nob","floor":8.0,"turns":4.0},{"damage":21.0,"enemies":"3 Sentries","floor":10.0,"turns":6.0},{"damage":6.0,"enemies":"Jaw Worm","floor":13.0,"turns":2.0},{"damage":2.0,"enemies":"Gremlin Nob","floor":14.0,"turns":3.0},{"damage":0.0,"enemies":"Small Slimes","floor":15.0,"turns":2.0},{"damage":5.0,"enemies":"DF_ARCHETYPE_STREAMLINE","floor":16.0,"turns":9.0},{"damage":9.0,"enemies":"Shell Parasite","floor":19.0,"turns":4.0},{"damage":6.0,"enemies":"Chosen and Byrds","floor":20.0,"turns":5.0},{"damage":19.0,"enemies":"Snake Plant","floor":22.0,"turns":5.0},{"damage":17.0,"enemies":"Centurion and Healer","floor":23.0,"turns":7.0},{"damage":4.0,"enemies":"Slavers","floor":25.0,"turns":4.0},{"damage":0.0,"enemies":"Gremlin Leader","floor":27.0,"turns":7.0},{"damage":6.0,"enemies":"Cultist and Chosen","floor":30.0,"turns":6.0},{"damage":2.0,"enemies":"Snake Plant","floor":32.0,"turns":3.0},{"damage":4.0,"enemies":"WA_ARCHETYPE_CALM","floor":33.0,"turns":8.0},{"damage":0.0,"enemies":"3 Darklings","floor":36.0,"turns":6.0},{"damage":3.0,"enemies":"3 Shapes","floor":38.0,"turns":3.0},{"damage":2.0,"enemies":"downfall:FleeingMerchant","floor":40.0,"turns":4.0},{"damage":0.0,"enemies":"Maw","floor":42.0,"turns":8.0},{"damage":13.0,"enemies":"Nemesis","floor":43.0,"turns":5.0},{"damage":0.0,"enemies":"downfall:LadyInBlue","floor":45.0,"turns":10.0},{"damage":2.0,"enemies":"Reptomancer","floor":46.0,"turns":9.0},{"damage":24.0,"enemies":"Giant Head","floor":48.0,"turns":8.0},{"damage":7.0,"enemies":"3 Darklings","floor":49.0,"turns":8.0},{"damage":33.0,"enemies":"IC_BLOCK_ARCHETYPE","floor":50.0,"turns":11.0},{"damage":31.0,"enemies":"downfall:CharBossMerchant","floor":52.0,"turns":10.0},{"damage":22,"enemies":"downfall:NeowBoss","floor":55,"turns":17},{"damage":22,"enemies":"downfall:NeowBossFinal","floor":56,"turns":11}],"seed_played":"-2117749402978373474","potions_obtained":[{"floor":2.0,"key":"Ancient Potion"},{"floor":10.0,"key":"DuplicationPotion"},{"floor":13.0,"key":"Regen Potion"},{"floor":16.0,"key":"hexamod:SoulburnPotion"},{"floor":19.0,"key":"Regen Potion"},{"floor":20.0,"key":"GamblersBrew"},{"floor":21.0,"key":"EntropicBrew"},{"floor":21.0,"key":"PowerPotion"},{"floor":23.0,"key":"Dexterity Potion"},{"floor":29.0,"key":"CultistPotion"},{"floor":30.0,"key":"SmokeBomb"},{"floor":33.0,"key":"bronze:BurnAndBuffPotion"},{"floor":36.0,"key":"BlessingOfTheForge"},{"floor":38.0,"key":"EssenceOfSteel"},{"floor":42.0,"key":"AttackPotion"},{"floor":45.0,"key":"LiquidMemories"},{"floor":45.0,"key":"Swift Potion"},{"floor":46.0,"key":"sneckomod:MuddlingPotion"},{"floor":48.0,"key":"BlessingOfTheForge"},{"floor":49.0,"key":"PowerPotion"},{"floor":52.0,"key":"EssenceOfSteel"}],"is_trial":false,"path_per_floor":["R","M","?","T","?","E","T","E","R","E","R","?","M","E","M","B",null,"R","M","M","?","M","M","T","E","R","E","?","?","M","?","M","B",null,"R","M","?","M","?","$","T","M","E","R","?","E","?","E","M","B",null,"E","$","R","B","B",null],"character_chosen":"THE_AUTOMATON","items_purchased":["bronze:HardenedForm","Mango","HandDrill"],"campfire_rested":4,"item_purchase_floors":[40,53,53],"current_hp_per_floor":[70,52,52,52,52,20,20,1,32,11,32,32,26,24,24,34,70,70,61,55,55,36,34,34,30,51,53,53,53,47,47,52,55,72,72,72,72,71,71,74,74,76,70,70,78,80,80,64,69,46,84,55,69,99,77,65],"gold":173,"neow_bonus":"TRANSFORM_CARD","is_daily":false,"chose_seed":false,"campfire_upgraded":3,"win_rate":0.0,"timestamp":1612553678,"path_taken":["R","M","?","?","?","E","T","E","R","E","R","?","M","E","M","BOSS","R","M","M","?","?","M","T","E","R","E","?","?","M","?","M","BOSS","R","M","?","?","?","$","T","M","E","R","?","E","?","E","M","BOSS","E","$","R","BOSS","BOSS"],"items_purchased_type":["Card","Relic","Relic"],"build_version":"2020-12-22","purchased_purges":1,"victory":true,"max_hp_per_floor":[70,70,60,60,60,60,60,60,70,70,70,70,70,70,70,70,70,70,70,70,70,70,70,70,70,70,72,72,72,72,72,72,72,72,72,72,72,74,74,74,74,76,76,76,78,80,80,82,84,84,84,86,100,100,100,100],"card_choices":[{"not_picked":["bronze:BuggyMess","bronze:Deprecate"],"picked":"bronze:ForceShield","floor":2.0},{"not_picked":["bronze:BitShift","bronze:Invalidate"],"picked":"bronze:Format","floor":6.0},{"not_picked":["bronze:FineTuning","bronze:Deprecate"],"picked":"bronze:Backtrace","floor":8.0},{"not_picked":["bronze:Iterate","bronze:WildBeam"],"picked":"bronze:DelayedGuard","floor":10.0},{"not_picked":["bronze:Deprecate","bronze:Safeguard"],"picked":"bronze:Separator","floor":13.0},{"not_picked":["bronze:GetLatest","bronze:Turbo","bronze:Overheat"],"picked":"SKIP","floor":14.0},{"not_picked":["bronze:Refactor","bronze:NullPointer"],"picked":"bronze:Backtrace","floor":15.0},{"not_picked":["bronze:HyperBeam","bronze:SpaghettiCode"],"picked":"bronze:ThunderWave","floor":16.0},{"not_picked":["bronze:MaxOutput","bronze:GetLatest","bronze:NullPointer"],"picked":"SKIP","floor":19.0},{"not_picked":["bronze:Overheat","bronze:BugBarrage"],"picked":"bronze:Optimize","floor":20.0},{"not_picked":["bronze:ChosenStrike+1","bronze:BugBarrage+1"],"picked":"bronze:DelayedGuard","floor":22.0},{"not_picked":["bronze:ForLoop+1","bronze:Deprecate"],"picked":"bronze:Constructor","floor":23.0},{"not_picked":["bronze:ChosenStrike+1","bronze:Refactor"],"picked":"bronze:Separator+1","floor":25.0},{"not_picked":["bronze:BitShift","bronze:FollowUp","bronze:Safeguard"],"picked":"Singing Bowl","floor":27.0},{"not_picked":["bronze:WhirlingStrike+1","bronze:FineTuning"],"picked":"bronze:Repair","floor":30.0},{"not_picked":["bronze:CloningBeam+1","bronze:Fortify"],"picked":"bronze:InfiniteBeams","floor":32.0},{"not_picked":["bronze:TinkerersToolbox","bronze:Mutator"],"picked":"bronze:SpaghettiCode","floor":33.0},{"not_picked":["bronze:Overheat+1","bronze:OilSpill+1"],"picked":"bronze:Repulsor","floor":36.0},{"not_picked":["bronze:DelayedGuard","bronze:Fortify","bronze:DelayedSlice"],"picked":"Singing Bowl","floor":38.0},{"not_picked":["expansioncontent:PrepareCrush","expansioncontent:LastStand"],"picked":"expansioncontent:Chronoboost","floor":39.0},{"not_picked":["bronze:BitShift","bronze:Constructor"],"picked":"bronze:ForLoop+1","floor":40.0},{"not_picked":["bronze:BugBarrage+1","bronze:Shield","bronze:MaxOutput"],"picked":"Singing Bowl","floor":42.0},{"not_picked":["bronze:Constructor","bronze:GetLatest"],"picked":"bronze:Terminator","floor":43.0},{"not_picked":["bronze:Invalidate+1","bronze:FollowUp+1","bronze:FineTuning"],"picked":"Singing Bowl","floor":45.0},{"not_picked":["bronze:Branch","bronze:SpaghettiCode","bronze:BitShift"],"picked":"Singing Bowl","floor":46.0},{"not_picked":["bronze:BugBarrage+1","bronze:Frontload+1","bronze:Flail"],"picked":"Singing Bowl","floor":48.0},{"not_picked":["bronze:WhirlingStrike","bronze:FindAndReplace+1","bronze:OilSpill"],"picked":"Singing Bowl","floor":49.0},{"not_picked":["bronze:Overheat+1","bronze:Hardcode","bronze:DarkDash+1"],"picked":"Singing Bowl","floor":52.0}],"player_experience":722286,"relics_obtained":[{"floor":6.0,"key":"Nunchaku"},{"floor":7.0,"key":"Whetstone"},{"floor":8.0,"key":"Mummified Hand"},{"floor":10.0,"key":"Orichalcum"},{"floor":14.0,"key":"Smiling Mask"},{"floor":24.0,"key":"CeramicFish"},{"floor":25.0,"key":"Singing Bowl"},{"floor":27.0,"key":"bronze:ProtectiveGoggles"},{"floor":37.0,"key":"TungstenRod"},{"floor":41.0,"key":"Letter Opener"},{"floor":43.0,"key":"Juzu Bracelet"},{"floor":45.0,"key":"White Beast Statue"},{"floor":46.0,"key":"War Paint"},{"floor":48.0,"key":"Toxic Egg 2"},{"floor":52.0,"key":"bronze:Mallet"}],"event_choices":[{"damage_healed":0.0,"max_hp_gain":0.0,"max_hp_loss":0.0,"gold_gain":0.0,"event_name":"Lab","player_choice":"Got Potions","floor":21.0,"gold_loss":0.0,"damage_taken":0.0},{"damage_healed":0.0,"max_hp_gain":0.0,"max_hp_loss":0.0,"gold_gain":0.0,"event_name":"Drug Dealer","player_choice":"Inject Mutagens","floor":28.0,"gold_loss":0.0,"damage_taken":0.0,"relics_obtained":["MutagenicStrength"]},{"damage_healed":0.0,"max_hp_gain":0.0,"max_hp_loss":0.0,"gold_gain":0.0,"event_name":"Wheel of Change","player_choice":"Relic","floor":37.0,"gold_loss":0.0,"damage_taken":0.0}],"is_beta":false,"boss_relics":[{"not_picked":["Pandora\u0027s Box","Velvet Choker"],"picked":"bronze:ElectromagneticCoil"},{"not_picked":["bronze:MakeshiftBattery","SacredBark"],"picked":"Runic Pyramid"}],"items_purged_floors":[53],"is_endless":false,"potions_floor_spawned":[2,10,13,16,19,20,23,30,33,36,38,42,45,46,48,49,52],"ascension_level":2}}