{"host":"24vdok87ydm8sokm","time":1612515393,"event":{"mods":["AchievementEnabler","BaseMod","Colored Map","Colored Powertips","Downfall","Marisa????????","Minty Spire (QoL Compilation)","StSLib","The Cursed","The Servant 0.9.4"],"gold_per_floor":[99,114,129,129,144,174,174,204,4,34,34,34,49,64,79,179,179,179,194,209,224,224,224,224,224,254,269,125,125,125,155,155,155,155],"floor_reached":32,"language":"ENG","playtime":4612,"items_purged":[],"score":325,"play_id":"8556b6bb-ecec-419c-8dc4-a614eae9c7b2","local_time":"20210205025633","daily_mods":["Heirloom","Purple Cards","Elite Swarm"],"is_ascension_mode":false,"campfire_choices":[{"floor":1.0,"key":"RECALL"},{"floor":9.0,"key":"REST"},{"floor":11.0,"key":"REST"},{"data":"Slimebound:PrepareCrush","floor":18.0,"key":"SMITH"},{"floor":23.0,"key":"REST"},{"floor":25.0,"key":"REST"}],"circlet_count":0,"master_deck":["Slimebound:Strike_Slimebound","Slimebound:Strike_Slimebound+1","Slimebound:Strike_Slimebound","Slimebound:Tackle+1","Slimebound:Defend_Slimebound","Slimebound:Defend_Slimebound","Slimebound:Defend_Slimebound","Slimebound:Defend_Slimebound","Slimebound:Split","Slimebound:CorrosiveSpit","Slimebound:Prepare","Slimebound:SlimeBrawl","ReachHeaven","Slimebound:MassFeed","Slimebound:MassFeed","LessonLearned","Slimebound:Replication+1","Evaluate","Slimebound:SplitMire","Slimebound:Prepare","Slimebound:PrepareCrush+1","Slimebound:Chomp","Slimebound:SplitAcid","Evaluate","Pride","SpiritShield","EmptyBody+1","Slimebound:HauntingLick","Slimebound:SlimeTap","Slimebound:SlimeSpikes+1","Wish"],"relics":["Slimebound:AbsorbEndCombat","WingedGreaves","Peace Pipe","bronze:BronzeIdol","downfall:HeartBlessingRed","downfall:HeartBlessingBlue","Akabeko","Sozu","Potion Belt","Regal Pillow","Unceasing Top","champ:DeflectingBracers"],"acts_visited":["Exordium","TheCity"],"potions_floor_usage":[32],"damage_taken":[{"damage":7.0,"enemies":"Jaw Worm","floor":2.0,"turns":6.0},{"damage":0.0,"enemies":"Cultist","floor":3.0,"turns":4.0},{"damage":1.0,"enemies":"2 Louse","floor":5.0,"turns":5.0},{"damage":21.0,"enemies":"3 Sentries","floor":6.0,"turns":6.0},{"damage":19.0,"enemies":"Lagavulin","floor":8.0,"turns":5.0},{"damage":23.0,"enemies":"Gremlin Nob","floor":10.0,"turns":4.0},{"damage":7.0,"enemies":"Blue Slaver","floor":13.0,"turns":3.0},{"damage":1.0,"enemies":"2 Fungi Beasts","floor":14.0,"turns":3.0},{"damage":0.0,"enemies":"3 Louse","floor":15.0,"turns":3.0},{"damage":36.0,"enemies":"Slime Boss","floor":16.0,"turns":9.0},{"damage":38.0,"enemies":"3 Byrds","floor":19.0,"turns":4.0},{"damage":23.0,"enemies":"Shell Parasite","floor":20.0,"turns":5.0},{"damage":26.0,"enemies":"Centurion and Healer","floor":21.0,"turns":7.0},{"damage":65.0,"enemies":"Slavers","floor":26.0,"turns":6.0},{"damage":1,"enemies":"Snake Plant","floor":27,"turns":4},{"damage":4,"enemies":"downfall:FleeingMerchant","floor":28,"turns":4},{"damage":34,"enemies":"Gremlin Leader","floor":31,"turns":7},{"damage":16,"enemies":"3 Cultists","floor":32,"turns":3}],"seed_played":"-4735054310349275430","potions_obtained":[{"floor":5.0,"key":"Explosive Potion"},{"floor":10.0,"key":"Fire Potion"},{"floor":14.0,"key":"SkillPotion"},{"floor":16.0,"key":"sneckomod:MuddlingPotion"}],"is_trial":false,"path_per_floor":["R","M","M","?","M","E","T","E","R","E","R","?","M","M","M","B",null,"R","M","M","M","?","R","T","R","E","M","$","?","?","E","M"],"character_chosen":"SLIMEBOUND","items_purchased":["Slimebound:SlimeTap","Slimebound:SlimeSpikes"],"campfire_rested":4,"item_purchase_floors":[28,28],"current_hp_per_floor":[65,64,65,65,65,44,44,29,61,43,66,66,62,69,72,47,93,93,61,42,24,24,51,51,93,36,39,37,37,37,11,0,0,0],"gold":155,"neow_bonus":"","is_daily":true,"chose_seed":false,"campfire_upgraded":1,"win_rate":0.0,"timestamp":1612515393,"path_taken":["R","M","M","?","?","E","T","E","R","E","R","?","M","?","M","BOSS","R","M","M","M","?","R","T","R","E","M","$","?","?","E","M"],"items_purchased_type":["Card","Card"],"build_version":"2020-12-22","purchased_purges":0,"victory":false,"max_hp_per_floor":[65,65,65,65,65,65,65,65,75,78,78,78,81,87,90,93,93,93,93,93,93,93,93,93,93,93,93,93,93,93,93,93,93,93],"card_choices":[{"not_picked":["CrushJoints","Slimebound:FlameTackle"],"picked":"Slimebound:Prepare","floor":2.0},{"not_picked":["PathToVictory","SpiritShield"],"picked":"Slimebound:SamplingLick","floor":3.0},{"not_picked":["Halt","Crescendo"],"picked":"ReachHeaven","floor":5.0},{"not_picked":["Slimebound:SelfFormingGoo","Scrawl"],"picked":"Slimebound:MassFeed","floor":6.0},{"not_picked":["Slimebound:WasteNot","Brilliance"],"picked":"Slimebound:MassFeed","floor":8.0},{"not_picked":["Slimebound:SelfFormingGoo","Slimebound:Recycling"],"picked":"LessonLearned","floor":10.0},{"not_picked":["CutThroughFate","PathToVictory"],"picked":"Evaluate","floor":13.0},{"not_picked":["Slimebound:PressTheAttack","Slimebound:DivideAndConquer"],"picked":"Slimebound:SplitMire","floor":14.0},{"not_picked":["CrushJoints","Slimebound:ComboTackle"],"picked":"Slimebound:Prepare","floor":15.0},{"not_picked":["ConjureBlade","Alpha"],"picked":"Slimebound:PrepareCrush","floor":16.0},{"not_picked":["Crescendo","Swivel"],"picked":"Slimebound:Chomp","floor":19.0},{"not_picked":["Slimebound:Nibble","JustLucky+1"],"picked":"Slimebound:SplitAcid","floor":20.0},{"not_picked":["Halt","EmptyFist"],"picked":"Evaluate","floor":21.0},{"not_picked":["Blasphemy","Vault"],"picked":"SpiritShield","floor":26},{"not_picked":["Crescendo","Study"],"picked":"EmptyBody+1","floor":27},{"not_picked":["Slimebound:LeechEnergy","Slimebound:Gluttony"],"picked":"Slimebound:HauntingLick","floor":28},{"not_picked":["Slimebound:WasteNot","Establishment"],"picked":"Wish","floor":31}],"player_experience":74215,"relics_obtained":[{"floor":6.0,"key":"Peace Pipe"},{"floor":8.0,"key":"bronze:BronzeIdol"},{"floor":10.0,"key":"Akabeko"},{"floor":24.0,"key":"Regal Pillow"},{"floor":26,"key":"Unceasing Top"},{"floor":31,"key":"champ:DeflectingBracers"}],"event_choices":[{"damage_healed":0.0,"max_hp_gain":0.0,"max_hp_loss":0.0,"gold_gain":0.0,"cards_transformed":["Slimebound:SamplingLick"],"event_name":"Transmorgrifier","player_choice":"Transformed","floor":4.0,"gold_loss":0.0,"damage_taken":0.0,"cards_obtained":["Slimebound:SlimeBrawl"]},{"damage_healed":0.0,"max_hp_gain":0.0,"max_hp_loss":0.0,"gold_gain":0.0,"event_name":"Match and Keep!","player_choice":"1 cards matched","floor":12.0,"gold_loss":0.0,"damage_taken":0.0,"cards_obtained":["Slimebound:Replication"]},{"damage_healed":0.0,"max_hp_gain":0.0,"max_hp_loss":0.0,"gold_gain":0.0,"event_name":"Addict","player_choice":"Stole Relic","floor":22.0,"gold_loss":0.0,"damage_taken":0.0,"relics_obtained":["Potion Belt"],"cards_obtained":["Pride"]}],"is_beta":false,"boss_relics":[{"not_picked":["sneckomod:SneckoTalon","Slimebound:TarBlob"],"picked":"Sozu"}],"items_purged_floors":[],"is_endless":false,"potions_floor_spawned":[5,10,14,16,19,20,31],"killed_by":"3 Cultists","ascension_level":0}}