{"host":"fnk117zi8wf5078t","time":1612537186,"event":{"mods":["AchievementEnabler","BaseMod","Colored Map","Minty Spire (QoL Compilation)","Rare Cards Sparkle","SuperFastMode","everything is the same but u backflip on backflip"],"gold_per_floor":[114,189,207,218,229,229,404,404,404,422,422,432,445,77,77,172,172,172,172],"floor_reached":18,"language":"KOR","playtime":400,"items_purged":["Doubt"],"score":239,"play_id":"d43683cc-89c6-4f34-b579-35e4c04daa4c","local_time":"20210205235946","is_ascension_mode":true,"campfire_choices":[{"floor":6.0,"key":"REST"},{"data":"Beam Cell","floor":8.0,"key":"SMITH"},{"floor":15.0,"key":"REST"}],"circlet_count":0,"master_deck":["AscendersBane","Strike_B","Strike_B","Strike_B","Strike_B","Defend_B","Defend_B","Defend_B","Defend_B","Zap","Dualcast","Steam Power","Beam Cell+1","Streamline","Gash","Sweeping Beam","FTL","Machine Learning"],"relics":["Nuclear Battery","Cables","Lizard Tail","Runic Dome"],"acts_visited":["Exordium","TheCity"],"potions_floor_usage":[16],"damage_taken":[{"damage":9.0,"enemies":"2 Louse","floor":1.0,"turns":3.0},{"damage":5.0,"enemies":"Small Slimes","floor":3.0,"turns":4.0},{"damage":4.0,"enemies":"Jaw Worm","floor":4.0,"turns":4.0},{"damage":8.0,"enemies":"Blue Slaver","floor":5.0,"turns":4.0},{"damage":9.0,"enemies":"Exordium Wildlife","floor":10.0,"turns":4.0},{"damage":20.0,"enemies":"Gremlin Gang","floor":12.0,"turns":4.0},{"damage":22.0,"enemies":"Lots of Slimes","floor":13.0,"turns":4.0},{"damage":51,"enemies":"The Guardian","floor":16,"turns":9},{"damage":0,"enemies":"3 Byrds","floor":18,"turns":1}],"seed_played":"-3699432827312689295","potions_obtained":[{"floor":1.0,"key":"AttackPotion"},{"floor":5.0,"key":"PowerPotion"},{"floor":13.0,"key":"CultistPotion"}],"is_trial":false,"path_per_floor":["M","?","M","M","M","R","?","R","T","M","?","M","M","$","R","B",null,"M"],"character_chosen":"DEFECT","items_purchased":["Lizard Tail"],"campfire_rested":2,"item_purchase_floors":[14],"current_hp_per_floor":[59,48,43,39,31,53,53,53,53,44,49,29,7,7,31,21,65,65,65],"gold":172,"neow_bonus":"BOSS_RELIC","is_daily":false,"chose_seed":false,"campfire_upgraded":1,"win_rate":0.0,"timestamp":1612537186,"path_taken":["M","?","M","M","M","R","?","R","T","M","?","M","M","$","R","BOSS","M"],"items_purchased_type":["Relic"],"build_version":"2020-12-22","purchased_purges":1,"victory":false,"max_hp_per_floor":[75,75,75,75,75,75,75,75,75,75,80,80,80,80,80,80,80,80,80],"card_choices":[{"not_picked":["Consume","Leap","Rebound"],"picked":"SKIP","floor":1.0},{"not_picked":["Redo","Loop"],"picked":"Steam Power","floor":3.0},{"not_picked":["Leap","Streamline"],"picked":"Beam Cell","floor":4.0},{"not_picked":["Storm","Go for the Eyes"],"picked":"Streamline","floor":5.0},{"not_picked":["Go for the Eyes","Rebound"],"picked":"Gash","floor":10.0},{"not_picked":["Cold Snap","Rebound"],"picked":"Sweeping Beam","floor":12.0},{"not_picked":["Rebound","Amplify"],"picked":"FTL","floor":13.0},{"not_picked":["Seek","Meteor Strike"],"picked":"Machine Learning","floor":16}],"player_experience":425949,"relics_obtained":[{"floor":9.0,"key":"Cables"}],"event_choices":[{"damage_healed":0.0,"max_hp_gain":0.0,"max_hp_loss":0.0,"gold_gain":75.0,"event_name":"World of Goop","player_choice":"Gather Gold","floor":2.0,"gold_loss":0.0,"damage_taken":11.0},{"damage_healed":0.0,"max_hp_gain":0.0,"max_hp_loss":0.0,"gold_gain":175.0,"event_name":"Liars Game","player_choice":"AGREE","floor":7.0,"gold_loss":0.0,"damage_taken":0.0,"cards_obtained":["Doubt"]},{"damage_healed":0.0,"max_hp_gain":5.0,"max_hp_loss":0.0,"gold_gain":0.0,"event_name":"Big Fish","player_choice":"Donut","floor":11.0,"gold_loss":0.0,"damage_taken":0.0}],"is_beta":false,"boss_relics":[{"not_picked":["Cursed Key","SacredBark"],"picked":"Runic Dome"}],"items_purged_floors":[14],"is_endless":false,"potions_floor_spawned":[1,5,10,13],"killed_by":"3 Byrds","ascension_level":11}}