{"host":"rxqgn04mcfja67mv","time":1612544787,"event":{"mods":["AchievementEnabler","BaseMod","BetterRewards","Grow up Mod","Hermit","Hubris","Minty Spire (QoL Compilation)","Replay The Spire","Shop Mod","StSLib","The Bug Knight"],"gold_per_floor":[115,128,128,140,152,186,199,219,219,247,247,262,280,295,295,399,399,380,216,216,232,232,232,275,275,302,339,339,365,389,417,417,417,417],"floor_reached":33,"language":"ENG","playtime":2494,"items_purged":[],"score":403,"play_id":"6b88947d-ec6a-48aa-a242-42410e104f09","local_time":"20210205170627","is_ascension_mode":false,"campfire_choices":[{"floor":11,"key":"REST"},{"floor":15,"key":"REST"},{"floor":23,"key":"RECALL"},{"floor":25,"key":"REST"},{"floor":32,"key":"REST"}],"circlet_count":0,"master_deck":["hermit:Defend_Hermit","hermit:Defend_Hermit","hermit:Defend_Hermit","hermit:Defend_Hermit","hermit:Snapshot","hermit:Covet","hermit:Maintenance","hermit:Shortfuse","Replay:Sssssssssstrike","hermit:FromBeyond","hermit:Grudge","hermit:GhostlyPresence","hermit:Combo","hermit:Manifest","hermit:HoleUp","hermit:HighCaliber","hermit:Enervate","hermit:ShadowCloak","hermit:Roughhouse+1","hermit:Coalescence+1","ReplayUltimateDefense+1","Metamorphosis+1","Replay:Sssssssssshield+1","Bite","Bite","Bite","Bite","Bite","hermit:TakeAim","RitualDagger","hermit:Dive","hermit:Ricochet","hermit:Roulette","hermit:Feint+1","hermit:RoundhouseKick+1"],"relics":["hermit:Momento","NeowsBlessing","Golden Egg","hubris:MysteriousPyramids","Replay:Bottled Flurry","hubris:Backtick","Membership Card","ReplayTheSpireMod:ShopPack","MerchantsRug","CeramicFish","Ancient Tea Set"],"acts_visited":["Exordium","TheCity"],"potions_floor_usage":[6,16,18,24,24,24,33],"damage_taken":[{"damage":0,"enemies":"Small Slimes","floor":1,"turns":1},{"damage":0,"enemies":"Cultist","floor":2,"turns":1},{"damage":0,"enemies":"2 Louse","floor":4,"turns":1},{"damage":8,"enemies":"2 Fungi Beasts","floor":5,"turns":4},{"damage":49,"enemies":"Lagavulin","floor":6,"turns":7},{"damage":7,"enemies":"Lots of Slimes","floor":7,"turns":5},{"damage":7,"enemies":"Blue Slaver","floor":8,"turns":3},{"damage":64,"enemies":"Gremlin Nob","floor":10,"turns":6},{"damage":10,"enemies":"Looter","floor":12,"turns":4},{"damage":12,"enemies":"Exordium Wildlife","floor":13,"turns":4},{"damage":0,"enemies":"Large Slime","floor":14,"turns":6},{"damage":107,"enemies":"Hexaghost","floor":16,"turns":12},{"damage":12,"enemies":"2 Thieves","floor":18,"turns":4},{"damage":34,"enemies":"3 Byrds","floor":21,"turns":7},{"damage":97,"enemies":"Book of Stabbing","floor":24,"turns":9},{"damage":87,"enemies":"Gremlin Leader","floor":27,"turns":8},{"damage":19,"enemies":"Sentry and Sphere","floor":29,"turns":4},{"damage":48,"enemies":"3 Cultists","floor":30,"turns":6},{"damage":59,"enemies":"Centurion and Healer","floor":31,"turns":7},{"damage":173,"enemies":"Champ","floor":33,"turns":18}],"seed_played":"5596955226757871693","potions_obtained":[{"floor":1,"key":"SteroidPotion"},{"floor":6,"key":"EssenceOfSteel"},{"floor":8,"key":"Energy Potion"},{"floor":12,"key":"Explosive Potion"},{"floor":13,"key":"PowerPotion"},{"floor":21,"key":"Doom Potion"},{"floor":29,"key":"Adrenaline Potion"}],"is_trial":false,"path_per_floor":["M","M","?","M","M","E","M","M","T","E","R","M","M","M","R","B",null,"M","$","?","M","?","R","E","R","T","E","?","M","M","M","R","B"],"character_chosen":"HERMIT","items_purchased":["ReplayTheSpireMod:ShopPack","MerchantsRug","BlessingOfTheForge"],"campfire_rested":4,"item_purchase_floors":[19,19,19],"current_hp_per_floor":[95,105,115,125,127,88,91,94,104,50,115,115,113,123,200,103,255,253,263,202,178,182,192,113,195,205,132,147,138,104,57,160,0,0],"gold":417,"neow_bonus":"THREE_ENEMY_KILL","is_daily":false,"chose_seed":false,"campfire_upgraded":0,"win_rate":0.0,"timestamp":1612544787,"path_taken":["M","M","?","M","M","E","M","?","T","E","R","M","M","M","R","BOSS","M","$","?","M","?","R","E","R","T","E","?","M","M","?","R","BOSS"],"items_purchased_type":["Relic","Relic","Potion"],"build_version":"2020-12-22","purchased_purges":0,"victory":false,"max_hp_per_floor":[95,105,115,125,135,145,155,165,175,185,195,205,215,225,235,245,255,265,275,202,212,222,232,242,252,262,272,282,292,302,312,322,322,322],"card_choices":[{"not_picked":["hermit:PistolWhip","hermit:Headshot"],"picked":"hermit:Maintenance","floor":1},{"not_picked":["hermit:Determination","hermit:HoleUp"],"picked":"hermit:Shortfuse","floor":2},{"not_picked":["hermit:LoneWolf","hermit:LowProfile"],"picked":"hermit:Quickdraw","floor":4},{"not_picked":["hermit:Desperado","hermit:HighCaliber"],"picked":"hermit:Grudge","floor":5},{"not_picked":["hermit:Scavenge","hermit:Magnum"],"picked":"hermit:GhostlyPresence","floor":6},{"not_picked":["hermit:Gestalt","hermit:Coalescence"],"picked":"hermit:Combo","floor":7},{"not_picked":["hermit:Quickdraw","hermit:WideOpen"],"picked":"hermit:Manifest","floor":8},{"not_picked":["hermit:FlashPowder","hermit:TrackingShot"],"picked":"hermit:HoleUp","floor":10},{"not_picked":["hermit:LowProfile","hermit:PistolWhip"],"picked":"hermit:HighCaliber","floor":12},{"not_picked":["hermit:WideOpen","hermit:Snipe"],"picked":"hermit:Enervate","floor":13},{"not_picked":["hermit:Showdown","hermit:GhostlyPresence"],"picked":"hermit:ShadowCloak","floor":14},{"not_picked":["hermit:HighNoon","hermit:OverwhelmingPower"],"picked":"hermit:Roughhouse","floor":16},{"not_picked":["hermit:SprayPray","hermit:Virtue"],"picked":"hermit:Coalescence+1","floor":18},{"not_picked":["Transmutation","Master of Strategy"],"picked":"ReplayUltimateDefense","floor":19},{"not_picked":["Magnetism","Dramatic Entrance"],"picked":"Metamorphosis","floor":19},{"not_picked":["Panacea","Bandage Up"],"picked":"Replay:Sssssssssshield","floor":19},{"not_picked":["hermit:Desperado","hermit:BigShot"],"picked":"hermit:TakeAim","floor":21},{"not_picked":["hermit:Misfire","hermit:Snipe"],"picked":"hermit:Dive","floor":24},{"not_picked":["hermit:Spite","hermit:Coalescence"],"picked":"hermit:Ricochet","floor":27},{"not_picked":["hermit:PistolWhip","hermit:HoleUp"],"picked":"hermit:Roulette","floor":29},{"not_picked":["hermit:Desperado","hermit:LowProfile"],"picked":"hermit:Feint+1","floor":30},{"not_picked":["hermit:HoleUp","hermit:TrackingShot"],"picked":"hermit:RoundhouseKick","floor":31}],"player_experience":416353,"relics_obtained":[{"floor":6,"key":"Golden Egg"},{"floor":9,"key":"hubris:MysteriousPyramids"},{"floor":10,"key":"Replay:Bottled Flurry"},{"floor":24,"key":"CeramicFish"},{"floor":27,"key":"Ancient Tea Set"}],"event_choices":[{"damage_healed":0,"gold_gain":0,"player_choice":"2 cards matched","damage_taken":0,"max_hp_gain":0,"max_hp_loss":0,"event_name":"Match and Keep!","floor":3,"gold_loss":0,"cards_obtained":["Replay:Sssssssssstrike","hermit:FromBeyond"]},{"damage_healed":0,"gold_gain":0,"player_choice":"Became a vampire","damage_taken":0,"max_hp_gain":0,"max_hp_loss":83,"event_name":"Vampires","floor":20,"gold_loss":0,"cards_obtained":["Bite","Bite","Bite","Bite","Bite"]},{"damage_healed":0,"gold_gain":0,"player_choice":"Joined the Cult","damage_taken":6,"max_hp_gain":0,"max_hp_loss":0,"event_name":"Nest","floor":22,"gold_loss":0,"cards_obtained":["RitualDagger"]},{"cards_removed":["hermit:Quickdraw"],"damage_healed":5,"gold_gain":0,"player_choice":"Offered Common","damage_taken":0,"max_hp_gain":0,"max_hp_loss":0,"event_name":"Bonfire Elementals","floor":28,"gold_loss":0},{"cards_removed":["hermit:Quickdraw"],"damage_healed":5,"gold_gain":0,"player_choice":"Offered Special","damage_taken":0,"max_hp_gain":0,"max_hp_loss":0,"event_name":"Bonfire Elementals","floor":28,"gold_loss":0}],"is_beta":false,"boss_relics":[{"not_picked":["hubris:GrandSneckoEye","Black Star"],"picked":"hubris:Backtick"}],"items_purged_floors":[],"is_endless":false,"potions_floor_spawned":[1,6,8,12,13,14,21,29],"killed_by":"Champ","ascension_level":0}}