{"host":"fff5e1uasnm04x18","time":1612561339,"event":{"mods":["BaseMod","Minty Spire (QoL Compilation)","StSLib"],"gold_per_floor":[110,110,110,126,126,152,165,192,192,219,28,54,0,19,19,19,19],"floor_reached":16,"language":"ENG","playtime":853,"items_purged":[],"score":130,"play_id":"8311128f-1e94-4d3e-9634-b06ee2bf1e12","local_time":"20210205164219","is_ascension_mode":true,"campfire_choices":[{"floor":15,"key":"REST"}],"circlet_count":0,"master_deck":["Strike_G","Strike_G+1","Strike_G","Strike_G","Defend_G","Defend_G","Defend_G","Defend_G","Defend_G","Survivor+1","Neutralize","Accuracy","Finisher+1","Accuracy","Storm of Steel+1"],"relics":["Fusion Hammer","Paper Crane","Orichalcum","Molten Egg 2","Ornamental Fan","Lantern","Lee\u0027s Waffle","Toxic Egg 2","InkBottle"],"acts_visited":["Exordium"],"potions_floor_usage":[8,12],"damage_taken":[{"damage":0,"enemies":"Cultist","floor":1,"turns":4},{"damage":1,"enemies":"Jaw Worm","floor":4,"turns":5},{"damage":32,"enemies":"3 Sentries","floor":6,"turns":13},{"damage":0,"enemies":"2 Louse","floor":7,"turns":3},{"damage":8,"enemies":"Lagavulin","floor":8,"turns":13},{"damage":13,"enemies":"Gremlin Nob","floor":12,"turns":6},{"damage":0,"enemies":"Gremlin Gang","floor":14,"turns":3},{"damage":85,"enemies":"Hexaghost","floor":16,"turns":14}],"seed_played":"8007584256731344426","potions_obtained":[{"floor":4,"key":"SkillPotion"},{"floor":8,"key":"PowerPotion"},{"floor":14,"key":"Ancient Potion"}],"is_trial":false,"path_per_floor":["M","?","?","M","T","E","M","E","T","T","$","E","?","M","R","B"],"character_chosen":"THE_SILENT","items_purchased":["Lee\u0027s Waffle","Accuracy"],"campfire_rested":1,"item_purchase_floors":[11,11],"current_hp_per_floor":[70,63,49,48,48,16,16,8,8,8,77,64,64,64,77,0,0],"gold":19,"neow_bonus":"BOSS_RELIC","is_daily":false,"chose_seed":false,"campfire_upgraded":0,"win_rate":0.0,"timestamp":1612561339,"path_taken":["M","?","?","M","?","E","?","E","T","?","$","E","?","M","R","BOSS"],"items_purchased_type":["Relic","Card"],"build_version":"2020-12-22","purchased_purges":0,"victory":false,"max_hp_per_floor":[70,70,70,70,70,70,70,70,70,70,77,77,77,77,77,77,77],"card_choices":[{"not_picked":["Bane","Blade Dance"],"picked":"Accuracy","floor":1},{"not_picked":["Blur","Dagger Throw","Bane"],"picked":"SKIP","floor":4},{"not_picked":["Dodge and Roll","All Out Attack","Prepared"],"picked":"SKIP","floor":6},{"not_picked":["Backflip","Quick Slash","Sucker Punch"],"picked":"SKIP","floor":7},{"not_picked":["Slice+1","PiercingWail"],"picked":"Finisher+1","floor":8},{"not_picked":["Distraction+1","Eviscerate+1"],"picked":"Storm of Steel+1","floor":12},{"not_picked":["Reflex+1","Acrobatics+1","Footwork"],"picked":"SKIP","floor":14}],"player_experience":502017,"relics_obtained":[{"floor":5,"key":"Paper Crane"},{"floor":6,"key":"Orichalcum"},{"floor":8,"key":"Molten Egg 2"},{"floor":9,"key":"Ornamental Fan"},{"floor":10,"key":"Lantern"},{"floor":12,"key":"Toxic Egg 2"}],"event_choices":[{"cards_removed":["Strike_G"],"damage_healed":0,"gold_gain":0,"player_choice":"Card Removal","damage_taken":7,"max_hp_gain":0,"max_hp_loss":0,"event_name":"Golden Wing","floor":2,"gold_loss":0},{"damage_healed":0,"gold_gain":0,"player_choice":"Entered Light","damage_taken":14,"max_hp_gain":0,"max_hp_loss":0,"event_name":"Shining Light","floor":3,"gold_loss":0,"cards_upgraded":["Strike_G","Survivor"]},{"damage_healed":0,"gold_gain":0,"player_choice":"Paid Gold","damage_taken":0,"relics_obtained":["InkBottle"],"max_hp_gain":0,"max_hp_loss":0,"event_name":"WeMeetAgain","floor":13,"gold_loss":54}],"is_beta":false,"boss_relics":[],"items_purged_floors":[],"is_endless":false,"potions_floor_spawned":[4,8,14],"killed_by":"Hexaghost","ascension_level":2}}