{"host":"sct5htsgcw1q318k","time":1612559179,"event":{"mods":["BaseMod","Colored Map","Minty Spire (QoL Compilation)","Permanent Neow"],"gold_per_floor":[113,125,144,144,161,189,200,200,200,200,229,229,241,59,59,136,186,203,214,230,240,240,240,251,251,277,277,277],"floor_reached":27,"language":"ENG","playtime":3366,"items_purged":[],"score":510,"play_id":"a74ff582-d321-4545-aa27-b94c6e318f6a","local_time":"20210205150619","is_ascension_mode":true,"campfire_choices":[{"data":"Entrench","floor":8,"key":"SMITH"},{"data":"Body Slam","floor":10,"key":"SMITH"},{"data":"Bash","floor":12,"key":"SMITH"},{"data":"Inflame","floor":15,"key":"SMITH"},{"data":"Barricade","floor":23,"key":"SMITH"}],"circlet_count":0,"master_deck":["AscendersBane","Strike_R","Strike_R+1","Strike_R","Defend_R","Defend_R","Defend_R","Defend_R","Bash+1","Entrench+1","Shrug It Off","Hemokinesis","Feed","Body Slam+1","Pummel","Inflame+1","Barricade+1","Ghostly Armor","Battle Trance","Second Wind","Twin Strike+1","Juggernaut","RitualDagger"],"relics":["Burning Blood","Blood Vial","Du-Vu Doll","Sundial","Vajra","Tiny House","Nunchaku"],"acts_visited":["Exordium","TheCity"],"potions_floor_usage":[6,11,16,16,18,19,20,21,27],"damage_taken":[{"damage":6,"enemies":"Jaw Worm","floor":1,"turns":5},{"damage":6,"enemies":"Cultist","floor":2,"turns":3},{"damage":7,"enemies":"2 Louse","floor":3,"turns":2},{"damage":8,"enemies":"Blue Slaver","floor":5,"turns":6},{"damage":31,"enemies":"3 Sentries","floor":6,"turns":12},{"damage":14,"enemies":"2 Fungi Beasts","floor":7,"turns":5},{"damage":20,"enemies":"Gremlin Nob","floor":11,"turns":4},{"damage":2,"enemies":"3 Louse","floor":13,"turns":3},{"damage":4,"enemies":"Slime Boss","floor":16,"turns":7},{"damage":26,"enemies":"3 Byrds","floor":18,"turns":8},{"damage":34,"enemies":"Shell Parasite","floor":19,"turns":8},{"damage":23,"enemies":"Snake Plant","floor":20,"turns":6},{"damage":18,"enemies":"Centurion and Healer","floor":21,"turns":6},{"damage":45,"enemies":"Sentry and Sphere","floor":24,"turns":6},{"damage":10,"enemies":"Snake Plant","floor":27,"turns":2}],"seed_played":"-1581426344939138185","potions_obtained":[{"floor":1,"key":"PowerPotion"},{"floor":6,"key":"AttackPotion"},{"floor":7,"key":"Strength Potion"},{"floor":11,"key":"DuplicationPotion"},{"floor":16,"key":"HeartOfIron"},{"floor":17,"key":"SpeedPotion"},{"floor":18,"key":"BloodPotion"},{"floor":19,"key":"DistilledChaos"},{"floor":21,"key":"EssenceOfSteel"}],"is_trial":false,"path_per_floor":["M","M","M","?","M","E","M","R","T","R","E","R","M","$","R","B",null,"M","M","M","M","?","R","M","?","T","M"],"character_chosen":"IRONCLAD","items_purchased":["Vajra","Inflame"],"campfire_rested":0,"item_purchase_floors":[14,14],"current_hp_per_floor":[68,68,67,75,73,48,45,45,45,45,36,36,45,45,45,52,83,68,64,52,45,45,45,11,5,5,0,0],"gold":277,"neow_bonus":"TRANSFORM_CARD","is_daily":false,"chose_seed":false,"campfire_upgraded":5,"win_rate":0.0,"timestamp":1612559179,"path_taken":["M","M","M","?","M","E","M","R","T","R","E","R","M","$","R","BOSS","M","M","M","M","?","R","?","?","T","M"],"items_purchased_type":["Relic","Card"],"build_version":"2020-12-22","purchased_purges":0,"victory":false,"max_hp_per_floor":[75,75,75,75,75,75,78,78,78,78,81,81,84,84,84,87,92,95,98,101,104,104,104,107,107,107,107,107],"card_choices":[{"not_picked":["Dark Embrace","Entrench","Fire Breathing"],"picked":"SKIP","floor":1},{"not_picked":["Bloodletting","Combust","Rampage"],"picked":"SKIP","floor":2},{"not_picked":["Perfected Strike","Flex"],"picked":"Shrug It Off","floor":3},{"not_picked":["Shrug It Off","Flex"],"picked":"Hemokinesis","floor":5},{"not_picked":["Seeing Red","Burning Pact"],"picked":"Feed","floor":6},{"not_picked":["Cleave","Iron Wave"],"picked":"Body Slam","floor":7},{"not_picked":["Disarm","Clothesline","Burning Pact"],"picked":"SKIP","floor":11},{"not_picked":["True Grit","Anger"],"picked":"Pummel","floor":13},{"not_picked":["Corruption","Bludgeon"],"picked":"Barricade","floor":16},{"not_picked":["Wild Strike","Armaments"],"picked":"Ghostly Armor","floor":17},{"not_picked":["True Grit","Intimidate"],"picked":"Battle Trance","floor":18},{"not_picked":["Rage","Clash","Carnage+1"],"picked":"SKIP","floor":19},{"not_picked":["Dropkick","Blood for Blood"],"picked":"Second Wind","floor":20},{"not_picked":["Seeing Red","Perfected Strike"],"picked":"Twin Strike+1","floor":21},{"not_picked":["Armaments","Heavy Blade","Uppercut"],"picked":"SKIP","floor":24}],"player_experience":855615,"relics_obtained":[{"floor":6,"key":"Blood Vial"},{"floor":9,"key":"Du-Vu Doll"},{"floor":11,"key":"Sundial"},{"floor":26,"key":"Nunchaku"}],"event_choices":[{"damage_healed":8,"gold_gain":0,"player_choice":"Full Heal","damage_taken":0,"max_hp_gain":0,"max_hp_loss":0,"event_name":"Wheel of Change","floor":4,"gold_loss":0},{"damage_healed":0,"gold_gain":0,"cards_transformed":["Strike_R"],"player_choice":"Transformed","damage_taken":0,"max_hp_gain":0,"max_hp_loss":0,"event_name":"Transmorgrifier","floor":22,"gold_loss":0,"cards_obtained":["Juggernaut"]},{"damage_healed":0,"gold_gain":0,"player_choice":"Joined the Cult","damage_taken":6,"max_hp_gain":0,"max_hp_loss":0,"event_name":"Nest","floor":25,"gold_loss":0,"cards_obtained":["RitualDagger"]}],"is_beta":false,"boss_relics":[{"not_picked":["Fusion Hammer","Mark of Pain"],"picked":"Tiny House"}],"items_purged_floors":[],"is_endless":false,"potions_floor_spawned":[1,6,7,11,16,18,19,21],"killed_by":"Snake Plant","ascension_level":15}}