{"host":"1c17lcvl7acx821p","time":1612559409,"event":{"mods":["AchievementEnabler","BaseMod","Bestiary","Colored Map","Minty Spire (QoL Compilation)","Quick Restart","Relic Sorter","StSLib","ojb\u0027s Better Paths Mod","ojb\u0027s Info Mod"],"gold_per_floor":[114,131,148,148,223,223,250,268,318,318,386,386,405,432,432,432,508,508,518,433,451,468,487,521,521,555,555,555,581,581,601,613,613,684,684,704,704,720,735,755,783,783,783,834,869,882,882,882,1157,1157,1157],"floor_reached":52,"language":"ENG","playtime":2713,"items_purged":[],"score":1513,"play_id":"cd7e839d-b7eb-43df-811f-113d021cf63d","local_time":"20210205231009","is_ascension_mode":true,"campfire_choices":[{"floor":6.0,"key":"REST"},{"data":"Capacitor","floor":10.0,"key":"SMITH"},{"floor":12.0,"key":"REST"},{"data":"Heatsinks","floor":15.0,"key":"SMITH"},{"data":"Echo Form","floor":16.0,"key":"SMITH"},{"floor":28.0,"key":"REST"},{"floor":30.0,"key":"REST"},{"data":"Seek","floor":33.0,"key":"SMITH"},{"data":"Hologram","floor":43.0,"key":"SMITH"},{"data":"Master of Strategy","floor":48.0,"key":"SMITH"},{"data":"Reboot","floor":50.0,"key":"SMITH"}],"circlet_count":0,"master_deck":["AscendersBane","Strike_B+1","Defend_B+1","Defend_B","Defend_B","Defend_B","Zap","Capacitor+1","Ball Lightning","Leap","Tempest","Heatsinks+1","Echo Form+1","Seek+1","Cold Snap+1","Undo+1","White Noise","Chill","BootSequence","Reboot+1","Compile Driver+1","White Noise","Electrodynamics","Auto Shields+1","Lockon+1","Biased Cognition+1","BootSequence+1","Storm","Hologram+1","Turbo+1","Cold Snap+1","White Noise","Dark Shackles","Flash of Steel+1","Master of Strategy+1","Regret"],"relics":["Nuclear Battery","Molten Egg 2","Oddly Smooth Stone","White Beast Statue","Toy Ornithopter","SacredBark","Juzu Bracelet","CaptainsWheel","MutagenicStrength","Pen Nib","Whetstone","War Paint","Astrolabe","Vajra","Orichalcum"],"acts_visited":["Exordium","TheCity","TheBeyond"],"potions_floor_usage":[51],"damage_taken":[{"damage":1.0,"enemies":"Small Slimes","floor":1.0,"turns":4.0},{"damage":13.0,"enemies":"2 Louse","floor":2.0,"turns":4.0},{"damage":9.0,"enemies":"Jaw Worm","floor":3.0,"turns":4.0},{"damage":28.0,"enemies":"3 Sentries","floor":7.0,"turns":8.0},{"damage":1.0,"enemies":"2 Fungi Beasts","floor":8.0,"turns":3.0},{"damage":5.0,"enemies":"Blue Slaver","floor":13.0,"turns":3.0},{"damage":8.0,"enemies":"Gremlin Nob","floor":14.0,"turns":3.0},{"damage":20.0,"enemies":"Hexaghost","floor":17.0,"turns":9.0},{"damage":0.0,"enemies":"Spheric Guardian","floor":19.0,"turns":3.0},{"damage":12.0,"enemies":"3 Byrds","floor":21.0,"turns":7.0},{"damage":23.0,"enemies":"Shelled Parasite and Fungi","floor":22.0,"turns":5.0},{"damage":28.0,"enemies":"Centurion and Healer","floor":23.0,"turns":10.0},{"damage":3.0,"enemies":"Gremlin Leader","floor":24.0,"turns":9.0},{"damage":11.0,"enemies":"Slavers","floor":26.0,"turns":3.0},{"damage":30.0,"enemies":"Book of Stabbing","floor":29.0,"turns":5.0},{"damage":0.0,"enemies":"Sentry and Sphere","floor":31.0,"turns":5.0},{"damage":2.0,"enemies":"Snecko","floor":32.0,"turns":5.0},{"damage":42.0,"enemies":"Collector","floor":34.0,"turns":11.0},{"damage":0.0,"enemies":"Orb Walker","floor":36.0,"turns":4.0},{"damage":0.0,"enemies":"3 Shapes","floor":38.0,"turns":4.0},{"damage":9.0,"enemies":"Spire Growth","floor":39.0,"turns":7.0},{"damage":30.0,"enemies":"Transient","floor":40.0,"turns":6.0},{"damage":0.0,"enemies":"Nemesis","floor":41.0,"turns":5.0},{"damage":41.0,"enemies":"Reptomancer","floor":45.0,"turns":6.0},{"damage":7.0,"enemies":"Sphere and 2 Shapes","floor":46.0,"turns":6.0},{"damage":24,"enemies":"Donu and Deca","floor":51,"turns":8}],"seed_played":"-6495736821129322017","potions_obtained":[{"floor":1.0,"key":"GamblersBrew"},{"floor":7.0,"key":"SkillPotion"},{"floor":8.0,"key":"SneckoOil"},{"floor":13.0,"key":"PowerPotion"},{"floor":14.0,"key":"DuplicationPotion"},{"floor":17.0,"key":"EntropicBrew"},{"floor":19.0,"key":"SpeedPotion"},{"floor":21.0,"key":"Energy Potion"},{"floor":22.0,"key":"SkillPotion"},{"floor":23.0,"key":"ColorlessPotion"},{"floor":24.0,"key":"Block Potion"},{"floor":26.0,"key":"SneckoOil"},{"floor":29.0,"key":"Regen Potion"},{"floor":31.0,"key":"AttackPotion"},{"floor":32.0,"key":"SteroidPotion"},{"floor":34.0,"key":"Fire Potion"},{"floor":36.0,"key":"SpeedPotion"},{"floor":38.0,"key":"FocusPotion"},{"floor":39.0,"key":"BlessingOfTheForge"},{"floor":40.0,"key":"Fruit Juice"},{"floor":41.0,"key":"LiquidMemories"},{"floor":45.0,"key":"Regen Potion"},{"floor":46.0,"key":"Dexterity Potion"}],"is_trial":false,"path_per_floor":["M","M","M","?","?","R","E","M","T","R","T","R","M","E","R","R","B",null,"M","?","M","M","M","E","?","E","T","R","E","R","M","M","R","B",null,"M","?","M","M","M","E","?","R","T","E","M","?","R","?","R","B",null],"character_chosen":"DEFECT","items_purchased":[],"campfire_rested":4,"item_purchase_floors":[],"current_hp_per_floor":[63,50,41,41,30,51,23,22,22,22,22,43,38,30,30,30,15,57,62,62,65,52,24,31,31,25,25,46,21,42,71,69,69,32,61,66,66,71,67,37,52,52,52,52,16,54,44,44,44,44,25],"gold":1157,"neow_bonus":"BOSS_RELIC","is_daily":false,"chose_seed":false,"campfire_upgraded":7,"win_rate":0.0,"timestamp":1612559409,"path_taken":["M","M","M","?","?","R","E","M","T","R","?","R","M","E","R","R","BOSS","M","?","M","M","M","E","?","E","T","R","E","R","M","M","R","BOSS","M","?","M","M","M","E","?","R","T","E","M","?","R","?","R","BOSS"],"items_purchased_type":[],"build_version":"2020-12-22","purchased_purges":0,"victory":true,"max_hp_per_floor":[71,71,71,71,71,71,71,71,71,71,71,71,71,71,71,71,71,71,71,71,71,71,71,71,71,71,71,71,71,71,71,71,71,71,71,71,71,71,71,71,81,77,77,77,77,77,77,77,77,77,77],"card_choices":[{"not_picked":["Turbo","Conserve Battery"],"picked":"Capacitor","floor":1.0},{"not_picked":["Go for the Eyes","Scrape"],"picked":"Ball Lightning","floor":2.0},{"not_picked":["Melter","Go for the Eyes"],"picked":"Leap","floor":3.0},{"not_picked":["Stack","Gash+1"],"picked":"Tempest","floor":7.0},{"not_picked":["Beam Cell+1","Redo","Turbo"],"picked":"SKIP","floor":8.0},{"not_picked":["Turbo","Rip and Tear+1"],"picked":"Heatsinks","floor":13.0},{"not_picked":["Go for the Eyes+1","Reprogram"],"picked":"Echo Form","floor":14.0},{"not_picked":["Core Surge+1","Meteor Strike+1"],"picked":"Seek","floor":17.0},{"not_picked":["Conserve Battery","Recycle"],"picked":"Cold Snap+1","floor":19.0},{"not_picked":["Rebound+1","Conserve Battery"],"picked":"Undo","floor":21.0},{"not_picked":["Undo","Sweeping Beam+1"],"picked":"White Noise","floor":22.0},{"not_picked":["Heatsinks","Sunder+1"],"picked":"Chill","floor":23.0},{"not_picked":["Cold Snap+1","Coolheaded"],"picked":"BootSequence","floor":24.0},{"not_picked":["Multi-Cast","Chill"],"picked":"Reboot","floor":26.0},{"not_picked":["Cold Snap+1","Ball Lightning+1"],"picked":"Compile Driver+1","floor":29.0},{"not_picked":["Genetic Algorithm","Barrage+1"],"picked":"White Noise","floor":31.0},{"not_picked":["Stack","Chill","Lockon+1"],"picked":"SKIP","floor":32.0},{"not_picked":["Echo Form","Amplify"],"picked":"Electrodynamics","floor":34.0},{"not_picked":["Storm","Redo"],"picked":"BootSequence+1","floor":36.0},{"not_picked":["Sunder+1","Static Discharge","Go for the Eyes+1"],"picked":"SKIP","floor":38.0},{"not_picked":["Turbo","Steam"],"picked":"Storm","floor":39.0},{"not_picked":["Recycle","Conserve Battery+1"],"picked":"Hologram","floor":40.0},{"not_picked":["Reinforced Body","Hello World"],"picked":"Turbo+1","floor":41.0},{"not_picked":["Stack","Capacitor"],"picked":"Cold Snap+1","floor":45.0},{"not_picked":["Hello World","Leap"],"picked":"White Noise","floor":46.0},{"not_picked":["PanicButton","Discovery"],"picked":"Dark Shackles","floor":47.0},{"not_picked":["Metamorphosis","Purity"],"picked":"Flash of Steel+1","floor":47.0},{"not_picked":["Violence","Magnetism"],"picked":"Master of Strategy","floor":47.0}],"player_experience":281801,"relics_obtained":[{"floor":7.0,"key":"Molten Egg 2"},{"floor":9.0,"key":"Oddly Smooth Stone"},{"floor":11.0,"key":"White Beast Statue"},{"floor":14.0,"key":"Toy Ornithopter"},{"floor":24.0,"key":"CaptainsWheel"},{"floor":26.0,"key":"Pen Nib"},{"floor":27.0,"key":"Whetstone"},{"floor":29.0,"key":"War Paint"},{"floor":41.0,"key":"Vajra"},{"floor":45.0,"key":"Orichalcum"}],"event_choices":[{"cards_removed":["Dualcast"],"damage_healed":0.0,"max_hp_gain":0.0,"max_hp_loss":0.0,"gold_gain":0.0,"event_name":"Living Wall","player_choice":"Forget","floor":4.0,"gold_loss":0.0,"damage_taken":0.0},{"damage_healed":0.0,"max_hp_gain":0.0,"max_hp_loss":0.0,"gold_gain":75.0,"event_name":"World of Goop","player_choice":"Gather Gold","floor":5.0,"gold_loss":0.0,"damage_taken":11.0},{"damage_healed":0.0,"max_hp_gain":0.0,"max_hp_loss":0.0,"gold_gain":0.0,"event_name":"Addict","player_choice":"Obtained Relic","floor":20.0,"gold_loss":85.0,"damage_taken":0.0,"relics_obtained":["Juzu Bracelet"]},{"damage_healed":0.0,"max_hp_gain":0.0,"max_hp_loss":0.0,"gold_gain":0.0,"event_name":"Drug Dealer","player_choice":"Inject Mutagens","floor":25.0,"gold_loss":0.0,"damage_taken":0.0,"relics_obtained":["MutagenicStrength"]},{"damage_healed":0.0,"max_hp_gain":0.0,"max_hp_loss":0.0,"gold_gain":0.0,"event_name":"Tomb of Lord Red Mask","player_choice":"Ignored","floor":37.0,"gold_loss":0.0,"damage_taken":0.0},{"damage_healed":0.0,"max_hp_gain":0.0,"max_hp_loss":4.0,"gold_gain":0.0,"event_name":"Winding Halls","player_choice":"Max HP","floor":42.0,"gold_loss":0.0,"damage_taken":0.0},{"damage_healed":0.0,"max_hp_gain":0.0,"max_hp_loss":0.0,"gold_gain":0.0,"event_name":"SensoryStone","player_choice":"Memory 3","floor":47.0,"gold_loss":0.0,"damage_taken":10.0},{"damage_healed":0.0,"max_hp_gain":0.0,"max_hp_loss":0.0,"gold_gain":275.0,"event_name":"Golden Shrine","player_choice":"Desecrate","floor":49.0,"gold_loss":0.0,"damage_taken":0.0,"cards_obtained":["Regret"]}],"is_beta":false,"boss_relics":[{"not_picked":["Empty Cage","Fusion Hammer"],"picked":"SacredBark"},{"not_picked":["Sozu","Runic Dome"],"picked":"Astrolabe"}],"items_purged_floors":[],"is_endless":false,"potions_floor_spawned":[1,7,8,13,14,17,19,21,22,23,24,26,29,31,32,34,36,38,39,40,41,45,46],"ascension_level":18}}