{"host":"tetq3wi5anb97imq","time":1612554296,"event":{"mods":["BaseMod","Block Reminder","Minty Spire (QoL Compilation)","Quick Restart","StSLib","SuperFastMode"],"gold_per_floor":[118,129,54,65,78,78,107,127,127,143,155,155,155,193,193,193,193],"floor_reached":16,"language":"ENG","playtime":313,"items_purged":[],"score":228,"play_id":"c868e7d1-d683-4a82-9471-7f471cd872e3","local_time":"20210205174456","is_ascension_mode":true,"campfire_choices":[{"data":"Dash","floor":6,"key":"SMITH"},{"floor":12,"key":"REST"},{"data":"Noxious Fumes","floor":15,"key":"SMITH"}],"circlet_count":0,"master_deck":["AscendersBane","Strike_G","Strike_G","Strike_G","Strike_G","Strike_G","Defend_G","Defend_G","Defend_G","Defend_G","Defend_G","Survivor","Neutralize+1","Flying Knee","Dash+1","Dash","Footwork","Blur","Noxious Fumes+1","Wraith Form v2","Flying Knee","Dash"],"relics":["Ring of the Snake","Bronze Scales","CaptainsWheel","Golden Idol","Ornamental Fan"],"acts_visited":["Exordium"],"potions_floor_usage":[5,7,14],"damage_taken":[{"damage":0,"enemies":"Cultist","floor":1,"turns":4},{"damage":2,"enemies":"2 Louse","floor":2,"turns":4},{"damage":4,"enemies":"Jaw Worm","floor":4,"turns":3},{"damage":0,"enemies":"Looter","floor":5,"turns":3},{"damage":33,"enemies":"3 Sentries","floor":7,"turns":10},{"damage":12,"enemies":"Exordium Wildlife","floor":8,"turns":6},{"damage":1,"enemies":"Blue Slaver","floor":10,"turns":4},{"damage":0,"enemies":"2 Fungi Beasts","floor":11,"turns":3},{"damage":6,"enemies":"Gremlin Nob","floor":14,"turns":4},{"damage":29,"enemies":"The Guardian","floor":16,"turns":2}],"seed_played":"5708195519199598540","potions_obtained":[{"floor":4,"key":"GamblersBrew"},{"floor":5,"key":"Explosive Potion"},{"floor":11,"key":"Fire Potion"}],"is_trial":false,"path_per_floor":["M","M","$","M","M","R","E","M","T","M","M","R","?","E","R","B"],"character_chosen":"THE_SILENT","items_purchased":["Dash"],"campfire_rested":1,"item_purchase_floors":[3],"current_hp_per_floor":[59,57,57,53,53,53,20,8,8,7,7,26,26,20,20,0,0],"gold":193,"neow_bonus":"UPGRADE_CARD","is_daily":false,"chose_seed":false,"campfire_upgraded":2,"win_rate":0.0,"timestamp":1612554296,"path_taken":["M","M","$","M","?","R","E","M","T","M","M","R","?","E","R","BOSS"],"items_purchased_type":["Card"],"build_version":"2020-12-22","purchased_purges":0,"victory":false,"max_hp_per_floor":[66,66,66,66,66,66,66,66,66,66,66,66,60,60,60,60,60],"card_choices":[{"not_picked":["Acrobatics","Eviscerate"],"picked":"Flying Knee","floor":1},{"not_picked":["Sucker Punch","Leg Sweep"],"picked":"Dash","floor":2},{"not_picked":["Blade Dance","Concentrate"],"picked":"Footwork","floor":4},{"not_picked":["Deadly Poison","Prepared"],"picked":"Blur","floor":5},{"not_picked":["Accuracy","Prepared","Underhanded Strike"],"picked":"SKIP","floor":7},{"not_picked":["Backflip","Blade Dance"],"picked":"Noxious Fumes","floor":8},{"not_picked":["Bane","Prepared"],"picked":"Wraith Form v2","floor":10},{"not_picked":["Quick Slash","Prepared"],"picked":"Flying Knee","floor":11},{"not_picked":["Masterful Stab","Bouncing Flask"],"picked":"Dash","floor":14}],"player_experience":1642822,"relics_obtained":[{"floor":7,"key":"Bronze Scales"},{"floor":9,"key":"CaptainsWheel"},{"floor":14,"key":"Ornamental Fan"}],"event_choices":[{"damage_healed":0,"gold_gain":0,"player_choice":"Lose Max HP","damage_taken":0,"relics_obtained":["Golden Idol"],"max_hp_gain":0,"max_hp_loss":6,"event_name":"Golden Idol","floor":13,"gold_loss":0}],"is_beta":false,"boss_relics":[],"items_purged_floors":[],"is_endless":false,"potions_floor_spawned":[4,5,11],"killed_by":"The Guardian","ascension_level":20}}