{"host":"56xwnffi6e9z5l58","time":1612540386,"event":{"mods":["Aspiration","BaseMod","Better Match","Better Note","Better Sensory Stone","BetterRewards","Colored Map","Colored Powertips","Conspire","Downfall","GifTheSpireLib","Hermit","Highlight Path","Hubris","Infinite Spire","Key Reminder","Minty Spire (QoL Compilation)","Permanent Neow","Quick Restart","Rare Cards Sparkle","Replay The Spire","StSLib","Stuff the Spire","SuperFastMode","Unceasing Turn Reminder"],"gold_per_floor":[0,14,32,52,63,63,63,63,76,93,93,110,110,140,152,152,152],"floor_reached":16,"language":"ENG","playtime":561,"items_purged":[],"score":111,"play_id":"25a7d573-46f8-4e70-8658-e7480182c252","local_time":"20210205235306","is_ascension_mode":true,"campfire_choices":[{"data":"hermit:FromBeyond","floor":1,"key":"SMITH"},{"data":"hermit:Snapshot","floor":6,"key":"SMITH"},{"data":"hermit:FlashPowder","floor":11,"key":"SMITH"},{"data":"hermit:Dissolve","floor":13,"key":"SMITH"}],"circlet_count":0,"master_deck":["hermit:Strike_Hermit","hermit:Strike_Hermit","hermit:Strike_Hermit","hermit:Strike_Hermit","hermit:Defend_Hermit","hermit:Defend_Hermit","hermit:Defend_Hermit","hermit:Defend_Hermit","hermit:Snapshot+1","hermit:Covet","hermit:FromBeyond+1","hermit:Enervate","hermit:Grudge","hermit:Glare","hermit:TrackingShot","downfall:Malfunctioning","hermit:Dissolve+1","hermit:FlashPowder+1","hermit:NoHoldsBarred","hermit:TakeAim","hermit:WideOpen"],"relics":["hermit:Momento","Onion Ring","Ornamental Fan"],"acts_visited":["Exordium"],"potions_floor_usage":[16],"damage_taken":[{"damage":11,"enemies":"infinitespire:Voidling","floor":2,"turns":5},{"damage":0,"enemies":"2 Louse","floor":3,"turns":2},{"damage":0,"enemies":"Small Slimes","floor":4,"turns":2},{"damage":13,"enemies":"conspire:2 RoseBushes","floor":5,"turns":4},{"damage":11,"enemies":"Large Slime","floor":9,"turns":4},{"damage":0,"enemies":"Gremlin Gang","floor":10,"turns":1},{"damage":1,"enemies":"Exordium Thugs","floor":12,"turns":3},{"damage":5,"enemies":"Gremlin Nob","floor":14,"turns":4},{"damage":0,"enemies":"Exordium Wildlife","floor":15,"turns":2},{"damage":37,"enemies":"DF_ARCHETYPE_STREAMLINE","floor":16,"turns":9}],"seed_played":"4656058397520590086","potions_obtained":[{"floor":4,"key":"Slimebound:ThreeZeroPotion"},{"floor":10,"key":"Block Potion"},{"floor":14,"key":"champ:CounterPotion"},{"floor":15,"key":"LifebloodPotion"}],"is_trial":false,"path_per_floor":["R","M","M","M","M","R","T","?","M","M","R","M","R","E","M","B"],"character_chosen":"HERMIT","items_purchased":[],"campfire_rested":0,"item_purchase_floors":[],"current_hp_per_floor":[75,64,64,64,51,51,51,51,40,40,40,39,39,34,34,0,0],"gold":152,"neow_bonus":"THREE_RARE_CARDS","is_daily":false,"chose_seed":false,"campfire_upgraded":4,"win_rate":0.0,"timestamp":1612540386,"path_taken":["R","M","M","?","M","R","T","?","M","M","R","M","R","E","M","BOSS"],"items_purchased_type":[],"build_version":"2020-12-22","purchased_purges":0,"victory":false,"max_hp_per_floor":[75,75,75,75,75,75,75,75,75,75,75,75,75,75,75,75,75],"card_choices":[{"not_picked":["hermit:HeroicBravado","hermit:OverwhelmingPower"],"picked":"hermit:FromBeyond","floor":0},{"not_picked":["hermit:CalledShot","hermit:Vantage"],"picked":"hermit:Enervate","floor":2},{"not_picked":["hermit:Ricochet","hermit:HighCaliber"],"picked":"hermit:Grudge","floor":3},{"not_picked":["hermit:Misfire","hermit:BodyArmor"],"picked":"hermit:Glare","floor":4},{"not_picked":["hermit:LowProfile","hermit:Misfire"],"picked":"hermit:TrackingShot","floor":5},{"not_picked":["hermit:HighCaliber","hermit:Coalescence"],"picked":"hermit:Dissolve","floor":9},{"not_picked":["hermit:BigShot","hermit:Misfire"],"picked":"hermit:FlashPowder","floor":10},{"not_picked":["hermit:TakeCover","hermit:Headshot"],"picked":"hermit:NoHoldsBarred","floor":12},{"not_picked":["hermit:PistolWhip","hermit:Gestalt"],"picked":"hermit:TakeAim","floor":14},{"not_picked":["hermit:Vantage","hermit:Coalescence"],"picked":"hermit:WideOpen","floor":15}],"player_experience":1016322,"relics_obtained":[{"floor":7,"key":"Onion Ring"},{"floor":14,"key":"Ornamental Fan"}],"event_choices":[{"damage_healed":0,"gold_gain":1,"player_choice":"4","damage_taken":0,"max_hp_gain":0,"max_hp_loss":0,"event_name":"betterStone:BetterStone","floor":8,"gold_loss":0,"cards_obtained":["downfall:Malfunctioning"]}],"is_beta":false,"boss_relics":[],"items_purged_floors":[],"is_endless":false,"potions_floor_spawned":[4,10,14,15],"killed_by":"DF_ARCHETYPE_STREAMLINE","ascension_level":1}}