{"host":"4eao2pkwlmv012cz","time":1612498144,"event":{"mods":["BaseMod","Colored Powertips","Minty Spire (QoL Compilation)","Permanent Neow","Quick Restart","Random Character Button","StSLib"],"gold_per_floor":[111,121,133,133,151,151,179,179,248,259,259,259,288,40,40,40,40],"floor_reached":16,"language":"ENG","playtime":790,"items_purged":["Strike_B"],"score":220,"play_id":"c96ca77e-ed66-4081-aba8-c7d38d38f618","local_time":"20210204230904","is_ascension_mode":true,"campfire_choices":[{"data":"Zap","floor":6,"key":"SMITH"},{"floor":8,"key":"REST"},{"floor":11,"key":"REST"},{"data":"Thunder Strike","floor":15,"key":"SMITH"}],"circlet_count":0,"master_deck":["AscendersBane","Strike_B","Strike_B","Strike_B","Defend_B","Defend_B","Defend_B","Defend_B","Zap+1","Dualcast","Undo","Lockon","Steam","Darkness","Thunder Strike+1","Hologram","Ball Lightning","Compile Driver","Machine Learning+1","Sweeping Beam","Capacitor"],"relics":["Cracked Core","Lizard Tail","Matryoshka","Smiling Mask","Membership Card"],"acts_visited":["Exordium"],"potions_floor_usage":[16,16],"damage_taken":[{"damage":8,"enemies":"2 Louse","floor":1,"turns":3},{"damage":0,"enemies":"Cultist","floor":2,"turns":2},{"damage":10,"enemies":"Small Slimes","floor":3,"turns":2},{"damage":8,"enemies":"Exordium Wildlife","floor":5,"turns":5},{"damage":31,"enemies":"Gremlin Nob","floor":7,"turns":4},{"damage":6,"enemies":"Lots of Slimes","floor":10,"turns":4},{"damage":16,"enemies":"Lagavulin","floor":13,"turns":5},{"damage":24,"enemies":"The Guardian","floor":16,"turns":6}],"seed_played":"-6941239647281665104","potions_obtained":[{"floor":7,"key":"SmokeBomb"},{"floor":10,"key":"Energy Potion"},{"floor":13,"key":"PotionOfCapacity"}],"is_trial":false,"path_per_floor":["M","M","M","?","M","R","E","R","T","M","R","?","E","$","R","B"],"character_chosen":"DEFECT","items_purchased":["Membership Card","Capacitor"],"campfire_rested":2,"item_purchase_floors":[14,14],"current_hp_per_floor":[56,56,46,46,38,38,7,28,28,22,43,43,27,27,27,3,3],"gold":40,"neow_bonus":"THREE_CARDS","is_daily":false,"chose_seed":false,"campfire_upgraded":2,"win_rate":0.0,"timestamp":1612498144,"path_taken":["M","M","M","?","?","R","E","R","T","M","R","?","E","$","R","BOSS"],"items_purchased_type":["Relic","Card"],"build_version":"2020-12-22","purchased_purges":1,"victory":false,"max_hp_per_floor":[71,71,71,71,71,71,71,71,71,71,71,71,71,71,71,71,71],"card_choices":[{"not_picked":["Fusion","Force Field"],"picked":"Undo","floor":0},{"not_picked":["Redo","Compile Driver"],"picked":"Lockon","floor":1},{"not_picked":["Force Field","Hologram"],"picked":"Steam","floor":2},{"not_picked":["Compile Driver","Coolheaded"],"picked":"Darkness","floor":3},{"not_picked":["Lockon","Cold Snap"],"picked":"Ball Lightning","floor":5},{"not_picked":["Leap","Barrage"],"picked":"Compile Driver","floor":7},{"not_picked":["Barrage","Beam Cell"],"picked":"Machine Learning","floor":10},{"not_picked":["Compile Driver","Hologram"],"picked":"Sweeping Beam","floor":13}],"player_experience":2878098,"relics_obtained":[{"floor":7,"key":"Lizard Tail"},{"floor":9,"key":"Matryoshka"},{"floor":13,"key":"Smiling Mask"}],"event_choices":[{"damage_healed":0,"gold_gain":0,"player_choice":"2 cards matched","damage_taken":0,"max_hp_gain":0,"max_hp_loss":0,"event_name":"Match and Keep!","floor":4,"gold_loss":0,"cards_obtained":["Thunder Strike","Hologram"]},{"damage_healed":0,"gold_gain":0,"player_choice":"Upgraded","damage_taken":0,"max_hp_gain":0,"max_hp_loss":0,"event_name":"Upgrade Shrine","floor":12,"gold_loss":0,"cards_upgraded":["Machine Learning"]}],"is_beta":false,"boss_relics":[],"items_purged_floors":[14],"is_endless":false,"potions_floor_spawned":[7,10,13],"killed_by":"The Guardian","ascension_level":20}}