{"host":"xp5rvh2jwe2ejyfm","time":1612538623,"event":{"mods":["2.2 Compatiblity","Aspiration","BaseMod","BetterRewards","Colored Powertips","Conspire","Downfall","GifTheSpireLib","Gremlin Mod","Hermit","Hubris","Jorbs\u0027s Wanderer Trilogy","Minty Spire (QoL Compilation)","Replay The Spire","Robot Space Explorer","Shade Mod","Somnambulant","StSLib","The Bug Knight","The Clintock","The Construct","The Cursed","The Disciple","The Forsaken","The Hierophant","The Necromancer","The Runesmith","The Servant 0.9.4","The Valiant","The Witch","thorton"],"gold_per_floor":[118,88,104,127,152,152,187,187,187,187,232,3,78,103,103,208,208,203,203,230,254,278,278,313,348,372,372,372,389,389,389,389,492,492,522,45,110,133,133,133],"floor_reached":38,"language":"ENG","playtime":2069,"items_purged":["Normality"],"score":406,"play_id":"d40fc5cc-e108-4d45-9756-080e84d63f37","local_time":"20210205102343","is_ascension_mode":false,"campfire_choices":[{"data":"thethorton:DualBap","floor":6,"key":"SMITH"},{"floor":8,"key":"REST"},{"floor":10,"key":"REST"},{"floor":15,"key":"REST"},{"floor":23,"key":"REST"},{"floor":30,"key":"REST"},{"floor":32,"key":"REST"}],"circlet_count":0,"master_deck":["thethorton:Strike","thethorton:Strike","thethorton:Strike","thethorton:Strike","thethorton:Defend","thethorton:Defend","thethorton:Defend","thethorton:Heckle+1","thethorton:CreditCard","thethorton:ThickSkin","thethorton:FearfulRun","thethorton:DualBap+1","thethorton:LongTermPayoff","thethorton:CashBash","thethorton:DockPay","thethorton:ThickSkin","thethorton:ToxicGreed","thethorton:DoubleRun","thethorton:ScalingIsWin+1","thethorton:LongTermPayoff","thethorton:BusinessCard","thethorton:DualBap+1","thethorton:PocketChange+1","thethorton:PocketChange","thethorton:SicklyRun+1","thethorton:ShoutAndRun","thethorton:SheetShred+1","thethorton:Distance+1","thethorton:CallShop+1","thethorton:ScalingIsWin+1","thethorton:GoldBuffer+1","thethorton:StampSmack","thethorton:BusinessCard"],"relics":["thethorton:CouragePotion","Pet Ghost","CaptainsWheel","White Beast Statue","thethorton:BrokenCalculator","Dream Catcher","conspire:SpecialSausage","MutagenicStrength","Replay:PocketPolymizer","Blood Vial","Kunai","Guide Book","Runesmith:Nanobots"],"acts_visited":["Exordium","TheCity","TheBeyond"],"potions_floor_usage":[7,14,16,16,20,21,22,25,25,29,33],"damage_taken":[{"damage":7,"enemies":"Jaw Worm","floor":1,"turns":6},{"damage":8,"enemies":"Cultist","floor":3,"turns":5},{"damage":5,"enemies":"2 Louse","floor":4,"turns":4},{"damage":5,"enemies":"Blue Slaver","floor":5,"turns":5},{"damage":29,"enemies":"3 Sentries","floor":7,"turns":7},{"damage":13,"enemies":"Lagavulin","floor":11,"turns":5},{"damage":0,"enemies":"Exordium Wildlife","floor":14,"turns":1},{"damage":20,"enemies":"The Guardian","floor":16,"turns":11},{"damage":18,"enemies":"2 Thieves","floor":18,"turns":4},{"damage":2,"enemies":"Chosen","floor":20,"turns":4},{"damage":34,"enemies":"Centurion and Healer","floor":21,"turns":10},{"damage":11,"enemies":"Snecko","floor":22,"turns":5},{"damage":20,"enemies":"Chosen and Byrds","floor":24,"turns":7},{"damage":6,"enemies":"Slavers","floor":25,"turns":3},{"damage":0,"enemies":"Snake Plant","floor":29,"turns":1},{"damage":18,"enemies":"conspire:MysteriousRune","floor":33,"turns":11},{"damage":36,"enemies":"Orb Walker","floor":35,"turns":7},{"damage":10,"enemies":"3 Shapes","floor":37,"turns":7},{"damage":36,"enemies":"Maw","floor":38,"turns":8}],"seed_played":"132866428219994247","potions_obtained":[{"floor":1,"key":"construct:ShiftPotion"},{"floor":5,"key":"Strength Potion"},{"floor":7,"key":"Elixir"},{"floor":13,"key":"DistilledChaos"},{"floor":13,"key":"DuplicationPotion"},{"floor":14,"key":"ColorlessPotion"},{"floor":16,"key":"Languid Potion"},{"floor":18,"key":"Slimebound:ThreeZeroPotion"},{"floor":20,"key":"Fruit Juice"},{"floor":21,"key":"Toxic Potion"},{"floor":22,"key":"SpeedPotion"},{"floor":24,"key":"Swift Potion"},{"floor":25,"key":"Regen Potion"},{"floor":29,"key":"Adrenaline Potion"},{"floor":33,"key":"Adrenaline Potion"},{"floor":35,"key":"SpeedPotion"}],"is_trial":false,"path_per_floor":["M","?","M","M","M","R","E","R","T","R","E","$","?","M","R","B",null,"M","?","M","M","M","R","M","E","T","?","?","M","R","?","R","B",null,"M","$","M","M"],"character_chosen":"THE_THORT","items_purchased":["thethorton:BrokenCalculator","Kunai","Guide Book","thethorton:StampSmack"],"campfire_rested":6,"item_purchase_floors":[12,36,36,36],"current_hp_per_floor":[61,61,53,48,43,43,14,34,34,54,41,41,14,14,34,14,68,50,50,53,19,8,29,9,3,3,3,3,5,26,26,47,31,73,37,37,29,0,0,0],"gold":133,"neow_bonus":"UPGRADE_CARD","is_daily":false,"chose_seed":false,"campfire_upgraded":1,"win_rate":0.0,"timestamp":1612538623,"path_taken":["M","?","M","?","M","R","E","R","T","R","E","$","?","M","R","BOSS","M","?","M","M","M","R","M","E","T","?","?","?","R","?","R","BOSS","M","$","M","M"],"items_purchased_type":["Relic","Relic","Relic","Card"],"build_version":"2020-12-22","purchased_purges":1,"victory":false,"max_hp_per_floor":[68,68,68,68,68,68,68,68,68,68,68,68,68,68,68,68,68,68,68,73,73,73,73,73,73,73,73,73,73,73,73,73,73,73,73,73,73,73,73,73],"card_choices":[{"not_picked":["thethorton:LongTermPayoff","thethorton:DualBap"],"picked":"thethorton:ThickSkin","floor":1},{"not_picked":["thethorton:LongDaysWork","thethorton:SeeingDouble"],"picked":"thethorton:FearfulRun","floor":3},{"not_picked":["thethorton:HitAhead","thethorton:Hindsight"],"picked":"thethorton:DualBap","floor":4},{"not_picked":["thethorton:CallIn","thethorton:CoinShield"],"picked":"thethorton:LongTermPayoff","floor":5},{"not_picked":["thethorton:SicklyRun","thethorton:DownPayment"],"picked":"thethorton:CashBash","floor":7},{"not_picked":["thethorton:WhirlingBriefcase","thethorton:DownPayment"],"picked":"thethorton:DockPay","floor":11},{"not_picked":["thethorton:SicklyRun","thethorton:ChartProject"],"picked":"thethorton:ThickSkin","floor":13},{"not_picked":["thethorton:Fortune","thethorton:ElbowSmash"],"picked":"thethorton:ToxicGreed","floor":14},{"not_picked":["thethorton:CannonShot","thethorton:AngerMoment"],"picked":"thethorton:DoubleRun","floor":15},{"not_picked":["thethorton:Jackpot","thethorton:Fortune"],"picked":"thethorton:ScalingIsWin","floor":16},{"not_picked":["thethorton:CallIn","thethorton:Distance"],"picked":"thethorton:LongTermPayoff","floor":18},{"not_picked":["thethorton:RunningKick","thethorton:DesperateRun"],"picked":"thethorton:BusinessCard","floor":20},{"not_picked":["thethorton:MomentaryBreak","thethorton:RunningFeint"],"picked":"thethorton:DualBap+1","floor":21},{"not_picked":["thethorton:DownPayment","thethorton:RunningKick+1"],"picked":"thethorton:PocketChange+1","floor":22},{"not_picked":["thethorton:ShoutAndRun+1","thethorton:LongDaysWork"],"picked":"thethorton:PocketChange","floor":23},{"not_picked":["thethorton:BusinessBoom","thethorton:CallIn+1"],"picked":"thethorton:SicklyRun+1","floor":24},{"not_picked":["thethorton:HitAhead","thethorton:Demotion"],"picked":"thethorton:ShoutAndRun","floor":25},{"not_picked":["thethorton:ShoutAndRun","thethorton:BusinessBoom"],"picked":"thethorton:SheetShred+1","floor":29},{"not_picked":["thethorton:CashBash","thethorton:HitAhead"],"picked":"thethorton:Distance+1","floor":30},{"not_picked":["thethorton:CoinClash","thethorton:GoldBuffer+1"],"picked":"thethorton:ScalingIsWin","floor":32},{"not_picked":["thethorton:DualBap","thethorton:DownPayment"],"picked":"thethorton:GoldBuffer+1","floor":35},{"not_picked":["thethorton:WhirlingBriefcase","thethorton:SnowDay+1"],"picked":"thethorton:BusinessCard","floor":37}],"player_experience":434113,"relics_obtained":[{"floor":7,"key":"Pet Ghost"},{"floor":9,"key":"CaptainsWheel"},{"floor":11,"key":"White Beast Statue"},{"floor":13,"key":"Dream Catcher"},{"floor":25,"key":"Replay:PocketPolymizer"},{"floor":26,"key":"Blood Vial"}],"event_choices":[{"damage_healed":0,"gold_gain":0,"player_choice":"Bought 2 Potions","damage_taken":0,"max_hp_gain":0,"max_hp_loss":0,"event_name":"The Woman in Blue","floor":2,"gold_loss":0},{"damage_healed":0,"gold_gain":0,"player_choice":"Inject Mutagens","damage_taken":0,"relics_obtained":["MutagenicStrength"],"max_hp_gain":0,"max_hp_loss":0,"event_name":"Drug Dealer","floor":19,"gold_loss":0},{"damage_healed":0,"gold_gain":0,"player_choice":"Forge","damage_taken":0,"max_hp_gain":0,"max_hp_loss":0,"event_name":"Accursed Blacksmith","floor":28,"gold_loss":0,"cards_upgraded":["thethorton:ScalingIsWin"]}],"is_beta":false,"boss_relics":[{"not_picked":["Replay:Bronze Core","thethorton:TimeNecklace"],"picked":"conspire:SpecialSausage"},{"not_picked":["Coffee Dripper","hubris:GrandSneckoEye","Busted Crown"]}],"items_purged_floors":[12],"is_endless":false,"potions_floor_spawned":[1,5,7,14,16,18,20,21,22,24,25,29,33,35,37],"killed_by":"Maw","ascension_level":0}}