{"host":"njb27ds59h4j3ikk","time":1612484232,"event":{"mods":["AchievementEnabler","BaseMod","Better Altar","Better Match","Better Note","Better Sensory Stone","Better Skull","Better Third Choice","BetterRewards","Downfall","Hermit","Hubris","Minty Spire (QoL Compilation)","Permanent Neow","Quarter Circle Forward PUNCH!","Quick Restart","Rare Cards Sparkle","Replay The Spire","Shop Mod","StSLib","Trackpad","Transform Curses"],"gold_per_floor":[109,109,129,148,148,174,187,214,237,248,283,297,297,297,297,370,370,389,389,358,376,391,417,430,390,390,390,418,418,429,440,490,564,564,579,579,589,602,272,272,297,297,297,329,31,31,49,66,66,66,66,66,16,45,45],"floor_reached":56,"language":"ENG","playtime":3045,"items_purged":["Strike_R"],"score":2271,"play_id":"0e604601-1b4e-4b1a-a09a-0fbd138225b9","local_time":"20210204191712","is_ascension_mode":true,"campfire_choices":[{"data":"Armaments","floor":13.0,"key":"SMITH"},{"data":"Disarm","floor":15.0,"key":"SMITH"},{"data":"Deep Breath","floor":29.0,"key":"SMITH"},{"floor":40.0,"key":"RECALL"},{"data":"Rage","floor":42.0,"key":"SMITH"},{"data":"Demonic Infusion","floor":46.0,"key":"SMITH"},{"data":"Double Tap","floor":49.0,"key":"SMITH"},{"data":"Offering","floor":52.0,"key":"SMITH"}],"circlet_count":0,"master_deck":["AscendersBane","Strike_R","Strike_R","Strike_R","Strike_R","Defend_R","Defend_R","Defend_R","Defend_R","Bash","Deep Breath+1","Massacre","Flash of Steel","Rupture","ReplayTheSpireMod:Muscle Training","Armaments+1","Run Through+1","Carnage","Midas Touch","hubris:CleavingFinish","hubris:ReadiedAction","Seeing Red","ReplayTheSpireMod:Limb From Limb","Headbutt","ReplayTheSpireMod:Uncanny Aura","Spot Weakness","Anger","Cleave","Replay:Undeath\u0027s Touch","Wild Strike","Disarm+1","Distraction+1","Juggernaut","Anger+1","Thunderclap","Pommel Strike","Anger","Uppercut","Armaments+1","Feed","Anger","Anger","Rage+1","Offering+1","Anger","Anger","Iron Wave","Demonic Infusion+1","Bandage Up","Anger","Run Through+1","Headbutt+1","Double Tap+1","Secret Weapon","Anger"],"relics":["Black Blood","hubris:SlimyHat","FossilizedHelix","qcfpunch:Red_Beret","Mirror","Bird Faced Urn","MerchantsRug","Replay:Ringing Soul","trackpad:BottledAnger","Bronze Scales","MealTicket","hubris:ToyBattleship","Quantum Egg","trackpad:AdjectivePendant","qcfpunch:Red_Gi","Ring of Chaos","Centennial Puzzle","trackpad:Compendium","hubris:ChampionShield","Eternal Feather","hexamod:Sixitude","Art of War"],"acts_visited":["Exordium","TheCity","TheBeyond","TheEnding"],"potions_floor_usage":[55,55,55],"damage_taken":[{"damage":0.0,"enemies":"Small Slimes","floor":1.0,"turns":2.0},{"damage":0.0,"enemies":"Cultist","floor":3.0,"turns":3.0},{"damage":0.0,"enemies":"Jaw Worm","floor":4.0,"turns":2.0},{"damage":0.0,"enemies":"Gremlin Nob","floor":6.0,"turns":3.0},{"damage":6.0,"enemies":"2 Fungi Beasts","floor":7.0,"turns":4.0},{"damage":11.0,"enemies":"3 Sentries","floor":8.0,"turns":5.0},{"damage":0.0,"enemies":"Looter","floor":10.0,"turns":2.0},{"damage":0.0,"enemies":"Lagavulin","floor":11.0,"turns":4.0},{"damage":0.0,"enemies":"Red Slaver","floor":12.0,"turns":2.0},{"damage":55.0,"enemies":"Hexaghost","floor":16.0,"turns":9.0},{"damage":41.0,"enemies":"3 Byrds","floor":18.0,"turns":3.0},{"damage":19.0,"enemies":"Chosen","floor":21.0,"turns":4.0},{"damage":0.0,"enemies":"3 Cultists","floor":22.0,"turns":4.0},{"damage":42.0,"enemies":"Book of Stabbing","floor":23.0,"turns":4.0},{"damage":10.0,"enemies":"Centurion and Healer","floor":24.0,"turns":3.0},{"damage":14.0,"enemies":"Slavers","floor":28.0,"turns":3.0},{"damage":3.0,"enemies":"Cultist and Chosen","floor":30.0,"turns":2.0},{"damage":0.0,"enemies":"3 Cultists","floor":31.0,"turns":2.0},{"damage":47.0,"enemies":"Champ","floor":33.0,"turns":7.0},{"damage":0.0,"enemies":"3 Shapes","floor":35.0,"turns":2.0},{"damage":9.0,"enemies":"3 Darklings","floor":37.0,"turns":2.0},{"damage":16.0,"enemies":"Jaw Worm Horde","floor":38.0,"turns":2.0},{"damage":6.0,"enemies":"R_Hoarder","floor":41.0,"turns":3.0},{"damage":0.0,"enemies":"Reptomancer","floor":44.0,"turns":2.0},{"damage":0.0,"enemies":"Transient","floor":47.0,"turns":5.0},{"damage":32.0,"enemies":"4 Shapes","floor":48.0,"turns":1.0},{"damage":123.0,"enemies":"Replay:Hell Engine","floor":50.0,"turns":7.0},{"damage":12,"enemies":"Shield and Spear","floor":54,"turns":3},{"damage":158,"enemies":"The Heart","floor":55,"turns":8}],"seed_played":"2799111809533801394","potions_obtained":[{"floor":7.0,"key":"LiquidBronze"},{"floor":8.0,"key":"SmokeBomb"},{"floor":16.0,"key":"Energy Potion"},{"floor":22.0,"key":"Regen Potion"},{"floor":23.0,"key":"ColorlessPotion"},{"floor":25.0,"key":"BloodPotion"},{"floor":25.0,"key":"Ancient Potion"},{"floor":30.0,"key":"EssenceOfSteel"},{"floor":33.0,"key":"Swift Potion"},{"floor":37.0,"key":"Swift Potion"},{"floor":41.0,"key":"BlessingOfTheForge"},{"floor":47.0,"key":"HeartOfIron"}],"is_trial":false,"path_per_floor":["M","?","M","M","?","E","M","E","T","M","E","M","R","?","R","B",null,"M","?","$","M","M","E","M","?","T","?","E","R","M","M","R","B",null,"M","?","M","M","$","R","E","R","T","E","$","R","M","M","R","B",null,"R","$","E","B",null],"character_chosen":"IRONCLAD","items_purchased":["hubris:SlimyHat","Deep Breath","Massacre","BargainBundle","Flash of Steel","qcfpunch:Red_Beret","Mirror","Rupture","ReplayTheSpireMod:Muscle Training","Armaments","Run Through+1","Carnage","Midas Touch","BloodPotion","Explosive Potion","MerchantsRug","Replay:Ringing Soul","hubris:CrystalStatue","hubris:CleavingFinish","hubris:ReadiedAction","Thunderclap","LifebloodPotion","trackpad:Compendium","Demonic Infusion","Bandage Up","hexamod:Sixitude","Secret Weapon"],"campfire_rested":0,"item_purchase_floors":[0,0,0,0,0,0,0,0,0,0,0,0,0,0,0,0,0,0,0,0,20,20,39,39,39,45,53],"current_hp_per_floor":[81,81,84,87,90,93,96,94,94,102,105,108,108,86,86,64,102,78,78,96,96,113,86,93,119,119,122,123,123,135,147,147,117,142,156,138,144,146,164,164,171,171,171,174,174,174,177,163,183,78,157,183,186,189,47],"gold":45,"neow_bonus":"","is_daily":false,"chose_seed":false,"campfire_upgraded":7,"win_rate":0.0,"timestamp":1612484232,"path_taken":["M","?","M","M","?","E","?","E","T","M","E","?","R","?","R","BOSS","M","?","$","M","?","E","M","?","T","?","E","R","?","M","R","BOSS","M","?","?","M","$","R","E","R","T","E","$","R","M","M","R","BOSS","R","$","E","BOSS"],"items_purchased_type":["Relic","Card","Card","Relic","Card","Relic","Relic","Card","Card","Card","Card","Card","Card","Potion","Potion","Relic","Relic","Relic","Card","Card","Card","Potion","Relic","Card","Card","Relic","Card"],"build_version":"2020-12-22","purchased_purges":1,"victory":true,"max_hp_per_floor":[81,81,84,87,90,93,96,99,99,102,105,108,108,111,111,114,114,117,117,120,123,126,129,132,132,132,135,138,138,141,147,147,150,150,156,156,159,165,168,168,171,171,171,174,174,174,177,183,183,183,183,183,186,189,189],"card_choices":[{"not_picked":["Body Slam","Perfected Strike"],"picked":"Seeing Red","floor":1.0},{"not_picked":["Pommel Strike","Replay:Undeath\u0027s Touch"],"picked":"ReplayTheSpireMod:Limb From Limb","floor":3.0},{"not_picked":["Body Slam","Clothesline"],"picked":"Headbutt","floor":4.0},{"not_picked":["Flash of Steel","Replay:Parry"],"picked":"ReplayTheSpireMod:Uncanny Aura","floor":5.0},{"not_picked":["ReplayTheSpireMod:Strike From Hell","Ghostly Armor"],"picked":"Spot Weakness","floor":6.0},{"not_picked":["True Grit","hubris:ReadiedAction","Massacre"],"picked":"Anger","floor":7.0},{"not_picked":["Intimidate","True Grit","Anger"],"picked":"Cleave","floor":8.0},{"not_picked":["Whirlwind","Cleave","Anger"],"picked":"Replay:Undeath\u0027s Touch","floor":10.0},{"not_picked":["Offering","Massacre","Anger"],"picked":"Wild Strike","floor":11.0},{"not_picked":["Anger","True Grit","Anger"],"picked":"Disarm","floor":12.0},{"not_picked":["Barricade","Eclipse","Anger"],"picked":"Juggernaut","floor":16.0},{"not_picked":["Burning Pact+1","Whirlwind","hubris:SharpeningStone"],"picked":"Anger+1","floor":18.0},{"not_picked":["Infernal Blade","Pummel","Anger"],"picked":"Pommel Strike","floor":21.0},{"not_picked":["Seeing Red","Wild Strike","ReplayTheSpireMod:Limb From Limb"],"picked":"Anger","floor":22.0},{"not_picked":["Defy Death","Searing Blow+1","Anger"],"picked":"Uppercut","floor":23.0},{"not_picked":["hubris:SharpeningStone","ReplayTheSpireMod:Strike From Hell","Anger"],"picked":"Armaments+1","floor":24.0},{"not_picked":["Burning Pact+1","Entrench","Intimidate"],"picked":"Anger","floor":28.0},{"not_picked":["Intimidate","ReplayTheSpireMod:Strike From Hell","Ghostly Armor"],"picked":"Anger","floor":30.0},{"not_picked":["Clothesline","Uppercut","Anger"],"picked":"Rage","floor":31.0},{"not_picked":["Feed","Reaper","Anger"],"picked":"Offering","floor":33.0},{"not_picked":["Twin Strike","Clash","Sever Soul"],"picked":"Anger","floor":35.0},{"not_picked":["Iron Wave+1","Twin Strike","Shrug It Off"],"picked":"Anger","floor":37.0},{"not_picked":["Seeing Red","Rupture","Anger+1"],"picked":"Iron Wave","floor":38.0},{"not_picked":["Havoc+1","Abandon","Impervious"],"picked":"Anger","floor":41.0},{"not_picked":["ReplayReversal","Combust","Anger"],"picked":"Run Through+1","floor":44.0},{"not_picked":["Infernal Blade+1","Shrug It Off","Anger+1"],"picked":"Headbutt+1","floor":47.0},{"not_picked":["hubris:CleavingFinish","ReplayTheSpireMod:Strike From Hell","Anger"],"picked":"Double Tap","floor":48.0},{"not_picked":["ReplayTheSpireMod:Strike From Hell+1","Sword Boomerang+1","Massacre"],"picked":"Anger","floor":54}],"player_experience":1342522,"relics_obtained":[{"floor":6.0,"key":"trackpad:BottledAnger"},{"floor":8.0,"key":"Matryoshka"},{"floor":9.0,"key":"Bronze Scales"},{"floor":9.0,"key":"MealTicket"},{"floor":11.0,"key":"hubris:ToyBattleship"},{"floor":23.0,"key":"trackpad:AdjectivePendant"},{"floor":26.0,"key":"Potion Belt"},{"floor":26.0,"key":"qcfpunch:Red_Gi"},{"floor":28.0,"key":"qcfpunch:Necklace_of_Skulls"},{"floor":41.0,"key":"hubris:ChampionShield"},{"floor":44.0,"key":"Eternal Feather"},{"floor":54,"key":"Art of War"}],"event_choices":[{"damage_healed":0.0,"max_hp_gain":0.0,"max_hp_loss":0.0,"gold_gain":0.0,"event_name":"betterThird:BetterSerpent","player_choice":"Ignored","floor":2.0,"gold_loss":0.0,"damage_taken":109.0},{"damage_healed":0.0,"max_hp_gain":0.0,"max_hp_loss":0.0,"gold_gain":1.0,"event_name":"betterStone:BetterStone","player_choice":"1","floor":5.0,"gold_loss":0.0,"damage_taken":0.0},{"damage_healed":0.0,"max_hp_gain":0.0,"max_hp_loss":0.0,"gold_gain":0.0,"event_name":"WeMeetAgain","player_choice":"Gave Potion","floor":19.0,"gold_loss":0.0,"damage_taken":0.0,"relics_obtained":["Quantum Egg"]},{"damage_healed":0.0,"max_hp_gain":0.0,"max_hp_loss":0.0,"gold_gain":0.0,"event_name":"The Woman in Blue","player_choice":"Bought 3 Potions","floor":25.0,"gold_loss":0.0,"damage_taken":0.0},{"cards_removed":["Armaments"],"damage_healed":0.0,"max_hp_gain":0.0,"max_hp_loss":0.0,"gold_gain":0.0,"event_name":"betterNote:BetterNote","player_choice":"Take \u0026 Give","floor":27.0,"gold_loss":0.0,"damage_taken":0.0,"cards_obtained":["Feed"]},{"damage_healed":0.0,"max_hp_gain":0.0,"max_hp_loss":0.0,"gold_gain":50.0,"event_name":"Golden Shrine","player_choice":"Pray","floor":32.0,"gold_loss":0.0,"damage_taken":0.0},{"damage_healed":0.0,"max_hp_gain":0.0,"max_hp_loss":0.0,"gold_gain":0.0,"event_name":"betterSkull:BetterSkull","player_choice":"RE ","floor":36.0,"gold_loss":0.0,"damage_taken":39.0,"cards_upgraded":[],"relics_obtained":["Centennial Puzzle"]}],"is_beta":false,"boss_relics":[{"not_picked":["trackpad:Coffee","Replay:Wanted Poster"],"picked":"Black Blood"},{"not_picked":["Snecko Eye","Velvet Choker"],"picked":"Ring of Chaos"}],"items_purged_floors":[0],"is_endless":false,"potions_floor_spawned":[3,7,8,16,21,22,23,24,30,33,37,41,47],"ascension_level":15}}