{"host":"p8bnstsjdxjza4jm","time":1612532736,"event":{"mods":["BaseMod","Colored Powertips","Marisa£¨Ùöéë¡¡Øª×âÞÞ£©","Minty Spire (QoL Compilation)","Quick Restart","StSLib"],"gold_per_floor":[115,115,115,130,141,175,188,202,202,202,237,83,93,93,93,197,197,213,213,6,23,36,36,36],"floor_reached":23,"language":"KOR","playtime":1574,"items_purged":["Strike_R","Strike_R"],"score":213,"play_id":"b308651d-b1dc-43f8-90ee-417b7459d848","local_time":"20210205224536","is_ascension_mode":true,"campfire_choices":[{"floor":10.0,"key":"REST"},{"floor":15.0,"key":"REST"}],"circlet_count":0,"master_deck":["Strike_R","Strike_R+1","Defend_R","Defend_R","Defend_R","Defend_R","Bash+1","Wild Strike","Feel No Pain","Second Wind","Dark Embrace","Fiend Fire","Wild Strike","Fire Breathing"],"relics":["Burning Blood","NeowsBlessing","Whetstone","Regal Pillow","Blood Vial","Eternal Feather","SacredBark","Membership Card"],"acts_visited":["Exordium","TheCity"],"potions_floor_usage":[23],"damage_taken":[{"damage":0.0,"enemies":"Cultist","floor":1.0,"turns":1.0},{"damage":0.0,"enemies":"2 Louse","floor":4.0,"turns":1.0},{"damage":0.0,"enemies":"Small Slimes","floor":5.0,"turns":1.0},{"damage":37.0,"enemies":"Lagavulin","floor":6.0,"turns":6.0},{"damage":9.0,"enemies":"3 Louse","floor":7.0,"turns":3.0},{"damage":21.0,"enemies":"Exordium Wildlife","floor":8.0,"turns":3.0},{"damage":13.0,"enemies":"Gremlin Nob","floor":11.0,"turns":4.0},{"damage":36.0,"enemies":"Exordium Thugs","floor":13.0,"turns":9.0},{"damage":47.0,"enemies":"Slime Boss","floor":16.0,"turns":19.0},{"damage":24.0,"enemies":"Spheric Guardian","floor":18.0,"turns":5.0},{"damage":54.0,"enemies":"3 Byrds","floor":21.0,"turns":6.0},{"damage":34.0,"enemies":"Centurion and Healer","floor":22.0,"turns":10.0},{"damage":31,"enemies":"Gremlin Leader","floor":23,"turns":5}],"seed_played":"4638091262671740153","potions_obtained":[{"floor":4.0,"key":"Block Potion"},{"floor":6.0,"key":"LiquidBronze"},{"floor":8.0,"key":"Block Potion"},{"floor":13.0,"key":"PowerPotion"},{"floor":16.0,"key":"BloodPotion"},{"floor":21.0,"key":"Block Potion"},{"floor":22.0,"key":"Swift Potion"}],"is_trial":false,"path_per_floor":["M","?","?","M","M","E","M","M","T","R","E","$","M","?","R","B",null,"M","?","$","M","M","E"],"character_chosen":"IRONCLAD","items_purchased":["Dark Embrace","Membership Card"],"campfire_rested":2,"item_purchase_floors":[12,20],"current_hp_per_floor":[80,80,80,80,80,49,46,31,31,70,63,63,35,35,80,39,80,62,62,62,48,22,0,0],"gold":36,"neow_bonus":"THREE_ENEMY_KILL","is_daily":false,"chose_seed":false,"campfire_upgraded":0,"win_rate":0.0,"timestamp":1612532736,"path_taken":["M","?","?","M","?","E","M","M","T","R","E","$","M","?","R","BOSS","M","?","$","M","M","E"],"items_purchased_type":["Card","Relic"],"build_version":"2020-12-22","purchased_purges":2,"victory":false,"max_hp_per_floor":[80,80,80,80,80,80,80,80,80,80,80,80,80,80,80,80,80,80,80,80,80,80,80,80],"card_choices":[{"not_picked":["Anger","Thunderclap","Warcry"],"picked":"SKIP","floor":1.0},{"not_picked":["Pommel Strike","Clash"],"picked":"Wild Strike","floor":4.0},{"not_picked":["Heavy Blade","Thunderclap","Armaments"],"picked":"SKIP","floor":5.0},{"not_picked":["Entrench","Body Slam"],"picked":"Feel No Pain","floor":6.0},{"not_picked":["Whirlwind","Rage","Intimidate"],"picked":"SKIP","floor":7.0},{"not_picked":["Ghostly Armor","Anger"],"picked":"Second Wind","floor":8.0},{"not_picked":["Offering","Entrench","Clash"],"picked":"SKIP","floor":11.0},{"not_picked":["Flame Barrier","Shrug It Off","Searing Blow"],"picked":"SKIP","floor":13.0},{"not_picked":["Bludgeon","Demon Form"],"picked":"Fiend Fire","floor":16.0},{"not_picked":["Rampage+1","Pummel"],"picked":"Wild Strike","floor":18.0},{"not_picked":["Cleave","Perfected Strike","Flex+1"],"picked":"SKIP","floor":21.0},{"not_picked":["Sentinel","Disarm+1","Fire Breathing"],"picked":"SKIP","floor":22.0}],"player_experience":93173,"relics_obtained":[{"floor":6.0,"key":"Whetstone"},{"floor":9.0,"key":"Regal Pillow"},{"floor":11.0,"key":"Blood Vial"}],"event_choices":[{"cards_removed":["Strike_R"],"damage_healed":0.0,"max_hp_gain":0.0,"max_hp_loss":0.0,"gold_gain":0.0,"event_name":"Living Wall","player_choice":"Forget","floor":2.0,"gold_loss":0.0,"damage_taken":0.0},{"damage_healed":0.0,"max_hp_gain":0.0,"max_hp_loss":0.0,"gold_gain":0.0,"event_name":"The Woman in Blue","player_choice":"Bought 0 Potions","floor":3.0,"gold_loss":0.0,"damage_taken":0.0},{"damage_healed":0.0,"max_hp_gain":0.0,"max_hp_loss":0.0,"gold_gain":0.0,"event_name":"Dead Adventurer","player_choice":"Searched \u00271\u0027 times","floor":14.0,"gold_loss":0.0,"damage_taken":0.0,"relics_obtained":["Eternal Feather"]},{"damage_healed":0.0,"max_hp_gain":0.0,"max_hp_loss":0.0,"gold_gain":0.0,"event_name":"The Library","player_choice":"Read","floor":19.0,"gold_loss":0.0,"damage_taken":0.0,"cards_obtained":["Fire Breathing"]}],"is_beta":false,"boss_relics":[{"not_picked":["Astrolabe","Ectoplasm"],"picked":"SacredBark"}],"items_purged_floors":[12,20],"is_endless":false,"potions_floor_spawned":[4,6,8,13,16,21,22],"killed_by":"Gremlin Leader","ascension_level":1}}