{"host":"qc268ltokmxwqyrx","time":1612502487,"event":{"mods":["BaseMod","Colored Map","Colored Powertips","Minty Spire (QoL Compilation)","Relic Stats","Slay the Relics Exporter","StSLib","ojb\u0027s Info Mod"],"gold_per_floor":[114,131,142,153,166,166,197,197,197,223,236,253,29,56,56,130,130,147,161,73,91,91,121,46,73,73,73,73,88,88,88,88,165,165,182,182,197,208,221,221,241,274,299,299,328,328,328,654,654,654,654,654],"floor_reached":51,"language":"ENG","playtime":3351,"items_purged":["Pain"],"score":1669,"play_id":"2e6e5d37-0621-4297-a31b-38f179e9b8c5","local_time":"20210204232127","is_ascension_mode":true,"campfire_choices":[{"floor":6,"key":"REST"},{"data":"Blade Dance","floor":8,"key":"SMITH"},{"data":"Phantasmal Killer","floor":15,"key":"SMITH"},{"data":"Night Terror","floor":27,"key":"SMITH"},{"data":"A Thousand Cuts","floor":30,"key":"SMITH"},{"data":"Prepared","floor":32,"key":"SMITH"},{"data":"Adrenaline","floor":40,"key":"SMITH"},{"data":"Catalyst","floor":44,"key":"SMITH"},{"floor":47,"key":"RECALL"},{"data":"Malaise","floor":49,"key":"SMITH"}],"circlet_count":0,"master_deck":["AscendersBane","Survivor","Neutralize","Leg Sweep","Dagger Throw","Predator","Sucker Punch","Eviscerate","Blade Dance+1","Phantasmal Killer+1","PiercingWail","Terror","Adrenaline+1","Blade Dance","Endless Agony","Die Die Die","Heel Hook","Bouncing Flask","A Thousand Cuts+1","Bouncing Flask","Leg Sweep","Slice","Die Die Die","Outmaneuver+1","Tactician","Prepared+1","Night Terror+1","RitualDagger","Venomology","Noxious Fumes+1","Catalyst+1","Blade Dance+1","Malaise+1","Madness","Madness","Cloak And Dagger+1"],"relics":["SacredBark","Eternal Feather","Dead Branch","Pear","Centennial Puzzle","WingedGreaves","Pandora\u0027s Box","WarpedTongs","Bottled Lightning","Mummified Hand","Bottled Tornado","Black Star","PreservedInsect","Sundial","Incense Burner","Paper Crane","Strawberry","Nunchaku","Old Coin"],"acts_visited":["Exordium","TheCity","TheBeyond"],"potions_floor_usage":[5,7,14,21,23,37,39,45,45,48,48,50,51],"damage_taken":[{"damage":12,"enemies":"Cultist","floor":1,"turns":6},{"damage":0,"enemies":"2 Louse","floor":2,"turns":4},{"damage":14,"enemies":"Small Slimes","floor":3,"turns":5},{"damage":11,"enemies":"Exordium Thugs","floor":4,"turns":8},{"damage":5,"enemies":"Lots of Slimes","floor":5,"turns":3},{"damage":10,"enemies":"3 Sentries","floor":7,"turns":7},{"damage":21,"enemies":"Gremlin Nob","floor":10,"turns":4},{"damage":4,"enemies":"Blue Slaver","floor":11,"turns":2},{"damage":0,"enemies":"2 Fungi Beasts","floor":12,"turns":2},{"damage":1,"enemies":"3 Sentries","floor":14,"turns":6},{"damage":4,"enemies":"Hexaghost","floor":16,"turns":11},{"damage":5,"enemies":"Shell Parasite","floor":18,"turns":4},{"damage":12,"enemies":"3 Byrds","floor":19,"turns":2},{"damage":3,"enemies":"Shelled Parasite and Fungi","floor":21,"turns":3},{"damage":6,"enemies":"Gremlin Leader","floor":23,"turns":3},{"damage":5,"enemies":"Book of Stabbing","floor":25,"turns":3},{"damage":0,"enemies":"Cultist and Chosen","floor":29,"turns":2},{"damage":4,"enemies":"Champ","floor":33,"turns":4},{"damage":2,"enemies":"Orb Walker","floor":35,"turns":2},{"damage":16,"enemies":"3 Darklings","floor":37,"turns":2},{"damage":38,"enemies":"Writhing Mass","floor":38,"turns":5},{"damage":0,"enemies":"4 Shapes","floor":39,"turns":2},{"damage":16,"enemies":"Jaw Worm Horde","floor":41,"turns":2},{"damage":0,"enemies":"Reptomancer","floor":42,"turns":2},{"damage":9,"enemies":"Giant Head","floor":45,"turns":3},{"damage":0,"enemies":"Reptomancer","floor":48,"turns":7},{"damage":40,"enemies":"Time Eater","floor":50,"turns":13},{"damage":29,"enemies":"Awakened One","floor":51,"turns":8}],"seed_played":"-8583389439128874640","potions_obtained":[{"floor":3,"key":"DistilledChaos"},{"floor":5,"key":"SneckoOil"},{"floor":10,"key":"Dexterity Potion"},{"floor":12,"key":"EntropicBrew"},{"floor":14,"key":"Explosive Potion"},{"floor":16,"key":"GhostInAJar"},{"floor":21,"key":"Strength Potion"},{"floor":23,"key":"Poison Potion"},{"floor":35,"key":"Swift Potion"},{"floor":41,"key":"EssenceOfSteel"}],"is_trial":false,"path_per_floor":["M","M","M","M","M","R","E","R","T","E","M","M","$","E","R","B",null,"M","M","$","M","?","E","$","E","T","R","$","M","R","?","R","B",null,"M","?","M","M","M","R","M","E","T","R","E","?","R","E","R","B","B"],"character_chosen":"THE_SILENT","items_purchased":["PiercingWail","Centennial Puzzle","Tactician"],"campfire_rested":1,"item_purchase_floors":[13,13,20],"current_hp_per_floor":[47,47,33,22,17,36,26,35,35,24,20,20,20,19,31,27,64,59,47,47,44,44,38,38,33,33,48,48,48,63,57,72,68,74,72,72,56,18,18,36,20,20,20,38,36,21,42,42,63,23,0,0],"gold":654,"neow_bonus":"BOSS_RELIC","is_daily":false,"chose_seed":false,"campfire_upgraded":8,"win_rate":0.0,"timestamp":1612502487,"path_taken":["M","?","M","M","M","R","E","R","T","E","M","M","$","E","R","BOSS","M","M","$","M","?","E","$","E","T","R","?","M","R","?","R","BOSS","M","?","?","M","M","R","M","E","T","R","E","?","R","E","R","BOSS","BOSS"],"items_purchased_type":["Card","Relic","Card"],"build_version":"2020-12-22","purchased_purges":1,"victory":false,"max_hp_per_floor":[66,66,66,66,66,66,66,66,66,76,76,76,76,76,76,76,76,76,76,76,76,76,76,76,76,76,76,76,76,76,76,76,76,76,76,76,76,76,76,76,76,76,76,76,83,83,83,83,83,83,83,83],"relic_stats":{"Centennial Puzzle":[46],"Nunchaku":[7],"counters":[28,125],"Mummified Hand":[54],"Sundial":[2],"Dead Branch":[302],"Eternal Feather":144,"Pandora\u0027s Box":["Blade Dance","Endless Agony","Die Die Die","Heel Hook","Bouncing Flask","A Thousand Cuts","Bouncing Flask","Leg Sweep","Slice","Die Die Die"],"PreservedInsect":268,"Black Star":3,"obtain_stats":[{"Pear":10,"SacredBark":0,"Dead Branch":9,"Eternal Feather":7,"PreservedInsect":36,"Incense Burner":42,"Bottled Tornado":26,"Paper Crane":45,"WarpedTongs":22,"Old Coin":48,"Centennial Puzzle":13,"Nunchaku":48,"Mummified Hand":25,"Sundial":42,"Strawberry":45,"Pandora\u0027s Box":17,"WingedGreaves":14,"Black Star":34,"Bottled Lightning":23,"Ring of the Snake":0},{"Pear":7,"SacredBark":0,"Dead Branch":6,"Eternal Feather":6,"PreservedInsect":19,"Incense Burner":24,"Bottled Tornado":16,"Paper Crane":25,"WarpedTongs":14,"Old Coin":26,"Centennial Puzzle":9,"Nunchaku":26,"Mummified Hand":16,"Sundial":24,"Strawberry":25,"Pandora\u0027s Box":11,"WingedGreaves":10,"Black Star":18,"Bottled Lightning":15,"Ring of the Snake":0},{"Pear":37,"SacredBark":0,"Dead Branch":33,"Eternal Feather":33,"PreservedInsect":81,"Incense Burner":94,"Bottled Tornado":73,"Paper Crane":97,"WarpedTongs":67,"Old Coin":104,"Centennial Puzzle":41,"Nunchaku":104,"Mummified Hand":73,"Sundial":94,"Strawberry":97,"Pandora\u0027s Box":58,"WingedGreaves":47,"Black Star":79,"Bottled Lightning":70,"Ring of the Snake":0}],"WarpedTongs":[58]},"card_choices":[{"not_picked":["Dodge and Roll","Accuracy"],"picked":"Leg Sweep","floor":1},{"not_picked":["Quick Slash","Slice"],"picked":"Dagger Throw","floor":2},{"not_picked":["Dagger Spray","Bane"],"picked":"Predator","floor":3},{"not_picked":["Reflex","Dodge and Roll"],"picked":"Sucker Punch","floor":4},{"not_picked":["Dodge and Roll","Blur"],"picked":"Eviscerate","floor":5},{"not_picked":["Endless Agony","Underhanded Strike"],"picked":"Blade Dance","floor":7},{"not_picked":["Prepared","Masterful Stab"],"picked":"Phantasmal Killer","floor":10},{"not_picked":["Tactician","Reflex","Flying Knee"],"picked":"SKIP","floor":11},{"not_picked":["Tactician","Reflex","Flying Knee"],"picked":"SKIP","floor":11},{"not_picked":["Eviscerate","Underhanded Strike","Flechettes"],"picked":"SKIP","floor":12},{"not_picked":["Sucker Punch","Bane"],"picked":"Terror","floor":14},{"not_picked":["Tools of the Trade","Night Terror"],"picked":"Adrenaline","floor":16},{"not_picked":["Flechettes","Masterful Stab","Quick Slash"],"picked":"SKIP","floor":18},{"not_picked":["Acrobatics","Predator"],"picked":"Outmaneuver+1","floor":19},{"not_picked":["Deadly Poison","Skewer"],"picked":"Prepared","floor":21},{"not_picked":["Eviscerate","Slice","Catalyst+1"],"picked":"SKIP","floor":23},{"not_picked":["Dodge and Roll","Predator"],"picked":"Night Terror","floor":25},{"not_picked":["Outmaneuver","Quick Slash","Tactician"],"picked":"SKIP","floor":29},{"not_picked":["Tools of the Trade","Storm of Steel"],"picked":"Venomology","floor":33},{"not_picked":["Catalyst","Dagger Spray"],"picked":"Noxious Fumes+1","floor":35},{"not_picked":["Dagger Spray+1","Finisher"],"picked":"Catalyst","floor":37},{"not_picked":["Dagger Throw","Backflip"],"picked":"Blade Dance+1","floor":38},{"not_picked":["Endless Agony","Riddle With Holes","Finisher+1"],"picked":"SKIP","floor":39},{"not_picked":["Dagger Spray","Cloak And Dagger","Terror"],"picked":"SKIP","floor":41},{"not_picked":["Prepared","Dagger Spray"],"picked":"Malaise","floor":42},{"not_picked":["Setup","Slice","Flying Knee"],"picked":"SKIP","floor":45},{"not_picked":["Sucker Punch+1","Escape Plan"],"picked":"Cloak And Dagger+1","floor":48}],"player_experience":1786106,"relics_obtained":[{"floor":7,"key":"Eternal Feather"},{"floor":9,"key":"Dead Branch"},{"floor":10,"key":"Pear"},{"floor":14,"key":"WingedGreaves"},{"floor":23,"key":"Bottled Lightning"},{"floor":25,"key":"Mummified Hand"},{"floor":26,"key":"Bottled Tornado"},{"floor":42,"key":"Sundial"},{"floor":42,"key":"Incense Burner"},{"floor":45,"key":"Paper Crane"},{"floor":45,"key":"Strawberry"},{"floor":48,"key":"Nunchaku"},{"floor":48,"key":"Old Coin"}],"event_choices":[{"damage_healed":0,"gold_gain":0,"player_choice":"Rummage","damage_taken":0,"relics_obtained":["WarpedTongs"],"max_hp_gain":0,"max_hp_loss":0,"event_name":"Accursed Blacksmith","floor":22,"gold_loss":0,"cards_obtained":["Pain"]},{"damage_healed":0,"gold_gain":0,"player_choice":"Joined the Cult","damage_taken":6,"max_hp_gain":0,"max_hp_loss":0,"event_name":"Nest","floor":31,"gold_loss":0,"cards_obtained":["RitualDagger"]},{"damage_healed":0,"gold_gain":0,"player_choice":"Gave Potion","damage_taken":0,"relics_obtained":["PreservedInsect"],"max_hp_gain":0,"max_hp_loss":0,"event_name":"WeMeetAgain","floor":36,"gold_loss":0},{"damage_healed":0,"gold_gain":0,"player_choice":"Embrace Madness","damage_taken":15,"max_hp_gain":0,"max_hp_loss":0,"event_name":"Winding Halls","floor":46,"gold_loss":0,"cards_obtained":["Madness","Madness"]}],"is_beta":false,"boss_relics":[{"not_picked":["Velvet Choker","Coffee Dripper"],"picked":"Pandora\u0027s Box"},{"not_picked":["Calling Bell","Tiny House"],"picked":"Black Star"}],"items_purged_floors":[24],"is_endless":false,"potions_floor_spawned":[3,5,10,12,14,16,18,21,23,29,35,38,41],"killed_by":"Awakened One","ascension_level":20}}