{"host":"7vlopc64487frs6y","time":1612524489,"event":{"mods":["Arknights","Aspiration","BaseMod","BetterRewards","Colored Map","Decade(Õı–°√˜)","Downfall","Good Game Mod","Highlight Path","Minty Spire (QoL Compilation)","Quick Restart","Reimu£®≤©¿ˆ¡È√Œ£©","Remilia£®¿Ÿ√◊¿Ú—«£©","Replay The Spire","Shop Mod","StSLib","TestMod","Unceasing Turn Reminder","Youmu£®ªÍ∆«—˝√Œ£©"],"gold_per_floor":[118,193,193,193,209,241,241,273,273,301,315,22,35,51,51,149,149,169,191,191,42,62,62,89,89,89,102,128,144,219,236,236,340,340,357,357,185,198,211,239,239,258,258,308,164,199,210,223,223,223],"floor_reached":51,"language":"ZHS","playtime":2934,"items_purged":["ats:Strike G"],"score":857,"play_id":"21a03b34-aae2-4cd4-9901-b5e25895b567","local_time":"20210205192809","is_ascension_mode":false,"campfire_choices":[{"data":"ats:Absolute Focus","floor":7.0,"key":"SMITH"},{"data":"ats:Sashimi Platter","floor":15.0,"key":"SMITH"},{"data":"ats:Song Of Battle","floor":23,"key":"SMITH"},{"data":"ats:Automatic Cover","floor":32,"key":"SMITH"},{"data":"testmod-ChaoticCore","floor":41,"key":"SMITH"},{"data":"Pommel Strike","floor":49,"key":"SMITH"}],"circlet_count":0,"master_deck":["ats:Strike V","ats:Armor Crushing Shot","ats:Defend","ats:Defend","ats:Defend","ats:Defend","ats:Emotion Absorption","Guardian:ExploitGems","ats:Absolute Focus+1","ats:Song Of Battle+1","ats:Very Hot Blade","ats:Very Hot Blade","ats:Sashimi Platter+1","ats:Automatic Cover+1","ats:Volcano","Hallucinations","Injury","AbeCurse","testmod-ChaoticCore+1","Compile Driver+1","sneckomod:UnknownClassBLUE+1","CherryBlossomFlashing+1","ats:Absolute Focus+1","Pommel Strike+1"],"relics":["ats:Sanity","testmod-TestBox","REME:ComplimentaryCards","testmod-BatchProcessingSystem","NeowsBlessing","ats:Industrial Water Cannon","ats:Originium","Letter Opener","testmod-ArcanaOfDestiny","Odd Mushroom","ats:Defend","testmod-EnergyCheck","testmod-Brilliant","PrismaticShard","Peace Pipe","aspiration:HummingbirdHeart","ReplayTheSpireMod:Shallot","Replay:Ancient Bell","ReplayTheSpireMod:TigerMarble","Blue Candle","testmod-ObsoleteBoomerang","Divine Protection","testmod-Antiphasic","ReplayTheSpireMod:Ninjato","TungstenRod","DollysMirror","Snack Pack"],"acts_visited":["Exordium","TheCity","TheBeyond"],"potions_floor_usage":[],"damage_taken":[{"damage":0.0,"enemies":"Jaw Worm","floor":1.0,"turns":1.0},{"damage":0.0,"enemies":"Small Slimes","floor":5.0,"turns":1.0},{"damage":0.0,"enemies":"Lagavulin","floor":6.0,"turns":1.0},{"damage":29.0,"enemies":"3 Sentries","floor":8.0,"turns":10.0},{"damage":3.0,"enemies":"The Mushroom Lair","floor":10.0,"turns":5.0},{"damage":0.0,"enemies":"2 Louse","floor":11.0,"turns":2.0},{"damage":0.0,"enemies":"Exordium Wildlife","floor":13.0,"turns":2.0},{"damage":0.0,"enemies":"Blue Slaver","floor":14.0,"turns":1.0},{"damage":32.0,"enemies":"The Guardian","floor":16.0,"turns":9.0},{"damage":5.0,"enemies":"2 Thieves","floor":18.0,"turns":3.0},{"damage":2,"enemies":"Spheric Guardian","floor":22,"turns":3},{"damage":6,"enemies":"Book of Stabbing","floor":24,"turns":3},{"damage":0,"enemies":"Snake Plant","floor":27,"turns":2},{"damage":36,"enemies":"Replay:Snechameleon","floor":28,"turns":7},{"damage":0,"enemies":"Centurion and Healer","floor":29,"turns":3},{"damage":0,"enemies":"Shelled Parasite and Fungi","floor":31,"turns":3},{"damage":14,"enemies":"Pondfish","floor":33,"turns":6},{"damage":0,"enemies":"Orb Walker","floor":35,"turns":2},{"damage":0,"enemies":"3 Darklings","floor":38,"turns":1},{"damage":0,"enemies":"Writhing Mass","floor":39,"turns":2},{"damage":0,"enemies":"R_Hoarder","floor":40,"turns":4},{"damage":0,"enemies":"Jaw Worm Horde","floor":42,"turns":1},{"damage":8,"enemies":"Mind Bloom Boss Battle","floor":44,"turns":4},{"damage":0,"enemies":"Nemesis","floor":46,"turns":1},{"damage":0,"enemies":"Sphere and 2 Shapes","floor":47,"turns":1},{"damage":0,"enemies":"Spire Growth","floor":48,"turns":1},{"damage":8,"enemies":"Replay:Hell Engine","floor":50,"turns":3}],"seed_played":"4319271186971693987","potions_obtained":[{"floor":5.0,"key":"Adrenaline Potion"},{"floor":10.0,"key":"SpeedPotion"},{"floor":14.0,"key":"Languid Potion"}],"is_trial":false,"path_per_floor":["M","?","?","?","M","E","R","E","T","?","M","$","M","M","R","B",null,"M","?","?","$","M","R","E","?","T","M","E","M","?","M","R","B",null,"M","T","$","M","M","E","R","M","T","?","$","E","M","M","R","B",null],"character_chosen":"DOCTOR_CLASS","items_purchased":["ats:Defend","ats:Sashimi Platter","PrismaticShard","testmod-ChaoticCore","DollysMirror"],"campfire_rested":0,"item_purchase_floors":[12,12,21,37,45],"current_hp_per_floor":[72,61,54,47,47,47,47,18,18,15,15,15,21,30,30,34,72,67,49,49,49,56,56,59,59,59,68,41,50,43,65,65,67,72,72,72,72,72,72,72,72,72,72,64,64,72,72,72,72,71],"gold":223,"neow_bonus":"THREE_ENEMY_KILL","is_daily":false,"chose_seed":false,"campfire_upgraded":6,"win_rate":0.0,"timestamp":1612524489,"path_taken":["M","?","?","?","M","E","R","E","T","?","M","?","M","M","R","BOSS","M","?","?","$","M","R","E","?","T","?","E","M","?","M","R","BOSS","M","?","$","M","M","E","R","M","T","?","?","E","M","M","R","BOSS"],"items_purchased_type":["Card","Card","Relic","Card","Relic"],"build_version":"2020-12-22","purchased_purges":1,"victory":true,"max_hp_per_floor":[72,72,72,72,72,72,72,72,72,72,72,72,72,72,72,72,72,72,72,72,72,72,72,72,72,72,72,72,72,72,72,72,72,72,72,72,72,72,72,72,72,72,72,72,72,72,72,72,72,72],"card_choices":[{"not_picked":["ats:Guardian Obelisk","ats:Apocalypse","ats:Explosion Area Strengthen"],"picked":"SKIP","floor":1.0},{"not_picked":["ats:Revitalization","ats:LN2 Cannon"],"picked":"ats:Absolute Focus","floor":5.0},{"not_picked":["ats:Collapsing Strike","ats:Absolute Focus"],"picked":"ats:Song Of Battle","floor":6.0},{"not_picked":["ats:Steam Pump","ats:Apocalypse","ats:Fractured Body"],"picked":"SKIP","floor":8.0},{"not_picked":["ats:Poison Spread","ats:Curse Doll"],"picked":"ats:Very Hot Blade","floor":10.0},{"not_picked":["ats:Cat Scratch","ats:Guard Mode"],"picked":"ats:Very Hot Blade","floor":11.0},{"not_picked":["ats:Serious Mode","ats:Leaping Hammer","ats:Overload"],"picked":"SKIP","floor":13.0},{"not_picked":["ats:Thermite Blade","ats:Guardian Obelisk"],"picked":"ats:Automatic Cover","floor":14.0},{"not_picked":["ats:Rat Pack","ats:True Silver Slash"],"picked":"ats:Volcano","floor":16.0},{"not_picked":["ats:Revitalization+1","ats:Poison Spread","ats:Hammer On"],"picked":"SKIP","floor":18.0},{"not_picked":["Intimidate","bronze:Shield","KamenRideBlade"],"picked":"SKIP","floor":22},{"not_picked":["SealNeedle:ReiMu","SignatureMove","Atom Bomb"],"picked":"SKIP","floor":24},{"not_picked":["MountainWay:ReiMu","ats:Healing Strengthening","Ball Lightning"],"picked":"SKIP","floor":27},{"not_picked":["FormRide+1","Slimebound:SamplingLick","Seeing Red"],"picked":"SKIP","floor":28},{"not_picked":["ats:Collapsing Strike","bronze:FollowUp","Slimebound:GoopTackle"],"picked":"SKIP","floor":29},{"not_picked":["AirStrike:ReiMu","Guardian:ShieldCharger","champ:CrownThrow"],"picked":"SKIP","floor":31},{"not_picked":["CurseOfTheBell","Poor:ReiMu"],"picked":"Hallucinations","floor":34},{"not_picked":["Poor:ReiMu","ReplayTheSpireMod:Faulty Equipment"],"picked":"Injury","floor":34},{"not_picked":["ReplayTheSpireMod:IOU","Lust_TH"],"picked":"AbeCurse","floor":34},{"not_picked":["RideBooker_Skill_1+1","Flechettes","bronze:Flail"],"picked":"SKIP","floor":35},{"not_picked":["Bouncing Flask+1","SealNeedle:ReiMu+1"],"picked":"Compile Driver+1","floor":38},{"not_picked":["hexamod:PhantomCloak","ats:Assault Order","Time Bomb"],"picked":"SKIP","floor":39},{"not_picked":["Blade Dance+1","testmod-Arrangement"],"picked":"sneckomod:UnknownClassBLUE+1","floor":40},{"not_picked":["Slimebound:SlimeSpikes+1","SuperhumanBloodyKnife"],"picked":"CherryBlossomFlashing+1","floor":42},{"not_picked":["EmptyFist","UnarmedAttack4","champ:ShieldWall"],"picked":"SKIP","floor":46},{"not_picked":["UltimateOffering","ats:Phantom","sneckomod:UnknownClassGREEN"],"picked":"SKIP","floor":47},{"not_picked":["PiercingWail+1","True Grit+1"],"picked":"Pommel Strike","floor":48}],"player_experience":703252,"relics_obtained":[{"floor":6.0,"key":"ats:Originium"},{"floor":6.0,"key":"Letter Opener"},{"floor":8.0,"key":"ats:Originium"},{"floor":8.0,"key":"testmod-ArcanaOfDestiny"},{"floor":10.0,"key":"Odd Mushroom"},{"floor":19.0,"key":"testmod-Brilliant"},{"floor":24,"key":"ats:Originium"},{"floor":24,"key":"Peace Pipe"},{"floor":26,"key":"aspiration:HummingbirdHeart"},{"floor":28,"key":"ats:Originium"},{"floor":28,"key":"ReplayTheSpireMod:Shallot"},{"floor":36,"key":"Divine Protection"},{"floor":40,"key":"testmod-Antiphasic"},{"floor":43,"key":"ReplayTheSpireMod:Ninjato"},{"floor":44,"key":"TungstenRod"},{"floor":46,"key":"Snack Pack"}],"event_choices":[{"damage_healed":0.0,"max_hp_gain":0.0,"max_hp_loss":0.0,"gold_gain":75.0,"event_name":"World of Goop","player_choice":"Gather Gold","floor":2.0,"gold_loss":0.0,"damage_taken":11.0},{"cards_removed":["ats:Strike S"],"damage_healed":0.0,"max_hp_gain":0.0,"max_hp_loss":0.0,"gold_gain":0.0,"event_name":"Golden Wing","player_choice":"Card Removal","floor":3.0,"gold_loss":0.0,"damage_taken":7.0},{"damage_healed":0.0,"max_hp_gain":0.0,"max_hp_loss":0.0,"gold_gain":0.0,"event_name":"Scrap Ooze","player_choice":"Success","floor":4.0,"gold_loss":0.0,"damage_taken":7.0,"relics_obtained":["ats:Industrial Water Cannon"]},{"damage_healed":0.0,"max_hp_gain":0.0,"max_hp_loss":0.0,"gold_gain":0.0,"event_name":"Mushrooms","player_choice":"Fought Mushrooms","floor":10.0,"gold_loss":0.0,"damage_taken":0.0},{"cards_removed":["ats:Strike C"],"damage_healed":0,"gold_gain":0,"player_choice":"Purged","damage_taken":0,"max_hp_gain":0,"max_hp_loss":0,"event_name":"Purifier","floor":25,"gold_loss":0},{"damage_healed":0,"gold_gain":75,"player_choice":"Touch","damage_taken":7,"max_hp_gain":0,"max_hp_loss":0,"event_name":"FaceTrader","floor":30,"gold_loss":0},{"damage_healed":0,"gold_gain":0,"player_choice":"Fight","damage_taken":0,"max_hp_gain":0,"max_hp_loss":0,"event_name":"MindBloom","floor":44,"gold_loss":0}],"is_beta":false,"boss_relics":[{"not_picked":["Ring of Chaos","Cursed Key"],"picked":"testmod-EnergyCheck"},{"not_picked":["Runic Dome","bronze:MakeshiftBattery"],"picked":"Replay:Ancient Bell"},{"not_picked":["Oddly Smooth Stone","Bag of Preparation"],"picked":"ReplayTheSpireMod:TigerMarble"},{"not_picked":["Replay:Ringing Soul","Sundial"],"picked":"Blue Candle"},{"not_picked":["testmod-CyclicPeriapt","testmod-D®¶j®§vu"],"picked":"testmod-ObsoleteBoomerang"}],"items_purged_floors":[12],"is_endless":false,"potions_floor_spawned":[5,10,14,16,22,24,29,40,42,46,47],"ascension_level":0}}