{"host":"sc0o2qwpf9j16a4i","time":1612531957,"event":{"mods":["AchievementEnabler","BaseMod","BetterRewards","Block Reminder","Colored Map","Colored Powertips","Custom Start","Highlight Path","Minty Spire (QoL Compilation)","Relic Stats"],"gold_per_floor":[144,144,144,198,273,351,408,408,408,498,534,564,21,57,57,345,345,396,17,65,164,164,164,239,239,239,239,296,398,455,542,542,833,983,1019,2018,1261,1303,1303,1303,1399,980,980,1022,1022,1022,1058,1115,1115,1115],"floor_reached":51,"language":"ENG","playtime":2456,"items_purged":["Normality","Normality"],"score":1045,"play_id":"ebc09b08-d261-4ee3-ae43-8b1123c4e19f","local_time":"20210205153237","daily_mods":["SealedDeck","Red Cards","Midas"],"is_ascension_mode":false,"campfire_choices":[{"floor":15,"key":"REST"},{"floor":23,"key":"REST"},{"floor":25,"key":"REST"},{"floor":27,"key":"REST"},{"floor":32,"key":"REST"},{"floor":40,"key":"REST"},{"floor":45,"key":"REST"},{"floor":49,"key":"REST"}],"circlet_count":0,"master_deck":["Prostrate","InnerPeace+1","Shrug It Off+1","JustLucky+1","Warcry","CrushJoints+1","JustLucky","Vengeance","Rampage","Metallicize","CutThroughFate","ClearTheMind","Evaluate","InnerPeace","Havoc","Adaptation","Spot Weakness","Bludgeon","Wallop+1","Vengeance","Crescendo+1","FlyingSleeves+1","Pommel Strike+1","Meditate","Limit Break","Pain","ReachHeaven","Wireheading","Wallop","CarveReality+1","Barricade","Evolve+1","Sanctity+1","Wallop+1","Wireheading","ReachHeaven","Shockwave","WaveOfTheHand","Whirlwind","FollowUp+1","Magnetism","Mayhem","Meditate+1","MentalFortress+1"],"relics":["PureWater","White Beast Statue","Thread and Needle","Orichalcum","Eternal Feather","Frozen Eye","Blue Candle","War Paint","Snecko Eye","Bag of Preparation","Orrery","Red Mask","WarpedTongs","Meat on the Bone","Bottled Tornado","Ornamental Fan","Boot","Tiny House","Shuriken","Oddly Smooth Stone","DollysMirror","Omamori","Nunchaku","Damaru","Turnip"],"acts_visited":["Exordium","TheCity","TheBeyond"],"potions_floor_usage":[16,16,31,33,33,41,41,48,50,50,50,50,50,50],"damage_taken":[{"damage":5,"enemies":"Small Slimes","floor":1,"turns":2},{"damage":0,"enemies":"2 Louse","floor":4,"turns":2},{"damage":14,"enemies":"3 Sentries","floor":6,"turns":6},{"damage":0,"enemies":"Cultist","floor":7,"turns":3},{"damage":0,"enemies":"Lagavulin","floor":10,"turns":3},{"damage":0,"enemies":"Large Slime","floor":11,"turns":4},{"damage":3,"enemies":"Blue Slaver","floor":12,"turns":4},{"damage":0,"enemies":"2 Fungi Beasts","floor":14,"turns":3},{"damage":10,"enemies":"Hexaghost","floor":16,"turns":6},{"damage":2,"enemies":"Spheric Guardian","floor":18,"turns":4},{"damage":20,"enemies":"3 Byrds","floor":20,"turns":4},{"damage":0,"enemies":"Masked Bandits","floor":21,"turns":4},{"damage":15,"enemies":"Book of Stabbing","floor":24,"turns":3},{"damage":7,"enemies":"Snake Plant","floor":28,"turns":3},{"damage":17,"enemies":"Gremlin Leader","floor":29,"turns":3},{"damage":7,"enemies":"3 Cultists","floor":30,"turns":4},{"damage":1,"enemies":"Book of Stabbing","floor":31,"turns":4},{"damage":7,"enemies":"Automaton","floor":33,"turns":8},{"damage":4,"enemies":"Orb Walker","floor":35,"turns":4},{"damage":2,"enemies":"3 Darklings","floor":38,"turns":5},{"damage":1,"enemies":"Giant Head","floor":41,"turns":5},{"damage":1,"enemies":"Spire Growth","floor":44,"turns":3},{"damage":13,"enemies":"Sphere and 2 Shapes","floor":47,"turns":5},{"damage":1,"enemies":"Maw","floor":48,"turns":6},{"damage":0,"enemies":"Donu and Deca","floor":50,"turns":6}],"seed_played":"4735430655059765572","potions_obtained":[{"floor":4,"key":"Swift Potion"},{"floor":6,"key":"SteroidPotion"},{"floor":7,"key":"DuplicationPotion"},{"floor":16,"key":"FearPotion"},{"floor":18,"key":"Block Potion"},{"floor":20,"key":"CultistPotion"},{"floor":31,"key":"Block Potion"},{"floor":33,"key":"SpeedPotion"},{"floor":34,"key":"Strength Potion"},{"floor":41,"key":"FairyPotion"},{"floor":47,"key":"Explosive Potion"},{"floor":48,"key":"Energy Potion"}],"is_trial":true,"path_per_floor":["M","?","?","M","?","E","M","?","T","E","M","M","$","M","R","B",null,"M","$","M","?","?","R","E","R","T","R","M","E","M","E","R","B",null,"M","?","$","M","?","R","E","$","T","M","R","?","M","M","R","B",null],"character_chosen":"WATCHER","items_purchased":["Frozen Eye","Blue Candle","War Paint","Bag of Preparation","Orrery","Meditate","Shuriken","Oddly Smooth Stone","DollysMirror","Wireheading","ReachHeaven","Damaru","Whirlwind","EntropicBrew"],"campfire_rested":8,"item_purchase_floors":[13,13,13,19,19,19,37,37,37,37,37,42,42,42],"current_hp_per_floor":[67,67,60,60,49,35,35,35,35,35,35,32,32,32,62,52,72,70,70,50,50,50,72,57,72,72,72,65,48,41,40,72,65,77,73,73,73,71,71,77,76,76,76,75,77,67,54,53,77,77],"gold":1115,"neow_bonus":"","is_daily":false,"chose_seed":false,"campfire_upgraded":0,"win_rate":0.0,"timestamp":1612531957,"path_taken":["M","?","?","M","?","E","M","?","T","E","M","M","$","?","R","BOSS","M","$","M","?","?","R","E","R","T","R","?","E","M","E","R","BOSS","M","?","$","M","?","R","E","$","T","?","R","?","M","M","R","BOSS"],"items_purchased_type":["Relic","Relic","Relic","Relic","Relic","Card","Relic","Relic","Relic","Card","Card","Relic","Card","Potion"],"build_version":"2020-12-22","purchased_purges":2,"victory":true,"max_hp_per_floor":[72,72,72,72,72,72,72,72,72,72,72,72,72,72,72,72,72,72,72,72,72,72,72,72,72,72,72,72,72,72,72,72,72,77,77,77,77,77,77,77,77,77,77,77,77,77,77,77,77,77],"relic_stats":{"counters":[25,104],"Blue Candle":[12],"Eternal Feather":89,"Bag of Preparation":[30],"Orichalcum":[54],"War Paint":["Shrug It Off","InnerPeace"],"Boot":[6],"WarpedTongs":[58],"Nunchaku":[3],"Ornamental Fan":[84],"Shuriken":[13],"Snecko Eye":[157,153,146,145],"Turnip":[8],"obtain_stats":[{"Tiny House":34,"Bag of Preparation":19,"Bottled Tornado":26,"Boot":31,"Frozen Eye":13,"Nunchaku":41,"DollysMirror":37,"Red Mask":21,"Blue Candle":13,"Oddly Smooth Stone":37,"Damaru":42,"Thread and Needle":6,"Eternal Feather":10,"Omamori":39,"Orichalcum":9,"War Paint":13,"White Beast Statue":2,"WarpedTongs":22,"Ornamental Fan":29,"Shuriken":37,"Snecko Eye":17,"Orrery":19,"Turnip":43,"PureWater":0,"Meat on the Bone":24},{"Tiny House":18,"Bag of Preparation":10,"Bottled Tornado":13,"Boot":17,"Frozen Eye":7,"Nunchaku":21,"DollysMirror":19,"Red Mask":12,"Blue Candle":7,"Oddly Smooth Stone":19,"Damaru":21,"Thread and Needle":3,"Eternal Feather":5,"Omamori":20,"Orichalcum":4,"War Paint":7,"White Beast Statue":1,"WarpedTongs":12,"Ornamental Fan":15,"Shuriken":19,"Snecko Eye":9,"Orrery":10,"Turnip":21,"PureWater":0,"Meat on the Bone":13},{"Tiny House":70,"Bag of Preparation":37,"Bottled Tornado":48,"Boot":62,"Frozen Eye":24,"Nunchaku":84,"DollysMirror":74,"Red Mask":45,"Blue Candle":24,"Oddly Smooth Stone":74,"Damaru":84,"Thread and Needle":10,"Eternal Feather":16,"Omamori":79,"Orichalcum":13,"War Paint":24,"White Beast Statue":2,"WarpedTongs":45,"Ornamental Fan":54,"Shuriken":74,"Snecko Eye":33,"Orrery":37,"Turnip":84,"PureWater":0,"Meat on the Bone":48}],"Meat on the Bone":0},"card_choices":[{"not_picked":["BowlingBash","Flex"],"picked":"CutThroughFate","floor":1},{"not_picked":["Heavy Blade","Omniscience"],"picked":"ClearTheMind","floor":4},{"not_picked":["Wild Strike","JustLucky"],"picked":"Evaluate","floor":6},{"not_picked":["Ghostly Armor","Seeing Red"],"picked":"InnerPeace","floor":7},{"not_picked":["Bloodletting","WheelKick"],"picked":"Havoc","floor":10},{"not_picked":["Wallop","Combust"],"picked":"Adaptation","floor":11},{"not_picked":["EmptyBody","Reckless Charge","JustLucky"],"picked":"SKIP","floor":12},{"not_picked":["Flex","Cleave"],"picked":"Spot Weakness","floor":14},{"not_picked":["Corruption","Exhume"],"picked":"Bludgeon","floor":16},{"not_picked":["Warcry","WreathOfFlame+1"],"picked":"Wallop+1","floor":18},{"not_picked":["Searing Blow+1","Combust"],"picked":"Vengeance","floor":19},{"not_picked":["Wild Strike","TalkToTheHand"],"picked":"Crescendo+1","floor":19},{"not_picked":["Feel No Pain","Rage"],"picked":"FlyingSleeves+1","floor":19},{"not_picked":["Perfected Strike","InnerPeace"],"picked":"Pommel Strike+1","floor":19},{"not_picked":["Prostrate","DeceiveReality"],"picked":"Limit Break","floor":20},{"not_picked":["Armaments+1","Consecrate"],"picked":"ReachHeaven","floor":24},{"not_picked":["PathToVictory+1","Metallicize+1"],"picked":"Wireheading","floor":28},{"not_picked":["EmptyBody","Hemokinesis","Exhume"],"picked":"SKIP","floor":29},{"not_picked":["FollowUp+1","Second Wind"],"picked":"Wallop","floor":30},{"not_picked":["Seeing Red+1","FlyingSleeves"],"picked":"CarveReality+1","floor":31},{"not_picked":["Judgement","ConjureBlade"],"picked":"Barricade","floor":33},{"not_picked":["Twin Strike","Cleave+1"],"picked":"Evolve+1","floor":34},{"not_picked":["Pommel Strike+1","CrushJoints"],"picked":"Sanctity+1","floor":35},{"not_picked":["Twin Strike+1","Consecrate+1"],"picked":"Shockwave","floor":38},{"not_picked":["Evaluate+1","Uppercut"],"picked":"WaveOfTheHand","floor":41},{"not_picked":["Flex","Weave"],"picked":"FollowUp+1","floor":44},{"not_picked":["Dramatic Entrance","Deep Breath"],"picked":"Magnetism","floor":46},{"not_picked":["Transmutation","Enlightenment"],"picked":"Mayhem","floor":46},{"not_picked":["Clash","Body Slam+1"],"picked":"Meditate+1","floor":47},{"not_picked":["Clash","Ghostly Armor"],"picked":"MentalFortress+1","floor":48}],"player_experience":1196509,"relics_obtained":[{"floor":6,"key":"Thread and Needle"},{"floor":9,"key":"Orichalcum"},{"floor":10,"key":"Eternal Feather"},{"floor":21,"key":"Red Mask"},{"floor":24,"key":"Meat on the Bone"},{"floor":26,"key":"Bottled Tornado"},{"floor":29,"key":"Ornamental Fan"},{"floor":31,"key":"Boot"},{"floor":39,"key":"Omamori"},{"floor":41,"key":"Nunchaku"},{"floor":43,"key":"Turnip"}],"event_choices":[{"damage_healed":0,"gold_gain":0,"player_choice":"Box","damage_taken":0,"relics_obtained":["White Beast Statue"],"max_hp_gain":0,"max_hp_loss":0,"event_name":"Big Fish","floor":2,"gold_loss":0,"cards_obtained":["Regret"]},{"cards_removed":["Regret"],"damage_healed":0,"gold_gain":0,"player_choice":"Card Removal","damage_taken":7,"max_hp_gain":0,"max_hp_loss":0,"event_name":"Golden Wing","floor":3,"gold_loss":0},{"damage_healed":0,"gold_gain":75,"player_choice":"Gather Gold","damage_taken":11,"max_hp_gain":0,"max_hp_loss":0,"event_name":"World of Goop","floor":5,"gold_loss":0},{"damage_healed":0,"gold_gain":0,"player_choice":"Grow","damage_taken":0,"max_hp_gain":0,"max_hp_loss":0,"event_name":"Living Wall","floor":8,"gold_loss":0,"cards_upgraded":["CrushJoints"]},{"damage_healed":0,"gold_gain":0,"player_choice":"Fought Bandits","damage_taken":0,"max_hp_gain":0,"max_hp_loss":0,"event_name":"Masked Bandits","floor":21,"gold_loss":0},{"damage_healed":0,"gold_gain":0,"player_choice":"Rummage","damage_taken":0,"relics_obtained":["WarpedTongs"],"max_hp_gain":0,"max_hp_loss":0,"event_name":"Accursed Blacksmith","floor":22,"gold_loss":0,"cards_obtained":["Pain"]},{"damage_healed":0,"gold_gain":999,"player_choice":"Gold","damage_taken":0,"max_hp_gain":0,"max_hp_loss":0,"event_name":"MindBloom","floor":36,"gold_loss":0,"cards_obtained":["Normality","Normality"]},{"damage_healed":0,"gold_gain":0,"player_choice":"Relic","damage_taken":0,"max_hp_gain":0,"max_hp_loss":0,"event_name":"Wheel of Change","floor":39,"gold_loss":0},{"damage_healed":0,"gold_gain":0,"player_choice":"Memory 3","damage_taken":10,"max_hp_gain":0,"max_hp_loss":0,"event_name":"SensoryStone","floor":46,"gold_loss":0}],"is_beta":false,"boss_relics":[{"not_picked":["Astrolabe","Sozu"],"picked":"Snecko Eye"},{"not_picked":["Philosopher\u0027s Stone","Velvet Choker"],"picked":"Tiny House"}],"items_purged_floors":[37,42],"is_endless":false,"potions_floor_spawned":[4,6,7,10,11,12,14,16,18,20,21,24,28,29,30,31,33,35,38,41,44,47,48],"ascension_level":0}}