{"host":"p5axfb00mxhraew6","time":1612533438,"event":{"mods":["100% Spire Juice","Abigail Mod","Act Like it!","BaseMod","CapriCore","Friendly Minions","GifTheSpireLib","Jedi Mod","KomeijiMod","Lobotomy","MarisaÅiñ∂âJÅ@ñÇóùçπÅj","Minty Spire (QoL Compilation)","Prisma Mod","ReimuÅiîé??öÎÅj","RemiliaÅiÂQïƒ‰ª?Åj","SOSÅiézîb?îVéqÅj","StSLib","Td1madao Mod","The Alterego","The Immortal","The Problem Sleuth","Yakumo Yukari mod"],"gold_per_floor":[154,79,79,40,40,84,84,112,112,133,133,208,122,164,164,103,103,169,185,25,25,66,66,127,127,200,200,200,83,118,162,162,131,131,157,157,19,352,74,122,122,193,273,273,171,214,140,205,205,252,280,58,58,15,93,105],"floor_reached":57,"language":"ENG","playtime":3824,"items_purged":["Shoot","Defend_Dante"],"score":3547,"play_id":"51cc3e71-d8c2-4257-82dc-45f71bcfd5db","local_time":"20210205225718","is_ascension_mode":true,"campfire_choices":[{"data":"Rebellion","floor":7.0,"key":"SMITH"},{"floor":11.0,"key":"REST"},{"floor":15.0,"key":"REST"},{"data":"Weaponchange","floor":23.0,"key":"SMITH"},{"data":"Redorb","floor":27.0,"key":"SMITH"},{"data":"Swordmaster","floor":32.0,"key":"SMITH"},{"data":"Attack_b","floor":41.0,"key":"SMITH"},{"data":"Provocation","floor":44.0,"key":"SMITH"},{"floor":49.0,"key":"RECALL"},{"data":"Trickster","floor":53,"key":"SMITH"}],"circlet_count":0,"master_deck":["AscendersBane","Attack_a","Attack_a","Attack_b+1","Provocation+1","Defend_Dante+1","Defend_Dante","Defend_Dante+1","Redorb+1","Dash1","Rebellion+1","Stinger","Purpleorb","Hightime","Swordmaster+1","Trickster+1","Hightime","Weaponchange+1","Royaldefend","Dash2","Dash1","Demonreform","CurseOfTheBell","Dash2+1","Stinger","Hightime+1","SSScard+1","Airtrick+1","Dash2+1","Demonreform+1","Swordcombo","SSScard+1"],"relics":["SSS","Combocheck","Art of War","Ornamental Fan","jedi:bottledfury","Lantern","jedi:hotpepper","War Paint","Happy Flower","Centennial Puzzle","Calling Bell","HoshigumaDish","Toxic Egg 2","jedi:matchstick","Membership Card","Singing Bowl","White Beast Statue","Shuriken","jedi:kaleidoscope","ScarletDevilRocket"],"acts_visited":["Exordium","TheCity","TheBeyond","TheEnding"],"potions_floor_usage":[56],"damage_taken":[{"damage":5.0,"enemies":"Small Slimes","floor":1.0,"turns":6.0},{"damage":23.0,"enemies":"3 Sentries","floor":6.0,"turns":10.0},{"damage":6.0,"enemies":"2 Louse","floor":8.0,"turns":3.0},{"damage":11.0,"enemies":"Jaw Worm","floor":10.0,"turns":4.0},{"damage":0.0,"enemies":"Gremlin Nob","floor":13.0,"turns":2.0},{"damage":9.0,"enemies":"Exordium Wildlife","floor":14.0,"turns":3.0},{"damage":0.0,"enemies":"Slime Boss","floor":16.0,"turns":1.0},{"damage":0.0,"enemies":"Spheric Guardian","floor":18.0,"turns":2.0},{"damage":0.0,"enemies":"Chosen","floor":19.0,"turns":1.0},{"damage":0.0,"enemies":"Snecko","floor":22.0,"turns":2.0},{"damage":0.0,"enemies":"Gremlin Leader","floor":24.0,"turns":1.0},{"damage":0.0,"enemies":"Snake Plant","floor":29.0,"turns":2.0},{"damage":0.0,"enemies":"Cultist and Chosen","floor":30.0,"turns":1.0},{"damage":0.0,"enemies":"Slavers","floor":31.0,"turns":1.0},{"damage":0.0,"enemies":"Champ","floor":33.0,"turns":2.0},{"damage":0.0,"enemies":"Orb Walker","floor":35.0,"turns":2.0},{"damage":0.0,"enemies":"Nemesis","floor":40.0,"turns":1.0},{"damage":0.0,"enemies":"Reptomancer","floor":42.0,"turns":2.0},{"damage":0.0,"enemies":"3 Darklings","floor":45.0,"turns":1.0},{"damage":0.0,"enemies":"Spire Growth","floor":46.0,"turns":1.0},{"damage":0.0,"enemies":"Nemesis","floor":47.0,"turns":1.0},{"damage":3.0,"enemies":"4 Shapes","floor":48.0,"turns":2.0},{"damage":0.0,"enemies":"Donu and Deca","floor":50.0,"turns":2.0},{"damage":0.0,"enemies":"Awakened One","floor":51.0,"turns":3.0},{"damage":0.0,"enemies":"Malkuth","floor":52.0,"turns":2.0},{"damage":0.0,"enemies":"Netzach","floor":52.0,"turns":2.0},{"damage":17.0,"enemies":"Geburah","floor":52.0,"turns":4.0},{"damage":12.0,"enemies":"Binah","floor":52.0,"turns":5.0},{"damage":0,"enemies":"Shield and Spear","floor":55,"turns":1},{"damage":62,"enemies":"The Heart","floor":56,"turns":4}],"seed_played":"6923376787057653905","potions_obtained":[{"floor":0.0,"key":"SkillPotion"},{"floor":0.0,"key":"Block Potion"},{"floor":13.0,"key":"SteroidPotion"},{"floor":14.0,"key":"BlessingOfTheForge"},{"floor":19.0,"key":"Regen Potion"},{"floor":24.0,"key":"GamblersBrew"},{"floor":55,"key":"SpeedPotion"}],"is_trial":false,"path_per_floor":["M","$","?","$","?","E","R","M","T","M","R","?","E","M","R","B",null,"M","M","$","?","M","R","E","?","T","R","?","M","M","E","R","B",null,"M","?","$","?","$","E","R","E","T","R","M","M","E","M","R","B","B",null,null,"R","$","E","B",null],"character_chosen":"DANTE","items_purchased":["Lucifer","War Paint","Dash2+1","Stinger","Membership Card","Hightime+1","SSScard+1","Swordcombo"],"campfire_rested":2,"item_purchase_floors":[4,20,37,37,39,39,39,54],"current_hp_per_floor":[63,63,63,63,45,22,22,16,16,5,25,14,14,5,25,25,45,45,45,45,45,45,45,45,45,45,45,45,45,45,45,45,45,50,51,51,51,51,51,51,51,52,52,52,52,53,53,54,54,54,54,53,53,53,54,27],"gold":105,"neow_bonus":"THREE_SMALL_POTIONS","is_daily":false,"chose_seed":false,"campfire_upgraded":7,"win_rate":0.0,"timestamp":1612533438,"path_taken":["M","$","?","$","?","E","R","M","T","M","R","?","E","M","R","BOSS","M","M","$","?","M","R","E","?","T","R","?","M","M","E","R","BOSS","M","?","$","?","$","E","R","E","T","R","M","M","E","M","R","BOSS","BOSS","R","$","E","BOSS"],"items_purchased_type":["Card","Relic","Card","Card","Relic","Card","Card","Card"],"build_version":"2020-12-22","purchased_purges":2,"victory":true,"max_hp_per_floor":[75,75,68,68,68,68,68,68,68,68,68,68,68,68,68,68,51,51,51,51,51,51,51,51,51,51,51,51,51,51,51,51,51,51,51,51,51,51,51,51,51,52,52,52,52,53,53,54,54,54,54,54,54,54,54,54],"card_choices":[{"not_picked":["Chargeshoot","Pandora"],"picked":"Dash1","floor":1.0},{"not_picked":["EbonyIvory","Unrisingdragon"],"picked":"Rebellion","floor":6.0},{"not_picked":["Airhike","Kick13"],"picked":"Stinger","floor":8.0},{"not_picked":["Holywater","LucifercomboA"],"picked":"Purpleorb","floor":10.0},{"not_picked":["Dash1","Gilgamesh"],"picked":"Hightime","floor":13.0},{"not_picked":["Lucifer","Gunslinger"],"picked":"Swordmaster","floor":14.0},{"not_picked":["Blueorb","Enemystep"],"picked":"Trickster","floor":16.0},{"not_picked":["Chargeshoot","Chargeshoot2"],"picked":"Hightime","floor":18.0},{"not_picked":["Unrisingdragon","DT"],"picked":"Weaponchange","floor":19.0},{"not_picked":["Gunstinger","LucifercomboA","Unrisingdragon+1"],"picked":"SKIP","floor":22.0},{"not_picked":["DevilstarS","Unrisingdragon","Shock+1"],"picked":"SKIP","floor":24.0},{"not_picked":["Chargeshoot2","Blueorb"],"picked":"Royaldefend","floor":29.0},{"not_picked":["Shock","EbonyIvory"],"picked":"Dash2","floor":30.0},{"not_picked":["Weaponreturn","Greenorb"],"picked":"Dash1","floor":31.0},{"not_picked":["Weaponreturn","Purpleorb"],"picked":"Demonreform","floor":33.0},{"not_picked":["Greenorb+1","Chargeshoot","BeastUppercut"],"picked":"SKIP","floor":35.0},{"not_picked":["Weaponchange+1","BeastUppercut"],"picked":"Airtrick+1","floor":40.0},{"not_picked":["EbonyIvory","Airhike+1","Weaponupgrade+1"],"picked":"Singing Bowl","floor":42.0},{"not_picked":["Lucifer+1","EbonyIvory"],"picked":"Dash2+1","floor":45.0},{"not_picked":["Millionkick","LucifercomboB+1","DT+1"],"picked":"Singing Bowl","floor":46.0},{"not_picked":["LucifercomboD","Gilgamesh"],"picked":"Demonreform+1","floor":47.0},{"not_picked":["BeastUppercut+1","Greenorb+1","Weaponchange+1"],"picked":"Singing Bowl","floor":48.0},{"not_picked":["DT+1","LucifercomboC+1"],"picked":"SSScard+1","floor":55}],"player_experience":1283471,"relics_obtained":[{"floor":6.0,"key":"Ornamental Fan"},{"floor":9.0,"key":"jedi:bottledfury"},{"floor":13.0,"key":"Lantern"},{"floor":24.0,"key":"Happy Flower"},{"floor":31.0,"key":"Centennial Puzzle"},{"floor":34.0,"key":"HoshigumaDish"},{"floor":34.0,"key":"Toxic Egg 2"},{"floor":34.0,"key":"jedi:matchstick"},{"floor":40.0,"key":"Singing Bowl"},{"floor":42.0,"key":"White Beast Statue"},{"floor":43.0,"key":"Shuriken"},{"floor":47.0,"key":"jedi:kaleidoscope"},{"floor":55,"key":"ScarletDevilRocket"}],"event_choices":[{"damage_healed":0.0,"max_hp_gain":0.0,"max_hp_loss":7.0,"gold_gain":0.0,"event_name":"Golden Idol","player_choice":"Lose Max HP","floor":3.0,"gold_loss":0.0,"damage_taken":0.0,"relics_obtained":["Golden Idol"]},{"damage_healed":0.0,"max_hp_gain":0.0,"max_hp_loss":0.0,"gold_gain":0.0,"event_name":"Scrap Ooze","player_choice":"Success","floor":5.0,"gold_loss":0.0,"damage_taken":18.0,"relics_obtained":["Art of War"]},{"damage_healed":0.0,"max_hp_gain":0.0,"max_hp_loss":0.0,"gold_gain":75.0,"event_name":"World of Goop","player_choice":"Gather Gold","floor":12.0,"gold_loss":0.0,"damage_taken":11.0},{"damage_healed":0.0,"max_hp_gain":0.0,"max_hp_loss":0.0,"gold_gain":0.0,"event_name":"The Mausoleum","player_choice":"Ignored","floor":21.0,"gold_loss":0.0,"damage_taken":0.0},{"cards_removed":["Lucifer"],"damage_healed":0.0,"max_hp_gain":0.0,"max_hp_loss":0.0,"gold_gain":0.0,"event_name":"Back to Basics","player_choice":"Elegance","floor":28.0,"gold_loss":0.0,"damage_taken":0.0},{"cards_removed":["Shoot"],"damage_healed":0.0,"max_hp_gain":0.0,"max_hp_loss":0.0,"gold_gain":0.0,"event_name":"Falling","player_choice":"Removed Attack","floor":36.0,"gold_loss":0.0,"damage_taken":0.0},{"damage_healed":0.0,"max_hp_gain":0.0,"max_hp_loss":0.0,"gold_gain":333.0,"event_name":"The Moai Head","player_choice":"Gave Idol","floor":38.0,"relics_lost":["Golden Idol"],"gold_loss":0.0,"damage_taken":0.0}],"is_beta":false,"boss_relics":[{"not_picked":["Ectoplasm","Snecko Eye"],"picked":"jedi:hotpepper"},{"not_picked":["Runic Pyramid","jedi:battlestandard"],"picked":"Calling Bell"}],"items_purged_floors":[2,39],"is_endless":false,"potions_floor_spawned":[1,13,14,19,24,31,33,35,45,46,47,48,52,52,52,52,55],"ascension_level":20}}