{"host":"rx3fqeecbcmic2ko","time":1612557955,"event":{"mods":["BaseMod","Better Sensory Stone","Disable Question Mark Monsters","Energized Spire","Hyrulean Relics","Minty Spire (QoL Compilation)","Quick Restart","Relic Filter","Small Relic Pack","StSLib","The Bug Knight","The Wild Card"],"gold_per_floor":[117,136,154,154,171,199,199,218,218,249,264,264,310,171,171,267,267,280,380,399,399,399,417,417,433,513,369,468,468,468],"floor_reached":29,"language":"ENG","playtime":978,"items_purged":[],"score":237,"play_id":"cb070baa-ab38-44a9-9657-70e7878088fc","local_time":"20210205154555","is_ascension_mode":false,"campfire_choices":[{"floor":7,"key":"REST"},{"floor":12,"key":"REST"},{"floor":15,"key":"REST"},{"floor":24,"key":"REST"}],"circlet_count":0,"master_deck":["Strike_G","Strike_G","Strike_G","Strike_G","Strike_G","Defend_G","Defend_G","Defend_G","Defend_G","Defend_G","Survivor","Neutralize","Deflect","Bane","Crippling Poison","Bane","Blade Dance","Footwork","Noxious Fumes+1","Catalyst","Die Die Die","A Thousand Cuts+1","Noxious Fumes+1","Riddle With Holes+1","Underhanded Strike+1","Deadly Poison"],"relics":["energizedSpire:NeverEndingSparkler","Boot","Question Card","Thread and Needle","Frozen Egg 2","Bag of Preparation","Sozu","relicPack:DSword","Toxic Egg 2","Snake Skull"],"acts_visited":["Exordium","TheCity"],"potions_floor_usage":[23,23,23],"damage_taken":[{"damage":0,"enemies":"Cultist","floor":1,"turns":5},{"damage":4,"enemies":"Jaw Worm","floor":2,"turns":5},{"damage":1,"enemies":"2 Louse","floor":3,"turns":3},{"damage":4,"enemies":"Lots of Slimes","floor":5,"turns":3},{"damage":22,"enemies":"3 Sentries","floor":6,"turns":13},{"damage":7,"enemies":"2 Fungi Beasts","floor":8,"turns":3},{"damage":16,"enemies":"Lagavulin","floor":10,"turns":7},{"damage":0,"enemies":"Large Slime","floor":11,"turns":5},{"damage":27,"enemies":"The Guardian","floor":16,"turns":10},{"damage":0,"enemies":"Chosen","floor":18,"turns":4},{"damage":12,"enemies":"Spheric Guardian","floor":20,"turns":4},{"damage":0,"enemies":"Chosen and Byrds","floor":21,"turns":4},{"damage":20,"enemies":"Shelled Parasite and Fungi","floor":23,"turns":4},{"damage":20,"enemies":"Centurion and Healer","floor":25,"turns":4},{"damage":8,"enemies":"3 Cultists","floor":29,"turns":3}],"seed_played":"-326937618984462170","potions_obtained":[{"floor":3,"key":"Strength Potion"},{"floor":6,"key":"Strength Potion"},{"floor":16,"key":"Fire Potion"}],"is_trial":false,"path_per_floor":["M","M","M","T","M","E","R","M","T","E","M","R","T","$","R","B",null,"M","?","M","M","?","M","R","M","T","$","?","M"],"character_chosen":"THE_SILENT","items_purchased":["Die Die Die","Snake Skull"],"campfire_rested":4,"item_purchase_floors":[14,27],"current_hp_per_floor":[70,66,65,65,61,39,60,53,53,37,37,58,58,58,70,43,70,70,70,58,58,23,3,24,4,4,4,4,0,0],"gold":468,"neow_bonus":"BOSS_RELIC","is_daily":false,"chose_seed":false,"campfire_upgraded":0,"win_rate":0.0,"timestamp":1612557955,"path_taken":["M","M","?","?","?","E","R","?","T","E","M","R","?","$","R","BOSS","M","?","M","?","?","M","R","M","T","$","?","M"],"items_purchased_type":["Card","Relic"],"build_version":"2020-12-22","purchased_purges":0,"victory":false,"max_hp_per_floor":[70,70,70,70,70,70,70,70,70,70,70,70,70,70,70,70,70,70,70,70,70,70,70,70,70,70,70,70,70,70],"card_choices":[{"not_picked":["Dagger Throw","Dash"],"picked":"Deflect","floor":1},{"not_picked":["Outmaneuver","Corpse Explosion"],"picked":"Bane","floor":2},{"not_picked":["Eviscerate","Catalyst"],"picked":"Crippling Poison","floor":3},{"not_picked":["Reflex","Outmaneuver"],"picked":"Bane","floor":5},{"not_picked":["Escape Plan","Dagger Throw"],"picked":"Blade Dance","floor":6},{"not_picked":["Bane","Reflex","Flechettes"],"picked":"Footwork","floor":8},{"not_picked":["Caltrops+1","Catalyst","Infinite Blades+1"],"picked":"Noxious Fumes+1","floor":10},{"not_picked":["Bane","Dagger Throw","Deflect"],"picked":"Catalyst","floor":11},{"not_picked":["After Image+1","Malaise","Glass Knife"],"picked":"A Thousand Cuts+1","floor":16},{"not_picked":["Poisoned Stab","Distraction","Quick Slash"],"picked":"Noxious Fumes+1","floor":18},{"not_picked":["Endless Agony","Acrobatics+1","Poisoned Stab"],"picked":"Riddle With Holes+1","floor":20},{"not_picked":["Heel Hook+1","All Out Attack","Prepared"],"picked":"Underhanded Strike+1","floor":21},{"not_picked":["Acrobatics","All Out Attack+1","Sucker Punch","Bane"],"picked":"SKIP","floor":23},{"not_picked":["Prepared","Malaise","Acrobatics"],"picked":"Deadly Poison","floor":25}],"player_experience":88910,"relics_obtained":[{"floor":4,"key":"Boot"},{"floor":6,"key":"Question Card"},{"floor":9,"key":"Thread and Needle"},{"floor":10,"key":"Frozen Egg 2"},{"floor":13,"key":"Bag of Preparation"},{"floor":26,"key":"Toxic Egg 2"}],"event_choices":[{"damage_healed":0,"gold_gain":100,"player_choice":"Pray","damage_taken":0,"max_hp_gain":0,"max_hp_loss":0,"event_name":"Golden Shrine","floor":19,"gold_loss":0},{"damage_healed":0,"gold_gain":99,"player_choice":"Stole From Cult","damage_taken":0,"max_hp_gain":0,"max_hp_loss":0,"event_name":"Nest","floor":28,"gold_loss":0}],"is_beta":false,"boss_relics":[{"not_picked":["Velvet Choker","energizedSpire:HighHeels"],"picked":"Sozu"}],"items_purged_floors":[],"is_endless":false,"potions_floor_spawned":[3,6,16,23,25],"killed_by":"3 Cultists","ascension_level":0}}