{"host":"i4vlfbz13gs2xtdj","time":1612568133,"event":{"mods":["2.2 Compatiblity","AchievementEnabler","Act Like it!","Arknights","Aspiration","BaseMod","Better Altar","Better Match","Better Note","Better Sensory Stone","Better Skull","Better Third Choice","BetterRewards","Colored Map","Elementarium","Energized Spire","Fox Events","Friendly Minions","GifTheSpireLib","Halation","Hubris","Infinite Spire","Jedi Mod","Minty Spire (QoL Compilation)","Pale of the Ancients","Potionbrewer","Replay The Spire","Shop Mod","Somnambulant","Spikes Relics","StSLib","Stuff the Spire","The Jungle","The Marked","The Sage","Trackpad"],"gold_per_floor":[109,109,109,133,133,133,156,156,168,180,218,245,272,284,296,327,339,351,351],"floor_reached":18,"language":"ENG","playtime":2384,"items_purged":[],"score":112,"play_id":"d438a957-2a15-45e5-b61a-1d1c47dcd8ad","local_time":"20210205183533","is_ascension_mode":false,"campfire_choices":[{"floor":8,"key":"DIG"},{"floor":15,"key":"REST"},{"floor":17,"key":"DIG"}],"circlet_count":0,"master_deck":["ats:Strike V","ats:Armor Crushing Shot","ats:Defend","ats:Defend","ats:Defend","ats:Defend","ats:Emotion Absorption","ats:Hammer On","StuffTheSpire:CuriosityCurse","ats:Poison Spread","ats:Shell Defense","Atom Bomb","Unload","Choke","ats:Serious Mode","ats:Sword Rain","ats:Revitalization"],"relics":["ats:Sanity","Chemical X","ats:Industrial Water Cannon","Replay:Accelerometer","Shovel","Golden Idol","Pet Ghost","MawBank","potionbrewer:ToyAutogyro","halation:PromiseList"],"acts_visited":["Exordium"],"potions_floor_usage":[13,14,18],"damage_taken":[{"damage":4,"enemies":"Cultist","floor":1,"turns":5},{"damage":3,"enemies":"2 Louse","floor":4,"turns":3},{"damage":1,"enemies":"Jaw Worm","floor":7,"turns":3},{"damage":3,"enemies":"Looter","floor":12,"turns":3},{"damage":13,"enemies":"Gremlin Gang","floor":13,"turns":7},{"damage":0,"enemies":"Replay:BlueRogue","floor":14,"turns":1},{"damage":0,"enemies":"Large Slime","floor":16,"turns":2},{"damage":60,"enemies":"Hexaghost","floor":18,"turns":14}],"seed_played":"3218623773917926894","potions_obtained":[{"floor":12,"key":"Adrenaline Potion"},{"floor":13,"key":"SmokeBomb"},{"floor":16,"key":"Block Potion"}],"is_trial":false,"path_per_floor":["M","?","?","M","PTL","PTL","M","R","$","?","T","M","M","E","R","M","R","B"],"character_chosen":"DOCTOR_CLASS","items_purchased":["Chemical X","ats:Industrial Water Cannon","Replay:Accelerometer"],"campfire_rested":1,"item_purchase_floors":[0,0,0],"current_hp_per_floor":[36,18,18,15,15,15,14,14,14,14,14,11,5,5,26,26,26,0,0],"gold":351,"neow_bonus":"","is_daily":false,"chose_seed":false,"campfire_upgraded":0,"win_rate":0.0,"timestamp":1612568133,"path_taken":["M","?","?","?","PTL","PTL","M","R","$","?","T","M","?","E","R","M","R","BOSS"],"items_purchased_type":["Relic","Relic","Relic"],"build_version":"2020-12-22","purchased_purges":0,"victory":false,"max_hp_per_floor":[72,72,72,72,72,72,72,72,72,72,72,72,72,72,72,72,72,72,72],"card_choices":[{"not_picked":["ats:Assault Order","ats:Leaping Hammer"],"picked":"ats:Hammer On","floor":1},{"not_picked":["ats:Leaping Hammer","ats:Healing Strengthening"],"picked":"ats:Poison Spread","floor":4},{"not_picked":["ats:Consecutive Shot Auto","ats:Mental Burst"],"picked":"ats:Shell Defense","floor":7},{"not_picked":["ats:Assault Order","ats:Mental Burst"],"picked":"ats:Serious Mode","floor":12},{"not_picked":["ats:Ignite","ats:Curse Doll"],"picked":"ats:Sword Rain","floor":13},{"not_picked":["ats:Closed Bolt Burst Fire","ats:Absolute Focus"],"picked":"ats:Revitalization","floor":16}],"player_experience":285169,"relics_obtained":[{"floor":8,"key":"MawBank"},{"floor":11,"key":"potionbrewer:ToyAutogyro"},{"floor":17,"key":"halation:PromiseList"}],"event_choices":[{"damage_healed":0,"gold_gain":0,"player_choice":"Take Damage","damage_taken":18,"relics_obtained":["Golden Idol"],"max_hp_gain":0,"max_hp_loss":0,"event_name":"Golden Idol","floor":2,"gold_loss":0}],"is_beta":false,"boss_relics":[],"items_purged_floors":[],"is_endless":false,"potions_floor_spawned":[12,13,14,16],"killed_by":"Hexaghost","ascension_level":0}}