{"host":"6q94iy5iz6612v89","time":1612555763,"event":{"mods":["2.2 Compatiblity","AchievementEnabler","BaseMod","Colored Map","DeckTracker","Keyboard Shortcuts","Minty Spire (QoL Compilation)","Permanent Neow","StSLib","SuperFastMode"],"gold_per_floor":[119,131,131,131,56,56,74,74,74,88,88,121,139,160,160,256,256,256,256,256,256,256,256],"floor_reached":22,"language":"KOR","playtime":454,"items_purged":["Strike_B"],"score":376,"play_id":"3ed503e5-81e6-4ae3-a40c-14b60aed3cab","local_time":"20210206050923","is_ascension_mode":true,"campfire_choices":[{"data":"Zap","floor":6,"key":"SMITH"},{"data":"Chaos","floor":8,"key":"SMITH"},{"data":"Barrage","floor":11,"key":"SMITH"},{"data":"1","floor":15,"key":"LIFT"}],"circlet_count":0,"master_deck":["AscendersBane","Strike_B","Strike_B","Defend_B","Defend_B","Defend_B","Defend_B","Zap+1","Dualcast","Barrage","Barrage+1","Chaos+1","Sweeping Beam","Conserve Battery","Echo Form","Hologram+1"],"relics":["Cracked Core","Golden Idol","Eternal Feather","Girya","Ectoplasm"],"acts_visited":["Exordium","TheCity"],"potions_floor_usage":[13,13,16,18,20],"damage_taken":[{"damage":8,"enemies":"Cultist","floor":1,"turns":5},{"damage":10,"enemies":"Small Slimes","floor":2,"turns":3},{"damage":7,"enemies":"Jaw Worm","floor":7,"turns":3},{"damage":2,"enemies":"2 Fungi Beasts","floor":10,"turns":3},{"damage":11,"enemies":"Gremlin Nob","floor":12,"turns":3},{"damage":7,"enemies":"Exordium Thugs","floor":13,"turns":3},{"damage":0,"enemies":"Looter","floor":14,"turns":2},{"damage":14,"enemies":"The Guardian","floor":16,"turns":9},{"damage":1,"enemies":"Chosen","floor":18,"turns":4},{"damage":30,"enemies":"3 Byrds","floor":19,"turns":5},{"damage":9,"enemies":"Snecko","floor":20,"turns":6},{"damage":18,"enemies":"Sentry and Sphere","floor":22,"turns":3}],"seed_played":"-3854355635245265378","potions_obtained":[{"floor":4,"key":"LiquidMemories"},{"floor":4,"key":"DuplicationPotion"},{"floor":7,"key":"Fire Potion"},{"floor":10,"key":"Explosive Potion"},{"floor":13,"key":"EssenceOfSteel"},{"floor":14,"key":"SteroidPotion"},{"floor":18,"key":"Fruit Juice"}],"is_trial":false,"path_per_floor":["M","M","?","?","$","R","M","R","T","M","R","E","M","M","R","B",null,"M","M","M","?","M"],"character_chosen":"DEFECT","items_purchased":[],"campfire_rested":0,"item_purchase_floors":[],"current_hp_per_floor":[56,46,46,46,46,46,39,39,39,37,43,32,25,25,31,17,52,51,21,17,17,0,0],"gold":256,"neow_bonus":"REMOVE_CARD","is_daily":false,"chose_seed":false,"campfire_upgraded":3,"win_rate":0.0,"timestamp":1612555763,"path_taken":["M","M","?","?","$","R","M","R","T","?","R","E","M","M","R","BOSS","M","?","M","?","M"],"items_purchased_type":[],"build_version":"2020-12-22","purchased_purges":1,"victory":false,"max_hp_per_floor":[71,71,64,64,64,64,64,64,64,64,64,64,64,64,64,64,64,64,64,69,69,69,69],"card_choices":[{"not_picked":["Compile Driver","Coolheaded"],"picked":"Barrage","floor":1},{"not_picked":["Compile Driver","Loop"],"picked":"Barrage","floor":2},{"not_picked":["Streamline","Beam Cell"],"picked":"Chaos","floor":7},{"not_picked":["Streamline","Barrage"],"picked":"Sweeping Beam","floor":10},{"not_picked":["FTL","BootSequence","Barrage"],"picked":"SKIP","floor":12},{"not_picked":["Go for the Eyes","Aggregate"],"picked":"Conserve Battery","floor":13},{"not_picked":["Rebound","Doom and Gloom","Amplify"],"picked":"SKIP","floor":14},{"not_picked":["Rainbow","Hyperbeam"],"picked":"Echo Form","floor":16},{"not_picked":["Go for the Eyes","Barrage"],"picked":"Hologram+1","floor":18},{"not_picked":["Conserve Battery","Compile Driver","Rebound+1"],"picked":"SKIP","floor":19},{"not_picked":["Skim+1","Hologram","Recycle"],"picked":"SKIP","floor":20}],"player_experience":1466334,"relics_obtained":[{"floor":9,"key":"Eternal Feather"},{"floor":12,"key":"Girya"}],"event_choices":[{"damage_healed":0,"gold_gain":0,"player_choice":"Lose Max HP","damage_taken":0,"relics_obtained":["Golden Idol"],"max_hp_gain":0,"max_hp_loss":7,"event_name":"Golden Idol","floor":3,"gold_loss":0},{"damage_healed":0,"gold_gain":0,"player_choice":"Got Potions","damage_taken":0,"max_hp_gain":0,"max_hp_loss":0,"event_name":"Lab","floor":4,"gold_loss":0},{"damage_healed":0,"gold_gain":0,"player_choice":"Ignored","damage_taken":0,"max_hp_gain":0,"max_hp_loss":0,"event_name":"Vampires","floor":21,"gold_loss":0}],"is_beta":false,"boss_relics":[{"not_picked":["Nuclear Battery","Tiny House"],"picked":"Ectoplasm"}],"items_purged_floors":[5],"is_endless":false,"potions_floor_spawned":[7,10,13,14,18],"killed_by":"Sentry and Sphere","ascension_level":20}}