{"host":"takgv9cv6xf64vhq","time":1612526284,"event":{"mods":["BaseMod","Colored Powertips","Conspire","Decade(王小明)","Downfall","Energized Spire","Hermit","Hubris","LagranYue(拉格朗・月)","Marisa（F雨　魔理沙）","Minty Spire (QoL Compilation)","Replay The Spire","StSLib","The Cursed","The Hierophant","The Jungle","The Servant 0.9.4","TheHeartMod"],"gold_per_floor":[209,209,60,73,73,73,103,120,120,295,310,310,322,337,337,337,337],"floor_reached":16,"language":"ZHS","playtime":489,"items_purged":["Strike_G"],"score":107,"play_id":"66eaa831-64c1-41d3-b400-46423b49836c","local_time":"20210205195804","is_ascension_mode":true,"campfire_choices":[{"data":"Infinite Blades","floor":6,"key":"SMITH"},{"data":"Neutralize","floor":15,"key":"SMITH"}],"circlet_count":0,"master_deck":["Strike_G","Strike_G","Strike_G","Defend_G","Defend_G","Defend_G","Defend_G","Survivor","Neutralize+1","Accuracy","Poisoned Stab+1","Infinite Blades+1","Replay:Poison Smokescreen","Malaise","Dodge and Roll","Doubt","Acrobatics","Toxin Wave","Adrenaline"],"relics":["Ring of the Snake","Regal Pillow","PreservedInsect","hexamod:CandleOfCauterizing"],"acts_visited":["Exordium"],"potions_floor_usage":[7],"damage_taken":[{"damage":0,"enemies":"Small Slimes","floor":1,"turns":3},{"damage":2,"enemies":"2 Louse","floor":4,"turns":4},{"damage":22,"enemies":"Gremlin Nob","floor":7,"turns":4},{"damage":1,"enemies":"Jaw Worm","floor":8,"turns":4},{"damage":7,"enemies":"2 Fungi Beasts","floor":11,"turns":5},{"damage":8,"enemies":"Blue Slaver","floor":13,"turns":4},{"damage":5,"enemies":"Lots of Slimes","floor":14,"turns":3},{"damage":0,"enemies":"Fading Forest","floor":16,"turns":1}],"seed_played":"8146811968103594114","potions_obtained":[{"floor":4,"key":"LiquidBronze"},{"floor":11,"key":"Elixir"}],"is_trial":false,"path_per_floor":["M","?","$","M","?","R","E","M","T","?","M","?","M","M","R","B"],"character_chosen":"THE_SILENT","items_purchased":["Infinite Blades"],"campfire_rested":0,"item_purchase_floors":[3],"current_hp_per_floor":[70,70,70,68,61,61,39,38,38,38,31,24,16,11,11,11,11],"gold":337,"neow_bonus":"HUNDRED_GOLD","is_daily":false,"chose_seed":false,"campfire_upgraded":2,"win_rate":0.0,"timestamp":1612526284,"path_taken":["M","?","$","M","?","R","E","M","T","?","M","?","?","M","R","BOSS"],"items_purchased_type":["Card"],"build_version":"2020-12-22","purchased_purges":1,"victory":false,"max_hp_per_floor":[70,70,70,70,70,70,70,70,70,70,70,70,70,70,70,70,70],"card_choices":[{"not_picked":["PiercingWail","Sucker Punch"],"picked":"Accuracy","floor":1},{"not_picked":["ReplayTheSpireMod:Shiv Toss","Underhanded Strike"],"picked":"Replay:Poison Smokescreen","floor":4},{"not_picked":["Cloak And Dagger","ReplayTheSpireMod:Shiv Toss"],"picked":"Malaise","floor":7},{"not_picked":["Deadly Poison","Skewer"],"picked":"Dodge and Roll","floor":8},{"not_picked":["Leg Sweep","Sneak Up"],"picked":"Acrobatics","floor":11},{"not_picked":["Flying Knee","ReplayTheSpireMod:Exploit Weakness"],"picked":"Toxin Wave","floor":13},{"not_picked":["Dodge and Roll","Outmaneuver"],"picked":"Adrenaline","floor":14}],"player_experience":438735,"relics_obtained":[{"floor":7,"key":"Regal Pillow"},{"floor":9,"key":"PreservedInsect"}],"event_choices":[{"cards_removed":["Strike_G"],"damage_healed":0,"gold_gain":0,"player_choice":"Card Removal","damage_taken":7,"max_hp_gain":0,"max_hp_loss":0,"event_name":"Golden Wing","floor":5,"gold_loss":0},{"damage_healed":0,"gold_gain":175,"player_choice":"AGREE","damage_taken":0,"max_hp_gain":0,"max_hp_loss":0,"event_name":"Liars Game","floor":10,"gold_loss":0,"cards_obtained":["Doubt"]},{"damage_healed":0,"gold_gain":0,"player_choice":"Success","damage_taken":7,"relics_obtained":["hexamod:CandleOfCauterizing"],"max_hp_gain":0,"max_hp_loss":0,"event_name":"Scrap Ooze","floor":12,"gold_loss":0}],"is_beta":false,"boss_relics":[],"items_purged_floors":[3],"is_endless":false,"potions_floor_spawned":[4,11],"killed_by":"Fading Forest","ascension_level":1}}