{"host":"928gv66myv2vlnsd","time":1612494528,"event":{"mods":["BaseMod","Highlight Path","Minty Spire (QoL Compilation)","StSLib"],"gold_per_floor":[118,135,155,74,88,115,133,133,133,161,54,54,67,99,99,170,170,182,182,182,194,208,242,40,54,77,77,77,77],"floor_reached":28,"language":"ENG","playtime":2058,"items_purged":[],"score":520,"play_id":"cde70424-a025-4bfc-8c64-cb19b1737ce0","local_time":"20210204220848","is_ascension_mode":true,"campfire_choices":[{"floor":8,"key":"REST"},{"floor":12,"key":"REST"},{"data":"Dual Wield","floor":15,"key":"SMITH"}],"circlet_count":0,"master_deck":["AscendersBane","Strike_R+1","Strike_R+1","Strike_R+1","Strike_R+1","Strike_R+1","Defend_R+1","Defend_R+1","Defend_R+1","Defend_R+1","Bash","True Grit","Perfected Strike","Hemokinesis","Feel No Pain","Anger","Metallicize","Perfected Strike","Whirlwind","Battle Trance","Dual Wield+1","Offering+1","Shrug It Off+1","Perfected Strike","Ghostly Armor","Flame Barrier","Apotheosis","Rage+1","Writhe"],"relics":["Burning Blood","Smiling Mask","Vajra","Bottled Flame","Turnip","Paper Frog","Velvet Choker","Ice Cream","MealTicket","War Paint"],"acts_visited":["Exordium","TheCity"],"potions_floor_usage":[13,14,28],"damage_taken":[{"damage":12,"enemies":"Cultist","floor":1,"turns":4},{"damage":11,"enemies":"Small Slimes","floor":2,"turns":4},{"damage":7,"enemies":"Jaw Worm","floor":3,"turns":4},{"damage":18,"enemies":"2 Fungi Beasts","floor":5,"turns":3},{"damage":24,"enemies":"3 Sentries","floor":6,"turns":11},{"damage":19,"enemies":"Large Slime","floor":7,"turns":5},{"damage":10,"enemies":"Gremlin Nob","floor":10,"turns":3},{"damage":1,"enemies":"Blue Slaver","floor":13,"turns":3},{"damage":35,"enemies":"3 Sentries","floor":14,"turns":7},{"damage":42,"enemies":"Slime Boss","floor":16,"turns":10},{"damage":40,"enemies":"3 Byrds","floor":18,"turns":5},{"damage":0,"enemies":"Chosen","floor":21,"turns":5},{"damage":17,"enemies":"Centurion and Healer","floor":22,"turns":7},{"damage":48,"enemies":"Slavers","floor":23,"turns":6},{"damage":8,"enemies":"Sentry and Sphere","floor":25,"turns":7},{"damage":11,"enemies":"Colosseum Slavers","floor":28,"turns":3}],"seed_played":"-5370604406350356960","potions_obtained":[{"floor":2,"key":"Block Potion"},{"floor":3,"key":"Swift Potion"},{"floor":5,"key":"Regen Potion"},{"floor":14,"key":"FairyPotion"},{"floor":25,"key":"Explosive Potion"}],"is_trial":false,"path_per_floor":["M","M","M","$","M","E","M","R","T","E","$","R","M","E","R","B",null,"M","?","?","M","M","E","$","M","T","?","?"],"character_chosen":"IRONCLAD","items_purchased":["Feel No Pain","Perfected Strike","Whirlwind","Apotheosis"],"campfire_rested":2,"item_purchase_floors":[4,11,11,24],"current_hp_per_floor":[62,57,56,56,44,26,13,35,35,31,31,53,58,44,44,8,58,24,24,24,30,19,9,9,7,7,7,0,0],"gold":77,"neow_bonus":"RANDOM_COMMON_RELIC","is_daily":false,"chose_seed":false,"campfire_upgraded":1,"win_rate":0.0,"timestamp":1612494528,"path_taken":["M","M","?","$","M","E","?","R","T","E","$","R","?","E","R","BOSS","M","?","?","M","M","E","$","M","T","?","?"],"items_purchased_type":["Card","Card","Card","Card"],"build_version":"2020-12-22","purchased_purges":0,"victory":false,"max_hp_per_floor":[75,75,75,75,75,75,75,75,75,75,75,75,75,75,75,75,75,75,75,75,75,75,75,75,75,75,75,75,75],"card_choices":[{"not_picked":["Perfected Strike","Armaments"],"picked":"True Grit","floor":1},{"not_picked":["Pummel","Warcry"],"picked":"Perfected Strike","floor":2},{"not_picked":["Metallicize","Anger"],"picked":"Hemokinesis","floor":3},{"not_picked":["Fire Breathing","Flex","Havoc"],"picked":"SKIP","floor":5},{"not_picked":["Fire Breathing","Flex","Havoc"],"picked":"SKIP","floor":5},{"not_picked":["Heavy Blade","Headbutt"],"picked":"Anger","floor":6},{"not_picked":["Warcry","Searing Blow","Demon Form"],"picked":"SKIP","floor":7},{"not_picked":["Flex","Thunderclap"],"picked":"Metallicize","floor":10},{"not_picked":["Wild Strike","Hemokinesis"],"picked":"Battle Trance","floor":13},{"not_picked":["Reckless Charge","Pommel Strike"],"picked":"Dual Wield","floor":14},{"not_picked":["Demon Form","Feed"],"picked":"Offering","floor":16},{"not_picked":["Twin Strike","Evolve"],"picked":"Shrug It Off","floor":18},{"not_picked":["Flex","Reckless Charge"],"picked":"Ghostly Armor","floor":21},{"not_picked":["Pommel Strike","Warcry","Fire Breathing"],"picked":"SKIP","floor":22},{"not_picked":["Pommel Strike","Armaments"],"picked":"Flame Barrier","floor":23},{"not_picked":["Anger+1","Intimidate"],"picked":"Rage+1","floor":25}],"player_experience":1461000,"relics_obtained":[{"floor":6,"key":"Vajra"},{"floor":9,"key":"Bottled Flame"},{"floor":10,"key":"Turnip"},{"floor":14,"key":"Paper Frog"},{"floor":23,"key":"Ice Cream"},{"floor":26,"key":"MealTicket"}],"event_choices":[{"damage_healed":0,"gold_gain":0,"player_choice":"Read","damage_taken":0,"max_hp_gain":0,"max_hp_loss":0,"event_name":"The Library","floor":19,"gold_loss":0,"cards_obtained":["Perfected Strike"]},{"damage_healed":0,"gold_gain":0,"player_choice":"Simplicity","damage_taken":0,"max_hp_gain":0,"max_hp_loss":0,"event_name":"Back to Basics","floor":20,"gold_loss":0,"cards_upgraded":["Strike_R","Strike_R","Strike_R","Strike_R","Strike_R","Defend_R","Defend_R","Defend_R","Defend_R"]},{"damage_healed":0,"gold_gain":0,"player_choice":"Opened","damage_taken":0,"relics_obtained":["War Paint"],"max_hp_gain":0,"max_hp_loss":0,"event_name":"The Mausoleum","floor":27,"gold_loss":0,"cards_obtained":["Writhe"]},{"damage_healed":0,"gold_gain":0,"player_choice":"Fight","damage_taken":0,"max_hp_gain":0,"max_hp_loss":0,"event_name":"Colosseum","floor":28,"gold_loss":0}],"is_beta":false,"boss_relics":[{"not_picked":["Astrolabe","SlaversCollar"],"picked":"Velvet Choker"}],"items_purged_floors":[],"is_endless":false,"potions_floor_spawned":[2,3,5,14,25],"killed_by":"Colosseum Slavers","ascension_level":20}}