{"host":"xp5rvh2jwe2ejyfm","time":1612550508,"event":{"mods":["2.2 Compatiblity","Aspiration","BaseMod","BetterRewards","Colored Powertips","Conspire","Downfall","GifTheSpireLib","Gremlin Mod","Hermit","Hubris","Jorbs\u0027s Wanderer Trilogy","Minty Spire (QoL Compilation)","Quick Restart","Replay The Spire","Robot Space Explorer","Shade Mod","Somnambulant","StSLib","The Bug Knight","The Clintock","The Construct","The Cursed","The Disciple","The Forsaken","The Hierophant","The Necromancer","The Runesmith","The Servant 0.9.4","The Valiant","The Witch","TheFirefly","thorton"],"gold_per_floor":[117,128,146,146,164,164,179,179,206,206,206],"floor_reached":10,"language":"ENG","playtime":357,"items_purged":[],"score":60,"play_id":"1031b623-85d1-4d26-8c81-6eaaff8fe2c5","local_time":"20210205134148","is_ascension_mode":false,"campfire_choices":[{"data":"thefirefly:CoveringFire","floor":6,"key":"SMITH"},{"data":"thefirefly:ShieldGenerator","floor":8,"key":"SMITH"}],"circlet_count":0,"master_deck":["thefirefly:Strike","thefirefly:Strike","thefirefly:Strike","thefirefly:Strike","thefirefly:Defend","thefirefly:Defend","thefirefly:Defend","thefirefly:Defend","thefirefly:StealthMode","thefirefly:PhotonBlast","thefirefly:CoveringFire+1","thefirefly:DecoyShot","thefirefly:Reposition","conspire:Blindness","thefirefly:RecollectionSubroutine","thefirefly:StealthMode","thefirefly:Lamentation","thefirefly:ShieldGenerator+1"],"relics":["thefirefly:StealthSystem","NeowsBlessing","Oddly Smooth Stone"],"acts_visited":["Exordium"],"potions_floor_usage":[],"damage_taken":[{"damage":0,"enemies":"Small Slimes","floor":1,"turns":1},{"damage":0,"enemies":"Cultist","floor":2,"turns":1},{"damage":0,"enemies":"2 Louse","floor":3,"turns":1},{"damage":6,"enemies":"Blue Slaver","floor":5,"turns":5},{"damage":6,"enemies":"Exordium Wildlife","floor":7,"turns":5},{"damage":43,"enemies":"Lagavulin","floor":10,"turns":11}],"seed_played":"-8501258121551404953","potions_obtained":[{"floor":7,"key":"Energy Potion"}],"is_trial":false,"path_per_floor":["M","M","M","?","M","R","M","R","T","E"],"character_chosen":"THE_FIREFLY","items_purchased":[],"campfire_rested":0,"item_purchase_floors":[],"current_hp_per_floor":[55,55,55,55,49,49,43,43,43,0,0],"gold":206,"neow_bonus":"THREE_ENEMY_KILL","is_daily":false,"chose_seed":false,"campfire_upgraded":2,"win_rate":0.0,"timestamp":1612550508,"path_taken":["M","M","M","?","?","R","M","R","T","E"],"items_purchased_type":[],"build_version":"2020-12-22","purchased_purges":0,"victory":false,"max_hp_per_floor":[55,55,55,55,55,55,55,55,55,55,55],"card_choices":[{"not_picked":["thefirefly:ShieldArray","thefirefly:Exile"],"picked":"thefirefly:CoveringFire","floor":1},{"not_picked":["thefirefly:LaserBarrage","thefirefly:PhantomStrike"],"picked":"thefirefly:DecoyShot","floor":2},{"not_picked":["thefirefly:Pacify","thefirefly:RollBack"],"picked":"thefirefly:Reposition","floor":3},{"not_picked":["thefirefly:LifeSupport","thefirefly:Distort"],"picked":"thefirefly:Lamentation","floor":5},{"not_picked":["thefirefly:ReverseEngine","thefirefly:Ruminate"],"picked":"thefirefly:ShieldGenerator","floor":7}],"player_experience":436182,"relics_obtained":[{"floor":9,"key":"Oddly Smooth Stone"}],"event_choices":[{"damage_healed":0,"gold_gain":0,"player_choice":"3 cards matched","damage_taken":0,"max_hp_gain":0,"max_hp_loss":0,"event_name":"Match and Keep!","floor":4,"gold_loss":0,"cards_obtained":["conspire:Blindness","thefirefly:RecollectionSubroutine","thefirefly:StealthMode"]}],"is_beta":false,"boss_relics":[],"items_purged_floors":[],"is_endless":false,"potions_floor_spawned":[7],"killed_by":"Lagavulin","ascension_level":0}}