{"host":"amduk82rbaelv3uo","time":1612500461,"event":{"mods":["AchievementEnabler","BaseMod","BetterRewards","Colored Map","Colored Powertips","Defuse TimeMaze Blight","Highlight Path","Infinite Spire","Minty Spire (QoL Compilation)","Permanent Neow","Quick Restart","Replay The Spire","StSLib","The Cursed"],"gold_per_floor":[117,117,18,35,48,75,92,118,167,167,198,72,83,96,96,199,199,218,158,191,45,65,65,95,95,95],"floor_reached":25,"language":"ENG","playtime":2251,"items_purged":[],"score":265,"play_id":"218a800d-6536-4eb1-9bb3-6fbfa75e2c90","local_time":"20210205044741","is_ascension_mode":true,"campfire_choices":[{"floor":10,"key":"REST"},{"floor":15,"key":"REST"},{"floor":23,"key":"REST"}],"circlet_count":0,"master_deck":["Strike_G","Strike_G","Strike_G","Strike_G","Strike_G","Defend_G","Defend_G+1","Defend_G","Defend_G+1","Defend_G","Survivor","Neutralize","Deadly Poison","Infinite Blades","Dagger Throw","Noxious Fumes","Poisoned Stab","Backstab","Blade Dance","Dodge and Roll","Blade Dance","Magnetism","Blind","Master of Strategy","Dagger Spray","Tactician","A Thousand Cuts","Infinite Blades+1","Infinite Blades","ReplayTheSpireMod:Scrap Shanks","ReplayTheSpireMod:Scrap Shanks"],"relics":["ChewingGum","War Paint","infinitespire:Broken Mirror","infinitespire:Satchel","Oddly Smooth Stone","ReplayTheSpireMod:ShopPack","HoveringKite","Red Mask","Pen Nib","Ancient Tea Set"],"acts_visited":["Exordium","TheCity"],"potions_floor_usage":[6,8,16,18,24],"damage_taken":[{"damage":0,"enemies":"Jaw Worm","floor":1,"turns":5},{"damage":1,"enemies":"Cultist","floor":4,"turns":3},{"damage":12,"enemies":"Small Slimes","floor":5,"turns":4},{"damage":19,"enemies":"3 Sentries","floor":6,"turns":7},{"damage":5,"enemies":"Blue Slaver","floor":7,"turns":3},{"damage":18,"enemies":"Lagavulin","floor":8,"turns":4},{"damage":8,"enemies":"Gremlin Nob","floor":11,"turns":3},{"damage":13,"enemies":"Lots of Slimes","floor":13,"turns":3},{"damage":0,"enemies":"Exordium Wildlife","floor":14,"turns":3},{"damage":22,"enemies":"Fading Forest","floor":16,"turns":11},{"damage":14,"enemies":"Shell Parasite","floor":18,"turns":3},{"damage":30,"enemies":"Masked Bandits","floor":20,"turns":5},{"damage":0,"enemies":"3 Byrds","floor":22,"turns":3},{"damage":28,"enemies":"Slavers","floor":24,"turns":5},{"damage":19,"enemies":"Snecko","floor":25,"turns":3}],"seed_played":"-7661522736299293479","potions_obtained":[{"floor":5,"key":"SpeedPotion"},{"floor":6,"key":"BlessingOfTheForge"},{"floor":7,"key":"Elixir"},{"floor":16,"key":"Dexterity Potion"},{"floor":22,"key":"Explosive Potion"}],"is_trial":false,"path_per_floor":["M","?","$","M","M","E","M","E","T","R","E","$","M","M","R","B",null,"M","?","?","$","M","R","E","M"],"character_chosen":"THE_SILENT","items_purchased":["Infinite Blades","Dagger Throw","ReplayTheSpireMod:ShopPack","Pen Nib"],"campfire_rested":3,"item_purchase_floors":[3,3,12,21],"current_hp_per_floor":[70,70,70,69,57,38,33,15,15,36,28,28,15,15,36,24,70,56,56,26,26,26,47,19,0,0],"gold":95,"neow_bonus":"BOSS_RELIC","is_daily":false,"chose_seed":false,"campfire_upgraded":0,"win_rate":0.0,"timestamp":1612500461,"path_taken":["M","?","$","M","M","E","?","E","T","R","E","$","M","M","R","BOSS","M","?","?","$","M","R","E","M"],"items_purchased_type":["Card","Card","Relic","Relic"],"build_version":"2020-12-22","purchased_purges":0,"victory":false,"max_hp_per_floor":[70,70,70,70,70,70,70,70,70,70,70,70,70,70,70,70,70,70,70,70,70,70,70,70,70,70],"card_choices":[{"not_picked":["Terror","Well Laid Plans"],"picked":"Deadly Poison","floor":1},{"not_picked":["Catalyst","Dodge and Roll"],"picked":"Noxious Fumes","floor":4},{"not_picked":["Riddle With Holes","Choke"],"picked":"Poisoned Stab","floor":5},{"not_picked":["ReplayTheSpireMod:Speed Training","Blur"],"picked":"Backstab","floor":6},{"not_picked":["Acrobatics","Leg Sweep"],"picked":"Blade Dance","floor":7},{"not_picked":["Dagger Throw","Heel Hook"],"picked":"Dodge and Roll","floor":8},{"not_picked":["Catalyst","PiercingWail"],"picked":"Blade Dance","floor":11},{"not_picked":["HandOfGreed","Chrysalis"],"picked":"Magnetism","floor":12},{"not_picked":["ReplayUltimateDefense","ReplayTheSpireMod:Uncanny Aura"],"picked":"Blind","floor":12},{"not_picked":["Replay:Sssssssssshield","Dramatic Entrance"],"picked":"Master of Strategy","floor":12},{"not_picked":["PiercingWail","Sneak Up"],"picked":"Dagger Spray","floor":13},{"not_picked":["Prepared","Catalyst"],"picked":"Tactician","floor":14},{"not_picked":["Night Terror","Bullet Time"],"picked":"A Thousand Cuts","floor":16},{"not_picked":["Sucker Punch","Masterful Stab"],"picked":"Infinite Blades+1","floor":18},{"not_picked":["Dagger Throw+1","Deflect"],"picked":"Infinite Blades","floor":20},{"not_picked":["Calculated Gamble+1","Skewer"],"picked":"ReplayTheSpireMod:Scrap Shanks","floor":22},{"not_picked":["Dodge and Roll","Flechettes+1"],"picked":"ReplayTheSpireMod:Scrap Shanks","floor":24}],"player_experience":288870,"relics_obtained":[{"floor":6,"key":"War Paint"},{"floor":8,"key":"infinitespire:Broken Mirror"},{"floor":9,"key":"infinitespire:Satchel"},{"floor":11,"key":"Oddly Smooth Stone"},{"floor":20,"key":"Red Mask"},{"floor":24,"key":"Ancient Tea Set"}],"event_choices":[{"damage_healed":0,"gold_gain":0,"player_choice":"Ignored","damage_taken":0,"max_hp_gain":0,"max_hp_loss":0,"event_name":"Purifier","floor":2,"gold_loss":0},{"damage_healed":0,"gold_gain":0,"player_choice":"Fought Bandits","damage_taken":0,"max_hp_gain":0,"max_hp_loss":0,"event_name":"Masked Bandits","floor":20,"gold_loss":0}],"is_beta":false,"boss_relics":[{"not_picked":["Kintsugi","Coffee Dripper"],"picked":"HoveringKite"}],"items_purged_floors":[],"is_endless":false,"potions_floor_spawned":[5,6,7,16,22],"killed_by":"Snecko","ascension_level":2}}