{"host":"5w7hw1ne5h7avrl9","time":1612500117,"event":{"mods":["AchievementEnabler","BaseMod","Colored Map","Colored Powertips","Displayed Cursed Tome","Googly Eyes","Minty Spire (QoL Compilation)","SuperFastMode"],"gold_per_floor":[112,131,131,54,67,67,96,96,96,122,122,197,209,227,227,327,327,347,272,288,288,112,112,127,144,144,144,144,144],"floor_reached":28,"language":"ENG","playtime":1223,"items_purged":["Strike_B"],"score":278,"play_id":"bc40f4b4-0522-466c-8b98-08bd29c2b2be","local_time":"20210204204157","is_ascension_mode":true,"campfire_choices":[{"data":"Hyperbeam","floor":6,"key":"SMITH"},{"floor":11,"key":"REST"},{"floor":15,"key":"REST"},{"floor":23,"key":"REST"},{"floor":27,"key":"REST"}],"circlet_count":0,"master_deck":["Strike_B","Strike_B","Defend_B","Defend_B","Defend_B+1","Zap","Streamline","Hyperbeam+1","White Noise","Reprogram","White Noise","Amplify","Creative AI","BootSequence","Barrage+1"],"relics":["Cracked Core","TungstenRod","The Courier","Lantern","Velvet Choker","Enchiridion","Strange Spoon","Omamori"],"acts_visited":["Exordium","TheCity"],"potions_floor_usage":[7,10,16,24,25],"damage_taken":[{"damage":0,"enemies":"Small Slimes","floor":1,"turns":1},{"damage":7,"enemies":"Jaw Worm","floor":2,"turns":2},{"damage":0,"enemies":"2 Louse","floor":5,"turns":2},{"damage":0,"enemies":"3 Sentries","floor":7,"turns":1},{"damage":30,"enemies":"Lagavulin","floor":10,"turns":6},{"damage":0,"enemies":"Looter","floor":13,"turns":1},{"damage":4,"enemies":"Exordium Wildlife","floor":14,"turns":2},{"damage":45,"enemies":"Slime Boss","floor":16,"turns":8},{"damage":40,"enemies":"2 Thieves","floor":18,"turns":3},{"damage":12,"enemies":"Shell Parasite","floor":20,"turns":4},{"damage":17,"enemies":"Centurion and Healer","floor":24,"turns":3},{"damage":40,"enemies":"Shelled Parasite and Fungi","floor":25,"turns":5},{"damage":37,"enemies":"Snake Plant","floor":28,"turns":5}],"seed_played":"-8075553625893155813","potions_obtained":[{"floor":1,"key":"LiquidMemories"},{"floor":2,"key":"EssenceOfSteel"},{"floor":10,"key":"FairyPotion"},{"floor":14,"key":"Regen Potion"},{"floor":18,"key":"Explosive Potion"},{"floor":20,"key":"Ancient Potion"}],"is_trial":false,"path_per_floor":["M","M","?","$","M","R","E","?","T","E","R","?","M","M","R","B",null,"M","?","M","?","$","R","M","M","T","R","M"],"character_chosen":"DEFECT","items_purchased":["Reprogram","Strange Spoon"],"campfire_rested":4,"item_purchase_floors":[4,22],"current_hp_per_floor":[54,47,32,32,32,32,32,32,32,2,24,14,14,10,32,2,75,35,35,23,11,11,33,16,11,11,33,0,0],"gold":144,"neow_bonus":"TRANSFORM_TWO_CARDS","is_daily":false,"chose_seed":false,"campfire_upgraded":1,"win_rate":0.0,"timestamp":1612500117,"path_taken":["M","M","?","?","M","R","E","?","T","E","R","?","M","M","R","BOSS","M","?","M","?","?","R","M","?","T","R","M"],"items_purchased_type":["Card","Relic"],"build_version":"2020-12-22","purchased_purges":1,"victory":false,"max_hp_per_floor":[75,75,75,75,75,75,75,75,75,75,75,75,75,75,75,75,75,75,75,75,75,75,75,75,75,75,75,75,75],"card_choices":[{"not_picked":["Glacier","Steam Power"],"picked":"White Noise","floor":1},{"not_picked":["Leap","Streamline","Beam Cell"],"picked":"SKIP","floor":2},{"not_picked":["Loop","Compile Driver","Ball Lightning"],"picked":"SKIP","floor":5},{"not_picked":["Glacier","Sweeping Beam"],"picked":"White Noise","floor":7},{"not_picked":["Cold Snap","Sweeping Beam","Compile Driver"],"picked":"SKIP","floor":10},{"not_picked":["Reinforced Body","Compile Driver"],"picked":"Amplify","floor":13},{"not_picked":["Rip and Tear","Lockon","Rebound"],"picked":"SKIP","floor":14},{"not_picked":["Core Surge","Electrodynamics"],"picked":"Creative AI","floor":16},{"not_picked":["Storm+1","Rip and Tear+1"],"picked":"BootSequence","floor":18},{"not_picked":["Coolheaded","Gash","Hello World"],"picked":"SKIP","floor":20},{"not_picked":["Compile Driver+1","Stack+1"],"picked":"Barrage+1","floor":24},{"not_picked":["Static Discharge+1","Darkness","Barrage"],"picked":"SKIP","floor":25}],"player_experience":196656,"relics_obtained":[{"floor":7,"key":"TungstenRod"},{"floor":9,"key":"The Courier"},{"floor":10,"key":"Lantern"},{"floor":26,"key":"Omamori"}],"event_choices":[{"damage_healed":0,"gold_gain":0,"player_choice":"Entered Light","damage_taken":15,"max_hp_gain":0,"max_hp_loss":0,"event_name":"Shining Light","floor":3,"gold_loss":0,"cards_upgraded":["Dualcast","Defend_B"]},{"damage_healed":0,"gold_gain":0,"player_choice":"Ignored","damage_taken":0,"max_hp_gain":0,"max_hp_loss":0,"event_name":"Liars Game","floor":8,"gold_loss":0},{"damage_healed":0,"gold_gain":75,"player_choice":"Gather Gold","damage_taken":11,"max_hp_gain":0,"max_hp_loss":0,"event_name":"World of Goop","floor":12,"gold_loss":0},{"cards_removed":["Dualcast"],"damage_healed":0,"gold_gain":0,"player_choice":"Gave Gold","damage_taken":0,"max_hp_gain":0,"max_hp_loss":0,"event_name":"Beggar","floor":19,"gold_loss":75},{"damage_healed":0,"gold_gain":0,"player_choice":"Obtained Book","damage_taken":16,"max_hp_gain":0,"max_hp_loss":0,"event_name":"Cursed Tome","floor":21,"gold_loss":0}],"is_beta":false,"boss_relics":[{"not_picked":["Tiny House","Coffee Dripper"],"picked":"Velvet Choker"}],"items_purged_floors":[22],"is_endless":false,"potions_floor_spawned":[1,2,10,14,18,20],"killed_by":"Snake Plant","ascension_level":2}}