{"host":"syozzdlzcqop4jia","time":1612485457,"event":{"mods":["BaseMod","Colored Map","Colored Powertips","Minty Spire (QoL Compilation)","Quick Restart"],"gold_per_floor":[110,122,139,149,169,195,195,137,214,174,189,189,189,189,189,284,284,299,314,327,327,338,338,364,364,390,401,72,89,102,27,27,123,123,135,135,145,145,163,163,163,163,163],"floor_reached":42,"language":"ENG","playtime":2301,"items_purged":[],"score":443,"play_id":"2cf16614-ea14-4e0f-b247-48f40aa0bbbc","local_time":"20210205013737","is_ascension_mode":true,"campfire_choices":[{"floor":7,"key":"REST"},{"data":"Ball Lightning","floor":15,"key":"SMITH"},{"data":"Electrodynamics","floor":23,"key":"SMITH"},{"data":"Redo","floor":25,"key":"SMITH"},{"data":"The Bomb","floor":32,"key":"SMITH"},{"floor":40,"key":"REST"}],"circlet_count":0,"master_deck":["Strike_B","Strike_B+1","Strike_B+1","Defend_B","Defend_B","Defend_B","Defend_B","Zap+1","Dualcast","Rebound+1","Rebound","Redo+1","Ball Lightning+1","Beam Cell","BootSequence","Doom and Gloom","Rip and Tear+1","Electrodynamics+1","Melter","Beam Cell","Steam","Conserve Battery","Sunder","The Bomb+1","Tempest+1","Loop","Thunder Strike","CurseOfTheBell","Redo","Madness","Madness","Thunder Strike","The Bomb"],"relics":["Cracked Core","Eternal Feather","Matryoshka","Orichalcum","MealTicket","Thread and Needle","Sozu","Nloth\u0027s Gift","HornCleat","Boot","Oddly Smooth Stone","Whetstone","Calling Bell","Akabeko","Meat on the Bone","Peace Pipe"],"acts_visited":["Exordium","TheCity","TheBeyond"],"potions_floor_usage":[16,22,24],"damage_taken":[{"damage":2,"enemies":"Small Slimes","floor":1,"turns":3},{"damage":1,"enemies":"Cultist","floor":2,"turns":3},{"damage":3,"enemies":"Jaw Worm","floor":3,"turns":3},{"damage":0,"enemies":"Large Slime","floor":4,"turns":4},{"damage":0,"enemies":"Exordium Wildlife","floor":5,"turns":3},{"damage":21,"enemies":"Lagavulin","floor":6,"turns":5},{"damage":0,"enemies":"Gremlin Gang","floor":11,"turns":3},{"damage":44,"enemies":"The Guardian","floor":16,"turns":9},{"damage":11,"enemies":"3 Byrds","floor":18,"turns":3},{"damage":0,"enemies":"Chosen","floor":19,"turns":3},{"damage":14,"enemies":"Centurion and Healer","floor":20,"turns":5},{"damage":0,"enemies":"Sentry and Sphere","floor":22,"turns":3},{"damage":23,"enemies":"Book of Stabbing","floor":24,"turns":4},{"damage":12,"enemies":"Snecko","floor":27,"turns":4},{"damage":3,"enemies":"Shelled Parasite and Fungi","floor":29,"turns":5},{"damage":0,"enemies":"Centurion and Healer","floor":30,"turns":3},{"damage":46,"enemies":"Collector","floor":33,"turns":7},{"damage":10,"enemies":"3 Darklings","floor":35,"turns":3},{"damage":3,"enemies":"3 Shapes","floor":37,"turns":2},{"damage":44,"enemies":"Sphere and 2 Shapes","floor":39,"turns":5},{"damage":82,"enemies":"Giant Head","floor":42,"turns":7}],"seed_played":"-4593042181607596471","potions_obtained":[{"floor":2,"key":"FocusPotion"},{"floor":5,"key":"DistilledChaos"},{"floor":6,"key":"Regen Potion"},{"floor":16,"key":"Fruit Juice"}],"is_trial":false,"path_per_floor":["M","M","M","M","M","E","R","?","T","$","M","?","T","?","R","B",null,"M","M","M","?","M","R","E","R","T","M","$","M","M","$","R","B",null,"M","?","M","?","M","R","?","E"],"character_chosen":"DEFECT","items_purchased":["Doom and Gloom","The Bomb","Whetstone","Loop"],"campfire_rested":2,"item_purchase_floors":[10,28,28,31],"current_hp_per_floor":[73,72,69,69,69,48,75,75,75,75,75,60,60,57,66,27,80,69,69,55,55,64,76,53,65,65,53,68,65,65,80,80,34,80,70,60,57,57,25,67,67,0,0],"gold":163,"neow_bonus":"UPGRADE_CARD","is_daily":false,"chose_seed":false,"campfire_upgraded":4,"win_rate":0.0,"timestamp":1612485457,"path_taken":["M","M","M","M","M","E","R","?","T","?","M","?","?","?","R","BOSS","M","M","M","?","?","R","E","R","T","M","$","M","M","$","R","BOSS","M","?","M","?","M","R","?","E"],"items_purchased_type":["Card","Card","Relic","Card"],"build_version":"2020-12-22","purchased_purges":0,"victory":false,"max_hp_per_floor":[75,75,75,75,75,75,75,75,75,75,75,75,75,75,75,80,80,80,80,80,80,80,80,80,80,80,80,80,80,80,80,80,80,80,80,80,80,80,80,80,80,80,80],"card_choices":[{"not_picked":["Cold Snap","Compile Driver"],"picked":"Rebound","floor":1},{"not_picked":["Hologram","Genetic Algorithm"],"picked":"Rebound","floor":2},{"not_picked":["Undo","Steam"],"picked":"Redo","floor":3},{"not_picked":["Cold Snap","Turbo"],"picked":"Ball Lightning","floor":4},{"not_picked":["Hello World","Stack"],"picked":"Beam Cell","floor":5},{"not_picked":["Consume","Compile Driver"],"picked":"BootSequence","floor":6},{"not_picked":["Loop","Cold Snap"],"picked":"Rip and Tear","floor":11},{"not_picked":["Machine Learning","Cold Snap","Go for the Eyes"],"picked":"SKIP","floor":11},{"not_picked":["Echo Form","Reboot"],"picked":"Electrodynamics","floor":16},{"not_picked":["Streamline","Force Field+1","Compile Driver"],"picked":"SKIP","floor":18},{"not_picked":["Turbo+1","Compile Driver","Rebound+1"],"picked":"SKIP","floor":18},{"not_picked":["Static Discharge","Doom and Gloom"],"picked":"Melter","floor":19},{"not_picked":["Heatsinks","Leap+1","Stack"],"picked":"SKIP","floor":19},{"not_picked":["Turbo","Sweeping Beam"],"picked":"Beam Cell","floor":20},{"not_picked":["Auto Shields","Cold Snap"],"picked":"Steam","floor":20},{"not_picked":["Leap+1","Core Surge","Reinforced Body"],"picked":"SKIP","floor":22},{"not_picked":["Scrape","Rip and Tear"],"picked":"Conserve Battery","floor":24},{"not_picked":["Turbo","Sweeping Beam"],"picked":"Sunder","floor":27},{"not_picked":["Gash","Compile Driver"],"picked":"Tempest+1","floor":29},{"not_picked":["Streamline","Melter","Machine Learning"],"picked":"SKIP","floor":30},{"not_picked":["Multi-Cast","Echo Form"],"picked":"Thunder Strike","floor":33},{"not_picked":["Turbo+1","Barrage+1"],"picked":"Redo","floor":35},{"not_picked":["Redo","Reprogram+1"],"picked":"Thunder Strike","floor":37},{"not_picked":["Steam Power+1","Heatsinks+1","Cold Snap+1"],"picked":"SKIP","floor":39},{"not_picked":["Enlightenment","Violence"],"picked":"The Bomb","floor":41}],"player_experience":550651,"relics_obtained":[{"floor":6,"key":"Eternal Feather"},{"floor":9,"key":"Matryoshka"},{"floor":13,"key":"Orichalcum"},{"floor":13,"key":"MealTicket"},{"floor":24,"key":"HornCleat"},{"floor":26,"key":"Boot"},{"floor":26,"key":"Oddly Smooth Stone"},{"floor":34,"key":"Akabeko"},{"floor":34,"key":"Meat on the Bone"},{"floor":34,"key":"Peace Pipe"}],"event_choices":[{"damage_healed":0,"gold_gain":0,"player_choice":"Paid Gold","damage_taken":0,"relics_obtained":["Prayer Wheel"],"max_hp_gain":0,"max_hp_loss":0,"event_name":"WeMeetAgain","floor":8,"gold_loss":58},{"damage_healed":0,"gold_gain":0,"player_choice":"Entered Light","damage_taken":15,"max_hp_gain":0,"max_hp_loss":0,"event_name":"Shining Light","floor":12,"gold_loss":0,"cards_upgraded":["Rebound","Strike_B"]},{"damage_healed":0,"gold_gain":0,"player_choice":"Success","damage_taken":3,"relics_obtained":["Thread and Needle"],"max_hp_gain":0,"max_hp_loss":0,"event_name":"Scrap Ooze","floor":14,"gold_loss":0},{"damage_healed":0,"gold_gain":0,"player_choice":"Traded Relic","damage_taken":0,"relics_obtained":["Nloth\u0027s Gift"],"max_hp_gain":0,"max_hp_loss":0,"event_name":"N\u0027loth","floor":21,"relics_lost":["Prayer Wheel"],"gold_loss":0},{"damage_healed":0,"gold_gain":0,"player_choice":"Embrace Madness","damage_taken":10,"max_hp_gain":0,"max_hp_loss":0,"event_name":"Winding Halls","floor":36,"gold_loss":0,"cards_obtained":["Madness","Madness"]},{"cards_removed":["Strike_B"],"damage_healed":0,"gold_gain":0,"player_choice":"Removed Attack","damage_taken":0,"max_hp_gain":0,"max_hp_loss":0,"event_name":"Falling","floor":38,"gold_loss":0},{"damage_healed":0,"gold_gain":0,"player_choice":"Memory 1","damage_taken":0,"max_hp_gain":0,"max_hp_loss":0,"event_name":"SensoryStone","floor":41,"gold_loss":0}],"is_beta":false,"boss_relics":[{"not_picked":["Tiny House","Black Star"],"picked":"Sozu"},{"not_picked":["Runic Pyramid","Coffee Dripper"],"picked":"Calling Bell"}],"items_purged_floors":[],"is_endless":false,"potions_floor_spawned":[2,5,6,16,20,27,29,30,35],"killed_by":"Giant Head","ascension_level":1}}