{"host":"mdbnki27vzqujy5q","time":1612515529,"event":{"mods":["BaseMod","Better Note","Better Skull","Colored Map","Colored Powertips","DeckTracker","Highlight Path","Minty Spire (QoL Compilation)","Quick Restart","Rare Cards Sparkle","StSLib"],"gold_per_floor":[119,139,89,89,14,14,44,44,44,64,74,104,104,133,133,231,231,241,294,308,327,346,346,346,346,346,356,271,271,296,306,306,306,306],"floor_reached":33,"language":"ENG","playtime":1150,"items_purged":["Regret"],"score":372,"play_id":"795c3e58-0729-49b0-a6cd-96150c7ca3c1","local_time":"20210205005849","is_ascension_mode":true,"campfire_choices":[{"data":"Iron Wave","floor":6.0,"key":"SMITH"},{"data":"Juggernaut","floor":15,"key":"SMITH"},{"floor":23,"key":"REST"},{"data":"Phantasmal Killer","floor":29,"key":"SMITH"},{"floor":32,"key":"REST"}],"circlet_count":0,"master_deck":["Strike_R","Strike_R","Strike_R","Strike_R+1","Defend_R","Defend_R","Defend_R","Bash","Iron Wave+1","Clash","Juggernaut+1","Cleave+1","Flex","Dual Wield","Spot Weakness","Impervious","Intimidate","Ghostly Armor","Pommel Strike","Phantasmal Killer+1","Thunderclap+1","Cleave+1"],"relics":["Burning Blood","NeowsBlessing","Lantern","Tiny Chest","Mercury Hourglass","Self Forming Clay","SlaversCollar","Whetstone","Molten Egg 2","Torii","Shuriken","Question Card"],"acts_visited":["Exordium","TheCity"],"potions_floor_usage":[14,14,16,21,31,31],"damage_taken":[{"damage":0.0,"enemies":"Jaw Worm","floor":1.0,"turns":1.0},{"damage":0.0,"enemies":"2 Louse","floor":2.0,"turns":1.0},{"damage":0.0,"enemies":"3 Sentries","floor":7.0,"turns":2.0},{"damage":0.0,"enemies":"Cultist","floor":10.0,"turns":2.0},{"damage":10.0,"enemies":"Exordium Wildlife","floor":11.0,"turns":2.0},{"damage":25.0,"enemies":"Gremlin Nob","floor":12.0,"turns":4.0},{"damage":35,"enemies":"Lagavulin","floor":14,"turns":4},{"damage":28,"enemies":"Slime Boss","floor":16,"turns":7},{"damage":22,"enemies":"2 Thieves","floor":18,"turns":3},{"damage":8,"enemies":"3 Byrds","floor":20,"turns":3},{"damage":18,"enemies":"3 Cultists","floor":21,"turns":4},{"damage":22,"enemies":"Shelled Parasite and Fungi","floor":22,"turns":4},{"damage":15,"enemies":"Centurion and Healer","floor":27,"turns":5},{"damage":24,"enemies":"Gremlin Leader","floor":30,"turns":5},{"damage":6,"enemies":"Snake Plant","floor":31,"turns":4},{"damage":55,"enemies":"Collector","floor":33,"turns":5}],"seed_played":"6710276219125312079","potions_obtained":[{"floor":2.0,"key":"FearPotion"},{"floor":11.0,"key":"BloodPotion"},{"floor":12.0,"key":"Explosive Potion"},{"floor":18,"key":"Strength Potion"},{"floor":21,"key":"BlessingOfTheForge"},{"floor":22,"key":"Block Potion"}],"is_trial":false,"path_per_floor":["M","M","?","?","$","R","E","?","T","M","M","E","?","E","R","B",null,"M","T","M","M","M","R","?","T","T","M","?","R","E","M","R","B"],"character_chosen":"IRONCLAD","items_purchased":[],"campfire_rested":2,"item_purchase_floors":[],"current_hp_per_floor":[80,80,80,80,80,80,80,80,80,80,76,57,57,44,44,22,80,64,64,62,50,34,58,58,58,58,49,49,49,31,31,55,0,0],"gold":306,"neow_bonus":"THREE_ENEMY_KILL","is_daily":false,"chose_seed":false,"campfire_upgraded":3,"win_rate":0.0,"timestamp":1612515529,"path_taken":["M","M","?","?","?","R","E","?","T","M","?","E","?","E","R","BOSS","M","?","?","?","M","R","?","?","T","M","?","R","E","M","R","BOSS"],"items_purchased_type":[],"build_version":"2020-12-22","purchased_purges":1,"victory":false,"max_hp_per_floor":[80,80,80,80,80,80,80,80,80,80,80,80,80,80,80,80,80,80,80,80,80,80,80,80,80,80,80,80,80,80,80,80,80,80],"card_choices":[{"not_picked":["Perfected Strike","Rupture"],"picked":"Iron Wave","floor":1.0},{"not_picked":["Bloodletting","Twin Strike"],"picked":"Clash","floor":2.0},{"not_picked":["Shrug It Off","Pommel Strike"],"picked":"Juggernaut","floor":7.0},{"not_picked":["Headbutt","Pommel Strike"],"picked":"Cleave","floor":10.0},{"not_picked":["Clothesline","Havoc"],"picked":"Flex","floor":11.0},{"not_picked":["True Grit","Impervious"],"picked":"Dual Wield","floor":12.0},{"not_picked":["Uppercut","Impervious"],"picked":"Spot Weakness","floor":14},{"not_picked":["Fiend Fire","Brutality"],"picked":"Impervious","floor":16},{"not_picked":["Power Through","Burning Pact","Anger"],"picked":"SKIP","floor":18},{"not_picked":["True Grit","Wild Strike"],"picked":"Intimidate","floor":20},{"not_picked":["Cleave","Dark Embrace"],"picked":"Ghostly Armor","floor":21},{"not_picked":["Bloodletting","Anger"],"picked":"Pommel Strike","floor":22},{"not_picked":["Pommel Strike+1","Warcry+1"],"picked":"Thunderclap+1","floor":27},{"not_picked":["Iron Wave+1","Battle Trance+1","Feel No Pain"],"picked":"SKIP","floor":30},{"not_picked":["Exhume","Havoc","Dual Wield+1"],"picked":"Cleave+1","floor":31}],"player_experience":115375,"relics_obtained":[{"floor":7.0,"key":"Tiny Chest"},{"floor":12.0,"key":"Mercury Hourglass"},{"floor":14,"key":"Self Forming Clay"},{"floor":19,"key":"Whetstone"},{"floor":25,"key":"Molten Egg 2"},{"floor":26,"key":"Torii"},{"floor":30,"key":"Question Card"}],"event_choices":[{"cards_removed":["Defend_R"],"damage_healed":0.0,"max_hp_gain":0.0,"max_hp_loss":0.0,"gold_gain":0.0,"event_name":"The Cleric","player_choice":"Card Removal","floor":3.0,"gold_loss":50.0,"damage_taken":0.0},{"damage_healed":0.0,"max_hp_gain":0.0,"max_hp_loss":0.0,"gold_gain":0.0,"event_name":"Big Fish","player_choice":"Box","floor":4.0,"gold_loss":0.0,"damage_taken":0.0,"relics_obtained":["Lantern"],"cards_obtained":["Regret"]},{"cards_removed":["Strike_R"],"damage_healed":0.0,"max_hp_gain":0.0,"max_hp_loss":0.0,"gold_gain":0.0,"event_name":"Wheel of Change","player_choice":"Card Removal","floor":8.0,"gold_loss":0.0,"damage_taken":0.0},{"damage_healed":0.0,"max_hp_gain":0.0,"max_hp_loss":0.0,"gold_gain":0.0,"event_name":"The Woman in Blue","player_choice":"Bought 0 Potions","floor":13.0,"gold_loss":0.0,"damage_taken":0.0},{"cards_removed":["Spot Weakness"],"damage_healed":0,"gold_gain":0,"player_choice":"Take \u0026 Give","damage_taken":0,"max_hp_gain":0,"max_hp_loss":0,"event_name":"betterNote:BetterNote","floor":24,"gold_loss":0,"cards_obtained":["Phantasmal Killer"]},{"damage_healed":0,"gold_gain":0,"player_choice":"Obtained Relic","damage_taken":0,"relics_obtained":["Shuriken"],"max_hp_gain":0,"max_hp_loss":0,"event_name":"Addict","floor":28,"gold_loss":85}],"is_beta":false,"boss_relics":[{"not_picked":["Ectoplasm","Coffee Dripper"],"picked":"SlaversCollar"}],"items_purged_floors":[5],"is_endless":false,"potions_floor_spawned":[2,11,12,18,21,22],"killed_by":"Collector","ascension_level":4}}