{"host":"at5b10nm0iti0w4x","time":1612492750,"event":{"mods":["AchievementEnabler","BaseMod","Bestiary","Block Reminder","Colored Map","Colored Powertips","Highlight Path","Keyboard Shortcuts","Minty Spire (QoL Compilation)","Relic Stats","StSLib","SuperFastMode"],"gold_per_floor":[111,131,131,145,159,184,184,253,327,2,2,15,15,53,65,206,218,249,286,298,334,366,401,413,466,503,558,584,596,54,79,79,202,202,221,161,174,193,113,113,144,144,144,0,0,39,62,86,86,86],"floor_reached":51,"language":"ENG","playtime":5676,"items_purged":["Regret","Shame"],"score":809,"play_id":"4628e919-36a3-475c-94cb-3216aebe1b97","local_time":"20210204213910","is_ascension_mode":false,"campfire_choices":[{"data":"Terror","floor":7,"key":"SMITH"},{"floor":13,"key":"REST"},{"data":"Adrenaline","floor":15,"key":"SMITH"},{"data":"Noxious Fumes","floor":24,"key":"SMITH"},{"floor":29,"key":"REST"},{"data":"Well Laid Plans","floor":32,"key":"SMITH"},{"data":"Envenom","floor":40,"key":"SMITH"},{"data":"Bouncing Flask","floor":42,"key":"SMITH"},{"data":"Bouncing Flask","floor":45,"key":"SMITH"},{"floor":49,"key":"REST"}],"circlet_count":0,"master_deck":["Defend_G","Defend_G","Defend_G","Defend_G","Defend_G","Survivor","Neutralize","Flying Knee","Crippling Poison","Terror+1","Deadly Poison","Die Die Die","Poisoned Stab","Adrenaline+1","Envenom+1","Noxious Fumes+1","PiercingWail","Bite","Bite","Bite","Bite","Bite","Leg Sweep+1","Cloak And Dagger+1","Bouncing Flask+1","Predator","Glass Knife","Bane+1","Well Laid Plans+1","Burst","Distraction+1","Sucker Punch+1","Bouncing Flask+1","Normality","Prepared+1","Skewer+1","Blade Dance","Bane+1"],"relics":["SacredBark","Du-Vu Doll","Oddly Smooth Stone","The Courier","Kunai","ClockworkSouvenir","Golden Idol","MawBank","Cursed Key","Prayer Wheel","PreservedInsect","Ice Cream","Ninja Scroll","Tiny Chest","Thread and Needle","Sozu","Bottled Tornado","Orichalcum","Red Mask","Bronze Scales"],"acts_visited":["Exordium","TheCity","TheBeyond"],"potions_floor_usage":[14,22,50,50],"damage_taken":[{"damage":0,"enemies":"Small Slimes","floor":1,"turns":3},{"damage":0,"enemies":"2 Louse","floor":2,"turns":2},{"damage":4,"enemies":"Jaw Worm","floor":4,"turns":4},{"damage":7,"enemies":"Large Slime","floor":5,"turns":7},{"damage":28,"enemies":"Gremlin Nob","floor":6,"turns":4},{"damage":4,"enemies":"Exordium Wildlife","floor":12,"turns":4},{"damage":1,"enemies":"3 Sentries","floor":14,"turns":5},{"damage":35,"enemies":"Slime Boss","floor":16,"turns":13},{"damage":7,"enemies":"Chosen","floor":18,"turns":4},{"damage":0,"enemies":"Shell Parasite","floor":19,"turns":4},{"damage":22,"enemies":"Snake Plant","floor":21,"turns":4},{"damage":3,"enemies":"Shelled Parasite and Fungi","floor":22,"turns":3},{"damage":4,"enemies":"Snecko","floor":23,"turns":5},{"damage":22,"enemies":"Slavers","floor":25,"turns":6},{"damage":16,"enemies":"Book of Stabbing","floor":27,"turns":4},{"damage":19,"enemies":"Snake Plant","floor":28,"turns":3},{"damage":8,"enemies":"Cultist and Chosen","floor":31,"turns":4},{"damage":29,"enemies":"Champ","floor":33,"turns":9},{"damage":0,"enemies":"Orb Walker","floor":35,"turns":3},{"damage":0,"enemies":"3 Shapes","floor":37,"turns":5},{"damage":0,"enemies":"Transient","floor":38,"turns":5},{"damage":14,"enemies":"Giant Head","floor":41,"turns":7},{"damage":13,"enemies":"Nemesis","floor":46,"turns":5},{"damage":4,"enemies":"Spire Growth","floor":47,"turns":3},{"damage":8,"enemies":"Jaw Worm Horde","floor":48,"turns":4},{"damage":49,"enemies":"Awakened One","floor":50,"turns":12}],"seed_played":"-1974632168841390378","potions_obtained":[{"floor":1,"key":"LiquidMemories"},{"floor":6,"key":"FairyPotion"},{"floor":12,"key":"Explosive Potion"},{"floor":19,"key":"SneckoOil"},{"floor":23,"key":"Explosive Potion"}],"is_trial":false,"path_per_floor":["M","M","?","M","M","E","R","?","T","$","?","M","R","E","R","B",null,"M","M","?","M","M","M","R","E","T","E","M","R","$","M","R","B",null,"M","$","M","M","$","R","E","R","T","?","R","E","M","M","R","B",null],"character_chosen":"THE_SILENT","items_purchased":["Kunai","ClockworkSouvenir","Ninja Scroll","Tiny Chest","Thread and Needle"],"campfire_rested":3,"item_purchase_floors":[10,10,30,30,30],"current_hp_per_floor":[70,70,70,66,59,31,31,31,31,31,31,27,46,45,45,10,65,58,58,45,31,36,44,44,31,31,25,12,25,25,25,25,16,45,45,45,45,45,45,45,36,36,36,36,36,29,29,25,38,9],"gold":86,"neow_bonus":"BOSS_RELIC","is_daily":false,"chose_seed":false,"campfire_upgraded":7,"win_rate":0.0,"timestamp":1612492750,"path_taken":["M","M","?","M","M","E","R","?","T","$","?","M","R","E","R","BOSS","M","M","?","M","M","M","R","E","T","E","M","R","$","M","R","BOSS","M","$","M","M","$","R","E","R","T","?","R","E","M","M","R","BOSS"],"items_purchased_type":["Relic","Relic","Relic","Relic","Relic"],"build_version":"2020-12-22","purchased_purges":2,"victory":true,"max_hp_per_floor":[70,70,70,70,70,70,70,70,70,70,65,65,65,65,65,65,65,65,65,45,45,45,45,45,45,45,45,45,45,45,45,45,45,45,45,45,45,45,45,45,45,45,45,45,45,45,45,45,45,45],"relic_stats":{"Sozu":0,"counters":[26,132],"Golden Idol":170,"Bronze Scales":[79],"Prayer Wheel":7,"Tiny Chest":0,"PreservedInsect":213,"Kunai":[57],"Orichalcum":[36],"MawBank":192,"Cursed Key":2,"obtain_stats":[{"Ice Cream":27,"Golden Idol":11,"SacredBark":0,"Oddly Smooth Stone":6,"Thread and Needle":30,"The Courier":9,"PreservedInsect":26,"Bottled Tornado":41,"Orichalcum":43,"MawBank":14,"Cursed Key":17,"ClockworkSouvenir":10,"Du-Vu Doll":3,"Sozu":34,"Ninja Scroll":30,"Bronze Scales":46,"Prayer Wheel":25,"Tiny Chest":30,"Red Mask":44,"Kunai":10,"Ring of the Snake":0},{"Ice Cream":15,"Golden Idol":5,"SacredBark":0,"Oddly Smooth Stone":5,"Thread and Needle":16,"The Courier":5,"PreservedInsect":14,"Bottled Tornado":22,"Orichalcum":22,"MawBank":7,"Cursed Key":8,"ClockworkSouvenir":5,"Du-Vu Doll":2,"Sozu":18,"Ninja Scroll":16,"Bronze Scales":23,"Prayer Wheel":14,"Tiny Chest":16,"Red Mask":22,"Kunai":5,"Ring of the Snake":0},{"Ice Cream":72,"Golden Idol":20,"SacredBark":0,"Oddly Smooth Stone":20,"Thread and Needle":75,"The Courier":20,"PreservedInsect":68,"Bottled Tornado":108,"Orichalcum":108,"MawBank":29,"Cursed Key":42,"ClockworkSouvenir":20,"Du-Vu Doll":5,"Sozu":88,"Ninja Scroll":75,"Bronze Scales":113,"Prayer Wheel":68,"Tiny Chest":75,"Red Mask":108,"Kunai":20,"Ring of the Snake":0}]},"card_choices":[{"not_picked":["Cloak And Dagger","Expertise"],"picked":"Flying Knee","floor":1},{"not_picked":["Dagger Spray","Sucker Punch"],"picked":"Crippling Poison","floor":2},{"not_picked":["All Out Attack","Blade Dance"],"picked":"Terror","floor":4},{"not_picked":["Underhanded Strike","Burst"],"picked":"Deadly Poison","floor":5},{"not_picked":["Deflect","Blade Dance"],"picked":"Die Die Die","floor":6},{"not_picked":["Dodge and Roll","Prepared"],"picked":"Poisoned Stab","floor":12},{"not_picked":["Acrobatics","Dagger Throw"],"picked":"Adrenaline","floor":14},{"not_picked":["Adrenaline","Night Terror"],"picked":"Envenom","floor":16},{"not_picked":["Dodge and Roll","Slice"],"picked":"Noxious Fumes","floor":18},{"not_picked":["Quick Slash+1","Distraction+1"],"picked":"PiercingWail","floor":19},{"not_picked":["Blur+1","Escape Plan"],"picked":"Leg Sweep+1","floor":21},{"not_picked":["Poisoned Stab","Flying Knee"],"picked":"Cloak And Dagger+1","floor":22},{"not_picked":["PiercingWail","Eviscerate"],"picked":"Bouncing Flask","floor":23},{"not_picked":["Distraction","Outmaneuver","Slice"],"picked":"SKIP","floor":25},{"not_picked":["Distraction","Acrobatics"],"picked":"Predator","floor":27},{"not_picked":["Acrobatics","Poisoned Stab"],"picked":"Glass Knife","floor":28},{"not_picked":["Outmaneuver","Underhanded Strike"],"picked":"Bane+1","floor":28},{"not_picked":["Endless Agony+1","Dagger Throw"],"picked":"Well Laid Plans","floor":31},{"not_picked":["Dagger Throw","Well Laid Plans","Masterful Stab"],"picked":"SKIP","floor":31},{"not_picked":["Venomology","Storm of Steel"],"picked":"Burst","floor":33},{"not_picked":["Escape Plan+1","Acrobatics+1"],"picked":"Distraction+1","floor":35},{"not_picked":["Flechettes+1","Bane","Quick Slash"],"picked":"SKIP","floor":35},{"not_picked":["Choke","Distraction+1"],"picked":"Sucker Punch+1","floor":37},{"not_picked":["Caltrops+1","Deflect","Predator+1"],"picked":"SKIP","floor":37},{"not_picked":["Choke+1","Flying Knee","Acrobatics"],"picked":"SKIP","floor":38},{"not_picked":["Skewer","Finisher+1","Eviscerate"],"picked":"SKIP","floor":38},{"not_picked":["Backstab","Quick Slash+1"],"picked":"Bouncing Flask","floor":41},{"not_picked":["Outmaneuver","Deflect+1"],"picked":"Prepared+1","floor":46},{"not_picked":["Dagger Throw","All Out Attack"],"picked":"Skewer+1","floor":47},{"not_picked":["Bullet Time","Cloak And Dagger","PiercingWail"],"picked":"SKIP","floor":47},{"not_picked":["Tactician","Dagger Spray"],"picked":"Blade Dance","floor":48},{"not_picked":["Dagger Throw","Dagger Spray+1"],"picked":"Bane+1","floor":48}],"player_experience":35838,"relics_obtained":[{"floor":6,"key":"Oddly Smooth Stone"},{"floor":9,"key":"The Courier"},{"floor":14,"key":"MawBank"},{"floor":25,"key":"Prayer Wheel"},{"floor":26,"key":"PreservedInsect"},{"floor":27,"key":"Ice Cream"},{"floor":41,"key":"Bottled Tornado"},{"floor":43,"key":"Orichalcum"},{"floor":46,"key":"Bronze Scales"}],"event_choices":[{"damage_healed":0,"gold_gain":0,"player_choice":"Box","damage_taken":0,"relics_obtained":["Du-Vu Doll"],"max_hp_gain":0,"max_hp_loss":0,"event_name":"Big Fish","floor":3,"gold_loss":0,"cards_obtained":["Regret"]},{"damage_healed":0,"gold_gain":69,"player_choice":"Gained Gold","damage_taken":0,"max_hp_gain":0,"max_hp_loss":0,"event_name":"Golden Wing","floor":8,"gold_loss":0},{"damage_healed":0,"gold_gain":0,"player_choice":"Lose Max HP","damage_taken":0,"relics_obtained":["Golden Idol"],"max_hp_gain":0,"max_hp_loss":5,"event_name":"Golden Idol","floor":11,"gold_loss":0},{"damage_healed":0,"gold_gain":0,"player_choice":"Became a vampire","damage_taken":0,"max_hp_gain":0,"max_hp_loss":20,"event_name":"Vampires","floor":20,"gold_loss":0,"cards_obtained":["Bite","Bite","Bite","Bite","Bite"]},{"damage_healed":0,"gold_gain":0,"player_choice":"Paid","damage_taken":0,"relics_obtained":["Red Mask"],"max_hp_gain":0,"max_hp_loss":0,"event_name":"Tomb of Lord Red Mask","floor":44,"gold_loss":144}],"is_beta":false,"boss_relics":[{"not_picked":["Calling Bell","Coffee Dripper"],"picked":"Cursed Key"},{"not_picked":["Astrolabe","Tiny House"],"picked":"Sozu"}],"items_purged_floors":[36,39],"is_endless":false,"potions_floor_spawned":[1,6,12,19,23,28,31,33,38,41,46],"ascension_level":0}}