{"host":"dscols65uipasqd2","time":1612493144,"event":{"mods":["2.2 Compatiblity","AchievementEnabler","Aspiration","BaseMod","Colored Powertips","Downfall","Energized Spire","GifTheSpireLib","Hermit","Hubris","Infinite Spire","JesterMod","Jorbs\u0027s Wanderer Trilogy","Marisa????????","Minty Spire (QoL Compilation)","Rare Cards Sparkle","Replay The Spire","StSLib","Stuff the Spire","The Cursed","The Disciple","The Hierophant","The Judge","The Jungle","The Runesmith","TheFirefly"],"gold_per_floor":[99,119,119,131,148,162,162,162,3,3,3,3,35,35,47,142,142,42,58,58,58,72,72,72,72,72,72],"floor_reached":25,"language":"ENG","playtime":1399,"items_purged":[],"score":219,"play_id":"e45655e4-5aed-49b5-aea4-24114770b7e0","local_time":"20210204214544","is_ascension_mode":true,"campfire_choices":[{"data":"Replay:Parry","floor":1,"key":"SMITH"},{"floor":8,"key":"RECALL"},{"floor":10,"key":"REST"},{"data":"bronze:Format","floor":12,"key":"SMITH"},{"data":"bronze:Goto","floor":18,"key":"SMITH"}],"circlet_count":0,"master_deck":["bronze:Defend+1","bronze:Defend","bronze:Defend","bronze:Defend","bronze:Replicate","bronze:Goto+1","Replay:Parry+1","bronze:ChosenStrike","bronze:ItsAFeature","bronze:Repair","bronze:Frontload","bronze:Format+1","bronze:Constructor","bronze:WildBeam","Pot Of Greed","Pot Of Greed","bronze:Separator+1","bronze:Optimize","bronze:Break+1","bronze:DelayedSlice+1","Necronomicurse","Pot Of Greed","bronze:OilSpill+1","Slimebound:Tackle+1","Slimebound:Tackle+1","Slimebound:Tackle+1"],"relics":["bronze:BronzeCore","hubris:Towel","Orichalcum","Molten Egg 2","Grinning Jar","aspiration:MobileForge","downfall:HeartBlessingRed","Necronomicon","Toxic Egg 2"],"acts_visited":["Exordium","TheCity"],"potions_floor_usage":[9,13,13,13,13,16],"damage_taken":[{"damage":16,"enemies":"2 Louse","floor":2,"turns":3},{"damage":0,"enemies":"Small Slimes","floor":4,"turns":2},{"damage":9,"enemies":"Jaw Worm","floor":5,"turns":4},{"damage":11,"enemies":"Blue Slaver","floor":6,"turns":4},{"damage":0,"enemies":"downfall:FleeingMerchant","floor":9,"turns":4},{"damage":2,"enemies":"Lagavulin","floor":13,"turns":6},{"damage":0,"enemies":"3 Louse","floor":15,"turns":2},{"damage":19,"enemies":"SI_SHIV_ARCHETYPE","floor":16,"turns":14},{"damage":17,"enemies":"3 Byrds","floor":19,"turns":5},{"damage":35,"enemies":"Shelled Parasite and Fungi","floor":22,"turns":5},{"damage":3,"enemies":"Centurion and Healer","floor":25,"turns":3}],"seed_played":"6801345567839142111","potions_obtained":[{"floor":5,"key":"EntropicBrew"},{"floor":6,"key":"ColorlessPotion"},{"floor":19,"key":"SteroidPotion"}],"is_trial":false,"path_per_floor":["R","M","?","M","M","M","T","R","$","R","?","R","E","T","M","B",null,"R","M","?","?","M","?","T","M"],"character_chosen":"THE_AUTOMATON","items_purchased":["bronze:Constructor","SkillPotion","bronze:WildBeam"],"campfire_rested":1,"item_purchase_floors":[9,9,9],"current_hp_per_floor":[70,54,54,54,45,41,41,41,41,62,62,62,67,67,67,55,70,70,60,44,36,1,1,1,0,0,0],"gold":72,"neow_bonus":"RANDOM_COLORLESS","is_daily":false,"chose_seed":false,"campfire_upgraded":3,"win_rate":0.0,"timestamp":1612493144,"path_taken":["R","M","?","M","M","M","T","R","$","R","?","R","E","?","M","BOSS","R","M","?","?","?","?","T","M"],"items_purchased_type":["Card","Potion","Card"],"build_version":"2020-12-22","purchased_purges":0,"victory":false,"max_hp_per_floor":[70,70,70,70,70,70,70,70,70,70,70,70,70,70,70,70,70,70,70,70,70,70,70,70,70,70,70],"card_choices":[{"not_picked":["Forethought","PanicButton"],"picked":"Replay:Parry","floor":0},{"not_picked":["bronze:Overload","bronze:Frontload"],"picked":"bronze:ChosenStrike","floor":2},{"not_picked":["bronze:BronzeOrb","bronze:Frontload"],"picked":"bronze:ItsAFeature","floor":4},{"not_picked":["bronze:Allocate","bronze:Constructor"],"picked":"bronze:Repair","floor":5},{"not_picked":["bronze:DelayedGuard","bronze:InfiniteBeams"],"picked":"bronze:Frontload","floor":6},{"not_picked":["bronze:Repair","bronze:Overload"],"picked":"bronze:Format","floor":9},{"not_picked":["bronze:Constructor","bronze:ChildClass"],"picked":"bronze:Separator+1","floor":13},{"not_picked":["bronze:BugBarrage+1","bronze:BitShift"],"picked":"bronze:Optimize","floor":15},{"not_picked":["bronze:Format","bronze:Hardcode"],"picked":"bronze:Break+1","floor":16},{"not_picked":["bronze:WhirlingStrike+1","bronze:Separator+1"],"picked":"bronze:DelayedSlice+1","floor":19},{"not_picked":["bronze:BuggyMess","bronze:NullPointer+1"],"picked":"bronze:OilSpill+1","floor":22}],"player_experience":585617,"relics_obtained":[{"floor":7,"key":"Orichalcum"},{"floor":13,"key":"Grinning Jar"},{"floor":20,"key":"Necronomicon"},{"floor":24,"key":"Toxic Egg 2"}],"event_choices":[],"is_beta":false,"boss_relics":[{"not_picked":["Cursed Key","Ring of Chaos"],"picked":"aspiration:MobileForge"}],"items_purged_floors":[],"is_endless":false,"potions_floor_spawned":[5,6,19],"killed_by":"Centurion and Healer","ascension_level":2}}