{"host":"dctolzh6htjtakpc","time":1612553336,"event":{"mods":["2.2 Compatiblity","AchievementEnabler","AlwaysNeverKeys","BaseMod","Block Reminder","DeckTracker","Defuse TimeMaze Blight","Minty Spire (QoL Compilation)","Permanent Neow","Quick Restart","StSLib","SuperFastMode"],"gold_per_floor":[11,11,22,22,22,22,55,55,103,103,123,123,137,137,137,267,267,292,307,180,180,194,228,77,102,177,177,202,241,254,254,254,384,384,409,284,347,371,392,392,392,411,461,311,311,311],"floor_reached":45,"language":"ENG","playtime":1859,"items_purged":["Strike_G","Strike_G","Defend_G","Defend_G"],"score":665,"play_id":"db55a98f-7bbd-4db1-a86e-1e662309c530","local_time":"20210205142856","is_ascension_mode":true,"campfire_choices":[{"data":"Leg Sweep","floor":6,"key":"SMITH"},{"data":"Neutralize","floor":8,"key":"SMITH"},{"data":"Defend_G","floor":10,"key":"SMITH"},{"data":"Defend_G","floor":15,"key":"SMITH"},{"data":"Defend_G","floor":32,"key":"SMITH"},{"data":"After Image","floor":40,"key":"SMITH"}],"circlet_count":0,"master_deck":["AscendersBane","Defend_G+1","Defend_G+1","Defend_G+1","Survivor+1","Neutralize+1","The Bomb+1","Leg Sweep+1","Blur+1","Deflect+1","Tactician+1","Acrobatics+1","Escape Plan+1","Tactician+1","After Image+1"],"relics":["Ring of the Snake","Golden Idol","Odd Mushroom","Tiny Chest","Toxic Egg 2","Runic Pyramid","Nunchaku","Lantern","White Beast Statue","HornCleat","Busted Crown","Mango","Ninja Scroll","War Paint"],"acts_visited":["Exordium","TheCity","TheBeyond"],"potions_floor_usage":[23,23,25,29,29],"damage_taken":[{"damage":0,"enemies":"Jaw Worm","floor":1,"turns":4},{"damage":7,"enemies":"2 Louse","floor":3,"turns":4},{"damage":17,"enemies":"The Mushroom Lair","floor":7,"turns":4},{"damage":7,"enemies":"Small Slimes","floor":11,"turns":3},{"damage":0,"enemies":"2 Fungi Beasts","floor":13,"turns":3},{"damage":19,"enemies":"The Guardian","floor":16,"turns":23},{"damage":2,"enemies":"Spheric Guardian","floor":18,"turns":12},{"damage":10,"enemies":"Chosen","floor":19,"turns":6},{"damage":7,"enemies":"Centurion and Healer","floor":22,"turns":8},{"damage":3,"enemies":"Book of Stabbing","floor":23,"turns":8},{"damage":6,"enemies":"Snecko","floor":25,"turns":11},{"damage":0,"enemies":"Cultist and Chosen","floor":28,"turns":8},{"damage":5,"enemies":"Slavers","floor":29,"turns":7},{"damage":8,"enemies":"Snake Plant","floor":30,"turns":6},{"damage":8,"enemies":"Champ","floor":33,"turns":21},{"damage":0,"enemies":"3 Darklings","floor":35,"turns":6},{"damage":0,"enemies":"Mind Bloom Boss Battle","floor":37,"turns":14},{"damage":9,"enemies":"3 Shapes","floor":38,"turns":4},{"damage":30,"enemies":"Transient","floor":39,"turns":5},{"damage":0,"enemies":"Maw","floor":42,"turns":10},{"damage":30,"enemies":"4 Shapes","floor":45,"turns":3}],"seed_played":"-7301640577059191202","potions_obtained":[{"floor":11,"key":"LiquidBronze"},{"floor":13,"key":"AttackPotion"},{"floor":16,"key":"Dexterity Potion"},{"floor":25,"key":"Poison Potion"},{"floor":28,"key":"BlessingOfTheForge"},{"floor":29,"key":"Weak Potion"},{"floor":30,"key":"PowerPotion"},{"floor":33,"key":"SkillPotion"}],"is_trial":false,"path_per_floor":["M","?","M","?","?","R","?","R","T","R","M","T","M","?","R","B",null,"M","M","$","T","M","E","$","M","T","?","M","E","M","?","R","B",null,"M","$","?","M","M","R","T","M","T","$","M"],"character_chosen":"THE_SILENT","items_purchased":["Deflect+1","Acrobatics+1"],"campfire_rested":0,"item_purchase_floors":[20,24],"current_hp_per_floor":[63,63,56,56,49,49,32,32,32,32,25,25,25,25,25,6,50,48,38,38,38,31,28,28,22,22,43,43,38,30,30,30,22,54,54,54,68,59,29,29,29,29,29,29,0,0],"gold":311,"neow_bonus":"RANDOM_COLORLESS_2","is_daily":false,"chose_seed":false,"campfire_upgraded":6,"win_rate":0.0,"timestamp":1612553336,"path_taken":["M","?","M","?","?","R","?","R","T","R","?","?","M","?","R","BOSS","M","M","$","?","M","E","$","M","T","?","M","E","M","?","R","BOSS","M","$","?","M","M","R","?","M","T","$","M"],"items_purchased_type":["Card","Card"],"build_version":"2020-12-22","purchased_purges":4,"victory":false,"max_hp_per_floor":[70,70,70,65,65,65,65,65,65,65,65,65,65,65,65,65,65,65,65,65,65,65,65,65,65,65,65,65,65,65,65,65,65,65,65,65,79,79,79,79,79,79,79,79,79,79],"card_choices":[{"not_picked":["Mayhem","Transmutation"],"picked":"The Bomb","floor":0},{"not_picked":["Tactician","Quick Slash"],"picked":"Leg Sweep","floor":1},{"not_picked":["Flying Knee","Prepared","Dodge and Roll"],"picked":"SKIP","floor":3},{"not_picked":["Accuracy","Dagger Throw","Caltrops"],"picked":"SKIP","floor":11},{"not_picked":["Terror+1","Deflect+1"],"picked":"Blur+1","floor":13},{"not_picked":["All Out Attack","Finisher","Dodge and Roll+1"],"picked":"SKIP","floor":18},{"not_picked":["Slice+1","Underhanded Strike+1","Skewer"],"picked":"SKIP","floor":19},{"not_picked":["Acrobatics+1","Dagger Throw","Sucker Punch+1"],"picked":"SKIP","floor":22},{"not_picked":["Poisoned Stab","Calculated Gamble+1"],"picked":"Tactician+1","floor":23},{"not_picked":["Blade Dance+1","Dagger Throw"],"picked":"Escape Plan+1","floor":25},{"not_picked":["Predator","Bane+1","Flying Knee"],"picked":"SKIP","floor":28},{"not_picked":["Leg Sweep+1","Tools of the Trade","Dash+1"],"picked":"SKIP","floor":29},{"not_picked":["Poisoned Stab","Dodge and Roll+1"],"picked":"Tactician+1","floor":30},{"not_picked":["Grand Finale","Doppelganger+1"],"picked":"After Image","floor":33},{"not_picked":["Cloak And Dagger+1"],"picked":"SKIP","floor":35},{"not_picked":["Distraction+1"],"picked":"SKIP","floor":38},{"not_picked":["Dagger Throw+1"],"picked":"SKIP","floor":39},{"not_picked":["Crippling Poison+1"],"picked":"SKIP","floor":42}],"player_experience":508506,"relics_obtained":[{"floor":7,"key":"Odd Mushroom"},{"floor":9,"key":"Tiny Chest"},{"floor":12,"key":"Toxic Egg 2"},{"floor":21,"key":"Nunchaku"},{"floor":23,"key":"Lantern"},{"floor":26,"key":"White Beast Statue"},{"floor":29,"key":"HornCleat"},{"floor":37,"key":"Mango"},{"floor":41,"key":"Ninja Scroll"},{"floor":43,"key":"War Paint"}],"event_choices":[{"cards_removed":["Strike_G"],"damage_healed":0,"gold_gain":0,"player_choice":"Forget","damage_taken":0,"max_hp_gain":0,"max_hp_loss":0,"event_name":"Living Wall","floor":2,"gold_loss":0},{"damage_healed":0,"gold_gain":0,"player_choice":"Lose Max HP","damage_taken":0,"relics_obtained":["Golden Idol"],"max_hp_gain":0,"max_hp_loss":5,"event_name":"Golden Idol","floor":4,"gold_loss":0},{"cards_removed":["Strike_G"],"damage_healed":0,"gold_gain":0,"player_choice":"Card Removal","damage_taken":7,"max_hp_gain":0,"max_hp_loss":0,"event_name":"Golden Wing","floor":5,"gold_loss":0},{"damage_healed":0,"gold_gain":0,"player_choice":"Fought Mushrooms","damage_taken":0,"max_hp_gain":0,"max_hp_loss":0,"event_name":"Mushrooms","floor":7,"gold_loss":0},{"damage_healed":0,"gold_gain":0,"player_choice":"Ignored","damage_taken":0,"max_hp_gain":0,"max_hp_loss":0,"event_name":"Liars Game","floor":14,"gold_loss":0},{"damage_healed":21,"gold_gain":0,"player_choice":"Heal","damage_taken":0,"max_hp_gain":0,"max_hp_loss":0,"event_name":"The Library","floor":27,"gold_loss":0},{"cards_removed":["Strike_G"],"damage_healed":0,"gold_gain":0,"player_choice":"Elegance","damage_taken":0,"max_hp_gain":0,"max_hp_loss":0,"event_name":"Back to Basics","floor":31,"gold_loss":0},{"damage_healed":0,"gold_gain":0,"player_choice":"Fight","damage_taken":0,"max_hp_gain":0,"max_hp_loss":0,"event_name":"MindBloom","floor":37,"gold_loss":0}],"is_beta":false,"boss_relics":[{"not_picked":["Snecko Eye","Astrolabe"],"picked":"Runic Pyramid"},{"not_picked":["WristBlade","Ring of the Serpent"],"picked":"Busted Crown"}],"items_purged_floors":[20,24,36,44],"is_endless":false,"potions_floor_spawned":[11,13,16,18,22,25,28,29,30,33,35,37,38,39,42],"killed_by":"4 Shapes","ascension_level":10}}