{"host":"rolltorest","time":1612497784,"event":{"mods":["BaseMod","Minty Spire (QoL Compilation)","Relic Stats","Slay the Relics Exporter","StSLib"],"gold_per_floor":[117,117,27,41,41,72,72,72,72,147,173,173,202,215,215,287,287,306,306,324,66,66,93,93,126,126,142,168,14,28,28,28,106,106,119,136,136,46,57,57,57],"floor_reached":40,"language":"ENG","playtime":1478,"items_purged":["Strike_R+1"],"score":995,"play_id":"ddd9b25b-227b-4c30-b4f3-5766058ebcc6","local_time":"20210204200304","is_ascension_mode":true,"campfire_choices":[{"data":"Bash","floor":8,"key":"SMITH"},{"floor":12,"key":"REST"},{"data":"Fiend Fire","floor":15,"key":"SMITH"},{"data":"Feel No Pain","floor":24,"key":"SMITH"},{"floor":32,"key":"REST"}],"circlet_count":0,"master_deck":["AscendersBane","Strike_R+1","Strike_R+1","Strike_R+1","Defend_R+1","Defend_R+1","Defend_R+1","Defend_R+1","Bash+1","Second Wind","Combust+1","Flame Barrier","Pommel Strike","Fiend Fire+1","Shrug It Off","Offering","Dropkick+1","Uppercut","Feel No Pain+1","Infernal Blade","Shrug It Off","Flame Barrier","Demon Form","Flame Barrier","Reaper","Shrug It Off","Feel No Pain","Battle Trance"],"relics":["Burning Blood","NeowsBlessing","Pear","Omamori","HornCleat","Tiny Chest","Strawberry","Mark of Pain","Red Skull","Enchiridion","Orichalcum","Shovel","Regal Pillow","Lantern","Bottled Tornado","Philosopher\u0027s Stone"],"acts_visited":["Exordium","TheCity","TheBeyond"],"potions_floor_usage":[16,25,39,40],"damage_taken":[{"damage":0,"enemies":"2 Louse","floor":1,"turns":1},{"damage":0,"enemies":"Small Slimes","floor":4,"turns":1},{"damage":0,"enemies":"3 Sentries","floor":6,"turns":2},{"damage":44,"enemies":"Lagavulin","floor":11,"turns":7},{"damage":30,"enemies":"Gremlin Nob","floor":13,"turns":4},{"damage":7,"enemies":"Jaw Worm","floor":14,"turns":3},{"damage":31,"enemies":"The Guardian","floor":16,"turns":16},{"damage":15,"enemies":"2 Thieves","floor":18,"turns":3},{"damage":6,"enemies":"Shell Parasite","floor":20,"turns":4},{"damage":9,"enemies":"Book of Stabbing","floor":23,"turns":3},{"damage":13,"enemies":"Gremlin Leader","floor":25,"turns":5},{"damage":13,"enemies":"Shelled Parasite and Fungi","floor":27,"turns":2},{"damage":26,"enemies":"Book of Stabbing","floor":28,"turns":5},{"damage":6,"enemies":"Sentry and Sphere","floor":30,"turns":3},{"damage":31,"enemies":"Champ","floor":33,"turns":13},{"damage":11,"enemies":"3 Shapes","floor":35,"turns":11},{"damage":35,"enemies":"3 Darklings","floor":36,"turns":7},{"damage":35,"enemies":"Jaw Worm Horde","floor":39,"turns":5},{"damage":68,"enemies":"Reptomancer","floor":40,"turns":4}],"seed_played":"456832679380286942","potions_obtained":[{"floor":1,"key":"Explosive Potion"},{"floor":13,"key":"Ancient Potion"},{"floor":20,"key":"DistilledChaos"},{"floor":36,"key":"Fruit Juice"},{"floor":39,"key":"GamblersBrew"}],"is_trial":false,"path_per_floor":["M","?","$","M","?","E","?","R","T","?","E","R","E","M","R","B",null,"M","?","M","$","?","E","R","E","T","M","E","$","M","T","R","B",null,"M","M","?","$","M","E"],"character_chosen":"IRONCLAD","items_purchased":["Combust","Uppercut","Red Skull","Demon Form","Feel No Pain"],"campfire_rested":2,"item_purchase_floors":[3,21,21,29,38],"current_hp_per_floor":[74,79,79,80,80,90,79,79,79,68,30,57,40,39,39,14,76,67,67,67,67,46,43,43,36,36,29,9,9,9,9,53,28,80,97,97,97,97,77,9,9],"gold":57,"neow_bonus":"THREE_ENEMY_KILL","is_daily":false,"chose_seed":false,"campfire_upgraded":3,"win_rate":0.0,"timestamp":1612497784,"path_taken":["M","?","$","M","?","E","?","R","T","?","E","R","E","M","R","BOSS","M","?","M","$","?","E","R","E","T","M","E","?","M","?","R","BOSS","M","M","?","$","M","E"],"items_purchased_type":["Card","Card","Relic","Card","Card"],"build_version":"2020-12-18","purchased_purges":1,"victory":false,"max_hp_per_floor":[75,80,80,80,80,90,90,90,90,90,90,90,97,97,97,97,97,97,97,97,97,97,97,97,97,97,97,97,97,97,97,97,97,97,97,97,97,97,102,102,102],"relic_stats":{"Regal Pillow":15,"Shovel":0,"counters":[19,99],"Tiny Chest":1,"Orichalcum":[42],"obtain_stats":[{"Regal Pillow":26,"Lantern":28,"Pear":6,"NeowsBlessing":0,"Enchiridion":22,"Omamori":7,"Orichalcum":23,"Bottled Tornado":31,"Burning Blood":0,"HornCleat":9,"Shovel":25,"Strawberry":13,"Tiny Chest":11,"Philosopher\u0027s Stone":34,"Mark of Pain":17,"Red Skull":21},{"Regal Pillow":11,"Lantern":13,"Pear":3,"NeowsBlessing":0,"Enchiridion":9,"Omamori":3,"Orichalcum":10,"Bottled Tornado":14,"Burning Blood":0,"HornCleat":3,"Shovel":11,"Strawberry":5,"Tiny Chest":4,"Philosopher\u0027s Stone":15,"Mark of Pain":7,"Red Skull":9},{"Regal Pillow":49,"Lantern":56,"Pear":4,"NeowsBlessing":0,"Enchiridion":41,"Omamori":4,"Orichalcum":44,"Bottled Tornado":59,"Burning Blood":0,"HornCleat":4,"Shovel":49,"Strawberry":15,"Tiny Chest":11,"Philosopher\u0027s Stone":72,"Mark of Pain":34,"Red Skull":41}],"Burning Blood":88},"card_choices":[{"not_picked":["Heavy Blade","Anger"],"picked":"Second Wind","floor":1},{"not_picked":["Body Slam","True Grit","Heavy Blade"],"picked":"SKIP","floor":4},{"not_picked":["Bloodletting","Warcry"],"picked":"Flame Barrier","floor":6},{"not_picked":["Reckless Charge","Wild Strike"],"picked":"Pommel Strike","floor":11},{"not_picked":["Pummel","Body Slam"],"picked":"Fiend Fire","floor":13},{"not_picked":["Combust","Perfected Strike"],"picked":"Shrug It Off","floor":14},{"not_picked":["Berserk","Juggernaut"],"picked":"Offering","floor":16},{"not_picked":["Perfected Strike","Body Slam"],"picked":"Dropkick+1","floor":18},{"not_picked":["Dual Wield","Perfected Strike+1","Havoc"],"picked":"SKIP","floor":20},{"not_picked":["Warcry","Iron Wave"],"picked":"Feel No Pain","floor":23},{"not_picked":["Pommel Strike","Cleave"],"picked":"Infernal Blade","floor":25},{"not_picked":["Sword Boomerang","Anger"],"picked":"Shrug It Off","floor":27},{"not_picked":["Rampage","Fire Breathing"],"picked":"Flame Barrier","floor":28},{"not_picked":["Body Slam","Bludgeon"],"picked":"Flame Barrier","floor":30},{"not_picked":["Barricade","Demon Form"],"picked":"Reaper","floor":33},{"not_picked":["Pommel Strike","Sentinel"],"picked":"Shrug It Off","floor":35},{"not_picked":["Whirlwind","Body Slam","Shrug It Off+1"],"picked":"SKIP","floor":36},{"not_picked":["Dropkick","Cleave"],"picked":"Battle Trance","floor":39}],"player_experience":1848479,"relics_obtained":[{"floor":6,"key":"Pear"},{"floor":9,"key":"HornCleat"},{"floor":11,"key":"Tiny Chest"},{"floor":13,"key":"Strawberry"},{"floor":22,"key":"Enchiridion"},{"floor":23,"key":"Orichalcum"},{"floor":25,"key":"Shovel"},{"floor":26,"key":"Regal Pillow"},{"floor":28,"key":"Lantern"},{"floor":31,"key":"Bottled Tornado"}],"event_choices":[{"damage_healed":0,"gold_gain":0,"player_choice":"Donut","damage_taken":0,"max_hp_gain":5,"max_hp_loss":0,"event_name":"Big Fish","floor":2,"gold_loss":0},{"damage_healed":0,"gold_gain":0,"player_choice":"Grow","damage_taken":0,"max_hp_gain":0,"max_hp_loss":0,"event_name":"Living Wall","floor":5,"gold_loss":0,"cards_upgraded":["Combust"]},{"damage_healed":0,"gold_gain":0,"player_choice":"Success","damage_taken":11,"relics_obtained":["Omamori"],"max_hp_gain":0,"max_hp_loss":0,"event_name":"Scrap Ooze","floor":7,"gold_loss":0},{"damage_healed":0,"gold_gain":75,"player_choice":"Gather Gold","damage_taken":11,"max_hp_gain":0,"max_hp_loss":0,"event_name":"World of Goop","floor":10,"gold_loss":0},{"damage_healed":0,"gold_gain":0,"player_choice":"Simplicity","damage_taken":0,"max_hp_gain":0,"max_hp_loss":0,"event_name":"Back to Basics","floor":19,"gold_loss":0,"cards_upgraded":["Strike_R","Strike_R","Strike_R","Strike_R","Strike_R","Defend_R","Defend_R","Defend_R","Defend_R"]},{"damage_healed":0,"gold_gain":0,"player_choice":"Obtained Book","damage_taken":21,"max_hp_gain":0,"max_hp_loss":0,"event_name":"Cursed Tome","floor":22,"gold_loss":0},{"cards_removed":["Strike_R"],"damage_healed":0,"gold_gain":0,"player_choice":"Removed Attack","damage_taken":0,"max_hp_gain":0,"max_hp_loss":0,"event_name":"Falling","floor":37,"gold_loss":0}],"is_beta":true,"boss_relics":[{"not_picked":["Ectoplasm","Astrolabe"],"picked":"Mark of Pain"},{"not_picked":["Pandora\u0027s Box","Empty Cage"],"picked":"Philosopher\u0027s Stone"}],"items_purged_floors":[29],"is_endless":false,"potions_floor_spawned":[1,13,14,20,23,36,39],"killed_by":"Reptomancer","ascension_level":20}}