{"host":"skr63qsdfgeey3it","time":1612555064,"event":{"mods":["BaseMod","Colored Map","Hubris","Minty Spire (QoL Compilation)","Monster B Gone","Reliquary","Replay The Spire","Spicy Shops","StSLib"],"gold_per_floor":[10,10,21,21,21,53,53,73,73,73,88,107,107,126,126,199,199,212,212,228,422,422,422,422],"floor_reached":23,"language":"ENG","playtime":904,"items_purged":[],"score":325,"play_id":"0bb1b43c-7bd1-4009-a66e-31fae89ca2b5","local_time":"20210205135744","is_ascension_mode":true,"campfire_choices":[{"floor":7,"key":"REST"},{"data":"hubris:StunningStrike","floor":10,"key":"SMITH"},{"floor":13,"key":"REST"},{"data":"Regret","floor":15,"key":"PURGE"}],"circlet_count":0,"master_deck":["AscendersBane","Defend_R","Defend_R","Defend_R","Defend_R","Bash","hubris:StunningStrike+1","Bludgeon","Warcry","hubris:SharpeningStone","Demon Form","Twin Strike","Heavy Blade","hubris:ReadiedAction","Battle Trance","ReplayTheSpireMod:Muscle Training","Power Through","Demon Form","Double Tap","Clothesline","Pain","hubris:Gluttony"],"relics":["Burning Blood","Replay:PocketPolymizer","hubris:Towel","Akabeko","hubris:Reverence","TungstenRod","Snecko Heart","WarpedTongs","ReplayTheSpireMod:Shallot"],"acts_visited":["Exordium","TheCity"],"potions_floor_usage":[16,23,23],"damage_taken":[{"damage":8,"enemies":"Small Slimes","floor":1,"turns":2},{"damage":9,"enemies":"2 Louse","floor":3,"turns":3},{"damage":53,"enemies":"3 Sentries","floor":6,"turns":10},{"damage":0,"enemies":"Cultist","floor":8,"turns":3},{"damage":6,"enemies":"3 Louse","floor":11,"turns":3},{"damage":11,"enemies":"Looter","floor":12,"turns":3},{"damage":7,"enemies":"Blue Slaver","floor":14,"turns":2},{"damage":25,"enemies":"Hexaghost","floor":16,"turns":9},{"damage":16,"enemies":"2 Thieves","floor":18,"turns":4},{"damage":3,"enemies":"Shell Parasite","floor":20,"turns":2},{"damage":42,"enemies":"Slavers","floor":23,"turns":4}],"seed_played":"-7625542735736916781","potions_obtained":[{"floor":6,"key":"Languid Potion"},{"floor":11,"key":"SpeedPotion"},{"floor":18,"key":"Toxic Potion"}],"is_trial":false,"path_per_floor":["M","?","M","?","?","E","R","M","T","R","M","M","R","M","R_BF","B",null,"M","?","M","?","?","E"],"character_chosen":"IRONCLAD","items_purchased":[],"campfire_rested":2,"item_purchase_floors":[],"current_hp_per_floor":[66,63,60,60,60,13,35,41,41,41,41,36,58,57,57,38,66,56,56,59,42,42,0,0],"gold":422,"neow_bonus":"TRANSFORM_TWO_CARDS","is_daily":false,"chose_seed":false,"campfire_upgraded":1,"win_rate":0.0,"timestamp":1612555064,"path_taken":["M","?","M","?","?","E","R","M","T","R","M","M","R","M","R_BF","BOSS","M","?","?","?","?","E"],"items_purchased_type":[],"build_version":"2020-12-22","purchased_purges":0,"victory":false,"max_hp_per_floor":[75,75,75,75,75,75,75,75,75,75,75,75,75,75,75,75,75,75,75,75,75,75,75,75],"card_choices":[{"not_picked":["Heavy Blade","Thunderclap"],"picked":"Warcry","floor":1},{"not_picked":["Sword Boomerang","Clash"],"picked":"hubris:SharpeningStone","floor":3},{"not_picked":["Blood for Blood","ReplayTheSpireMod:Corrosion Curse"],"picked":"Demon Form","floor":6},{"not_picked":["Clash","Pommel Strike"],"picked":"Twin Strike","floor":8},{"not_picked":["Disarm","Armaments"],"picked":"hubris:ReadiedAction","floor":11},{"not_picked":["Anger","Wild Strike"],"picked":"Battle Trance","floor":12},{"not_picked":["Replay:Undeath\u0027s Touch","Anger"],"picked":"Power Through","floor":14},{"not_picked":["Immolate","hubris:StunningStrike"],"picked":"Double Tap","floor":16},{"not_picked":["Sword Boomerang","Blood for Blood"],"picked":"Clothesline","floor":18},{"not_picked":["hubris:SharpeningStone","Clothesline","Perfected Strike"],"picked":"SKIP","floor":20}],"player_experience":880347,"relics_obtained":[{"floor":6,"key":"hubris:Reverence"},{"floor":9,"key":"TungstenRod"}],"event_choices":[{"damage_healed":0,"gold_gain":0,"player_choice":"Success","damage_taken":3,"relics_obtained":["Replay:PocketPolymizer"],"max_hp_gain":0,"max_hp_loss":0,"event_name":"Scrap Ooze","floor":2,"gold_loss":0},{"damage_healed":0,"gold_gain":0,"player_choice":"Box","damage_taken":0,"relics_obtained":["Akabeko"],"max_hp_gain":0,"max_hp_loss":0,"event_name":"Big Fish","floor":5,"gold_loss":0,"cards_obtained":["Regret"]},{"damage_healed":0,"gold_gain":0,"player_choice":"Rummage","damage_taken":0,"relics_obtained":["WarpedTongs"],"max_hp_gain":0,"max_hp_loss":0,"event_name":"Accursed Blacksmith","floor":19,"gold_loss":0,"cards_obtained":["Pain"]}],"is_beta":false,"boss_relics":[{"not_picked":["Honey Jar","Mark of Pain"],"picked":"Snecko Heart"}],"items_purged_floors":[],"is_endless":false,"potions_floor_spawned":[6,11,14,18],"killed_by":"Slavers","ascension_level":14}}