{"host":"gnfs9pc52tj5b2xa","time":1612497613,"event":{"mods":["BaseMod","Minty Spire (QoL Compilation)","Relic Sorter","Relic Stats","Slay the Relics Exporter","ojb\u0027s Better Paths Mod","ojb\u0027s Info Mod"],"gold_per_floor":[114,125,50,64,64,64,102,102,127,167,242,84,120,120,120,213,213,231,231,246,246,246,246,269,307,330,455,490,515,535,17,17,107,107,130,130,130,130,154,192,210,243,267,305,326,344,379,50,50,50,50,50],"floor_reached":51,"language":"ENG","playtime":5140,"items_purged":["Strike_R"],"score":1642,"play_id":"25c43ad2-abbd-4a5a-992c-e5d24db3e948","local_time":"20210204200013","is_ascension_mode":true,"campfire_choices":[{"data":"Bash","floor":6.0,"key":"SMITH"},{"data":"Twin Strike","floor":8.0,"key":"SMITH"},{"data":"Disarm","floor":15.0,"key":"SMITH"},{"floor":23.0,"key":"RECALL"},{"floor":32,"key":"REST"},{"floor":49,"key":"REST"}],"circlet_count":0,"master_deck":["AscendersBane","Strike_R+1","Defend_R","Defend_R","Defend_R","Defend_R","Bash+1","Trip","Rampage","Cleave","Feel No Pain","Twin Strike+1","Disarm+1","Flame Barrier","Feed+1","Dropkick","Ghostly","Ghostly","Ghostly+1","Shrug It Off","Havoc","Fiend Fire","Uppercut+1","Thunderclap+1","Flame Barrier+1","Intimidate+1","Madness","Madness","Pummel","Pummel","Exhume","Havoc","Warcry","Ghostly+1"],"relics":["Burning Blood","Golden Idol","Vajra","MealTicket","Unceasing Top","Bag of Preparation","Omamori","Fusion Hammer","MutagenicStrength","Lantern","Whetstone","Nunchaku","Mango","Mercury Hourglass","Smiling Mask","Dead Branch","ClockworkSouvenir","Astrolabe","Anchor","Bag of Marbles","Centennial Puzzle","Juzu Bracelet","DollysMirror","Pen Nib"],"acts_visited":["Exordium","TheCity","TheBeyond"],"potions_floor_usage":[29,45,50],"damage_taken":[{"damage":7.0,"enemies":"Jaw Worm","floor":1.0,"turns":4.0},{"damage":0.0,"enemies":"Small Slimes","floor":2.0,"turns":2.0},{"damage":0.0,"enemies":"2 Louse","floor":4.0,"turns":2.0},{"damage":27.0,"enemies":"3 Sentries","floor":7.0,"turns":11.0},{"damage":0.0,"enemies":"Gremlin Nob","floor":10.0,"turns":2.0},{"damage":34.0,"enemies":"Lagavulin","floor":13.0,"turns":8.0},{"damage":9.0,"enemies":"The Guardian","floor":16.0,"turns":14.0},{"damage":24.0,"enemies":"Shell Parasite","floor":18.0,"turns":6.0},{"damage":16.0,"enemies":"Spheric Guardian","floor":20.0,"turns":6.0},{"damage":0.0,"enemies":"Centurion and Healer","floor":24.0,"turns":5.0},{"damage":27.0,"enemies":"Gremlin Leader","floor":25.0,"turns":6.0},{"damage":4,"enemies":"Colosseum Slavers","floor":27,"turns":3},{"damage":25,"enemies":"Colosseum Nobs","floor":27,"turns":5},{"damage":8,"enemies":"Slavers","floor":28,"turns":6},{"damage":0,"enemies":"Snake Plant","floor":29,"turns":3},{"damage":5,"enemies":"3 Cultists","floor":30,"turns":5},{"damage":35,"enemies":"Automaton","floor":33,"turns":10},{"damage":2,"enemies":"Orb Walker","floor":35,"turns":1},{"damage":2,"enemies":"3 Darklings","floor":39,"turns":5},{"damage":12,"enemies":"Reptomancer","floor":40,"turns":6},{"damage":0,"enemies":"4 Shapes","floor":41,"turns":6},{"damage":14,"enemies":"Giant Head","floor":42,"turns":6},{"damage":38,"enemies":"Nemesis","floor":44,"turns":5},{"damage":0,"enemies":"Writhing Mass","floor":45,"turns":3},{"damage":16,"enemies":"Transient","floor":46,"turns":6},{"damage":1,"enemies":"Giant Head","floor":47,"turns":6},{"damage":76,"enemies":"Awakened One","floor":50,"turns":11},{"damage":51,"enemies":"Time Eater","floor":51,"turns":3}],"seed_played":"-3060121377584494089","potions_obtained":[{"floor":4.0,"key":"Fire Potion"},{"floor":13.0,"key":"DistilledChaos"},{"floor":16.0,"key":"SpeedPotion"},{"floor":18.0,"key":"ColorlessPotion"},{"floor":24.0,"key":"Explosive Potion"},{"floor":27,"key":"Swift Potion"},{"floor":28,"key":"Weak Potion"},{"floor":29,"key":"HeartOfIron"},{"floor":41,"key":"BloodPotion"},{"floor":45,"key":"Regen Potion"}],"is_trial":false,"path_per_floor":["M","M","$","M","?","R","E","R","T","E","?","$","E","?","R","B",null,"M","?","M","?","?","R","M","E","T","?","E","M","M","$","R","B",null,"M","?","$","?","M","E","M","E","T","E","M","M","E","$","R","B","B"],"character_chosen":"IRONCLAD","items_purchased":["Bag of Preparation","Dead Branch","Havoc","ClockworkSouvenir","DollysMirror","Pen Nib"],"campfire_rested":2,"item_purchase_floors":[12,31,31,31,48,48],"current_hp_per_floor":[67,73,73,75,49,49,28,28,28,34,23,38,10,10,10,7,58,43,39,29,29,29,29,38,17,17,22,24,30,35,50,71,42,65,73,59,74,74,80,74,84,80,80,48,71,61,66,81,88,23,0,0],"gold":50,"neow_bonus":"RANDOM_COLORLESS","is_daily":false,"chose_seed":false,"campfire_upgraded":3,"win_rate":0.0,"timestamp":1612497613,"path_taken":["M","M","$","M","?","R","E","R","T","E","?","$","E","?","R","BOSS","M","?","M","?","?","R","M","E","T","?","E","M","?","$","R","BOSS","M","?","$","?","M","E","M","E","T","E","M","?","E","?","R","BOSS","BOSS"],"items_purchased_type":["Relic","Relic","Card","Relic","Relic","Relic"],"build_version":"2020-12-22","purchased_purges":1,"victory":false,"max_hp_per_floor":[75,75,75,75,75,75,75,75,75,75,75,75,75,75,75,75,75,78,39,39,39,39,39,42,42,42,64,68,68,72,72,72,72,72,76,76,76,76,80,80,84,88,88,88,88,88,88,88,88,88,88,88],"relic_stats":{"counters":[28,155],"Golden Idol":199,"Dead Branch":[195],"Astrolabe":["Uppercut","Thunderclap","Flame Barrier"],"Pen Nib":[3],"Bag of Preparation":[46],"Juzu Bracelet":0,"Whetstone":["Strike_R","Feed"],"Smiling Mask":0,"Burning Blood":156,"Mercury Hourglass":[335],"Nunchaku":[19],"Centennial Puzzle":[9],"MealTicket":60,"obtain_stats":[{"Lantern":22,"Golden Idol":5,"Dead Branch":31,"Astrolabe":34,"Vajra":7,"Mango":27,"Pen Nib":48,"Bag of Preparation":12,"Omamori":13,"Juzu Bracelet":47,"Whetstone":25,"Smiling Mask":28,"Burning Blood":0,"Mercury Hourglass":27,"ClockworkSouvenir":31,"Nunchaku":26,"Anchor":40,"Centennial Puzzle":44,"DollysMirror":48,"MutagenicStrength":21,"MealTicket":9,"Fusion Hammer":17,"Bag of Marbles":42,"Unceasing Top":10},{"Lantern":9,"Golden Idol":3,"Dead Branch":16,"Astrolabe":17,"Vajra":4,"Mango":13,"Pen Nib":26,"Bag of Preparation":5,"Omamori":6,"Juzu Bracelet":26,"Whetstone":11,"Smiling Mask":14,"Burning Blood":0,"Mercury Hourglass":13,"ClockworkSouvenir":16,"Nunchaku":11,"Anchor":20,"Centennial Puzzle":23,"DollysMirror":26,"MutagenicStrength":9,"MealTicket":4,"Fusion Hammer":7,"Bag of Marbles":22,"Unceasing Top":5},{"Lantern":55,"Golden Idol":8,"Dead Branch":88,"Astrolabe":98,"Vajra":19,"Mango":74,"Pen Nib":141,"Bag of Preparation":21,"Omamori":29,"Juzu Bracelet":141,"Whetstone":66,"Smiling Mask":80,"Burning Blood":0,"Mercury Hourglass":74,"ClockworkSouvenir":88,"Nunchaku":66,"Anchor":110,"Centennial Puzzle":126,"DollysMirror":141,"MutagenicStrength":55,"MealTicket":19,"Fusion Hammer":43,"Bag of Marbles":122,"Unceasing Top":21}],"Unceasing Top":[6]},"card_choices":[{"not_picked":["Madness","Finesse"],"picked":"Trip","floor":0.0},{"not_picked":["Combust","Flame Barrier"],"picked":"Rampage","floor":1.0},{"not_picked":["Havoc","Body Slam"],"picked":"Cleave","floor":2.0},{"not_picked":["Heavy Blade","Rupture"],"picked":"Feel No Pain","floor":4.0},{"not_picked":["Juggernaut","Cleave"],"picked":"Twin Strike","floor":7.0},{"not_picked":["Havoc","Cleave"],"picked":"Disarm","floor":10.0},{"not_picked":["Second Wind","Sentinel"],"picked":"Flame Barrier","floor":13.0},{"not_picked":["Juggernaut","Bludgeon"],"picked":"Feed","floor":16.0},{"not_picked":["Iron Wave","Body Slam"],"picked":"Dropkick","floor":18.0},{"not_picked":["Perfected Strike","Flex","Inflame"],"picked":"SKIP","floor":20.0},{"not_picked":["Infernal Blade","Clothesline","Bloodletting"],"picked":"SKIP","floor":24.0},{"not_picked":["Perfected Strike","Armaments","Hemokinesis"],"picked":"SKIP","floor":25},{"not_picked":["Body Slam","Inflame","Anger"],"picked":"SKIP","floor":28},{"not_picked":["Thunderclap","Feed","Clothesline"],"picked":"SKIP","floor":29},{"not_picked":["Twin Strike+1","Combust"],"picked":"Shrug It Off","floor":30},{"not_picked":["Brutality","Demon Form"],"picked":"Fiend Fire","floor":33},{"not_picked":["Armaments","Inflame+1"],"picked":"Intimidate+1","floor":35},{"not_picked":["Dual Wield+1","Heavy Blade"],"picked":"Pummel","floor":39},{"not_picked":["Clash+1","Cleave+1","Flame Barrier"],"picked":"SKIP","floor":40},{"not_picked":["Clothesline+1","Sword Boomerang"],"picked":"Pummel","floor":41},{"not_picked":["Ghostly Armor","Bloodletting"],"picked":"Exhume","floor":42},{"not_picked":["Armaments","Rampage"],"picked":"Havoc","floor":44},{"not_picked":["Sword Boomerang+1","Flex","Iron Wave"],"picked":"SKIP","floor":45},{"not_picked":["Armaments","Spot Weakness"],"picked":"Warcry","floor":46},{"not_picked":["Iron Wave","Shrug It Off","Sentinel"],"picked":"SKIP","floor":47}],"player_experience":1282833,"relics_obtained":[{"floor":7.0,"key":"Vajra"},{"floor":9.0,"key":"MealTicket"},{"floor":10.0,"key":"Unceasing Top"},{"floor":13.0,"key":"Omamori"},{"floor":25,"key":"Whetstone"},{"floor":26,"key":"Nunchaku"},{"floor":27,"key":"Mango"},{"floor":27,"key":"Mercury Hourglass"},{"floor":28,"key":"Smiling Mask"},{"floor":40,"key":"Anchor"},{"floor":42,"key":"Bag of Marbles"},{"floor":44,"key":"Centennial Puzzle"},{"floor":47,"key":"Juzu Bracelet"}],"event_choices":[{"damage_healed":0.0,"max_hp_gain":0.0,"max_hp_loss":0.0,"gold_gain":0.0,"event_name":"Golden Idol","player_choice":"Take Damage","floor":5.0,"gold_loss":0.0,"damage_taken":26.0,"relics_obtained":["Golden Idol"]},{"damage_healed":0.0,"max_hp_gain":0.0,"max_hp_loss":0.0,"gold_gain":75.0,"event_name":"World of Goop","player_choice":"Gather Gold","floor":11.0,"gold_loss":0.0,"damage_taken":11.0},{"damage_healed":0.0,"max_hp_gain":0.0,"max_hp_loss":0.0,"gold_gain":0.0,"event_name":"Shining Light","player_choice":"Ignored","floor":14.0,"gold_loss":0.0,"damage_taken":0.0},{"damage_healed":0.0,"max_hp_gain":0.0,"max_hp_loss":39.0,"gold_gain":0.0,"event_name":"Ghosts","player_choice":"Became a Ghost","floor":19.0,"gold_loss":0.0,"damage_taken":0.0,"cards_obtained":["Ghostly","Ghostly","Ghostly"]},{"damage_healed":0.0,"max_hp_gain":0.0,"max_hp_loss":0.0,"gold_gain":0.0,"event_name":"Drug Dealer","player_choice":"Inject Mutagens","floor":21.0,"gold_loss":0.0,"damage_taken":0.0,"relics_obtained":["MutagenicStrength"]},{"damage_healed":0.0,"max_hp_gain":0.0,"max_hp_loss":0.0,"gold_gain":0.0,"event_name":"The Mausoleum","player_choice":"Opened","floor":22.0,"gold_loss":0.0,"damage_taken":0.0,"relics_obtained":["Lantern"],"cards_obtained":["Writhe"]},{"damage_healed":0,"gold_gain":0,"player_choice":"Fight","damage_taken":0,"max_hp_gain":0,"max_hp_loss":0,"event_name":"Colosseum","floor":27,"gold_loss":0},{"damage_healed":0,"gold_gain":0,"player_choice":"Fought Nobs","damage_taken":0,"max_hp_gain":0,"max_hp_loss":0,"event_name":"Colosseum","floor":27,"gold_loss":0},{"damage_healed":0,"gold_gain":0,"player_choice":"Embrace Madness","damage_taken":14,"max_hp_gain":0,"max_hp_loss":0,"event_name":"Winding Halls","floor":36,"gold_loss":0,"cards_obtained":["Madness","Madness"]},{"damage_healed":0,"gold_gain":0,"player_choice":"Upgraded","damage_taken":0,"max_hp_gain":0,"max_hp_loss":0,"event_name":"Upgrade Shrine","floor":38,"gold_loss":0,"cards_upgraded":["Ghostly"]}],"is_beta":false,"boss_relics":[{"not_picked":["Empty Cage","Runic Cube"],"picked":"Fusion Hammer"},{"not_picked":["Black Blood","Calling Bell"],"picked":"Astrolabe"}],"items_purged_floors":[3],"is_endless":false,"potions_floor_spawned":[4,13,16,18,24,27,28,29,39,40,41,45,47],"killed_by":"Time Eater","ascension_level":20}}