{"host":"qdfumeom6htv8yxl","time":1612549462,"event":{"mods":["AchievementEnabler","BaseMod","Bestiary","Block Reminder","Colored Powertips","Highlight Path","Minty Spire (QoL Compilation)","Quick Restart","Relic Stats"],"gold_per_floor":[119,129,129,129,204,129,129,129,129],"floor_reached":8,"language":"ENG","playtime":282,"items_purged":["Regret"],"score":64,"play_id":"7571ca20-6410-426c-a265-fcedf081c296","local_time":"20210205122422","is_ascension_mode":true,"campfire_choices":[{"floor":7,"key":"REST"}],"circlet_count":0,"master_deck":["Strike_P","Strike_P","Strike_P","Strike_P","Defend_P","Defend_P","Defend_P","Defend_P","Eruption","Vigilance","Alpha","EmptyBody","FlurryOfBlows"],"relics":["PureWater","Potion Belt","Happy Flower"],"acts_visited":["Exordium"],"potions_floor_usage":[],"damage_taken":[{"damage":0,"enemies":"Small Slimes","floor":1,"turns":2},{"damage":0,"enemies":"2 Louse","floor":2,"turns":4},{"damage":25,"enemies":"Gremlin Nob","floor":8,"turns":4}],"seed_played":"4496921712408911691","potions_obtained":[],"is_trial":false,"path_per_floor":["M","M","?","?","?","$","R","E"],"character_chosen":"WATCHER","items_purchased":[],"campfire_rested":1,"item_purchase_floors":[],"current_hp_per_floor":[65,65,65,47,36,36,57,32,32],"gold":129,"neow_bonus":"ONE_RANDOM_RARE_CARD","is_daily":false,"chose_seed":false,"campfire_upgraded":0,"win_rate":0.0,"timestamp":1612549462,"path_taken":["M","M","?","?","?","?","R","E"],"items_purchased_type":[],"build_version":"2020-12-22","purchased_purges":1,"victory":false,"max_hp_per_floor":[72,72,72,72,72,72,72,72,72],"relic_stats":{"Happy Flower":[1],"counters":[3,10],"obtain_stats":[{"Potion Belt":3,"Happy Flower":4,"PureWater":0},{"Potion Belt":2,"Happy Flower":2,"PureWater":0},{"Potion Belt":6,"Happy Flower":6,"PureWater":0}]},"card_choices":[{"not_picked":["Nirvana","Wireheading"],"picked":"EmptyBody","floor":1},{"not_picked":["EmptyBody","FollowUp"],"picked":"FlurryOfBlows","floor":2}],"player_experience":2050872,"relics_obtained":[],"event_choices":[{"damage_healed":0,"gold_gain":0,"player_choice":"Box","damage_taken":0,"relics_obtained":["Potion Belt"],"max_hp_gain":0,"max_hp_loss":0,"event_name":"Big Fish","floor":3,"gold_loss":0,"cards_obtained":["Regret"]},{"damage_healed":0,"gold_gain":0,"player_choice":"Success","damage_taken":18,"relics_obtained":["Happy Flower"],"max_hp_gain":0,"max_hp_loss":0,"event_name":"Scrap Ooze","floor":4,"gold_loss":0},{"damage_healed":0,"gold_gain":75,"player_choice":"Gather Gold","damage_taken":11,"max_hp_gain":0,"max_hp_loss":0,"event_name":"World of Goop","floor":5,"gold_loss":0}],"is_beta":false,"boss_relics":[],"items_purged_floors":[6],"is_endless":false,"potions_floor_spawned":[],"killed_by":"Gremlin Nob","ascension_level":9}}