{"host":"vl29iwkwnyytuw8q","time":1612544273,"event":{"mods":["BaseMod","Minty Spire (QoL Compilation)","Permanent Neow","Relic Stats","StSLib"],"gold_per_floor":[116,130,130,146,146,146,176,176,176,176,176,192,212,224,224,299,299,317,232,245,63,83,83,83,83],"floor_reached":24,"language":"ENG","playtime":777,"items_purged":["Strike_G"],"score":396,"play_id":"974daefd-3408-4acb-a579-6834aac371c8","local_time":"20210205175753","is_ascension_mode":true,"campfire_choices":[{"floor":6.0,"key":"REST"},{"data":"Wraith Form v2","floor":8.0,"key":"SMITH"},{"data":"Predator","floor":10.0,"key":"SMITH"},{"data":"Calculated Gamble","floor":15.0,"key":"SMITH"},{"floor":23,"key":"REST"}],"circlet_count":0,"master_deck":["AscendersBane","Strike_G","Strike_G+1","Strike_G","Strike_G","Defend_G","Defend_G","Defend_G","Defend_G","Defend_G","Survivor","Neutralize","Well Laid Plans","Blade Dance+1","Predator+1","Wraith Form v2+1","Quick Slash","Poisoned Stab","Choke","Calculated Gamble+1","Accuracy","Corpse Explosion","CurseOfTheBell","Leg Sweep","Footwork+1","After Image+1"],"relics":["HoveringKite","The Courier","Letter Opener","Peace Pipe","Calling Bell","Toy Ornithopter","Singing Bowl","Tough Bandages","Frozen Egg 2"],"acts_visited":["Exordium","TheCity"],"potions_floor_usage":[18,24,24],"damage_taken":[{"damage":0.0,"enemies":"2 Louse","floor":1.0,"turns":4.0},{"damage":12.0,"enemies":"Cultist","floor":2.0,"turns":5.0},{"damage":4.0,"enemies":"Small Slimes","floor":4.0,"turns":5.0},{"damage":12.0,"enemies":"3 Sentries","floor":7.0,"turns":8.0},{"damage":6.0,"enemies":"Looter","floor":12.0,"turns":3.0},{"damage":0.0,"enemies":"Red Slaver","floor":13.0,"turns":2.0},{"damage":1.0,"enemies":"3 Louse","floor":14.0,"turns":3.0},{"damage":21.0,"enemies":"Hexaghost","floor":16.0,"turns":12.0},{"damage":0,"enemies":"Chosen","floor":18,"turns":3},{"damage":7,"enemies":"Spheric Guardian","floor":20,"turns":6},{"damage":27,"enemies":"Chosen and Byrds","floor":22,"turns":8},{"damage":57,"enemies":"Gremlin Leader","floor":24,"turns":4}],"seed_played":"2503515597340564789","potions_obtained":[{"floor":1.0,"key":"Explosive Potion"},{"floor":2.0,"key":"SneckoOil"},{"floor":7.0,"key":"DuplicationPotion"},{"floor":12.0,"key":"GamblersBrew"},{"floor":22,"key":"SpeedPotion"}],"is_trial":false,"path_per_floor":["M","M","?","M","?","R","E","R","T","R","?","M","M","M","R","B",null,"M","?","M","$","M","R","E"],"character_chosen":"THE_SILENT","items_purchased":["After Image+1"],"campfire_rested":2,"item_purchase_floors":[21],"current_hp_per_floor":[59,47,47,43,23,42,30,30,30,30,30,24,24,23,23,2,50,55,55,48,48,23,43,0,0],"gold":83,"neow_bonus":"BOSS_RELIC","is_daily":false,"chose_seed":false,"campfire_upgraded":3,"win_rate":0.0,"timestamp":1612544273,"path_taken":["M","M","?","?","?","R","E","R","T","R","?","M","?","M","R","BOSS","M","?","M","$","M","R","E"],"items_purchased_type":["Card"],"build_version":"2020-12-22","purchased_purges":1,"victory":false,"max_hp_per_floor":[66,66,66,66,66,66,66,66,66,66,66,66,66,66,66,66,66,66,66,66,66,68,68,68,68],"relic_stats":{"Peace Pipe":0,"Tough Bandages":[87],"Singing Bowl":2,"counters":[12,63],"HoveringKite":[18],"Letter Opener":[25],"obtain_stats":[{"Peace Pipe":11,"Calling Bell":17,"Tough Bandages":17,"Singing Bowl":17,"HoveringKite":0,"The Courier":7,"Letter Opener":9,"Frozen Egg 2":19,"Toy Ornithopter":17,"Ring of the Snake":0},{"Peace Pipe":4,"Calling Bell":8,"Tough Bandages":8,"Singing Bowl":8,"HoveringKite":0,"The Courier":4,"Letter Opener":4,"Frozen Egg 2":9,"Toy Ornithopter":8,"Ring of the Snake":0},{"Peace Pipe":22,"Calling Bell":42,"Tough Bandages":42,"Singing Bowl":42,"HoveringKite":0,"The Courier":22,"Letter Opener":22,"Frozen Egg 2":45,"Toy Ornithopter":42,"Ring of the Snake":0}],"Toy Ornithopter":15},"card_choices":[{"not_picked":["Choke","Slice"],"picked":"Well Laid Plans","floor":1.0},{"not_picked":["Poisoned Stab","Sucker Punch"],"picked":"Blade Dance","floor":2.0},{"not_picked":["Eviscerate","Outmaneuver"],"picked":"Quick Slash","floor":4.0},{"not_picked":["Choke","Flechettes"],"picked":"Poisoned Stab","floor":7.0},{"not_picked":["Concentrate","Sucker Punch"],"picked":"Choke","floor":12.0},{"not_picked":["Dagger Spray","Noxious Fumes"],"picked":"Calculated Gamble","floor":13.0},{"not_picked":["Skewer","Bane"],"picked":"Accuracy","floor":14.0},{"not_picked":["Grand Finale","Wraith Form v2"],"picked":"Corpse Explosion","floor":16.0},{"not_picked":["Concentrate","Dodge and Roll"],"picked":"Leg Sweep","floor":18},{"not_picked":["Choke+1","Dodge and Roll"],"picked":"Footwork+1","floor":20},{"not_picked":["Underhanded Strike+1","Sucker Punch","Outmaneuver"],"picked":"Singing Bowl","floor":22}],"player_experience":667175,"relics_obtained":[{"floor":7.0,"key":"The Courier"},{"floor":9.0,"key":"Letter Opener"},{"floor":17.0,"key":"Toy Ornithopter"},{"floor":17.0,"key":"Singing Bowl"},{"floor":17.0,"key":"Tough Bandages"}],"event_choices":[{"damage_healed":0.0,"max_hp_gain":0.0,"max_hp_loss":0.0,"gold_gain":0.0,"event_name":"Match and Keep!","player_choice":"2 cards matched","floor":3.0,"gold_loss":0.0,"damage_taken":0.0,"cards_obtained":["Predator","Wraith Form v2"]},{"damage_healed":0.0,"max_hp_gain":0.0,"max_hp_loss":0.0,"gold_gain":0.0,"event_name":"Shining Light","player_choice":"Entered Light","floor":5.0,"gold_loss":0.0,"damage_taken":20.0,"cards_upgraded":["Strike_G","Blade Dance"]},{"damage_healed":0.0,"max_hp_gain":0.0,"max_hp_loss":0.0,"gold_gain":0.0,"event_name":"WeMeetAgain","player_choice":"Gave Potion","floor":11.0,"gold_loss":0.0,"damage_taken":0.0,"relics_obtained":["Peace Pipe"]},{"damage_healed":0,"gold_gain":0,"player_choice":"Obtained Relic","damage_taken":0,"relics_obtained":["Frozen Egg 2"],"max_hp_gain":0,"max_hp_loss":0,"event_name":"Addict","floor":19,"gold_loss":85}],"is_beta":false,"boss_relics":[{"not_picked":["Ectoplasm","Black Star"],"picked":"Calling Bell"}],"items_purged_floors":[21],"is_endless":false,"potions_floor_spawned":[1,2,7,12,22],"killed_by":"Gremlin Leader","ascension_level":20}}