{"host":"5yoj846f700ld8qy","time":1612559659,"event":{"mods":["AchievementEnabler","BaseMod","Better Altar","Better Match","Better Note","Better Sensory Stone","Better Skull","Better Third Choice","Colored Map","Colored Powertips","Minty Spire (QoL Compilation)","StSLib","UnlockEverythingMod"],"gold_per_floor":[10,10,10,25,37,66,66,66,66,66,80,99,24,53,53,53,53],"floor_reached":16,"language":"ENG","playtime":726,"items_purged":["Regret"],"score":220,"play_id":"1eecce0a-1063-4561-b6f5-a0314a8afee2","local_time":"20210205231419","is_ascension_mode":true,"campfire_choices":[{"data":"Zap","floor":8,"key":"SMITH"},{"data":"Buffer","floor":15,"key":"SMITH"}],"circlet_count":0,"master_deck":["AscendersBane","Strike_B","Strike_B","Strike_B","Strike_B","Defend_B","Defend_B","Defend_B","Defend_B","Zap+1","Dualcast","Coolheaded","Violence","Defragment","Conserve Battery","Melter","FTL","Cold Snap","Buffer+1"],"relics":["Cracked Core","Unceasing Top","FossilizedHelix","Ice Cream","Anchor"],"acts_visited":["Exordium"],"potions_floor_usage":[14],"damage_taken":[{"damage":4,"enemies":"Small Slimes","floor":1,"turns":3},{"damage":5,"enemies":"Jaw Worm","floor":4,"turns":3},{"damage":2,"enemies":"Cultist","floor":5,"turns":3},{"damage":25,"enemies":"3 Sentries","floor":6,"turns":9},{"damage":10,"enemies":"Blue Slaver","floor":11,"turns":3},{"damage":17,"enemies":"Large Slime","floor":12,"turns":5},{"damage":10,"enemies":"Lagavulin","floor":14,"turns":6},{"damage":54,"enemies":"Slime Boss","floor":16,"turns":12}],"seed_played":"-3841696397412392469","potions_obtained":[{"floor":4,"key":"SpeedPotion"},{"floor":6,"key":"SkillPotion"},{"floor":14,"key":"EssenceOfDarkness"}],"is_trial":false,"path_per_floor":["M","?","?","M","M","E","?","R","T","?","M","M","$","E","R","B"],"character_chosen":"DEFECT","items_purchased":[],"campfire_rested":0,"item_purchase_floors":[],"current_hp_per_floor":[60,60,60,55,53,28,28,28,28,81,71,54,54,44,44,0,0],"gold":53,"neow_bonus":"THREE_RARE_CARDS","is_daily":false,"chose_seed":false,"campfire_upgraded":2,"win_rate":0.0,"timestamp":1612559659,"path_taken":["M","?","?","M","?","E","?","R","T","?","M","M","$","E","R","BOSS"],"items_purchased_type":[],"build_version":"2020-12-22","purchased_purges":1,"victory":false,"max_hp_per_floor":[71,71,71,71,71,71,71,71,71,81,81,81,81,81,81,81,81],"card_choices":[{"not_picked":["Reboot","Amplify"],"picked":"Core Surge","floor":0},{"not_picked":["Redo","Steam"],"picked":"Coolheaded","floor":1},{"not_picked":["Apotheosis","Thinking Ahead"],"picked":"Violence","floor":3},{"not_picked":["Ball Lightning","Streamline"],"picked":"Defragment","floor":4},{"not_picked":["Streamline","Lockon"],"picked":"Conserve Battery","floor":5},{"not_picked":["Blizzard","Chaos"],"picked":"Melter","floor":6},{"not_picked":["Reprogram","Barrage"],"picked":"FTL","floor":11},{"not_picked":["Melter","Leap"],"picked":"Cold Snap","floor":12},{"not_picked":["Glacier","Hologram"],"picked":"Buffer","floor":14}],"player_experience":435985,"relics_obtained":[{"floor":6,"key":"FossilizedHelix"},{"floor":9,"key":"Ice Cream"},{"floor":14,"key":"Anchor"}],"event_choices":[{"damage_healed":0,"gold_gain":0,"player_choice":"Box","damage_taken":0,"relics_obtained":["Unceasing Top"],"max_hp_gain":0,"max_hp_loss":0,"event_name":"Big Fish","floor":2,"gold_loss":0,"cards_obtained":["Regret"]},{"damage_healed":0,"gold_gain":1,"player_choice":"1","damage_taken":0,"max_hp_gain":0,"max_hp_loss":0,"event_name":"betterStone:BetterStone","floor":3,"gold_loss":0},{"damage_healed":0,"gold_gain":0,"player_choice":"Ignored","damage_taken":66,"max_hp_gain":0,"max_hp_loss":0,"event_name":"betterThird:BetterSerpent","floor":7,"gold_loss":0},{"cards_removed":["Core Surge"],"damage_healed":43,"gold_gain":0,"player_choice":"Offered Rare","damage_taken":0,"max_hp_gain":10,"max_hp_loss":0,"event_name":"Bonfire Elementals","floor":10,"gold_loss":0}],"is_beta":false,"boss_relics":[],"items_purged_floors":[13],"is_endless":false,"potions_floor_spawned":[4,6,14],"killed_by":"Slime Boss","ascension_level":20}}