{"host":"1a1fa2nogmb21qcw","time":1612495107,"event":{"mods":["AchievementEnabler","BaseMod","Better Match","Better Note","Better Sensory Stone","Better Vampires","Block Reminder","Colored Map","Colored Powertips","Downfall","Infinite Spire","Key Reminder","Minty Spire (QoL Compilation)","RRrroohrrRGHHhhh!!","Rare Cards Sparkle","Relic Stats","Remove Card Discount Mod","Replay The Spire","Shop Mod","StSLib","Swap Starting Deck Mod","The Disciple","The Necromancer","The Servant 0.9.4"],"gold_per_floor":[99,99,8,8,19,19,19,52,52,52,74,109,123,57,76,174,174,174,187,172,183,198,208,255,71,71,71,91,111,11,40,59,159,159,59,70,70,89,89,107,157,177,194,94,113,113,124,124,140,245,245,245,265,283,283,283,283,309,321,321,337,337,399,399,418,429,529,529,529,549,566,566,566],"floor_reached":71,"language":"ENG","playtime":10447,"items_purged":["bronze:Strike","bronze:Strike","bronze:Defend","bronze:Strike","bronze:Strike","bronze:Defend","bronze:Defend","bronze:Defend","bronze:Replicate","bronze:Repulsor+1","bronze:ClassDefault","bronze:Backtrace"],"score":1182,"play_id":"1cca1bbb-84c2-4e3a-ac3e-16b346838f32","local_time":"20210204221827","is_ascension_mode":false,"campfire_choices":[{"floor":1.0,"key":"DIG"},{"data":"bronze:Repulsor","floor":9.0,"key":"SMITH"},{"floor":18.0,"key":"RECALL"},{"data":"bronze:BronzeOrb","floor":27.0,"key":"SMITH"},{"data":"bronze:ShipIt","floor":30.0,"key":"SMITH"},{"data":"bronze:Break","floor":35.0,"key":"SMITH"},{"floor":44.0,"key":"REST"},{"data":"bronze:Repair","floor":44.0,"key":"SMITH"},{"floor":46.0,"key":"REST"},{"data":"champ:ShieldWall","floor":46.0,"key":"SMITH"},{"data":"bronze:Optimize","floor":52.0,"key":"SMITH"},{"data":"bronze:ItsAFeature","floor":60,"key":"SMITH"},{"data":"bronze:OilSpill","floor":62,"key":"SMITH"}],"circlet_count":0,"master_deck":["bronze:Repair+1","bronze:DarkDash+1","bronze:Frontload","bronze:BronzeOrb+1","bronze:Optimize+1","bronze:OilSpill+1","bronze:BugBarrage","bronze:ShipIt+1","bronze:Constructor","bronze:ChildClass+1","bronze:BuggyMess","bronze:MaxOutput+1","Replay:Dark Deal","bronze:DarkDash+1","bronze:FineTuning","bronze:Break+1","bronze:Branch+1","champ:ShieldWall+1","bronze:Refactor","bronze:ItsAFeature+1","bronze:HardenedForm","CurseOfTheBell","bronze:ShipIt+1","infinitespire:Menacing"],"relics":["bronze:BronzeCore","downfall:HeartsMalice","Divine Protection","HornCleat","Bag of Marbles","Art of War","ReplayTheSpireMod:Shallot","Odd Mushroom","Prayer Wheel","rorgmod:Empty Cage","downfall:HeartBlessingRed","Pocketwatch","rorgmod:Black Star","downfall:HeartBlessingBlue","infinitespire:Magic Flask","Blue Doll","downfall:HeartBlessingGreen","infinitespire:WardingShard","Calling Bell","Pet Ghost","Snack Pack","WingedGreaves","TheAbacus","Smiling Mask","Coffee Dripper"],"acts_visited":["Exordium","TheCity","TheBeyond","Exordium","TheCity"],"potions_floor_usage":[63,65,66,67,67,67,67,67,67,67,70,70,70],"damage_taken":[{"damage":0.0,"enemies":"Cultist","floor":2.0,"turns":1.0},{"damage":0.0,"enemies":"downfall:FleeingMerchant","floor":3.0,"turns":1.0},{"damage":0.0,"enemies":"Jaw Worm","floor":4.0,"turns":1.0},{"damage":0.0,"enemies":"2 Louse","floor":5.0,"turns":3.0},{"damage":0.0,"enemies":"3 Sentries","floor":8.0,"turns":6.0},{"damage":0.0,"enemies":"The Mushroom Lair","floor":11.0,"turns":4.0},{"damage":0.0,"enemies":"Lagavulin","floor":12.0,"turns":6.0},{"damage":0.0,"enemies":"Exordium Wildlife","floor":13.0,"turns":1.0},{"damage":0.0,"enemies":"downfall:FleeingMerchant","floor":14.0,"turns":4.0},{"damage":0.0,"enemies":"Lots of Slimes","floor":15.0,"turns":3.0},{"damage":25.0,"enemies":"DF_ARCHETYPE_STREAMLINE","floor":16.0,"turns":8.0},{"damage":33.0,"enemies":"3 Byrds","floor":19.0,"turns":8.0},{"damage":0.0,"enemies":"downfall:FleeingMerchant","floor":20.0,"turns":4.0},{"damage":0.0,"enemies":"Chosen","floor":21.0,"turns":4.0},{"damage":0.0,"enemies":"Snake Plant","floor":22.0,"turns":4.0},{"damage":0.0,"enemies":"Centurion and Healer","floor":23.0,"turns":9.0},{"damage":0.0,"enemies":"downfall:FleeingMerchant","floor":25.0,"turns":4.0},{"damage":0.0,"enemies":"Cultist and Chosen","floor":28.0,"turns":5.0},{"damage":20.0,"enemies":"Shelled Parasite and Fungi","floor":29.0,"turns":9.0},{"damage":10.0,"enemies":"Nightmare","floor":31.0,"turns":8.0},{"damage":0.0,"enemies":"Snake Plant","floor":32.0,"turns":4.0},{"damage":20.0,"enemies":"SI_MIRROR_ARCHETYPE","floor":33.0,"turns":8.0},{"damage":2.0,"enemies":"3 Shapes","floor":36.0,"turns":4.0},{"damage":0.0,"enemies":"Orb Walker","floor":38.0,"turns":1.0},{"damage":18.0,"enemies":"Transient","floor":40.0,"turns":5.0},{"damage":19.0,"enemies":"4 Shapes","floor":42.0,"turns":5.0},{"damage":0.0,"enemies":"Sphere and 2 Shapes","floor":43.0,"turns":4.0},{"damage":32.0,"enemies":"Transient","floor":45.0,"turns":5.0},{"damage":0.0,"enemies":"4 Shapes","floor":47.0,"turns":4.0},{"damage":0.0,"enemies":"Maw","floor":49.0,"turns":6.0},{"damage":38.0,"enemies":"IC_BLOCK_ARCHETYPE","floor":50.0,"turns":9.0},{"damage":0.0,"enemies":"Small Slimes","floor":53.0,"turns":2.0},{"damage":0.0,"enemies":"Jaw Worm","floor":54.0,"turns":2.0},{"damage":0.0,"enemies":"downfall:FleeingMerchant","floor":57.0,"turns":1.0},{"damage":0.0,"enemies":"2 Louse","floor":59.0,"turns":2.0},{"damage":0,"enemies":"Lots of Slimes","floor":61,"turns":4},{"damage":3,"enemies":"Gremlin Nob","floor":63,"turns":4},{"damage":11,"enemies":"Exordium Thugs","floor":65,"turns":4},{"damage":0,"enemies":"Large Slime","floor":66,"turns":4},{"damage":0,"enemies":"Fading Forest","floor":67,"turns":11},{"damage":0,"enemies":"Chosen","floor":70,"turns":5},{"damage":28,"enemies":"3 Cultists","floor":71,"turns":6}],"seed_played":"8549074576672408280","potions_obtained":[{"floor":8.0,"key":"Block Potion"},{"floor":11.0,"key":"SneckoOil"},{"floor":12.0,"key":"Block Potion"},{"floor":13.0,"key":"bronze:BuildAFunctionPotion"},{"floor":21.0,"key":"champ:CounterPotion"},{"floor":28.0,"key":"Weak Potion"},{"floor":29.0,"key":"GamblersBrew"},{"floor":36.0,"key":"FearPotion"},{"floor":43.0,"key":"sneckomod:MuddlingPotion"},{"floor":47.0,"key":"ColorlessPotion"},{"floor":61,"key":"Block Potion"},{"floor":63,"key":"DistilledChaos"},{"floor":63,"key":"DistilledChaos"},{"floor":65,"key":"Dexterity Potion"},{"floor":67,"key":"Fruit Juice"},{"floor":70,"key":"Swift Potion"}],"is_trial":false,"path_per_floor":["R_BF","M","$","M","M","T","T","E","R","T","?","E","M","$","M","B",null,"R","M","$","M","M","M","T","$","?","R","M","M","R","NM","M","B",null,"R","M","AVR","M","?","M","T","M","M","R","M","R","M","T","M","B",null,"R","M","M","?","AVR","$","T","M","R","M","R","E","?","M","M","B",null,"R_BF","M","M"],"character_chosen":"THE_AUTOMATON","items_purchased":["bronze:Backtrace","bronze:BugBarrage","Replay:Dark Deal"],"campfire_rested":2,"item_purchase_floors":[3,14,25],"current_hp_per_floor":[70,70,70,70,70,70,70,70,70,70,70,70,70,70,70,45,70,70,37,47,57,64,70,70,70,70,70,70,50,50,47,54,42,70,80,78,78,78,78,60,60,48,55,79,48,72,80,80,80,50,80,80,80,80,80,80,80,80,80,80,80,80,77,77,69,80,80,80,72,85,57,57,57],"gold":566,"neow_bonus":"THREE_ENEMY_KILL","is_daily":false,"chose_seed":false,"campfire_upgraded":9,"win_rate":0.0,"timestamp":1612495107,"path_taken":["R_BF","M","?","M","M","?","T","E","R","?","?","E","?","$","M","BOSS","R","M","$","?","M","M","T","$","?","R","M","M","R","NM","M","BOSS","R","M","AVR","?","?","M","T","M","M","R","M","R","?","?","M","BOSS","R","M","?","?","AVR","?","T","?","R","M","R","E","?","M","M","BOSS","R_BF","M","M"],"items_purchased_type":["Card","Card","Card"],"build_version":"2020-12-22","purchased_purges":12,"victory":false,"max_hp_per_floor":[70,70,70,70,70,70,70,70,70,70,70,70,70,70,70,70,70,70,70,70,70,70,70,70,70,70,70,70,70,70,70,70,70,70,80,80,80,80,80,80,80,80,80,80,80,80,80,80,80,80,80,80,80,80,80,80,80,80,80,80,80,80,80,80,80,80,80,80,80,85,85,85,85],"relic_stats":{"TheAbacus":[54],"counters":[42,190],"Prayer Wheel":26,"Art of War":[11],"Smiling Mask":0,"obtain_stats":[{"Divine Protection":1,"bronze:BronzeCore":0,"rorgmod:Black Star":34,"Blue Doll":41,"downfall:HeartBlessingGreen":44,"Smiling Mask":58,"Pet Ghost":51,"HornCleat":6,"TheAbacus":56,"downfall:HeartBlessingBlue":35,"Prayer Wheel":12,"WingedGreaves":51,"downfall:HeartBlessingRed":30,"downfall:HeartsMalice":0,"rorgmod:Empty Cage":17,"infinitespire:Magic Flask":37,"Odd Mushroom":11,"keyreminder:keyreminder":18,"Calling Bell":51,"ReplayTheSpireMod:Shallot":10,"infinitespire:WardingShard":48,"Bag of Marbles":7,"Art of War":8,"Snack Pack":51,"Coffee Dripper":68,"Pocketwatch":31},{"Divine Protection":0,"bronze:BronzeCore":0,"rorgmod:Black Star":22,"Blue Doll":25,"downfall:HeartBlessingGreen":27,"Smiling Mask":34,"Pet Ghost":31,"HornCleat":4,"TheAbacus":33,"downfall:HeartBlessingBlue":22,"Prayer Wheel":7,"WingedGreaves":31,"downfall:HeartBlessingRed":19,"downfall:HeartsMalice":0,"rorgmod:Empty Cage":11,"infinitespire:Magic Flask":23,"Odd Mushroom":6,"keyreminder:keyreminder":11,"Calling Bell":31,"ReplayTheSpireMod:Shallot":5,"infinitespire:WardingShard":29,"Bag of Marbles":4,"Art of War":5,"Snack Pack":31,"Coffee Dripper":40,"Pocketwatch":20},{"Divine Protection":0,"bronze:BronzeCore":0,"rorgmod:Black Star":102,"Blue Doll":112,"downfall:HeartBlessingGreen":121,"Smiling Mask":150,"Pet Ghost":145,"HornCleat":3,"TheAbacus":149,"downfall:HeartBlessingBlue":102,"Prayer Wheel":19,"WingedGreaves":145,"downfall:HeartBlessingRed":82,"downfall:HeartsMalice":0,"rorgmod:Empty Cage":35,"infinitespire:Magic Flask":106,"Odd Mushroom":13,"keyreminder:keyreminder":35,"Calling Bell":145,"ReplayTheSpireMod:Shallot":9,"infinitespire:WardingShard":130,"Bag of Marbles":3,"Art of War":9,"Snack Pack":145,"Coffee Dripper":179,"Pocketwatch":90}],"Pocketwatch":[86]},"card_choices":[{"not_picked":["bronze:Shield","bronze:Turbo"],"picked":"bronze:Constructor","floor":2.0},{"not_picked":["bronze:Fortify","bronze:Overheat"],"picked":"bronze:Repulsor","floor":3.0},{"not_picked":["bronze:Constructor","bronze:Turbo"],"picked":"bronze:Repair","floor":4.0},{"not_picked":["bronze:Constructor","bronze:CutThrough"],"picked":"bronze:DarkDash","floor":5.0},{"not_picked":["bronze:BitShift","bronze:BuggyMess"],"picked":"bronze:Flail","floor":8.0},{"not_picked":["bronze:BronzeArmor","bronze:Invalidate"],"picked":"bronze:Frontload","floor":11.0},{"not_picked":["bronze:MaxOutput","bronze:Branch"],"picked":"bronze:BronzeOrb","floor":12.0},{"not_picked":["bronze:FineTuning","bronze:Return"],"picked":"bronze:Optimize","floor":13.0},{"not_picked":["bronze:Deprecate","bronze:BugBarrage","bronze:Constructor"],"picked":"SKIP","floor":13.0},{"not_picked":["bronze:NullPointer","bronze:ThunderWave"],"picked":"bronze:OilSpill","floor":14.0},{"not_picked":["bronze:Repair","bronze:DelayedSlice","bronze:FineTuning"],"picked":"SKIP","floor":15.0},{"not_picked":["bronze:Constructor","bronze:Backtrace","bronze:Shield"],"picked":"SKIP","floor":15.0},{"not_picked":["bronze:FindAndReplace","bronze:HardenedForm"],"picked":"bronze:ShipIt","floor":16.0},{"not_picked":["bronze:DelayedGuard","bronze:FollowUp"],"picked":"bronze:Constructor","floor":19.0},{"not_picked":["bronze:WhirlingStrike","bronze:Philosophize","bronze:Turbo+1"],"picked":"SKIP","floor":19.0},{"not_picked":["bronze:Branch","bronze:Terminator"],"picked":"bronze:ChildClass+1","floor":20.0},{"not_picked":["bronze:Refactor","bronze:BuggyMess"],"picked":"bronze:ClassDefault","floor":21.0},{"not_picked":["bronze:BronzeOrb+1","bronze:DelayedGuard","bronze:FineTuning"],"picked":"SKIP","floor":21.0},{"not_picked":["bronze:Frontload","bronze:BugBarrage+1","bronze:InfiniteLoop"],"picked":"SKIP","floor":22.0},{"not_picked":["bronze:Return+1","bronze:CloningBeam","bronze:WhirlingStrike+1"],"picked":"SKIP","floor":22.0},{"not_picked":["bronze:BugBarrage","bronze:Optimize"],"picked":"bronze:BuggyMess","floor":23.0},{"not_picked":["bronze:ChildClass","bronze:Branch","bronze:Safeguard"],"picked":"SKIP","floor":23.0},{"not_picked":["bronze:WhirlingStrike","bronze:Separator"],"picked":"bronze:MaxOutput+1","floor":25.0},{"not_picked":["bronze:Deprecate","bronze:Branch"],"picked":"bronze:DarkDash+1","floor":28.0},{"not_picked":["bronze:Turbo","bronze:Shield"],"picked":"bronze:FineTuning","floor":28.0},{"not_picked":["bronze:BitShift+1","bronze:BugBarrage"],"picked":"bronze:Overload+1","floor":29.0},{"not_picked":["bronze:BronzeArmor","bronze:Repulsor+1","bronze:FindAndReplace"],"picked":"SKIP","floor":29.0},{"not_picked":["infinitespire:Fortify","infinitespire:SevenWalls"],"picked":"ReplayTheSpireMod:??????????????????????","floor":31.0},{"not_picked":["bronze:BuggyMess","bronze:BronzeArmor+1","bronze:ClassDefault+1"],"picked":"SKIP","floor":31.0},{"not_picked":["bronze:Overheat+1","bronze:Separator"],"picked":"bronze:Break","floor":32.0},{"not_picked":["bronze:BuggyMess","bronze:BronzeArmor+1","bronze:FineTuning"],"picked":"SKIP","floor":32.0},{"not_picked":["bronze:BugBarrage","bronze:Boost+1"],"picked":"bronze:Branch+1","floor":36.0},{"not_picked":["bronze:Repair","bronze:BronzeArmor","bronze:Iterate+1"],"picked":"SKIP","floor":36.0},{"not_picked":["bronze:Branch+1","bronze:ChosenStrike","bronze:BuggyMess+1"],"picked":"SKIP","floor":38.0},{"not_picked":["bronze:DarkDash","bronze:Overload+1","bronze:FineTuning"],"picked":"SKIP","floor":38.0},{"not_picked":["bronze:Shield","bronze:Constructor+1","bronze:FineTuning"],"picked":"SKIP","floor":40.0},{"not_picked":["bronze:Terminator","bronze:Safeguard","bronze:Invalidate"],"picked":"SKIP","floor":40.0},{"not_picked":["bronze:ChosenStrike","bronze:FineTuning+1"],"picked":"bronze:Refactor","floor":42.0},{"not_picked":["bronze:Optimize+1","bronze:Branch+1","bronze:CleanCode"],"picked":"SKIP","floor":42.0},{"not_picked":["bronze:ForLoop+1","bronze:Iterate","bronze:BugBarrage"],"picked":"SKIP","floor":43.0},{"not_picked":["bronze:CutThrough+1","bronze:Boost+1","bronze:Invalidate+1"],"picked":"SKIP","floor":43.0},{"not_picked":["bronze:Separator+1","bronze:CutThrough+1","bronze:Return+1"],"picked":"SKIP","floor":45.0},{"not_picked":["bronze:OilSpill+1","bronze:Iterate+1","bronze:BuggyMess"],"picked":"SKIP","floor":45.0},{"not_picked":["bronze:OilSpill+1","bronze:Iterate"],"picked":"bronze:ItsAFeature","floor":47.0},{"not_picked":["bronze:DelayedGuard","bronze:Shell","bronze:Turbo"],"picked":"SKIP","floor":47.0},{"not_picked":["bronze:Frontload+1","bronze:FineTuning+1","bronze:Turbo+1"],"picked":"SKIP","floor":49.0},{"not_picked":["bronze:Boost+1","bronze:BugBarrage","bronze:DelayedGuard"],"picked":"SKIP","floor":49.0},{"not_picked":["bronze:CleanCode","bronze:InfiniteLoop"],"picked":"bronze:HardenedForm","floor":50.0},{"not_picked":["bronze:BitShift","bronze:WildBeam","bronze:OilSpill"],"picked":"SKIP","floor":53.0},{"not_picked":["bronze:WhirlingStrike","bronze:Boost","bronze:InfiniteBeams"],"picked":"SKIP","floor":53.0},{"not_picked":["bronze:Iterate","bronze:ChosenStrike","bronze:Separator"],"picked":"SKIP","floor":54.0},{"not_picked":["bronze:BuggyMess","bronze:Safeguard","bronze:Virus"],"picked":"SKIP","floor":54.0},{"not_picked":["bronze:OilSpill","bronze:CutThrough","bronze:Separator"],"picked":"SKIP","floor":57.0},{"not_picked":["bronze:MaxOutput","bronze:ForLoop","bronze:BuggyMess"],"picked":"SKIP","floor":59.0},{"not_picked":["bronze:Iterate","bronze:DelayedSlice","bronze:Deprecate"],"picked":"SKIP","floor":59.0},{"not_picked":["bronze:Terminator","bronze:CutThrough","bronze:Invalidate"],"picked":"SKIP","floor":61},{"not_picked":["bronze:Constructor","bronze:FollowUp","bronze:BuggyMess"],"picked":"SKIP","floor":61},{"not_picked":["bronze:NullPointer","bronze:BugBarrage","bronze:RecursiveStrike"],"picked":"SKIP","floor":63},{"not_picked":["bronze:Iterate","bronze:Invalidate","bronze:Deprecate"],"picked":"SKIP","floor":65},{"not_picked":["bronze:Constructor","bronze:Philosophize","bronze:FineTuning"],"picked":"SKIP","floor":65},{"not_picked":["bronze:Separator","bronze:GetLatest","bronze:Backtrace"],"picked":"SKIP","floor":66},{"not_picked":["bronze:Shell","bronze:Constructor","bronze:Separator"],"picked":"SKIP","floor":66},{"not_picked":["bronze:Iterate","bronze:InfiniteBeams+1","bronze:WhirlingStrike"],"picked":"SKIP","floor":70},{"not_picked":["bronze:MaxOutput","bronze:BitShift","bronze:Philosophize"],"picked":"SKIP","floor":70},{"not_picked":["bronze:FineTuning","bronze:Frontload+1","bronze:Safeguard"],"picked":"SKIP","floor":71},{"not_picked":["bronze:Turbo","bronze:Overheat","bronze:BugBarrage"],"picked":"SKIP","floor":71},{"not_picked":["ReplayTheSpireMod:Echoes of Time","infinitespire:SealOfDarkness+"],"picked":"infinitespire:Menacing","floor":71},{"not_picked":["bronze:FineTuning","bronze:Frontload+1","bronze:Safeguard"],"picked":"SKIP","floor":71},{"not_picked":["bronze:Turbo","bronze:Overheat","bronze:BugBarrage"],"picked":"SKIP","floor":71}],"player_experience":838763,"relics_obtained":[{"floor":1.0,"key":"Divine Protection"},{"floor":6.0,"key":"HornCleat"},{"floor":7.0,"key":"Bag of Marbles"},{"floor":8.0,"key":"Art of War"},{"floor":10.0,"key":"ReplayTheSpireMod:Shallot"},{"floor":11.0,"key":"Odd Mushroom"},{"floor":12.0,"key":"Prayer Wheel"},{"floor":31.0,"key":"Pocketwatch"},{"floor":41.0,"key":"Blue Doll"},{"floor":48.0,"key":"infinitespire:WardingShard"},{"floor":51.0,"key":"Pet Ghost"},{"floor":51.0,"key":"Snack Pack"},{"floor":51.0,"key":"WingedGreaves"},{"floor":58.0,"key":"Smiling Mask"}],"event_choices":[{"damage_healed":0.0,"max_hp_gain":0.0,"max_hp_loss":0.0,"gold_gain":0.0,"event_name":"Mushrooms","player_choice":"Fought Mushrooms","floor":11.0,"gold_loss":0.0,"damage_taken":0.0},{"cards_removed":["ReplayTheSpireMod:??????????????????????"],"damage_healed":0.0,"max_hp_gain":0.0,"max_hp_loss":0.0,"gold_gain":0.0,"event_name":"betterNote:BetterNote","player_choice":"Take \u0026 Give","floor":39.0,"gold_loss":0.0,"damage_taken":0.0,"cards_obtained":["champ:ShieldWall"]}],"is_beta":false,"boss_relics":[{"not_picked":["Replay:Wanted Poster","Sozu"],"picked":"rorgmod:Empty Cage"},{"not_picked":["Painkiller Herb","infinitespire:Cupcake"],"picked":"rorgmod:Black Star"},{"not_picked":["Philosopher\u0027s Stone","ReplayTheSpireMod:DimensionalGlitch"],"picked":"Calling Bell"},{"not_picked":["Painkiller Herb","Replay:Wanted Poster"],"picked":"Coffee Dripper"}],"items_purged_floors":[3,3,3,3,3,3,3,3,14,25,25,25],"is_endless":true,"potions_floor_spawned":[8,11,12,13,15,19,21,22,28,29,36,43,47,61,63,65,67,70],"killed_by":"3 Cultists","ascension_level":0}}