{"host":"qnw6fh3z6mhgqap2","time":1612556595,"event":{"mods":["BaseMod","Downfall","Minty Spire (QoL Compilation)","Quick Restart","Replay The Spire","StSLib","SuperFastMode"],"gold_per_floor":[119,131,141,141,27,61,73,88,88,118,133,150,180,180,180,284,284,303,314,314,127,138,170,183,200,225,256,256,287,307,307,307,408,408,420,420,269,289,312,342,196,196,196,196,215,215,230,258,258,258],"floor_reached":51,"language":"ENG","playtime":4022,"items_purged":["Defend_G","Strike_G"],"score":1014,"play_id":"ff83c501-eb29-4068-a826-31bd5d023236","local_time":"20210205212315","is_ascension_mode":false,"campfire_choices":[{"data":"ReplayTheSpireMod:Scrap Shanks","floor":15,"key":"SMITH"},{"data":"Accuracy","floor":28,"key":"SMITH"},{"data":"Reflex","floor":32,"key":"SMITH"},{"data":"Prepared","floor":42,"key":"SMITH"},{"data":"ReplayTheSpireMod:Shiv Toss","floor":44,"key":"SMITH"},{"data":"Finisher","floor":46,"key":"SMITH"},{"data":"ReplayTheSpireMod:Scrap Shanks","floor":49,"key":"SMITH"}],"circlet_count":0,"master_deck":["Strike_G","Strike_G","Strike_G","Strike_G","Defend_G","Defend_G","Defend_G","Defend_G","Survivor+1","Neutralize","ReplayTheSpireMod:Scrap Shanks+1","Sneak Up","Unload+1","All Out Attack","Eviscerate","Fluid Movement","Finisher+1","Backflip","ReplayTheSpireMod:Shiv Toss+1","Prepared+1","Backstab","Die Die Die+1","Backstab","Quick Slash","RitualDagger","Underhanded Strike+1","ReplayTheSpireMod:Scrap Shanks+1","A Thousand Cuts","Accuracy+1","Backflip+1","Reflex+1","Venomology","Blade Dance","Infinite Blades+1","Tactician+1","Backflip","Acrobatics","Cloak And Dagger+1"],"relics":["Ring of the Snake","NeowsBlessing","Bottled Lightning","Snack Pack","Bag of Preparation","Vampiric Spirits","Snecko Scales","Guide Book","Regal Pillow","Tiny Chest","Dream Catcher","Akabeko","ChewingGum","War Paint","Gremlin Food","ReplayTheSpireMod:TigerMarble","Garlic","Pantograph"],"acts_visited":["Exordium","TheCity","TheBeyond"],"potions_floor_usage":[6,10,16,16,22,25,29,33,33,33,38,50,50,50,50],"damage_taken":[{"damage":0,"enemies":"2 Louse","floor":1,"turns":1},{"damage":0,"enemies":"Small Slimes","floor":2,"turns":1},{"damage":0,"enemies":"Cultist","floor":3,"turns":1},{"damage":22,"enemies":"3 Sentries","floor":6,"turns":7},{"damage":0,"enemies":"Large Slime","floor":7,"turns":4},{"damage":10,"enemies":"Exordium Wildlife","floor":8,"turns":4},{"damage":6,"enemies":"Lagavulin","floor":10,"turns":7},{"damage":6,"enemies":"Exordium Thugs","floor":11,"turns":6},{"damage":5,"enemies":"Looter","floor":12,"turns":3},{"damage":14,"enemies":"Gremlin Nob","floor":13,"turns":3},{"damage":42,"enemies":"The Guardian","floor":16,"turns":11},{"damage":0,"enemies":"Chosen","floor":18,"turns":3},{"damage":0,"enemies":"Spheric Guardian","floor":19,"turns":3},{"damage":0,"enemies":"Cultist and Chosen","floor":22,"turns":3},{"damage":6,"enemies":"Slavers","floor":23,"turns":2},{"damage":5,"enemies":"Snecko","floor":24,"turns":3},{"damage":0,"enemies":"Shelled Parasite and Fungi","floor":25,"turns":2},{"damage":0,"enemies":"Gremlin Leader","floor":27,"turns":2},{"damage":4,"enemies":"Book of Stabbing","floor":29,"turns":3},{"damage":0,"enemies":"Snake Plant","floor":30,"turns":2},{"damage":4,"enemies":"Pondfish","floor":33,"turns":4},{"damage":0,"enemies":"3 Shapes","floor":35,"turns":2},{"damage":4,"enemies":"3 Darklings","floor":38,"turns":3},{"damage":27,"enemies":"Nemesis","floor":40,"turns":3},{"damage":0,"enemies":"Sphere and 2 Shapes","floor":45,"turns":1},{"damage":0,"enemies":"Transient","floor":47,"turns":5},{"damage":0,"enemies":"Reptomancer","floor":48,"turns":3},{"damage":68,"enemies":"Awakened One","floor":50,"turns":5}],"seed_played":"-4078231602286914544","potions_obtained":[{"floor":3,"key":"Poison Potion"},{"floor":7,"key":"DistilledChaos"},{"floor":12,"key":"BlessingOfTheForge"},{"floor":13,"key":"Block Potion"},{"floor":16,"key":"Fire Potion"},{"floor":18,"key":"EntropicBrew"},{"floor":19,"key":"SteroidPotion"},{"floor":27,"key":"LifebloodPotion"},{"floor":29,"key":"Strength Potion"},{"floor":33,"key":"BlessingOfTheForge"},{"floor":35,"key":"FearPotion"},{"floor":40,"key":"Death Potion"}],"is_trial":false,"path_per_floor":["M","M","M","?","$","E","M","M","T","E","M","M","E","?","R","B",null,"M","M","?","$","M","E","M","M","T","E","R","E","M","?","R","B",null,"M","?","$","M","T","E","$","R","T","R","M","R","M","E","R","B",null],"character_chosen":"THE_SILENT","items_purchased":["All Out Attack","Underhanded Strike+1","Guide Book","Infinite Blades+1","ReplayTheSpireMod:TigerMarble"],"campfire_rested":0,"item_purchase_floors":[5,21,21,37,41],"current_hp_per_floor":[70,70,70,75,75,53,53,43,43,49,49,44,36,36,36,18,75,75,75,69,69,75,75,70,75,75,75,75,75,75,75,75,75,75,75,75,75,75,75,59,59,59,59,59,75,75,75,75,75,24],"gold":258,"neow_bonus":"THREE_ENEMY_KILL","is_daily":false,"chose_seed":false,"campfire_upgraded":7,"win_rate":0.0,"timestamp":1612556595,"path_taken":["M","M","M","?","$","E","M","M","T","E","M","M","E","?","R","BOSS","M","M","?","$","M","E","M","M","T","E","R","E","M","?","R","BOSS","M","?","$","?","?","E","?","R","T","R","?","R","M","E","R","BOSS"],"items_purchased_type":["Card","Card","Relic","Card","Relic"],"build_version":"2020-12-22","purchased_purges":2,"victory":true,"max_hp_per_floor":[70,70,70,75,75,75,75,75,75,75,75,75,75,75,75,75,75,75,75,75,75,75,75,75,75,75,75,75,75,75,75,75,75,75,75,75,75,75,75,75,75,75,75,75,75,75,75,75,75,75],"card_choices":[{"not_picked":["Deadly Poison","Cloak And Dagger"],"picked":"ReplayTheSpireMod:Scrap Shanks","floor":1},{"not_picked":["ReplayTheSpireMod:The Works","Bane"],"picked":"Sneak Up","floor":2},{"not_picked":["Reflex","Quick Slash"],"picked":"Unload","floor":3},{"not_picked":["Underhanded Strike","ReplayTheSpireMod:The Works"],"picked":"Eviscerate","floor":6},{"not_picked":["PiercingWail","Outmaneuver"],"picked":"Fluid Movement","floor":7},{"not_picked":["Deflect","Caltrops"],"picked":"Finisher","floor":8},{"not_picked":["Acrobatics","Night Terror"],"picked":"Backflip","floor":10},{"not_picked":["Sneak Up","Bane"],"picked":"ReplayTheSpireMod:Shiv Toss","floor":11},{"not_picked":["Deadly Poison","PiercingWail"],"picked":"Prepared","floor":12},{"not_picked":["Leg Sweep","Infinite Blades"],"picked":"Backstab","floor":13},{"not_picked":["ReplayTheSpireMod:From All Sides","Venomology"],"picked":"Die Die Die","floor":16},{"not_picked":["Acrobatics","Riddle With Holes"],"picked":"Backstab","floor":18},{"not_picked":["Underhanded Strike","Choke"],"picked":"Quick Slash","floor":19},{"not_picked":["Dodge and Roll","Outmaneuver"],"picked":"ReplayTheSpireMod:Scrap Shanks","floor":22},{"not_picked":["Deadly Poison+1","Dagger Throw"],"picked":"A Thousand Cuts","floor":23},{"not_picked":["Quick Slash","Prepared"],"picked":"Accuracy","floor":24},{"not_picked":["Crippling Poison+1","Cloak And Dagger","Deadly Poison+1"],"picked":"SKIP","floor":25},{"not_picked":["Flying Knee","Catalyst","Bullet Time"],"picked":"SKIP","floor":27},{"not_picked":["Riddle With Holes","Expertise"],"picked":"Backflip","floor":29},{"not_picked":["Leg Sweep","PiercingWail","Outmaneuver"],"picked":"SKIP","floor":30},{"not_picked":["ReplayTheSpireMod:From All Sides","Glass Knife"],"picked":"Venomology","floor":33},{"not_picked":["Quick Slash","Eviscerate","Catalyst"],"picked":"SKIP","floor":35},{"not_picked":["Poisoned Stab","Deflect+1","Leg Sweep+1"],"picked":"SKIP","floor":38},{"not_picked":["Slice+1","Deadly Poison+1"],"picked":"Tactician+1","floor":40},{"not_picked":["Deflect+1","Slice"],"picked":"Backflip","floor":45},{"not_picked":["Blade Dance+1","Outmaneuver"],"picked":"Acrobatics","floor":47},{"not_picked":["Blade Dance","Die Die Die"],"picked":"Cloak And Dagger+1","floor":48}],"player_experience":178390,"relics_obtained":[{"floor":6,"key":"Bottled Lightning"},{"floor":9,"key":"Snack Pack"},{"floor":10,"key":"Bag of Preparation"},{"floor":13,"key":"Vampiric Spirits"},{"floor":23,"key":"Regal Pillow"},{"floor":26,"key":"Tiny Chest"},{"floor":27,"key":"Dream Catcher"},{"floor":29,"key":"Akabeko"},{"floor":39,"key":"War Paint"},{"floor":40,"key":"Gremlin Food"},{"floor":43,"key":"Garlic"},{"floor":48,"key":"Pantograph"}],"event_choices":[{"damage_healed":0,"gold_gain":0,"player_choice":"Donut","damage_taken":0,"max_hp_gain":5,"max_hp_loss":0,"event_name":"Big Fish","floor":4,"gold_loss":0},{"damage_healed":0,"gold_gain":0,"player_choice":"Ignored","damage_taken":0,"max_hp_gain":0,"max_hp_loss":0,"event_name":"Golden Idol","floor":14,"gold_loss":0},{"damage_healed":0,"gold_gain":0,"player_choice":"Joined the Cult","damage_taken":6,"max_hp_gain":0,"max_hp_loss":0,"event_name":"Nest","floor":20,"gold_loss":0,"cards_obtained":["RitualDagger"]},{"damage_healed":0,"gold_gain":0,"player_choice":"Read","damage_taken":0,"max_hp_gain":0,"max_hp_loss":0,"event_name":"The Library","floor":31,"gold_loss":0,"cards_obtained":["Reflex"]},{"damage_healed":0,"gold_gain":0,"player_choice":"1 cards matched","damage_taken":0,"max_hp_gain":0,"max_hp_loss":0,"event_name":"Match and Keep!","floor":36,"gold_loss":0,"cards_obtained":["Blade Dance"]}],"is_beta":false,"boss_relics":[{"not_picked":["Ectoplasm","Ring of Chaos"],"picked":"Snecko Scales"},{"not_picked":["Painkiller Herb","Replay:Wanted Poster"],"picked":"ChewingGum"}],"items_purged_floors":[5,37],"is_endless":false,"potions_floor_spawned":[3,7,12,13,16,18,19,22,27,29,33,35,40],"ascension_level":0}}