{"host":"prxrhpgaxnj4om9r","time":1612526113,"event":{"mods":["AchievementEnabler","BaseMod","Minty Spire (QoL Compilation)"],"gold_per_floor":[115,135,147,147,147,180,180,180,180,211,224,267,291,311,311,436,499,512,512,427,450,463,463,478,478,478,478,499,533,221,221,221,340,340,364,388,26,41,41,41,41,41,41,61,61,75,75,94,94,94],"floor_reached":51,"language":"KOR","playtime":2574,"items_purged":[],"score":801,"play_id":"3f89ce7c-f158-4899-9eb2-39217c625975","local_time":"20210205205513","is_ascension_mode":true,"campfire_choices":[{"data":"Evaluate","floor":7,"key":"SMITH"},{"floor":15,"key":"REST"},{"data":"Scrawl","floor":23,"key":"SMITH"},{"floor":25,"key":"REST"},{"data":"Judgement","floor":32,"key":"SMITH"},{"data":"Halt","floor":40,"key":"SMITH"},{"floor":42,"key":"REST"},{"data":"Prostrate","floor":45,"key":"SMITH"},{"floor":49,"key":"REST"}],"circlet_count":0,"master_deck":["Strike_P+1","Strike_P+1","Strike_P+1","Strike_P+1","Defend_P+1","Defend_P+1","Defend_P+1","Defend_P+1","Eruption+1","Vigilance","Evaluate+1","Wallop+1","Prostrate+1","FollowUp+1","WindmillStrike+1","WheelKick+1","CrushJoints+1","Scrawl+1","Ragnarok+1","BowlingBash+1","TalkToTheHand+1","LikeWater","JustLucky+1","Perseverance+1","Brilliance+1","Judgement+1","CrushJoints+1","Devotion","FlyingSleeves+1","Halt+1","Adaptation+1","Dramatic Entrance+1","FlyingSleeves+1","Prostrate+1","EmptyBody+1"],"relics":["PureWater","Golden Idol","Molten Egg 2","Kunai","Akabeko","Bottled Lightning","Ancient Tea Set","Tiny House","Mango","StrikeDummy","Anchor","Thread and Needle","SlaversCollar","CloakClasp","Unceasing Top","CaptainsWheel"],"acts_visited":["Exordium","TheCity","TheBeyond"],"potions_floor_usage":[10,12,12,18,29,33,35,46,50],"damage_taken":[{"damage":0,"enemies":"Cultist","floor":1,"turns":3},{"damage":0,"enemies":"2 Louse","floor":2,"turns":2},{"damage":0,"enemies":"Small Slimes","floor":3,"turns":3},{"damage":10,"enemies":"Gremlin Nob","floor":6,"turns":3},{"damage":15,"enemies":"3 Sentries","floor":10,"turns":6},{"damage":8,"enemies":"Red Slaver","floor":11,"turns":4},{"damage":9,"enemies":"Lagavulin","floor":12,"turns":5},{"damage":0,"enemies":"2 Fungi Beasts","floor":14,"turns":3},{"damage":12,"enemies":"Hexaghost","floor":16,"turns":6},{"damage":42,"enemies":"3 Byrds","floor":18,"turns":4},{"damage":0,"enemies":"Chosen","floor":21,"turns":3},{"damage":10,"enemies":"Snake Plant","floor":22,"turns":2},{"damage":0,"enemies":"Centurion and Healer","floor":24,"turns":3},{"damage":0,"enemies":"Sentry and Sphere","floor":28,"turns":1},{"damage":4,"enemies":"Gremlin Leader","floor":29,"turns":4},{"damage":46,"enemies":"Collector","floor":33,"turns":8},{"damage":0,"enemies":"Orb Walker","floor":35,"turns":1},{"damage":2,"enemies":"3 Darklings","floor":36,"turns":4},{"damage":20,"enemies":"4 Shapes","floor":38,"turns":4},{"damage":8,"enemies":"Sphere and 2 Shapes","floor":44,"turns":5},{"damage":32,"enemies":"Transient","floor":46,"turns":5},{"damage":11,"enemies":"Maw","floor":48,"turns":6},{"damage":33,"enemies":"Donu and Deca","floor":50,"turns":8}],"seed_played":"6346015949156003585","potions_obtained":[{"floor":6,"key":"GamblersBrew"},{"floor":10,"key":"DuplicationPotion"},{"floor":11,"key":"GamblersBrew"},{"floor":16,"key":"SkillPotion"},{"floor":17,"key":"SpeedPotion"},{"floor":18,"key":"StancePotion"},{"floor":33,"key":"Swift Potion"},{"floor":36,"key":"SmokeBomb"},{"floor":44,"key":"Explosive Potion"},{"floor":46,"key":"Strength Potion"}],"is_trial":false,"path_per_floor":["M","M","M","?","?","E","R","?","T","E","M","E","T","M","R","B",null,"M","?","?","M","M","R","M","R","T","?","M","E","$","?","R","B",null,"M","M","$","M","T","R","?","R","T","M","R","M","?","M","R","B",null],"character_chosen":"WATCHER","items_purchased":["Thread and Needle","CrushJoints+1","CloakClasp","Fire Potion"],"campfire_rested":4,"item_purchase_floors":[30,30,37,37],"current_hp_per_floor":[72,72,72,67,67,57,57,62,62,47,39,30,30,30,51,39,77,35,35,49,49,39,39,39,66,66,66,66,62,62,91,91,45,91,91,89,89,69,69,69,69,91,91,83,83,51,51,40,67,34],"gold":94,"neow_bonus":"UPGRADE_CARD","is_daily":false,"chose_seed":false,"campfire_upgraded":5,"win_rate":0.0,"timestamp":1612526113,"path_taken":["M","M","M","?","?","E","R","?","T","E","M","E","?","M","R","BOSS","M","?","?","M","M","R","M","R","T","?","?","E","$","?","R","BOSS","M","M","$","M","?","R","?","R","T","M","R","?","?","M","R","BOSS"],"items_purchased_type":["Relic","Card","Relic","Potion"],"build_version":"2020-12-22","purchased_purges":0,"victory":true,"max_hp_per_floor":[72,72,72,67,67,67,67,72,72,72,72,72,72,72,72,72,77,77,77,91,91,91,91,91,91,91,91,91,91,91,91,91,91,91,91,91,91,91,91,91,91,91,91,91,91,91,91,91,91,91],"card_choices":[{"not_picked":["SashWhip","FlurryOfBlows"],"picked":"Evaluate","floor":1},{"not_picked":["FollowUp","JustLucky"],"picked":"Wallop","floor":2},{"not_picked":["SashWhip","EmptyFist"],"picked":"Prostrate","floor":3},{"not_picked":["FlyingSleeves+1","FlurryOfBlows+1"],"picked":"FollowUp+1","floor":6},{"not_picked":["InnerPeace","CarveReality+1"],"picked":"WindmillStrike+1","floor":10},{"not_picked":["Vengeance","EmptyMind"],"picked":"WheelKick+1","floor":11},{"not_picked":["Fasting2","ClearTheMind"],"picked":"CrushJoints+1","floor":12},{"not_picked":["PathToVictory","ThirdEye"],"picked":"Scrawl","floor":14},{"not_picked":["Brilliance+1","Vault"],"picked":"Ragnarok+1","floor":16},{"not_picked":["Halt","ClearTheMind"],"picked":"BowlingBash+1","floor":17},{"not_picked":["Crescendo","Consecrate+1"],"picked":"TalkToTheHand+1","floor":18},{"not_picked":["EmptyBody","Meditate"],"picked":"LikeWater","floor":21},{"not_picked":["Meditate+1","Indignation"],"picked":"JustLucky+1","floor":22},{"not_picked":["Prostrate+1","Pray"],"picked":"Perseverance+1","floor":24},{"not_picked":["PathToVictory","ThirdEye"],"picked":"Brilliance+1","floor":28},{"not_picked":["FollowUp+1","Conclude+1"],"picked":"Judgement","floor":29},{"not_picked":["Alpha","Omniscience"],"picked":"Devotion","floor":33},{"not_picked":["Collect","PathToVictory"],"picked":"FlyingSleeves+1","floor":35},{"not_picked":["EmptyMind","ThirdEye"],"picked":"Halt","floor":36},{"not_picked":["Crescendo","BowlingBash+1"],"picked":"Adaptation+1","floor":38},{"not_picked":["Deep Breath","Thinking Ahead"],"picked":"Dramatic Entrance+1","floor":41},{"not_picked":["Protect+1","SashWhip+1"],"picked":"FlyingSleeves+1","floor":44},{"not_picked":["EmptyFist+1","MasterReality"],"picked":"Prostrate+1","floor":46},{"not_picked":["Study","Worship"],"picked":"EmptyBody+1","floor":48}],"player_experience":268239,"relics_obtained":[{"floor":6,"key":"Molten Egg 2"},{"floor":9,"key":"Kunai"},{"floor":10,"key":"Akabeko"},{"floor":12,"key":"Bottled Lightning"},{"floor":13,"key":"Ancient Tea Set"},{"floor":26,"key":"StrikeDummy"},{"floor":29,"key":"Anchor"},{"floor":39,"key":"Unceasing Top"},{"floor":43,"key":"CaptainsWheel"}],"event_choices":[{"damage_healed":0,"gold_gain":0,"player_choice":"Lose Max HP","damage_taken":0,"relics_obtained":["Golden Idol"],"max_hp_gain":0,"max_hp_loss":5,"event_name":"Golden Idol","floor":4,"gold_loss":0},{"damage_healed":0,"gold_gain":0,"player_choice":"Ignored","damage_taken":0,"max_hp_gain":0,"max_hp_loss":0,"event_name":"Golden Wing","floor":5,"gold_loss":0},{"damage_healed":0,"gold_gain":0,"player_choice":"Donut","damage_taken":0,"max_hp_gain":5,"max_hp_loss":0,"event_name":"Big Fish","floor":8,"gold_loss":0},{"damage_healed":0,"gold_gain":0,"player_choice":"Simplicity","damage_taken":0,"max_hp_gain":0,"max_hp_loss":0,"event_name":"Back to Basics","floor":19,"gold_loss":0,"cards_upgraded":["Strike_P","Strike_P","Strike_P","Strike_P","Defend_P","Defend_P","Defend_P"]},{"damage_healed":0,"gold_gain":0,"player_choice":"Obtained Relic","damage_taken":0,"relics_obtained":["Mango"],"max_hp_gain":0,"max_hp_loss":0,"event_name":"Addict","floor":20,"gold_loss":85},{"damage_healed":0,"gold_gain":0,"player_choice":"Upgraded","damage_taken":0,"max_hp_gain":0,"max_hp_loss":0,"event_name":"Upgrade Shrine","floor":27,"gold_loss":0,"cards_upgraded":["Wallop"]},{"damage_healed":29,"gold_gain":0,"player_choice":"Full Heal","damage_taken":0,"max_hp_gain":0,"max_hp_loss":0,"event_name":"Wheel of Change","floor":31,"gold_loss":0},{"damage_healed":0,"gold_gain":0,"player_choice":"Memory 1","damage_taken":0,"max_hp_gain":0,"max_hp_loss":0,"event_name":"SensoryStone","floor":41,"gold_loss":0},{"damage_healed":0,"gold_gain":0,"player_choice":"Ignored","damage_taken":0,"max_hp_gain":0,"max_hp_loss":0,"event_name":"The Moai Head","floor":47,"gold_loss":0}],"is_beta":false,"boss_relics":[{"not_picked":["Sozu","Velvet Choker"],"picked":"Tiny House"},{"not_picked":["Busted Crown","Astrolabe"],"picked":"SlaversCollar"}],"items_purged_floors":[],"is_endless":false,"potions_floor_spawned":[6,10,11,16,18,33,36,44,46],"ascension_level":2}}