{"host":"3asmp5aovk69ekg9","time":1612484106,"event":{"mods":["100% Spire Juice","BaseMod","BetterRewards","Colored Map","Colored Powertips","Dark Map","Hermit","Koishi","Magitek Elite","Minty Spire (QoL Compilation)","Permanent Neow","Remove Card Discount Mod","Shade Mod","StSLib","The Alterego","The Cursed","The Death Knight","The Fake Hero","The IronCluck","The Marked","The Senshi","The Wild Card"],"gold_per_floor":[112,132,46,57,57,90,12,40,91,118,137,137,71,90,90,197,197,223,241,241,260,286,313,159,201,201,229,229,242,242,88,88,197,197,216,188,206,206,226,226,252,252,261,279,279,312,324,357,357,357,357,357,351,380,380],"floor_reached":56,"language":"ENG","playtime":8181,"items_purged":["theWildCard:BasicStrike","theWildCard:BasicStrike","theWildCard:BasicDefend","theWildCard:BasicStrike","theWildCard:BasicStrike","theWildCard:BasicDefend","theWildCard:BasicDefend","theWildCard:BasicDefend","theWildCard:CallToAdventure+1","theWildCard:SeveringSlash","theWildCard:MagicalMight","theWildCard:Patience","theWildCard:Satanael","theWildCard:MagicalMight","theWildCard:Arsene+1","theWildCard:SeveringSlash","theWildCard:StingingStrike","theWildCard:Lucifer+1","Clumsy","theWildCard:ArchaicAssault","theWildCard:SeveringSlash+1"],"score":2723,"play_id":"28ef8886-f75a-45c4-a406-784c62f6d822","local_time":"20210204161506","is_ascension_mode":true,"campfire_choices":[{"data":"theWildCard:Arsene","floor":12.0,"key":"SMITH"},{"data":"theWildCard:Attunement","floor":15.0,"key":"SMITH"},{"data":"theWildCard:ArcaneArts","floor":28.0,"key":"SMITH"},{"data":"theWildCard:MagicMettle","floor":30.0,"key":"SMITH"},{"data":"theWildCard:TheArcanaUnleashed","floor":32.0,"key":"SMITH"},{"floor":40,"key":"RECALL"},{"data":"theWildCard:Attunement","floor":42,"key":"SMITH"},{"data":"theWildCard:Safeguard","floor":45,"key":"SMITH"},{"data":"theWildCard:Safeguard","floor":49,"key":"SMITH"},{"data":"theWildCard:PowerOfTheArcana","floor":52,"key":"SMITH"}],"circlet_count":0,"master_deck":["theWildCard:Safeguard+1","theWildCard:Attunement+1","theWildCard:ArcaneArts+1","theWildCard:Abstinence","theWildCard:MagicMettle+1","theWildCard:PowerOfTheArcana+1","theWildCard:MagicalMight","theWildCard:Safeguard+1","theWildCard:Abstinence","theWildCard:PowerOfTheArcana","theWildCard:StingingStrike+1","theWildCard:ArchaicAssault","theWildCard:Loki+1","theWildCard:TheArcanaUnleashed+1","theWildCard:Attunement+1","Madness+1","Madness+1","theWildCard:Safeguard+1"],"relics":["theWildCard:VelvetContract","Eternal Feather","Happy Flower","Strawberry","ClockworkSouvenir","Mummified Hand","Whetstone","Question Card","Vajra","CeramicFish","Black Star","alterego_mod:SomeoneToFightFor","Tintinnabulum","Blue Candle","Lee\u0027s Waffle","Toxic Egg 2","theSenshi:FeatherClipsRelic","theWildCard:MemoriesOfPhantasm","Turnip","Blood Vial","Cursed Key","TungstenRod","Bottled Tornado","The Courier","Bird Faced Urn","StrikeDummy","Bag of Marbles","Orichalcum","theWildCard:Evoker","Art of War"],"acts_visited":["Exordium","TheCity","TheBeyond","TheEnding"],"potions_floor_usage":[],"damage_taken":[{"damage":0.0,"enemies":"Cultist","floor":1.0,"turns":2.0},{"damage":0.0,"enemies":"Small Slimes","floor":2.0,"turns":4.0},{"damage":0.0,"enemies":"Jaw Worm","floor":4.0,"turns":3.0},{"damage":0.0,"enemies":"Lagavulin","floor":6.0,"turns":5.0},{"damage":0.0,"enemies":"Gremlin Nob","floor":8.0,"turns":4.0},{"damage":0.0,"enemies":"3 Sentries","floor":10.0,"turns":5.0},{"damage":0.0,"enemies":"Exordium Wildlife","floor":11.0,"turns":5.0},{"damage":0.0,"enemies":"Exordium Thugs","floor":14.0,"turns":3.0},{"damage":0.0,"enemies":"Slime Boss","floor":16.0,"turns":4.0},{"damage":8.0,"enemies":"2 Thieves","floor":18.0,"turns":3.0},{"damage":0.0,"enemies":"Chosen","floor":19.0,"turns":4.0},{"damage":0.0,"enemies":"Centurion and Healer","floor":21.0,"turns":3.0},{"damage":0.0,"enemies":"Snecko","floor":22.0,"turns":3.0},{"damage":0.0,"enemies":"Gremlin Leader","floor":23.0,"turns":4.0},{"damage":0.0,"enemies":"Book of Stabbing","floor":25.0,"turns":2.0},{"damage":0.0,"enemies":"Gremlin Leader","floor":27.0,"turns":2.0},{"damage":0.0,"enemies":"Snake Plant","floor":29.0,"turns":1.0},{"damage":0.0,"enemies":"Champ","floor":33.0,"turns":2.0},{"damage":0,"enemies":"3 Darklings","floor":35,"turns":1},{"damage":0,"enemies":"Orb Walker","floor":39,"turns":1},{"damage":2,"enemies":"Reptomancer","floor":41,"turns":2},{"damage":0,"enemies":"4 Shapes","floor":44,"turns":1},{"damage":0,"enemies":"Giant Head","floor":46,"turns":1},{"damage":0,"enemies":"Transient","floor":47,"turns":1},{"damage":0,"enemies":"Reptomancer","floor":48,"turns":1},{"damage":0,"enemies":"Donu and Deca","floor":50,"turns":1},{"damage":0,"enemies":"Shield and Spear","floor":54,"turns":1},{"damage":0,"enemies":"The Heart","floor":55,"turns":3}],"seed_played":"7279501911841380621","potions_obtained":[{"floor":1.0,"key":"DistilledChaos"},{"floor":2.0,"key":"FairyPotion"},{"floor":6.0,"key":"Swift Potion"},{"floor":14.0,"key":"Dexterity Potion"},{"floor":16.0,"key":"SteroidPotion"},{"floor":29.0,"key":"LiquidMemories"},{"floor":48,"key":"DeathKnight:BottledBloodEchoes"}],"is_trial":false,"path_per_floor":["M","M","$","M","?","E","$","E","T","E","M","R","$","M","R","B",null,"M","M","?","M","M","E","$","E","T","E","R","M","R","$","R","B",null,"M","$","?","?","M","R","E","R","T","M","R","E","M","E","R","B",null,"R","$","E","B",null],"character_chosen":"THE_WILD_CARD","items_purchased":["Fruit Juice","theWildCard:Safeguard","Eternal Feather","theWildCard:Attunement","theWildCard:SeveringSlash","theWildCard:MagicalMight","Happy Flower","Strawberry","theWildCard:SeveringSlash","theWildCard:ArcaneArts","ClockworkSouvenir","Mummified Hand","theWildCard:Abstinence","theWildCard:MagicalMight","theWildCard:MagicMettle","Whetstone","theWildCard:StingingStrike","theWildCard:PowerOfTheArcana","theWildCard:Patience","theWildCard:Safeguard","theWildCard:ArchaicAssault","theWildCard:PowerOfTheArcana","Lee\u0027s Waffle","theWildCard:TheArcanaUnleashed","theWildCard:Attunement"],"campfire_rested":0,"item_purchase_floors":[0,0,0,0,0,0,0,0,0,0,0,0,0,0,0,0,0,0,0,3,7,13,24,31,36],"current_hp_per_floor":[30,30,30,30,30,30,30,30,30,30,30,39,39,39,48,48,66,58,58,58,58,58,72,79,79,79,79,79,79,79,79,79,79,79,79,79,69,70,79,79,79,79,79,79,79,79,79,79,79,79,79,79,79,79,79],"gold":380,"neow_bonus":"","is_daily":false,"chose_seed":false,"campfire_upgraded":9,"win_rate":0.0,"timestamp":1612484106,"path_taken":["M","M","$","M","?","E","$","E","T","E","M","R","$","M","R","BOSS","M","M","?","M","M","E","$","E","T","E","R","M","R","$","R","BOSS","M","$","?","?","?","R","E","R","T","M","R","E","M","E","R","BOSS","R","$","E","BOSS"],"items_purchased_type":["Potion","Card","Relic","Card","Card","Card","Relic","Relic","Card","Card","Relic","Relic","Card","Card","Card","Relic","Card","Card","Card","Card","Card","Card","Relic","Card","Card"],"build_version":"2020-12-22","purchased_purges":21,"victory":true,"max_hp_per_floor":[72,72,72,72,72,72,72,72,72,72,72,72,72,72,72,72,72,72,72,72,72,72,72,79,79,79,79,79,79,79,79,79,79,79,79,79,79,79,79,79,79,79,79,79,79,79,79,79,79,79,79,79,79,79,79],"card_choices":[{"not_picked":["theWildCard:StalwartBlade","theWildCard:SacrificialStroke","theWildCard:Alice"],"picked":"SKIP","floor":1.0},{"not_picked":["theWildCard:EnergyTheft","theWildCard:Alice"],"picked":"theWildCard:MagicalMight","floor":2.0},{"not_picked":["theWildCard:Scathach","theWildCard:Impatience","theWildCard:BladeOfGenerations"],"picked":"SKIP","floor":4.0},{"not_picked":["theWildCard:Michael","theWildCard:BladeOfGenerations"],"picked":"theWildCard:SeveringSlash","floor":6.0},{"not_picked":["theWildCard:CryOfAgony","theWildCard:ArcaneArts","theWildCard:MaskChange"],"picked":"theWildCard:Abstinence","floor":8.0},{"not_picked":["theWildCard:Impatience","theWildCard:Metatron","theWildCard:SacrificialStroke","theWildCard:SeveringSlash"],"picked":"SKIP","floor":10.0},{"not_picked":["theWildCard:Impatience","theWildCard:Metatron","theWildCard:SacrificialStroke","theWildCard:SeveringSlash"],"picked":"SKIP","floor":10.0},{"not_picked":["theWildCard:PaleRider","theWildCard:SacrificialStroke","theWildCard:Unburden","theWildCard:SeveringSlash"],"picked":"SKIP","floor":11.0},{"not_picked":["theWildCard:Michael","theWildCard:PaleRider","theWildCard:EnergizedStroke","theWildCard:Salvation"],"picked":"SKIP","floor":14.0},{"not_picked":["theWildCard:FuelForTheFire","theWildCard:Caesar","theWildCard:Thanatos"],"picked":"theWildCard:Satanael","floor":16.0},{"not_picked":["theWildCard:Michael","theWildCard:ArchaicAssault","theWildCard:MagicMettle+1"],"picked":"theWildCard:StingingStrike+1","floor":18.0},{"not_picked":["theWildCard:SacrificialStroke","theWildCard:PaleRider","theWildCard:ArcaneArts","theWildCard:Patience+1"],"picked":"SKIP","floor":19.0},{"not_picked":["theWildCard:BladeOfGenerations+1","theWildCard:StingingStrike","theWildCard:ArcaneArts","theWildCard:PaleRider"],"picked":"SKIP","floor":21.0},{"not_picked":["theWildCard:StingingStrike+1","theWildCard:ArcaneArts","theWildCard:EnergizedStroke"],"picked":"theWildCard:ArchaicAssault","floor":22.0},{"not_picked":["theWildCard:ShieldOfMany+1","theWildCard:ArcanaArtistry+1","theWildCard:BladeOfGenerations+1","theWildCard:Proficiency"],"picked":"SKIP","floor":23.0},{"not_picked":["theWildCard:PowerOfTheArcana","theWildCard:ArchaicAssault","theWildCard:AllOutAttack"],"picked":"theWildCard:Loki+1","floor":25.0},{"not_picked":["theWildCard:StingingStrike","theWildCard:Salvation+1","theWildCard:Polydeuces+1","theWildCard:PowerOfTheArcana"],"picked":"SKIP","floor":27.0},{"not_picked":["theWildCard:ArcanaArtistry+1","theWildCard:BladeOfGenerations","theWildCard:Polydeuces+1","theWildCard:MaskChange+1"],"picked":"SKIP","floor":29.0},{"not_picked":["theWildCard:Satanael+1","theWildCard:TheArcanaUnleashed","theWildCard:TheUniverse"],"picked":"theWildCard:Lucifer+1","floor":33.0},{"not_picked":["theWildCard:StingingStrike+1","theWildCard:StalwartBlade","theWildCard:Unburden+1","theWildCard:SeveringSlash"],"picked":"SKIP","floor":35},{"not_picked":["theWildCard:ArcaneArts+1","theWildCard:UnendingRitual+1","theWildCard:StingingStrike+1"],"picked":"theWildCard:Safeguard+1","floor":39},{"not_picked":["theWildCard:StingingStrike+1","theWildCard:Metatron+1","theWildCard:ArchaicAssault+1","theWildCard:Satanael+1"],"picked":"SKIP","floor":41},{"not_picked":["theWildCard:SeveringSlash","theWildCard:StingingStrike","theWildCard:MaskChange+1","theWildCard:StalwartBlade"],"picked":"SKIP","floor":44},{"not_picked":["theWildCard:SacrificialStroke+1","theWildCard:StingingStrike","theWildCard:Abstinence","theWildCard:PaleRider+1"],"picked":"SKIP","floor":46},{"not_picked":["theWildCard:Michael+1","theWildCard:BladeOfGenerations+1","theWildCard:ArcaneArts+1","theWildCard:Odin+1"],"picked":"SKIP","floor":47},{"not_picked":["theWildCard:MaskChange+1","theWildCard:Proficiency+1","theWildCard:Michael+1","theWildCard:Sakuya+1"],"picked":"SKIP","floor":48},{"not_picked":["theWildCard:StingingStrike","theWildCard:LadyLuck+1","theWildCard:FinalHour+1","theWildCard:Michael+1"],"picked":"SKIP","floor":54}],"player_experience":1287122,"relics_obtained":[{"floor":6.0,"key":"Question Card"},{"floor":8.0,"key":"Vajra"},{"floor":10.0,"key":"CeramicFish"},{"floor":23.0,"key":"Tintinnabulum"},{"floor":23.0,"key":"Blue Candle"},{"floor":25.0,"key":"Toxic Egg 2"},{"floor":25.0,"key":"theSenshi:FeatherClipsRelic"},{"floor":26.0,"key":"theWildCard:MemoriesOfPhantasm"},{"floor":27.0,"key":"Turnip"},{"floor":27.0,"key":"Blood Vial"},{"floor":41,"key":"TungstenRod"},{"floor":41,"key":"Bottled Tornado"},{"floor":43,"key":"The Courier"},{"floor":46,"key":"Bird Faced Urn"},{"floor":46,"key":"StrikeDummy"},{"floor":48,"key":"Bag of Marbles"},{"floor":48,"key":"Orichalcum"},{"floor":54,"key":"theWildCard:Evoker"},{"floor":54,"key":"Art of War"}],"event_choices":[{"damage_healed":0.0,"max_hp_gain":0.0,"max_hp_loss":0.0,"gold_gain":0.0,"event_name":"The Cleric","player_choice":"Leave","floor":5.0,"gold_loss":0.0,"damage_taken":0.0},{"damage_healed":0.0,"max_hp_gain":0.0,"max_hp_loss":0.0,"gold_gain":0.0,"event_name":"Secret Garden","player_choice":"Choice 2","floor":20.0,"gold_loss":0.0,"damage_taken":0.0,"relics_obtained":["alterego_mod:SomeoneToFightFor"]},{"damage_healed":0,"gold_gain":0,"player_choice":"Embrace Madness","damage_taken":10,"max_hp_gain":0,"max_hp_loss":0,"event_name":"Winding Halls","floor":37,"gold_loss":0,"cards_obtained":["Madness","Madness"]},{"damage_healed":0,"gold_gain":0,"player_choice":"Ignored","damage_taken":0,"max_hp_gain":0,"max_hp_loss":0,"event_name":"Tomb of Lord Red Mask","floor":38,"gold_loss":0}],"is_beta":false,"boss_relics":[{"not_picked":["Gem_Box","Calling Bell"],"picked":"Black Star"},{"not_picked":["Runic Pyramid","Philosopher\u0027s Stone"],"picked":"Cursed Key"}],"items_purged_floors":[0,0,0,0,0,0,3,3,7,13,13,13,24,24,31,31,31,36,53,53,53],"is_endless":false,"potions_floor_spawned":[1,2,6,14,16,19,21,29,33,46,47,48,54],"ascension_level":8}}