{"host":"f7jml7vkwn3tj7tu","time":1612547283,"event":{"mods":["BaseMod","Block Reminder","Minty Spire (QoL Compilation)","Relic Stats","Slay-I"],"gold_per_floor":[119,132,132,142,160,160,177,177,223,254,300,312,369,405,417,532,544,572,655,685,767,798,810,810],"floor_reached":23,"language":"ENG","playtime":1390,"items_purged":[],"score":274,"play_id":"ee47e30b-7b2b-4d43-91d7-773e877bfaf4","local_time":"20210205124803","is_ascension_mode":false,"campfire_choices":[{"data":"CutThroughFate","floor":6,"key":"SMITH"},{"data":"Conclude","floor":8,"key":"SMITH"},{"data":"Wish","floor":12,"key":"SMITH"},{"data":"Eruption","floor":15,"key":"SMITH"}],"circlet_count":0,"master_deck":["Strike_P","Strike_P","Defend_P","Defend_P","Defend_P","Defend_P","Eruption+1","Vigilance","Wallop+1","BowlingBash","BattleHymn","SpiritShield","CutThroughFate+1","Conclude+1","Consecrate+1","Wish+1","Wish"],"relics":["PureWater","MawBank","Question Card","Whetstone","Runic Pyramid"],"acts_visited":["Exordium","TheCity"],"potions_floor_usage":[16,16,19,23],"damage_taken":[{"damage":0,"enemies":"2 Louse","floor":1,"turns":2},{"damage":0,"enemies":"Cultist","floor":2,"turns":3},{"damage":0,"enemies":"Jaw Worm","floor":4,"turns":3},{"damage":0,"enemies":"Blue Slaver","floor":5,"turns":4},{"damage":0,"enemies":"Exordium Thugs","floor":7,"turns":6},{"damage":0,"enemies":"Lots of Slimes","floor":10,"turns":1},{"damage":0,"enemies":"Lagavulin","floor":11,"turns":4},{"damage":0,"enemies":"Large Slime","floor":13,"turns":4},{"damage":0,"enemies":"Slime Boss","floor":16,"turns":2},{"damage":5,"enemies":"Shell Parasite","floor":18,"turns":3},{"damage":19,"enemies":"2 Thieves","floor":19,"turns":5},{"damage":50,"enemies":"Snake Plant","floor":20,"turns":4},{"damage":6,"enemies":"Centurion and Healer","floor":21,"turns":7},{"damage":0,"enemies":"Chosen and Byrds","floor":22,"turns":6},{"damage":25,"enemies":"Book of Stabbing","floor":23,"turns":6}],"seed_played":"-3954912889789257201","potions_obtained":[{"floor":2,"key":"FairyPotion"},{"floor":4,"key":"Swift Potion"},{"floor":7,"key":"Explosive Potion"},{"floor":13,"key":"FearPotion"},{"floor":18,"key":"AttackPotion"},{"floor":22,"key":"StancePotion"}],"is_trial":false,"path_per_floor":["M","M","?","M","M","R","M","R","T","M","E","R","M","T","R","B",null,"M","M","M","M","M","E"],"character_chosen":"WATCHER","items_purchased":[],"campfire_rested":0,"item_purchase_floors":[],"current_hp_per_floor":[72,72,72,72,72,72,72,72,72,72,72,72,72,72,72,72,72,67,48,21,15,15,0,0],"gold":810,"neow_bonus":"TRANSFORM_CARD","is_daily":false,"chose_seed":false,"campfire_upgraded":4,"win_rate":0.0,"timestamp":1612547283,"path_taken":["M","M","?","M","M","R","M","R","T","?","E","R","M","?","R","BOSS","M","M","M","M","M","E"],"items_purchased_type":[],"build_version":"2020-12-22","purchased_purges":0,"victory":false,"max_hp_per_floor":[72,72,72,72,72,72,72,72,72,72,72,72,72,72,72,72,72,72,72,72,72,72,72,72],"relic_stats":{"counters":[15,60],"Whetstone":["Wallop","Consecrate"],"MawBank":168,"Question Card":7,"obtain_stats":[{"Whetstone":14,"PureWater":0,"MawBank":9,"Question Card":11,"Runic Pyramid":17},{"Whetstone":8,"PureWater":0,"MawBank":5,"Question Card":7,"Runic Pyramid":9},{"Whetstone":27,"PureWater":0,"MawBank":18,"Question Card":23,"Runic Pyramid":29}]},"card_choices":[{"not_picked":["Halt","Perseverance"],"picked":"BowlingBash","floor":1},{"not_picked":["CrushJoints","Halt"],"picked":"BattleHymn","floor":2},{"not_picked":["BattleHymn","FlyingSleeves","Halt"],"picked":"SKIP","floor":4},{"not_picked":["ClearTheMind","FlyingSleeves"],"picked":"CutThroughFate","floor":5},{"not_picked":["PathToVictory","SignatureMove"],"picked":"Conclude","floor":7},{"not_picked":["Protect","ClearTheMind"],"picked":"Consecrate","floor":10},{"not_picked":["Perseverance","FlyingSleeves"],"picked":"Wish","floor":11},{"not_picked":["WaveOfTheHand","EmptyBody","Protect","CrushJoints"],"picked":"SKIP","floor":13},{"not_picked":["Ragnarok","Scrawl","DeusExMachina"],"picked":"Wish","floor":16},{"not_picked":["BattleHymn+1","Consecrate","EmptyFist","Prostrate"],"picked":"SKIP","floor":18},{"not_picked":["EmptyBody+1","Halt+1","TalkToTheHand","PathToVictory"],"picked":"SKIP","floor":19},{"not_picked":["Evaluate+1","WheelKick","FlyingSleeves","BattleHymn"],"picked":"SKIP","floor":20},{"not_picked":["SashWhip","Worship","Consecrate","Vengeance+1"],"picked":"SKIP","floor":21},{"not_picked":["Nirvana","Study+1","FlurryOfBlows","Prostrate"],"picked":"SKIP","floor":22}],"player_experience":563466,"relics_obtained":[{"floor":9,"key":"MawBank"},{"floor":11,"key":"Question Card"},{"floor":14,"key":"Whetstone"}],"event_choices":[{"damage_healed":0,"gold_gain":0,"cards_transformed":["Strike_P"],"player_choice":"Transformed","damage_taken":0,"max_hp_gain":0,"max_hp_loss":0,"event_name":"Transmorgrifier","floor":3,"gold_loss":0,"cards_obtained":["SpiritShield"]}],"is_beta":false,"boss_relics":[{"not_picked":["VioletLotus","Astrolabe"],"picked":"Runic Pyramid"}],"items_purged_floors":[],"is_endless":false,"potions_floor_spawned":[2,4,7,11,13,18,22],"killed_by":"Book of Stabbing","ascension_level":0}}