{"host":"prxrhpgaxnj4om9r","time":1612505044,"event":{"mods":["AchievementEnabler","BaseMod","Minty Spire (QoL Compilation)"],"gold_per_floor":[111,111,125,125,125,163,163,187,187,201,244,319,319,335,335,460,460,473,473,488,508,200,200,200],"floor_reached":23,"language":"KOR","playtime":1188,"items_purged":[],"score":211,"play_id":"d2619d39-6200-4e09-b5cd-42dbc97cb293","local_time":"20210205150404","is_ascension_mode":true,"campfire_choices":[{"data":"Prostrate","floor":7,"key":"SMITH"},{"data":"CutThroughFate","floor":15,"key":"SMITH"}],"circlet_count":0,"master_deck":["Eruption+1","Vigilance","JustLucky","Prostrate+1","CutThroughFate+1","BowlingBash","Consecrate","LessonLearned","Study","ThirdEye","ReachHeaven","JustLucky","Wish","DevaForm","Ragnarok","JustLucky+1","WheelKick","FollowUp+1","ClearTheMind","SignatureMove"],"relics":["PureWater","Golden Idol","Kunai","InkBottle","MealTicket","Pear","Pandora\u0027s Box","Membership Card","Eternal Feather"],"acts_visited":["Exordium","TheCity"],"potions_floor_usage":[6,6,11,11,16,18],"damage_taken":[{"damage":0,"enemies":"Small Slimes","floor":1,"turns":3},{"damage":0,"enemies":"2 Louse","floor":3,"turns":3},{"damage":3,"enemies":"Lagavulin","floor":6,"turns":4},{"damage":0,"enemies":"Cultist","floor":8,"turns":2},{"damage":7,"enemies":"Blue Slaver","floor":10,"turns":2},{"damage":4,"enemies":"Gremlin Nob","floor":11,"turns":3},{"damage":2,"enemies":"Looter","floor":14,"turns":2},{"damage":38,"enemies":"Hexaghost","floor":16,"turns":8},{"damage":8,"enemies":"3 Byrds","floor":18,"turns":3},{"damage":6,"enemies":"Spheric Guardian","floor":20,"turns":4},{"damage":2,"enemies":"Cultist and Chosen","floor":21,"turns":3},{"damage":85,"enemies":"Book of Stabbing","floor":23,"turns":5}],"seed_played":"9195903611619062445","potions_obtained":[{"floor":1,"key":"Ancient Potion"},{"floor":5,"key":"Strength Potion"},{"floor":5,"key":"AttackPotion"},{"floor":8,"key":"Weak Potion"},{"floor":10,"key":"Fire Potion"},{"floor":11,"key":"LiquidMemories"},{"floor":16,"key":"BottledMiracle"}],"is_trial":false,"path_per_floor":["M","?","M","?","?","E","R","M","T","M","E","?","?","M","R","B",null,"M","?","M","M","$","E"],"character_chosen":"WATCHER","items_purchased":["Membership Card","Eternal Feather","SignatureMove"],"campfire_rested":0,"item_purchase_floors":[22,22,22],"current_hp_per_floor":[72,67,67,67,67,64,64,64,64,57,53,42,52,50,50,12,77,69,69,63,61,76,0,0],"gold":200,"neow_bonus":"UPGRADE_CARD","is_daily":false,"chose_seed":false,"campfire_upgraded":2,"win_rate":0.0,"timestamp":1612505044,"path_taken":["M","?","M","?","?","E","R","M","T","?","E","?","?","?","R","BOSS","M","?","M","?","?","E"],"items_purchased_type":["Relic","Relic","Card"],"build_version":"2020-12-22","purchased_purges":0,"victory":false,"max_hp_per_floor":[72,67,67,67,67,67,67,67,67,67,67,67,77,77,77,77,77,77,77,77,77,77,77,77],"card_choices":[{"not_picked":["Evaluate","EmptyFist"],"picked":"JustLucky","floor":1},{"not_picked":["DeceiveReality","JustLucky"],"picked":"Prostrate","floor":3},{"not_picked":["Halt","ClearTheMind"],"picked":"CutThroughFate","floor":6},{"not_picked":["Pray","Protect"],"picked":"BowlingBash","floor":8},{"not_picked":["Vengeance","SashWhip","FlurryOfBlows"],"picked":"SKIP","floor":10},{"not_picked":["CutThroughFate","Worship"],"picked":"Indignation","floor":11},{"not_picked":["FlyingSleeves","CutThroughFate"],"picked":"Consecrate","floor":14},{"not_picked":["ConjureBlade","Alpha"],"picked":"LessonLearned","floor":16},{"not_picked":["FearNoEvil","FollowUp"],"picked":"JustLucky+1","floor":18},{"not_picked":["CrushJoints","Halt"],"picked":"FollowUp+1","floor":20},{"not_picked":["Wireheading","ReachHeaven"],"picked":"ClearTheMind","floor":21}],"player_experience":261821,"relics_obtained":[{"floor":6,"key":"Kunai"},{"floor":9,"key":"InkBottle"},{"floor":11,"key":"MealTicket"}],"event_choices":[{"damage_healed":0,"gold_gain":0,"player_choice":"Lose Max HP","damage_taken":0,"relics_obtained":["Golden Idol"],"max_hp_gain":0,"max_hp_loss":5,"event_name":"Golden Idol","floor":2,"gold_loss":0},{"damage_healed":0,"gold_gain":0,"player_choice":"Leave","damage_taken":0,"max_hp_gain":0,"max_hp_loss":0,"event_name":"The Cleric","floor":4,"gold_loss":0},{"damage_healed":0,"gold_gain":0,"player_choice":"Got Potions","damage_taken":0,"max_hp_gain":0,"max_hp_loss":0,"event_name":"Lab","floor":5,"gold_loss":0},{"damage_healed":0,"gold_gain":75,"player_choice":"Gather Gold","damage_taken":11,"max_hp_gain":0,"max_hp_loss":0,"event_name":"World of Goop","floor":12,"gold_loss":0},{"cards_removed":["Indignation"],"damage_healed":0,"gold_gain":0,"player_choice":"Gave Card","damage_taken":0,"relics_obtained":["Pear"],"max_hp_gain":0,"max_hp_loss":0,"event_name":"WeMeetAgain","floor":13,"gold_loss":0},{"damage_healed":0,"gold_gain":0,"cards_transformed":["Wish"],"player_choice":"Transformed","damage_taken":0,"max_hp_gain":0,"max_hp_loss":0,"event_name":"Transmorgrifier","floor":19,"gold_loss":0,"cards_obtained":["WheelKick"]}],"is_beta":false,"boss_relics":[{"not_picked":["Black Star","VioletLotus"],"picked":"Pandora\u0027s Box"}],"items_purged_floors":[],"is_endless":false,"potions_floor_spawned":[1,8,10,11,16],"killed_by":"Book of Stabbing","ascension_level":1}}