{"host":"ly20tmf9be7b85hl","time":1612514529,"event":{"mods":["BaseMod","Colored Map","Keyboard Shortcuts","Minty Spire (QoL Compilation)","Permanent Neow","Quick Restart","SuperFastMode"],"gold_per_floor":[369,4,18,18,35,35,35,35,35,35,60,100,100,116,116,214,214,230,230,58,74,98,139,139,158,158,170,201,236,248,248],"floor_reached":30,"language":"KOR","playtime":755,"items_purged":["Strike_B"],"score":504,"play_id":"564753e3-51b6-472b-a8d8-3b176f1b0d71","local_time":"20210205174209","is_ascension_mode":true,"campfire_choices":[{"floor":6.0,"key":"REST"},{"data":"Defragment","floor":8.0,"key":"SMITH"},{"data":"Coolheaded","floor":10.0,"key":"SMITH"},{"data":"Reboot","floor":15.0,"key":"SMITH"},{"floor":24.0,"key":"REST"},{"floor":27.0,"key":"REST"}],"circlet_count":0,"master_deck":["AscendersBane","Strike_B","Strike_B+1","Defend_B","Defend_B","Defend_B","Defend_B","Zap","Dualcast","Rebound+1","Coolheaded+1","Defragment+1","Gash","Chill","Go for the Eyes","Reboot+1","Buffer","Beam Cell","Loop","Chaos+1","Turbo+1"],"relics":["Cracked Core","Question Card","Golden Idol","Cables","Symbiotic Virus","SacredBark","DataDisk","Matryoshka","MawBank","Sundial"],"acts_visited":["Exordium","TheCity"],"potions_floor_usage":[30],"damage_taken":[{"damage":6.0,"enemies":"Cultist","floor":1.0,"turns":3.0},{"damage":2.0,"enemies":"Jaw Worm","floor":3.0,"turns":3.0},{"damage":5.0,"enemies":"Small Slimes","floor":5.0,"turns":3.0},{"damage":8.0,"enemies":"Exordium Wildlife","floor":11.0,"turns":3.0},{"damage":5.0,"enemies":"Lagavulin","floor":12.0,"turns":6.0},{"damage":10.0,"enemies":"Gremlin Gang","floor":14.0,"turns":4.0},{"damage":11.0,"enemies":"The Guardian","floor":16.0,"turns":11.0},{"damage":0.0,"enemies":"Spheric Guardian","floor":18.0,"turns":5.0},{"damage":0.0,"enemies":"Chosen","floor":21.0,"turns":3.0},{"damage":11.0,"enemies":"Snake Plant","floor":22.0,"turns":3.0},{"damage":36.0,"enemies":"Book of Stabbing","floor":23.0,"turns":5.0},{"damage":7.0,"enemies":"Sentry and Sphere","floor":25.0,"turns":4.0},{"damage":12.0,"enemies":"Shelled Parasite and Fungi","floor":28.0,"turns":5.0},{"damage":1.0,"enemies":"3 Cultists","floor":29.0,"turns":6.0},{"damage":27,"enemies":"Slavers","floor":30,"turns":3}],"seed_played":"-791773807390392500","potions_obtained":[{"floor":1.0,"key":"EntropicBrew"},{"floor":12.0,"key":"Strength Potion"},{"floor":16.0,"key":"PotionOfCapacity"},{"floor":18.0,"key":"Strength Potion"},{"floor":21.0,"key":"LiquidMemories"},{"floor":23.0,"key":"ColorlessPotion"},{"floor":29.0,"key":"Swift Potion"}],"is_trial":false,"path_per_floor":["M","$","M","?","M","R","?","R","T","R","M","E","?","M","R","B",null,"M","?","$","M","M","E","R","M","T","R","M","M","E"],"character_chosen":"DEFECT","items_purchased":["Question Card","Coolheaded","DataDisk"],"campfire_rested":3,"item_purchase_floors":[2,2,20],"current_hp_per_floor":[40,40,38,17,12,33,33,33,33,33,25,20,41,31,31,20,53,53,53,53,53,42,6,25,18,18,37,25,24,0,0],"gold":248,"neow_bonus":"TWO_FIFTY_GOLD","is_daily":false,"chose_seed":false,"campfire_upgraded":3,"win_rate":0.0,"timestamp":1612514529,"path_taken":["M","$","M","?","M","R","?","R","T","R","M","E","?","M","R","BOSS","M","?","$","M","M","E","R","M","T","R","M","M","E"],"items_purchased_type":["Relic","Card","Relic"],"build_version":"2020-12-22","purchased_purges":1,"victory":false,"max_hp_per_floor":[71,71,71,71,71,71,64,64,64,64,64,64,64,64,64,64,64,64,64,64,64,64,64,64,64,64,64,64,64,64,64],"card_choices":[{"not_picked":["Recycle","Barrage"],"picked":"Rebound","floor":1.0},{"not_picked":["Compile Driver","Heatsinks","Coolheaded"],"picked":"Defragment","floor":3.0},{"not_picked":["Static Discharge","Meteor Strike","Stack"],"picked":"Gash","floor":5.0},{"not_picked":["Tempest","Steam Power","Ball Lightning"],"picked":"Chill","floor":11.0},{"not_picked":["Recycle","Chaos","Leap"],"picked":"Go for the Eyes","floor":12.0},{"not_picked":["Go for the Eyes","Turbo","Gash"],"picked":"Reboot","floor":14.0},{"not_picked":["Hyperbeam","Meteor Strike","Seek"],"picked":"Buffer","floor":16.0},{"not_picked":["Gash","Barrage","Reprogram"],"picked":"Beam Cell","floor":18.0},{"not_picked":["Leap","Streamline","Steam"],"picked":"Loop","floor":21.0},{"not_picked":["Ball Lightning","Reinforced Body","Leap+1"],"picked":"Chaos+1","floor":22.0},{"not_picked":["Rebound","Sweeping Beam","Doom and Gloom"],"picked":"Turbo+1","floor":23.0},{"not_picked":["Genetic Algorithm","Rip and Tear","Ball Lightning","FTL"],"picked":"SKIP","floor":25.0},{"not_picked":["Double Energy","All For One","Redo","Conserve Battery"],"picked":"SKIP","floor":28.0},{"not_picked":["FTL","Turbo","Cold Snap","Heatsinks"],"picked":"SKIP","floor":29.0}],"player_experience":847879,"relics_obtained":[{"floor":9.0,"key":"Cables"},{"floor":12.0,"key":"Symbiotic Virus"},{"floor":23.0,"key":"Matryoshka"},{"floor":26.0,"key":"MawBank"},{"floor":26.0,"key":"Sundial"}],"event_choices":[{"damage_healed":0.0,"max_hp_gain":0.0,"max_hp_loss":0.0,"gold_gain":0.0,"event_name":"Shining Light","player_choice":"Entered Light","floor":4.0,"gold_loss":0.0,"damage_taken":21.0,"cards_upgraded":["Strike_B","Rebound"]},{"damage_healed":0.0,"max_hp_gain":0.0,"max_hp_loss":7.0,"gold_gain":0.0,"event_name":"Golden Idol","player_choice":"Lose Max HP","floor":7.0,"gold_loss":0.0,"damage_taken":0.0,"relics_obtained":["Golden Idol"]},{"damage_healed":21.0,"max_hp_gain":0.0,"max_hp_loss":0.0,"gold_gain":0.0,"event_name":"Big Fish","player_choice":"Banana","floor":13.0,"gold_loss":0.0,"damage_taken":0.0},{"cards_removed":["Strike_B"],"damage_healed":0.0,"max_hp_gain":0.0,"max_hp_loss":0.0,"gold_gain":0.0,"event_name":"Bonfire Elementals","player_choice":"Offered Basic","floor":19.0,"gold_loss":0.0,"damage_taken":0.0}],"is_beta":false,"boss_relics":[{"not_picked":["Busted Crown","Cursed Key"],"picked":"SacredBark"}],"items_purged_floors":[2],"is_endless":false,"potions_floor_spawned":[1,12,16,18,21,23,29],"killed_by":"Slavers","ascension_level":20}}