{"host":"bx8ylsmj2ob6hd5u","time":1612547027,"event":{"mods":["AchievementEnabler","Act Like it!","Aspiration","BaseMod","Colored Map","Downfall","Duelist Mod","Friendly Minions","Gensokyo","GifTheSpireLib","Hallownest","Hermit","HololiveMod","Hubris","Infinite Spire","Jorbs\u0027s Wanderer Trilogy","KinomotoSakuraMod(????)","Kiyohime????","Koishi","KomeijiMod","Lobotomy","LobotomyExtend","Marisa????????","Minty Spire (QoL Compilation)","Prisma Mod","Rare Cards Sparkle","Reimu??????","Remilia??????","Replay The Spire","StSLib","Td1madao Mod","The Administrix","The Animator","The Bug Knight","The Construct","The Cursed","The Disciple","The Hierophant","The Necromancer","The Poker Player","The Runesmith","The Senshi","The Servant 0.9.4","WarShipGirlsR/????R mod"],"gold_per_floor":[121,121,50,60,60,60,60,78,104,117,117,17,36,59,59,188,188,203,203,224,224,224,260,281,281,355,375,37,37,53,67,67,195,258,271,271,287,306,306,306,329,329,404,64,77,77,77,96,96,96,96],"floor_reached":50,"language":"ENG","playtime":3331,"items_purged":["Lonely","Injury"],"score":531,"play_id":"686e24ca-5e13-4a8b-977e-60ddbdbca21e","local_time":"20210205194347","is_ascension_mode":false,"campfire_choices":[{"data":"AdministrixMod:RedCloak","floor":6,"key":"SMITH"},{"data":"AdministrixMod:RebukeDesires","floor":11,"key":"SMITH"},{"data":"AdministrixMod:BattleforgedBonds","floor":15,"key":"SMITH"},{"data":"ReplayTheSpireMod:Book of Names","floor":25,"key":"SMITH"},{"data":"Sadistic Nature","floor":29,"key":"SMITH"},{"data":"AdministrixMod:TouchOfCinnabar","floor":32,"key":"SMITH"},{"data":"AdministrixMod:CastOffRegrets","floor":40,"key":"SMITH"},{"data":"AdministrixMod:BishamonBlessing","floor":42,"key":"SMITH"},{"data":"Crow Ritual","floor":46,"key":"SMITH"},{"data":"ReplayTheSpireMod:Book of Names","floor":49,"key":"SMITH"}],"circlet_count":0,"master_deck":["AdministrixMod:Strike_Administrix","AdministrixMod:RedCloak+1","AdministrixMod:Defend_Administrix","AdministrixMod:Defend_Administrix","AdministrixMod:Defend_Administrix","AdministrixMod:Defend_Administrix","AdministrixMod:BlueCloak+1","AdministrixMod:DreamsMausoleum+1","AdministrixMod:CrackingPangu","AdministrixMod:ExtolVirtue","AdministrixMod:RebukeDesires+1","AdministrixMod:BattleforgedBonds+1","AdministrixMod:JustRewards","AdministrixMod:FaithfulFlames+1","CurseOfTheBell","AdministrixMod:BloodBargain+1","ReplayTheSpireMod:Book of Names+1","AdministrixMod:BloodBargain+1","Sudden Beat","AdministrixMod:BishamonBlessing+1","AdministrixMod:ImmortalGrace+1","AdministrixMod:ImmortalPurity","Sadistic Nature+1","AdministrixMod:SipOfSparks+1","AdministrixMod:TouchOfCinnabar+1","AdministrixMod:CosmosControl+1","AdministrixMod:ImmortalGrace+1","AdministrixMod:GuanyinBlessing","Flechettes","Endless Agony","Die Die Die","AdministrixMod:JustRewards","AdministrixMod:CastOffRegrets+1","AdministrixMod:SealAway+1","Crow Ritual+1","AdministrixMod:CenturiesAscent+1","ReplayTheSpireMod:Book of Names+1","AdministrixMod:ShadowPlay+1"],"relics":["AdministrixMod:ConductorRitualBaton","LetterFromLob","ReplayTheSpireMod:CursedCoin","Bronze Scales","Golden Idol","hubris:ToyBattleship","Calling Bell","Oddly Smooth Stone","aspiration:FetidBarrel","infinitespire:CursedDice","StoneCalendar","hubris:BottledHeart","hubris:SlimyHat","Onion Ring","Guide Book","Tiny House","Cauldron","hubris:TinFlute","Strange Spoon"],"acts_visited":["Exordium","TheCity","TheCity"],"potions_floor_usage":[1,4,10,14,16,18,33,35,38,41,45,48,48,48,48,50,50],"damage_taken":[{"damage":0,"enemies":"Jaw Worm","floor":1,"turns":2},{"damage":1,"enemies":"Small Slimes","floor":4,"turns":4},{"damage":0,"enemies":"2 Louse","floor":8,"turns":2},{"damage":7,"enemies":"Large Slime","floor":10,"turns":6},{"damage":0,"enemies":"Red Slaver","floor":13,"turns":4},{"damage":0,"enemies":"Lots of Slimes","floor":14,"turns":1},{"damage":20,"enemies":"Slime Boss","floor":16,"turns":9},{"damage":5,"enemies":"Chosen","floor":18,"turns":4},{"damage":31,"enemies":"2 Thieves","floor":20,"turns":5},{"damage":0,"enemies":"Book of Stabbing","floor":23,"turns":5},{"damage":0,"enemies":"Cultist and Chosen","floor":24,"turns":5},{"damage":0,"enemies":"Shelled Parasite and Fungi","floor":27,"turns":4},{"damage":0,"enemies":"Snecko","floor":30,"turns":4},{"damage":0,"enemies":"Snake Plant","floor":31,"turns":3},{"damage":12,"enemies":"hubris:MusketHawk","floor":33,"turns":6},{"damage":0,"enemies":"Hallownest:3_Siblings","floor":35,"turns":7},{"damage":0,"enemies":"Hallownest:2_Littles","floor":37,"turns":4},{"damage":0,"enemies":"Hallownest:2_Soldiers_and_1_Guardian","floor":38,"turns":3},{"damage":0,"enemies":"Hallownest:2_Great","floor":41,"turns":3},{"damage":0,"enemies":"Hallownest:monsterPrimalAspid","floor":45,"turns":3},{"damage":0,"enemies":"Hallownest:Shield_Sturdy","floor":48,"turns":4},{"damage":5,"enemies":"Hallownest:BossHollowKnight","floor":50,"turns":4}],"seed_played":"980128091700538857","potions_obtained":[{"floor":0,"key":"GrandPatriotsElixir:ReiMu"},{"floor":0,"key":"champ:CounterPotion"},{"floor":0,"key":"Venom Potion"},{"floor":1,"key":"Block Potion"},{"floor":13,"key":"SteroidPotion"},{"floor":16,"key":"hexamod:SoulburnPotion"},{"floor":18,"key":"Regen Potion"},{"floor":31,"key":"LiquidBronze"},{"floor":33,"key":"FearPotion"},{"floor":34,"key":"Death Potion"},{"floor":37,"key":"MagicPotion:ReiMu"},{"floor":39,"key":"Block Potion"},{"floor":39,"key":"EntropicBrew"},{"floor":41,"key":"Explosive Potion"},{"floor":48,"key":"CalmPotion"}],"is_trial":false,"path_per_floor":["M","?","$","M","?","R","$","M","T","M","R","$","M","M","R","B",null,"M","AVR","M","?","?","E","M","R","T","M","$","R","M","M","R","B",null,"M","?","M","M","AVR","R","M","R","T","$","M","R","?","M","R","B"],"character_chosen":"TheAdministrix","items_purchased":["ReplayTheSpireMod:CursedCoin","Bronze Scales","Guide Book","Sadistic Nature","Crow Ritual","Strange Spoon"],"campfire_rested":0,"item_purchase_floors":[3,3,28,28,44,44],"current_hp_per_floor":[65,65,65,64,64,64,64,64,64,57,57,57,57,57,57,37,65,60,60,29,1,1,1,1,1,1,1,1,1,1,1,1,1,1,1,1,1,1,1,1,1,1,1,1,1,1,1,1,1,0,0],"gold":96,"neow_bonus":"THREE_SMALL_POTIONS","is_daily":false,"chose_seed":false,"campfire_upgraded":10,"win_rate":0.0,"timestamp":1612547027,"path_taken":["M","?","?","M","?","R","$","M","T","M","R","$","M","M","R","BOSS","M","AVR","M","?","?","E","M","R","T","?","$","R","M","?","R","BOSS","M","?","M","M","AVR","R","M","R","T","$","?","R","?","M","R","BOSS"],"items_purchased_type":["Relic","Relic","Relic","Card","Card","Relic"],"build_version":"2020-12-22","purchased_purges":2,"victory":false,"max_hp_per_floor":[65,65,65,65,65,65,65,65,65,65,65,65,65,65,65,65,65,65,65,65,1,1,1,1,1,1,1,1,1,1,1,1,1,1,1,1,1,1,1,1,1,1,1,1,1,1,1,1,1,1,1],"card_choices":[{"not_picked":["AdministrixMod:DiversionaryTactic","AdministrixMod:PlateOfAntiquity"],"picked":"AdministrixMod:DreamsMausoleum","floor":1},{"not_picked":["AdministrixMod:DreamsMausoleum","AdministrixMod:Transition"],"picked":"AdministrixMod:CrackingPangu","floor":4},{"not_picked":["AdministrixMod:PlateOfAntiquity","AdministrixMod:Transition"],"picked":"AdministrixMod:ExtolVirtue","floor":8},{"not_picked":["AdministrixMod:TrickOfTheLight","AdministrixMod:ImmortalGrace"],"picked":"AdministrixMod:RebukeDesires","floor":10},{"not_picked":["AdministrixMod:SipOfSparks","AdministrixMod:Overdrive"],"picked":"AdministrixMod:BattleforgedBonds","floor":13},{"not_picked":["AdministrixMod:QuietConspiracy","AdministrixMod:ImmortalGrace"],"picked":"AdministrixMod:JustRewards","floor":14},{"not_picked":["AdministrixMod:ImmortalClarity","AdministrixMod:GirlsDoItBetter"],"picked":"AdministrixMod:FaithfulFlames","floor":16},{"not_picked":["AdministrixMod:ChooseYourEnd","AdministrixMod:BloodlessSapphire"],"picked":"AdministrixMod:BloodBargain+1","floor":18},{"not_picked":["AdministrixMod:Transcension+1","AdministrixMod:QuietConspiracy"],"picked":"AdministrixMod:BloodBargain+1","floor":20},{"not_picked":["AdministrixMod:ExtolVirtue","AdministrixMod:FuneraryRites"],"picked":"AdministrixMod:BishamonBlessing","floor":23},{"not_picked":["AdministrixMod:NewWardrobe","AdministrixMod:RegentEdict"],"picked":"AdministrixMod:ImmortalGrace+1","floor":24},{"not_picked":["AdministrixMod:ExtolVirtue","AdministrixMod:HiddenPower"],"picked":"AdministrixMod:ImmortalPurity","floor":27},{"not_picked":["AdministrixMod:DreamsMausoleum","AdministrixMod:RebukeDesires"],"picked":"AdministrixMod:SipOfSparks+1","floor":30},{"not_picked":["AdministrixMod:FuneraryRites+1","AdministrixMod:CrackingPangu"],"picked":"AdministrixMod:TouchOfCinnabar","floor":31},{"not_picked":["AdministrixMod:Schism","AdministrixMod:FaithfulFlames"],"picked":"AdministrixMod:CosmosControl","floor":33},{"not_picked":["AdministrixMod:ImmortalPurity","AdministrixMod:SipOfSparks"],"picked":"AdministrixMod:ImmortalGrace+1","floor":34},{"not_picked":["AdministrixMod:ImmortalGrace+1","AdministrixMod:FuneraryRites"],"picked":"AdministrixMod:GuanyinBlessing","floor":35},{"not_picked":["AdministrixMod:BishamonBlessing","AdministrixMod:RebukeDesires"],"picked":"AdministrixMod:JustRewards","floor":37},{"not_picked":["AdministrixMod:JustRewards","AdministrixMod:QuietConspiracy"],"picked":"AdministrixMod:CastOffRegrets","floor":38},{"not_picked":["AdministrixMod:SipOfSparks+1","AdministrixMod:LightOfYourLife"],"picked":"AdministrixMod:SealAway+1","floor":41},{"not_picked":["AdministrixMod:SealAway","AdministrixMod:HiddenPower"],"picked":"AdministrixMod:CenturiesAscent+1","floor":45},{"not_picked":["infinitespire:Oblivion","infinitespire:TheBestDefense"],"picked":"ReplayTheSpireMod:Book of Names","floor":47},{"not_picked":["AdministrixMod:ImmortalGrace+1","AdministrixMod:CosmosControl"],"picked":"AdministrixMod:ShadowPlay+1","floor":48}],"player_experience":1553597,"relics_obtained":[{"floor":1,"key":"LetterFromLob"},{"floor":9,"key":"hubris:ToyBattleship"},{"floor":17,"key":"Oddly Smooth Stone"},{"floor":17,"key":"aspiration:FetidBarrel"},{"floor":17,"key":"infinitespire:CursedDice"},{"floor":23,"key":"hubris:SlimyHat"},{"floor":26,"key":"Onion Ring"},{"floor":43,"key":"hubris:TinFlute"}],"event_choices":[{"damage_healed":0,"gold_gain":0,"player_choice":"Take Wound","damage_taken":0,"relics_obtained":["Golden Idol"],"max_hp_gain":0,"max_hp_loss":0,"event_name":"Golden Idol","floor":5,"gold_loss":0,"cards_obtained":["Injury"]},{"damage_healed":0,"gold_gain":0,"player_choice":"Read","damage_taken":0,"max_hp_gain":0,"max_hp_loss":0,"event_name":"The Library","floor":22,"gold_loss":0,"cards_obtained":["Sudden Beat"]}],"is_beta":false,"boss_relics":[{"not_picked":["Replay:Ancient Bell","Replay:Grab Bag"],"picked":"Calling Bell"},{"not_picked":["hubris:ScarierMask","hubris:GrandSneckoEye"],"picked":"Tiny House"}],"items_purged_floors":[3,12],"is_endless":false,"potions_floor_spawned":[1,13,16,18,31,33,37,41,48],"killed_by":"Hallownest:BossHollowKnight","ascension_level":0}}