{"host":"aapp7ew3jk5k1bvd","time":1612538694,"event":{"mods":["AchievementEnabler","BaseMod","Colored Map","Minty Spire (QoL Compilation)","Permanent Neow","StSLib","SuperFastMode"],"gold_per_floor":[112,130,141,18,33,65,77,77,77,97,110,110,110,127,127,229,229,244,91,110,110,122,122,157,172,243,268,288,308,308,339,339,441,441,458,29,29,39,39,39,54,54,54,88,88,103,103,115,115,115,115],"floor_reached":50,"language":"KOR","playtime":1214,"items_purged":["Defend_R","Strike_R","Defend_R"],"score":936,"play_id":"25205586-2653-4c40-8a48-7084cc109dad","local_time":"20210206002454","is_ascension_mode":true,"campfire_choices":[{"data":"Perfected Strike","floor":8.0,"key":"SMITH"},{"data":"Perfected Strike","floor":12.0,"key":"SMITH"},{"floor":15.0,"key":"REST"},{"data":"Offering","floor":23,"key":"SMITH"},{"floor":30,"key":"REST"},{"floor":32,"key":"REST"},{"data":"Apotheosis","floor":40,"key":"SMITH"},{"data":"Perfected Strike","floor":42,"key":"SMITH"},{"floor":47,"key":"REST"},{"floor":49,"key":"REST"}],"circlet_count":0,"master_deck":["AscendersBane","Strike_R","Strike_R","Strike_R","Defend_R","Defend_R","Twin Strike","Flex","Perfected Strike+1","Perfected Strike+1","Twin Strike","Pommel Strike","Twin Strike","Offering+1","Shrug It Off","Twin Strike","Warcry+1","Perfected Strike+1","Warcry+1","Whirlwind+1","Spot Weakness","Twin Strike","Apotheosis+1","Shrug It Off+1","Twin Strike","Pommel Strike+1","Pommel Strike+1"],"relics":["Black Blood","MealTicket","Turnip","Mercury Hourglass","Velvet Choker","Red Skull","Letter Opener","Lizard Tail","Dream Catcher","Anchor","Lee\u0027s Waffle","Question Card","Self Forming Clay"],"acts_visited":["Exordium","TheCity","TheBeyond"],"potions_floor_usage":[27,27,33,33,44,44],"damage_taken":[{"damage":6.0,"enemies":"Cultist","floor":1.0,"turns":3.0},{"damage":7.0,"enemies":"Jaw Worm","floor":2.0,"turns":4.0},{"damage":0.0,"enemies":"Small Slimes","floor":3.0,"turns":3.0},{"damage":8.0,"enemies":"Blue Slaver","floor":5.0,"turns":2.0},{"damage":35.0,"enemies":"Lagavulin","floor":6.0,"turns":6.0},{"damage":7.0,"enemies":"3 Louse","floor":7.0,"turns":3.0},{"damage":12.0,"enemies":"2 Fungi Beasts","floor":10.0,"turns":2.0},{"damage":4.0,"enemies":"Exordium Thugs","floor":11.0,"turns":2.0},{"damage":9.0,"enemies":"Red Slaver","floor":14.0,"turns":2.0},{"damage":0,"enemies":"Slime Boss","floor":16,"turns":5},{"damage":12,"enemies":"Shell Parasite","floor":18,"turns":2},{"damage":0,"enemies":"Spheric Guardian","floor":20,"turns":2},{"damage":19,"enemies":"Snake Plant","floor":22,"turns":3},{"damage":22,"enemies":"Slavers","floor":24,"turns":4},{"damage":6,"enemies":"Snecko","floor":25,"turns":2},{"damage":17,"enemies":"Book of Stabbing","floor":27,"turns":5},{"damage":6,"enemies":"Sentry and Sphere","floor":28,"turns":3},{"damage":6,"enemies":"Cultist and Chosen","floor":29,"turns":3},{"damage":24,"enemies":"Gremlin Leader","floor":31,"turns":3},{"damage":63,"enemies":"Collector","floor":33,"turns":7},{"damage":6,"enemies":"3 Darklings","floor":35,"turns":1},{"damage":6,"enemies":"Orb Walker","floor":38,"turns":1},{"damage":3,"enemies":"4 Shapes","floor":41,"turns":2},{"damage":91,"enemies":"Giant Head","floor":44,"turns":8},{"damage":17,"enemies":"Sphere and 2 Shapes","floor":46,"turns":4},{"damage":14,"enemies":"3 Darklings","floor":48,"turns":4},{"damage":92,"enemies":"Awakened One","floor":50,"turns":8}],"seed_played":"5948376539212473524","potions_obtained":[{"floor":6.0,"key":"DuplicationPotion"},{"floor":7.0,"key":"Strength Potion"},{"floor":20,"key":"HeartOfIron"},{"floor":22,"key":"HeartOfIron"},{"floor":27,"key":"ColorlessPotion"},{"floor":29,"key":"ColorlessPotion"},{"floor":33,"key":"Fire Potion"},{"floor":35,"key":"EssenceOfSteel"}],"is_trial":false,"path_per_floor":["M","M","M","$","M","E","M","R","T","M","M","R","?","M","R","B",null,"M","$","M","$","M","R","E","M","T","E","M","M","R","E","R","B",null,"M","$","?","M","?","R","M","R","T","E","?","M","R","M","R","B"],"character_chosen":"IRONCLAD","items_purchased":["Perfected Strike","Twin Strike","Anchor","Lee\u0027s Waffle"],"campfire_rested":5,"item_purchase_floors":[4,19,36,36],"current_hp_per_floor":[72,71,77,80,78,49,48,48,48,42,44,44,44,41,65,71,78,72,80,80,80,67,67,51,51,51,40,40,40,64,46,70,13,63,69,87,87,87,87,87,87,87,87,55,55,50,76,74,87,0,0],"gold":115,"neow_bonus":"RANDOM_COMMON_RELIC","is_daily":false,"chose_seed":false,"campfire_upgraded":5,"win_rate":0.0,"timestamp":1612538694,"path_taken":["M","M","M","$","?","E","M","R","T","M","M","R","?","M","R","BOSS","M","$","M","$","?","R","E","M","T","E","M","M","R","E","R","BOSS","M","$","?","M","?","R","M","R","T","E","?","?","R","M","R","BOSS"],"items_purchased_type":["Card","Card","Relic","Relic"],"build_version":"2020-12-22","purchased_purges":3,"victory":false,"max_hp_per_floor":[80,80,80,80,80,80,80,80,80,80,80,80,80,80,80,80,80,80,80,80,80,80,80,80,80,80,80,80,80,80,80,80,80,80,80,87,87,87,87,87,87,87,87,87,87,87,87,87,87,87,87],"card_choices":[{"not_picked":["Shrug It Off","Body Slam"],"picked":"Twin Strike","floor":1.0},{"not_picked":["Inflame","Dark Embrace"],"picked":"Flex","floor":2.0},{"not_picked":["Twin Strike","Disarm"],"picked":"Perfected Strike","floor":3.0},{"not_picked":["Havoc","Clothesline"],"picked":"Twin Strike","floor":5.0},{"not_picked":["Exhume","Shockwave"],"picked":"Pommel Strike","floor":6.0},{"not_picked":["Thunderclap","Burning Pact"],"picked":"Twin Strike","floor":7.0},{"not_picked":["Dropkick","Wild Strike","Second Wind"],"picked":"SKIP","floor":10.0},{"not_picked":["Armaments","Burning Pact","Dark Embrace"],"picked":"SKIP","floor":11.0},{"not_picked":["Carnage","Cleave","Headbutt"],"picked":"SKIP","floor":14.0},{"not_picked":["Corruption","Fiend Fire"],"picked":"Offering","floor":16},{"not_picked":["Rupture+1","Flex+1"],"picked":"Shrug It Off","floor":18},{"not_picked":["Combust","Feel No Pain","Rupture"],"picked":"SKIP","floor":20},{"not_picked":["Rupture","Reckless Charge","Heavy Blade+1"],"picked":"SKIP","floor":22},{"not_picked":["Power Through","Warcry","Reckless Charge"],"picked":"SKIP","floor":24},{"not_picked":["Thunderclap","Iron Wave+1"],"picked":"Warcry+1","floor":25},{"not_picked":["Iron Wave","Whirlwind"],"picked":"Perfected Strike","floor":27},{"not_picked":["Headbutt","Second Wind"],"picked":"Warcry+1","floor":28},{"not_picked":["Uppercut","Wild Strike"],"picked":"Whirlwind+1","floor":29},{"not_picked":["Feel No Pain","Immolate"],"picked":"Spot Weakness","floor":31},{"not_picked":["Iron Wave","Clothesline"],"picked":"Twin Strike","floor":35},{"not_picked":["Deep Breath","Bandage Up"],"picked":"Apotheosis","floor":37},{"not_picked":["Thunderclap+1","Flex"],"picked":"Shrug It Off+1","floor":38},{"not_picked":["Combust","Cleave+1","Reckless Charge"],"picked":"SKIP","floor":41},{"not_picked":["Sentinel","Spot Weakness","Rage+1"],"picked":"Twin Strike","floor":44},{"not_picked":["Iron Wave","Spot Weakness+1","Reckless Charge","Seeing Red"],"picked":"SKIP","floor":46},{"not_picked":["Clothesline","Battle Trance+1","True Grit"],"picked":"Pommel Strike+1","floor":48},{"not_picked":["Rage+1","Clash+1","Demon Form"],"picked":"Pommel Strike+1","floor":49}],"player_experience":1324886,"relics_obtained":[{"floor":6.0,"key":"Turnip"},{"floor":9.0,"key":"Mercury Hourglass"},{"floor":24,"key":"Red Skull"},{"floor":26,"key":"Letter Opener"},{"floor":27,"key":"Lizard Tail"},{"floor":31,"key":"Dream Catcher"},{"floor":43,"key":"Question Card"},{"floor":44,"key":"Self Forming Clay"}],"event_choices":[{"cards_removed":["Strike_R"],"damage_healed":0.0,"max_hp_gain":0.0,"max_hp_loss":0.0,"gold_gain":0.0,"event_name":"Bonfire Elementals","player_choice":"Offered Basic","floor":13.0,"gold_loss":0.0,"damage_taken":0.0},{"damage_healed":0,"gold_gain":0,"player_choice":"Memory 1","damage_taken":0,"max_hp_gain":0,"max_hp_loss":0,"event_name":"SensoryStone","floor":37,"gold_loss":0},{"cards_removed":["Bash"],"damage_healed":0,"gold_gain":0,"player_choice":"Removed Attack","damage_taken":0,"max_hp_gain":0,"max_hp_loss":0,"event_name":"Falling","floor":39,"gold_loss":0},{"damage_healed":0,"gold_gain":0,"player_choice":"Ignored","damage_taken":0,"max_hp_gain":0,"max_hp_loss":0,"event_name":"Mysterious Sphere","floor":45,"gold_loss":0}],"is_beta":false,"boss_relics":[{"not_picked":["Coffee Dripper","Black Star"],"picked":"Velvet Choker"},{"not_picked":["Sozu","Runic Dome"],"picked":"Black Blood"}],"items_purged_floors":[4,19,36],"is_endless":false,"potions_floor_spawned":[6,7,10,20,22,27,29,33,35,41],"killed_by":"Awakened One","ascension_level":11}}