{"host":"jl7epezt8u9c37lt","time":1612564304,"event":{"mods":["2.2 Compatiblity","Aspiration","Astrologer","Bard","BaseMod","Beaked The Cultist","Better Third Choice","Conspire","DeckTracker","Downfall","Energized Spire","GifTheSpireLib","Glutton Mod","Halation","Hermit","HexUI Lib","Hubris","Lobotomy","LobotomyExtend","Minty Spire (QoL Compilation)","Quick Restart","Reliquary","Replay The Spire","Spikes Relics","StSLib","Stuff the Spire","The Animator","The Bladedancer","The Blue Laboratory","The Disciple","The Judge","The Jungle","The Runesmith","Wandering Minibosses","egg"],"gold_per_floor":[117,132,149,227,75,75,102,176,176,188,207,5,38,38,38,142,142,142,190,207,207],"floor_reached":20,"language":"ENG","playtime":732,"items_purged":[],"score":282,"play_id":"84dcfdcc-171f-4ee8-8271-8f85449ad128","local_time":"20210205163144","is_ascension_mode":false,"campfire_choices":[{"floor":6,"key":"REST"},{"floor":15,"key":"REST"}],"circlet_count":0,"master_deck":["WordoMod:StrikeCard","WordoMod:StrikeCard","WordoMod:StrikeCard","WordoMod:StrikeCard","WordoMod:DefendCard","WordoMod:DefendCard","WordoMod:DefendCard","WordoMod:DefendCard","WordoMod:Accursed","WordoMod:IllWill","WordoMod:Plague","WordoMod:ScatterAshes","ReplayTheSpireMod:Faulty Equipment","WordoMod:Hysteria","WordoMod:Sacrilege","Hallucinations","WordoMod:Behead","WordoMod:Exorcism","WordoMod:Repent","WordoMod:BloodThinning","WordoMod:EndOfTheWorld","hubris:DuctTapeCard","Clumsy","conspire:NecroticWound","Hallucinations","ReplayTheSpireMod:Faulty Equipment"],"relics":["WordoMod:Obsidian","WordoMod:Effigy","aspiration:Nostalgia","PureWater","LetterFromLob","Ancient Tea Set","StuffTheSpire:Experiment12","PreservedInsect","ReplayTheSpireMod:Lightbulb","Replay:Rubber Ducky","RedMistMask","Toy Ornithopter","Replay:Ancient Bell","StuffTheSpire:TintedRock","hubris:DuctTape","hubris:64BitClover","LaetitiaHeart","Bronze Scales"],"acts_visited":["Exordium","TheCity"],"potions_floor_usage":[16,16],"damage_taken":[{"damage":0,"enemies":"conspire:RoseBush","floor":1,"turns":2},{"damage":7,"enemies":"2 Louse","floor":2,"turns":2},{"damage":6,"enemies":"Cultist","floor":3,"turns":3},{"damage":13,"enemies":"3 Sentries","floor":7,"turns":5},{"damage":0,"enemies":"Gremlin Gang","floor":10,"turns":3},{"damage":4,"enemies":"Blue Slaver","floor":11,"turns":4},{"damage":10,"enemies":"Gremlin Nob","floor":13,"turns":3},{"damage":16,"enemies":"Slime Boss","floor":16,"turns":4},{"damage":16,"enemies":"Shell Parasite","floor":20,"turns":3}],"seed_played":"-3202918161364306272","potions_obtained":[{"floor":1,"key":"Weak Potion"},{"floor":3,"key":"blueLaboratory:BubblePotion"},{"floor":11,"key":"blueLaboratory:LouseDecoction"},{"floor":16,"key":"blueLaboratory:EmptyBottle"},{"floor":20,"key":"Adrenaline Potion"}],"is_trial":false,"path_per_floor":["M","M","M","?","$","R","E","?","T","M","M","$","E","?","R","B",null,"M","T","M"],"character_chosen":"JUDGE_CLASS","items_purchased":["StuffTheSpire:Experiment12","Replay:Rubber Ducky","WordoMod:Exorcism"],"campfire_rested":2,"item_purchase_floors":[5,12,12],"current_hp_per_floor":[75,68,62,32,32,54,41,41,41,41,37,37,27,27,49,43,75,75,75,59,59],"gold":207,"neow_bonus":"NOSTALGIA","is_daily":false,"chose_seed":false,"campfire_upgraded":0,"win_rate":0.0,"timestamp":1612564304,"path_taken":["M","M","M","?","$","R","E","?","T","M","M","$","E","?","R","BOSS","M","?","?"],"items_purchased_type":["Relic","Relic","Card"],"build_version":"2020-12-22","purchased_purges":0,"victory":false,"max_hp_per_floor":[75,75,75,75,75,75,75,75,75,75,75,75,75,75,75,75,75,75,75,75,75],"card_choices":[{"not_picked":["WordoMod:Vulgarity","WordoMod:BadMemories"],"picked":"WordoMod:Plague","floor":1},{"not_picked":["WordoMod:BoundlessGreed","WordoMod:WillOWisp"],"picked":"WordoMod:ScatterAshes","floor":2},{"not_picked":["ReplayTheSpireMod:IOU","Languid"],"picked":"ReplayTheSpireMod:Faulty Equipment","floor":3},{"not_picked":["WordoMod:RiskTaker","WordoMod:ShackleGuard"],"picked":"WordoMod:Hysteria","floor":3},{"not_picked":["WordoMod:LanternFlame","WordoMod:Parry"],"picked":"WordoMod:Sacrilege","floor":4},{"not_picked":["WordoMod:BloodThinning","WordoMod:BurdenOfSin"],"picked":"WordoMod:Cataclysm","floor":4},{"not_picked":["WordoMod:Repent","WordoMod:ShackleGuard"],"picked":"WordoMod:ProfanedFlame","floor":7},{"not_picked":["WordoMod:Sacrilege","WordoMod:SecondChance"],"picked":"WordoMod:MorbidFascination","floor":10},{"not_picked":["hubris:Gluttony","Amnesia"],"picked":"Hallucinations","floor":11},{"not_picked":["WordoMod:BadMemories","WordoMod:BreakChains"],"picked":"WordoMod:Behead","floor":11},{"not_picked":["WordoMod:MonkeysPaw","WordoMod:WipingAllOut"],"picked":"WordoMod:Repent","floor":13},{"not_picked":["WordoMod:Miasma","WordoMod:UltimateSacrifice"],"picked":"WordoMod:EndOfTheWorld","floor":16},{"not_picked":["ReplayTheSpireMod:IOU","hubris:Envy"],"picked":"Clumsy","floor":17},{"not_picked":["hubris:Disease","hubris:Wrath"],"picked":"conspire:NecroticWound","floor":17},{"not_picked":["conspire:Blindness","hubris:Compulsion"],"picked":"Hallucinations","floor":17},{"not_picked":["Replay:Hysterical Blindness","hubris:Despair"],"picked":"ReplayTheSpireMod:Faulty Equipment","floor":20}],"player_experience":215915,"relics_obtained":[{"floor":1,"key":"LetterFromLob"},{"floor":4,"key":"Ancient Tea Set"},{"floor":7,"key":"PreservedInsect"},{"floor":9,"key":"ReplayTheSpireMod:Lightbulb"},{"floor":13,"key":"RedMistMask"},{"floor":13,"key":"Toy Ornithopter"},{"floor":19,"key":"Bronze Scales"}],"event_choices":[{"damage_healed":0,"gold_gain":74,"player_choice":"Gained Gold","damage_taken":0,"max_hp_gain":0,"max_hp_loss":0,"event_name":"Golden Wing","floor":8,"gold_loss":0},{"damage_healed":0,"gold_gain":0,"cards_transformed":["WordoMod:Cataclysm"],"player_choice":"Transformed","damage_taken":0,"max_hp_gain":0,"max_hp_loss":0,"event_name":"Transmorgrifier","floor":14,"gold_loss":0,"cards_obtained":["WordoMod:BloodThinning"]}],"is_beta":false,"boss_relics":[{"not_picked":["energizedSpire:OgreHead","energizedSpire:EnergizedDie"],"picked":"Replay:Ancient Bell"},{"not_picked":["ReplayFunnel","Art of War"],"picked":"StuffTheSpire:TintedRock"},{"not_picked":["aspiration:StickyExplosives_weak","StuffTheSpire:Rhapsscallions"],"picked":"hubris:DuctTape"},{"not_picked":["Ginger","conspire:InfiniteJournal"],"picked":"hubris:64BitClover"}],"items_purged_floors":[],"is_endless":false,"potions_floor_spawned":[1,3,11,16,20],"killed_by":"Shell Parasite","ascension_level":0}}