{"host":"h0xw20cia6ppa69g","time":1612512703,"event":{"mods":["AchievementEnabler","BaseMod","Colored Map","Filter the Spire","Googly Eyes","Minty Spire (QoL Compilation)","Relic Stats","StSLib","The Awakened One except there are too many feathers","everything is the same but u backflip on backflip"],"gold_per_floor":[119,119,139,139,139,167,167,195,195,195,195,230,244,262,262,358,358,370,370,370,421,435,467,467,119,119,144,175,175,208,220,220,318,318,332,255,273,495,495,524,524,552,552,562,562,580,396,426,426,426,426,426,47,73,73],"floor_reached":56,"language":"ENG","playtime":2703,"items_purged":[],"score":1615,"play_id":"08ef4ff0-48fd-4507-8312-00f8f712a69d","local_time":"20210205021143","is_ascension_mode":true,"campfire_choices":[{"data":"Protect","floor":7.0,"key":"SMITH"},{"data":"WaveOfTheHand","floor":15.0,"key":"SMITH"},{"data":"Alpha","floor":24.0,"key":"SMITH"},{"data":"Wallop","floor":29.0,"key":"SMITH"},{"data":"Collect","floor":32.0,"key":"SMITH"},{"floor":41.0,"key":"RECALL"},{"data":"Panacea","floor":49.0,"key":"SMITH"},{"data":"Establishment","floor":52.0,"key":"SMITH"}],"circlet_count":0,"master_deck":["Vigilance","Tantrum","EmptyMind","FlurryOfBlows","Adaptation","Collect+1","Alpha+1","EmptyMind","DeceiveReality","Wallop+1","Protect+1","WaveOfTheHand+1","ThirdEye","WheelKick","JustLucky","ThirdEye","Omniscience","Worship","Evaluate+1","Omniscience","Establishment+1","Fasting2+1","Meditate","SpiritShield","Panacea+1","The Bomb","Fasting2","Fasting2","TalkToTheHand","EmptyMind"],"relics":["Pandora\u0027s Box","Blue Candle","Vajra","The Courier","Omamori","Shuriken","Snecko Eye","Regal Pillow","Ancient Tea Set","Damaru","ClockworkSouvenir","FossilizedHelix","MealTicket","Red Mask","Ornamental Fan","Cursed Key","White Beast Statue","Dream Catcher","Happy Flower","Incense Burner","Sling","HornCleat","Membership Card","Bag of Preparation","Pen Nib","Gremlin Horn","Blood Vial"],"acts_visited":["Exordium","TheCity","TheBeyond","TheEnding"],"potions_floor_usage":[55,55],"damage_taken":[{"damage":3.0,"enemies":"Jaw Worm","floor":1.0,"turns":3.0},{"damage":3.0,"enemies":"Small Slimes","floor":3.0,"turns":2.0},{"damage":4.0,"enemies":"Lagavulin","floor":6.0,"turns":5.0},{"damage":13.0,"enemies":"3 Sentries","floor":8.0,"turns":6.0},{"damage":12.0,"enemies":"Gremlin Nob","floor":12.0,"turns":4.0},{"damage":0.0,"enemies":"Cultist","floor":13.0,"turns":4.0},{"damage":0.0,"enemies":"Exordium Thugs","floor":14.0,"turns":2.0},{"damage":7.0,"enemies":"The Guardian","floor":16.0,"turns":7.0},{"damage":0.0,"enemies":"Chosen","floor":18.0,"turns":2.0},{"damage":0.0,"enemies":"2 Thieves","floor":22.0,"turns":3.0},{"damage":10.0,"enemies":"Gremlin Leader","floor":23.0,"turns":6.0},{"damage":0.0,"enemies":"Book of Stabbing","floor":27.0,"turns":5.0},{"damage":6.0,"enemies":"Masked Bandits","floor":28.0,"turns":3.0},{"damage":0.0,"enemies":"Gremlin Leader","floor":30.0,"turns":2.0},{"damage":0.0,"enemies":"Cultist and Chosen","floor":31.0,"turns":4.0},{"damage":18.0,"enemies":"Collector","floor":33.0,"turns":7.0},{"damage":0.0,"enemies":"3 Darklings","floor":35.0,"turns":2.0},{"damage":0.0,"enemies":"Orb Walker","floor":37.0,"turns":3.0},{"damage":0.0,"enemies":"Giant Head","floor":40.0,"turns":6.0},{"damage":0.0,"enemies":"Reptomancer","floor":42.0,"turns":3.0},{"damage":0.0,"enemies":"4 Shapes","floor":44.0,"turns":3.0},{"damage":0.0,"enemies":"Transient","floor":46.0,"turns":5.0},{"damage":0.0,"enemies":"Nemesis","floor":48.0,"turns":5.0},{"damage":15.0,"enemies":"Awakened One","floor":50.0,"turns":9.0},{"damage":0,"enemies":"Shield and Spear","floor":54,"turns":3},{"damage":21,"enemies":"The Heart","floor":55,"turns":9}],"seed_played":"-8095684160257883052","potions_obtained":[{"floor":1.0,"key":"PowerPotion"},{"floor":8.0,"key":"Dexterity Potion"},{"floor":12.0,"key":"EssenceOfSteel"},{"floor":13.0,"key":"DuplicationPotion"},{"floor":35.0,"key":"BottledMiracle"},{"floor":40.0,"key":"Fruit Juice"},{"floor":42.0,"key":"Fire Potion"},{"floor":44.0,"key":"Swift Potion"}],"is_trial":false,"path_per_floor":["M","?","M","?","$","E","R","E","T","T","?","E","M","M","R","B",null,"M","?","?","T","M","E","R","$","T","E","?","R","E","M","R","B",null,"M","?","M","?","?","E","R","E","T","M","?","M","$","E","R","B",null,"R","$","E","B",null],"character_chosen":"WATCHER","items_purchased":["ClockworkSouvenir","FossilizedHelix","Sling","Fasting2","Membership Card","Bag of Preparation","TalkToTheHand","Pen Nib","EmptyMind","Gremlin Horn"],"campfire_rested":0,"item_purchase_floors":[25,25,47,47,53,53,53,53,53,53],"current_hp_per_floor":[69,69,66,66,66,62,62,49,49,49,49,37,37,37,37,30,72,72,72,72,72,72,62,62,62,62,62,56,56,56,56,56,38,72,72,72,72,72,82,82,82,87,87,87,77,77,87,87,87,72,87,87,87,87,66],"gold":73,"neow_bonus":"BOSS_RELIC","is_daily":false,"chose_seed":false,"campfire_upgraded":7,"win_rate":0.0,"timestamp":1612512703,"path_taken":["M","?","M","?","$","E","R","E","T","?","?","E","M","?","R","BOSS","M","?","?","?","M","E","R","$","T","E","?","R","E","M","R","BOSS","M","?","?","?","?","E","R","E","T","?","?","M","?","E","R","BOSS","R","$","E","BOSS"],"items_purchased_type":["Relic","Relic","Relic","Card","Relic","Relic","Card","Relic","Card","Relic"],"build_version":"2020-12-22","purchased_purges":0,"victory":true,"max_hp_per_floor":[72,72,72,72,72,72,72,72,72,72,72,72,72,72,72,72,72,72,72,72,72,72,72,72,72,72,72,72,72,72,72,72,72,72,72,72,72,72,82,82,82,87,87,87,87,87,87,87,87,87,87,87,87,87,87],"relic_stats":{"Regal Pillow":0,"Happy Flower":[11],"Gremlin Horn":[0,0],"counters":[26,113],"Blue Candle":[0],"Pen Nib":[1],"Bag of Preparation":[4],"Cursed Key":1,"Blood Vial":0,"Dream Catcher":0,"Shuriken":[12],"Ornamental Fan":[16],"Snecko Eye":[146,139,152,154],"Pandora\u0027s Box":["Tantrum","EmptyMind","FlurryOfBlows","Adaptation","Collect","Alpha","ConjureBlade","EmptyMind"],"MealTicket":10,"obtain_stats":[{"Regal Pillow":20,"Gremlin Horn":53,"Vajra":8,"Incense Burner":43,"Bag of Preparation":53,"Ancient Tea Set":21,"Cursed Key":34,"Sling":47,"ClockworkSouvenir":25,"Blood Vial":54,"Dream Catcher":40,"HornCleat":48,"MealTicket":27,"Red Mask":28,"Happy Flower":42,"Blue Candle":6,"Damaru":23,"The Courier":9,"Pen Nib":53,"Omamori":10,"White Beast Statue":36,"Shuriken":12,"Ornamental Fan":30,"Snecko Eye":17,"Pandora\u0027s Box":0,"Membership Card":53,"PureWater":0,"FossilizedHelix":25},{"Regal Pillow":9,"Gremlin Horn":24,"Vajra":4,"Incense Burner":20,"Bag of Preparation":24,"Ancient Tea Set":9,"Cursed Key":16,"Sling":22,"ClockworkSouvenir":11,"Blood Vial":25,"Dream Catcher":19,"HornCleat":23,"MealTicket":12,"Red Mask":13,"Happy Flower":20,"Blue Candle":3,"Damaru":11,"The Courier":4,"Pen Nib":24,"Omamori":4,"White Beast Statue":17,"Shuriken":5,"Ornamental Fan":14,"Snecko Eye":8,"Pandora\u0027s Box":0,"Membership Card":24,"PureWater":0,"FossilizedHelix":11},{"Regal Pillow":35,"Gremlin Horn":101,"Vajra":16,"Incense Burner":79,"Bag of Preparation":101,"Ancient Tea Set":35,"Cursed Key":65,"Sling":87,"ClockworkSouvenir":44,"Blood Vial":104,"Dream Catcher":76,"HornCleat":92,"MealTicket":49,"Red Mask":52,"Happy Flower":79,"Blue Candle":10,"Damaru":44,"The Courier":16,"Pen Nib":101,"Omamori":16,"White Beast Statue":67,"Shuriken":20,"Ornamental Fan":54,"Snecko Eye":33,"Pandora\u0027s Box":0,"Membership Card":101,"PureWater":0,"FossilizedHelix":44}]},"card_choices":[{"not_picked":["Sanctity","FlyingSleeves"],"picked":"DeceiveReality","floor":1.0},{"not_picked":["Prostrate","WindmillStrike"],"picked":"Wallop","floor":3.0},{"not_picked":["Study","Indignation"],"picked":"WaveOfTheHand","floor":6.0},{"not_picked":["Prostrate","ClearTheMind"],"picked":"ThirdEye","floor":8.0},{"not_picked":["FollowUp","Protect"],"picked":"WheelKick","floor":12.0},{"not_picked":["Perseverance","Halt"],"picked":"JustLucky","floor":13.0},{"not_picked":["Protect","Perseverance"],"picked":"ThirdEye","floor":14.0},{"not_picked":["Ragnarok","DevaForm"],"picked":"Omniscience","floor":16.0},{"not_picked":["Study","FollowUp","EmptyBody+1"],"picked":"SKIP","floor":18.0},{"not_picked":["WindmillStrike","Vengeance"],"picked":"Worship","floor":22.0},{"not_picked":["FlurryOfBlows","EmptyBody"],"picked":"Evaluate+1","floor":23.0},{"not_picked":["FlyingSleeves","Collect","Protect"],"picked":"SKIP","floor":27.0},{"not_picked":["WheelKick","WreathOfFlame"],"picked":"Omniscience","floor":30.0},{"not_picked":["ThirdEye","LikeWater","BowlingBash"],"picked":"SKIP","floor":31.0},{"not_picked":["Alpha","MasterReality"],"picked":"Establishment","floor":33.0},{"not_picked":["CarveReality+1","ClearTheMind"],"picked":"Fasting2+1","floor":35.0},{"not_picked":["Prostrate","WreathOfFlame+1","Crescendo"],"picked":"SKIP","floor":37.0},{"not_picked":["Consecrate+1","WindmillStrike+1"],"picked":"Meditate","floor":40.0},{"not_picked":["FlyingSleeves","ClearTheMind"],"picked":"SpiritShield","floor":42.0},{"not_picked":["Halt","BowlingBash","Crescendo"],"picked":"SKIP","floor":44.0},{"not_picked":["Forethought","Enlightenment"],"picked":"Panacea","floor":45.0},{"not_picked":["HandOfGreed","Forethought"],"picked":"The Bomb","floor":45.0},{"not_picked":["Indignation","CutThroughFate+1"],"picked":"Fasting2","floor":46.0},{"not_picked":["FlurryOfBlows+1","JustLucky+1","WindmillStrike+1"],"picked":"SKIP","floor":48.0},{"not_picked":["Weave+1","Indignation","FlurryOfBlows"],"picked":"SKIP","floor":54}],"player_experience":3821514,"relics_obtained":[{"floor":6.0,"key":"Blue Candle"},{"floor":8.0,"key":"Vajra"},{"floor":9.0,"key":"The Courier"},{"floor":10.0,"key":"Omamori"},{"floor":12.0,"key":"Shuriken"},{"floor":21.0,"key":"Ancient Tea Set"},{"floor":23.0,"key":"Damaru"},{"floor":27.0,"key":"MealTicket"},{"floor":28.0,"key":"Red Mask"},{"floor":30.0,"key":"Ornamental Fan"},{"floor":40.0,"key":"Dream Catcher"},{"floor":42.0,"key":"Happy Flower"},{"floor":43.0,"key":"Incense Burner"},{"floor":48.0,"key":"HornCleat"},{"floor":54,"key":"Blood Vial"}],"event_choices":[{"damage_healed":0.0,"max_hp_gain":0.0,"max_hp_loss":0.0,"gold_gain":0.0,"event_name":"Liars Game","player_choice":"Ignored","floor":2.0,"gold_loss":0.0,"damage_taken":0.0},{"damage_healed":0.0,"max_hp_gain":0.0,"max_hp_loss":0.0,"gold_gain":0.0,"cards_transformed":["Eruption"],"event_name":"Living Wall","player_choice":"Change","floor":4.0,"gold_loss":0.0,"damage_taken":0.0,"cards_obtained":["Protect"]},{"damage_healed":0.0,"max_hp_gain":0.0,"max_hp_loss":0.0,"gold_gain":0.0,"event_name":"Match and Keep!","player_choice":"0 cards matched","floor":11.0,"gold_loss":0.0,"damage_taken":0.0,"cards_obtained":[]},{"damage_healed":0.0,"max_hp_gain":0.0,"max_hp_loss":0.0,"gold_gain":0.0,"event_name":"Vampires","player_choice":"Ignored","floor":19.0,"gold_loss":0.0,"damage_taken":0.0},{"damage_healed":0.0,"max_hp_gain":0.0,"max_hp_loss":0.0,"gold_gain":0.0,"event_name":"The Mausoleum","player_choice":"Opened","floor":20.0,"gold_loss":0.0,"damage_taken":0.0,"relics_obtained":["Regal Pillow"],"cards_obtained":["Writhe"]},{"damage_healed":0.0,"max_hp_gain":0.0,"max_hp_loss":0.0,"gold_gain":0.0,"event_name":"Masked Bandits","player_choice":"Fought Bandits","floor":28.0,"gold_loss":0.0,"damage_taken":0.0},{"damage_healed":0.0,"max_hp_gain":0.0,"max_hp_loss":0.0,"gold_gain":0.0,"event_name":"WeMeetAgain","player_choice":"Paid Gold","floor":36.0,"gold_loss":77.0,"damage_taken":0.0,"relics_obtained":["White Beast Statue"]},{"damage_healed":0.0,"max_hp_gain":0.0,"max_hp_loss":0.0,"gold_gain":222.0,"event_name":"Tomb of Lord Red Mask","player_choice":"Wore Mask","floor":38.0,"gold_loss":0.0,"damage_taken":0.0},{"cards_removed":["ConjureBlade"],"damage_healed":0.0,"max_hp_gain":10.0,"max_hp_loss":0.0,"gold_gain":0.0,"event_name":"Bonfire Elementals","player_choice":"Offered Rare","floor":39.0,"gold_loss":0.0,"damage_taken":0.0},{"damage_healed":0.0,"max_hp_gain":0.0,"max_hp_loss":0.0,"gold_gain":0.0,"event_name":"SensoryStone","player_choice":"Memory 3","floor":45.0,"gold_loss":0.0,"damage_taken":10.0}],"is_beta":false,"boss_relics":[{"not_picked":["Calling Bell","Coffee Dripper"],"picked":"Snecko Eye"},{"not_picked":["Sozu","Fusion Hammer"],"picked":"Cursed Key"}],"items_purged_floors":[],"is_endless":false,"potions_floor_spawned":[1,8,12,13,18,23,27,28,33,35,37,40,42,44,46,48,54],"ascension_level":1}}