{"host":"aapp7ew3jk5k1bvd","time":1612534268,"event":{"mods":["AchievementEnabler","BaseMod","Colored Map","Minty Spire (QoL Compilation)","Permanent Neow","StSLib","SuperFastMode"],"gold_per_floor":[113,127,127,127,127,155,172,322,322,68,68,93,107,120,120,197,197,217,74,89,89,89,89,139,139,139,154,168,184,204,204,204,279,279,292,292,306,55,0,0,20,20,320,345,363,375,102,132,132,132],"floor_reached":51,"language":"KOR","playtime":1895,"items_purged":["Doubt","Decay","Strike_B"],"score":1284,"play_id":"4dc0f8a2-4a20-4247-bfbf-79498b43470d","local_time":"20210205231108","is_ascension_mode":true,"campfire_choices":[{"floor":11.0,"key":"REST"},{"floor":15.0,"key":"REST"},{"data":"Apotheosis","floor":23.0,"key":"SMITH"},{"floor":25,"key":"REST"},{"data":"Defragment","floor":32,"key":"SMITH"},{"floor":40,"key":"REST"},{"data":"Chill","floor":42,"key":"SMITH"},{"data":"Strike_B","floor":49,"key":"PURGE"}],"circlet_count":0,"master_deck":["AscendersBane","Defend_B","Defend_B","Defend_B","Defend_B","Zap+1","Dualcast","Rainbow","Cold Snap","Conserve Battery","Coolheaded","Ball Lightning","Apotheosis+1","Core Surge","Seek","Glacier","Defragment+1","Coolheaded","Chill+1","Conserve Battery+1","Ball Lightning","Blizzard","Glacier","Blizzard"],"relics":["Cracked Core","Cables","Juzu Bracelet","Singing Bowl","Toy Ornithopter","Nuclear Battery","Prayer Wheel","SacredBark","Runic Capacitor","Red Mask","Old Coin","Peace Pipe","Lee\u0027s Waffle","Toxic Egg 2"],"acts_visited":["Exordium","TheCity","TheBeyond"],"potions_floor_usage":[30,50],"damage_taken":[{"damage":0.0,"enemies":"Cultist","floor":1.0,"turns":3.0},{"damage":0.0,"enemies":"Jaw Worm","floor":2.0,"turns":4.0},{"damage":14.0,"enemies":"Lagavulin","floor":6.0,"turns":7.0},{"damage":0.0,"enemies":"2 Louse","floor":7.0,"turns":2.0},{"damage":10.0,"enemies":"3 Sentries","floor":12.0,"turns":7.0},{"damage":9.0,"enemies":"Gremlin Gang","floor":13.0,"turns":4.0},{"damage":5.0,"enemies":"3 Louse","floor":14.0,"turns":3.0},{"damage":28.0,"enemies":"Hexaghost","floor":16.0,"turns":11.0},{"damage":0.0,"enemies":"Spheric Guardian","floor":18.0,"turns":3.0},{"damage":4.0,"enemies":"Chosen","floor":20.0,"turns":4.0},{"damage":3,"enemies":"Snake Plant","floor":27,"turns":5},{"damage":8,"enemies":"Centurion and Healer","floor":28,"turns":9},{"damage":0,"enemies":"Snecko","floor":29,"turns":9},{"damage":0,"enemies":"Sentry and Sphere","floor":30,"turns":4},{"damage":34,"enemies":"Automaton","floor":33,"turns":12},{"damage":0,"enemies":"3 Shapes","floor":35,"turns":6},{"damage":33,"enemies":"3 Darklings","floor":37,"turns":7},{"damage":10,"enemies":"Writhing Mass","floor":41,"turns":6},{"damage":0,"enemies":"Mind Bloom Boss Battle","floor":44,"turns":8},{"damage":29,"enemies":"Transient","floor":45,"turns":5},{"damage":0,"enemies":"Spire Growth","floor":46,"turns":7},{"damage":0,"enemies":"Reptomancer","floor":48,"turns":9},{"damage":49,"enemies":"Time Eater","floor":50,"turns":17}],"seed_played":"1649416343867374971","potions_obtained":[{"floor":7.0,"key":"GamblersBrew"},{"floor":13.0,"key":"Block Potion"},{"floor":16.0,"key":"Fire Potion"},{"floor":30,"key":"Ancient Potion"},{"floor":44,"key":"Block Potion"}],"is_trial":false,"path_per_floor":["M","M","?","?","?","E","M","?","T","$","R","E","M","M","R","B",null,"M","$","M","?","?","R","?","R","T","M","M","M","M","?","R","B",null,"M","?","M","$","?","R","M","R","T","?","M","M","$","E","R","B",null],"character_chosen":"DEFECT","items_purchased":["Apotheosis","Glacier","Defragment","Runic Capacitor","Lee\u0027s Waffle"],"campfire_rested":4,"item_purchase_floors":[10,19,19,38,47],"current_hp_per_floor":[64,64,29,29,29,15,15,15,15,15,36,28,21,21,43,15,60,62,62,58,58,36,36,28,52,52,49,45,45,52,52,52,20,73,77,77,48,48,48,77,71,71,71,73,48,52,119,119,119,75],"gold":132,"neow_bonus":"TRANSFORM_CARD","is_daily":false,"chose_seed":false,"campfire_upgraded":3,"win_rate":0.0,"timestamp":1612534268,"path_taken":["M","M","?","?","?","E","M","?","T","$","R","E","M","M","R","BOSS","M","$","M","?","?","R","?","R","T","M","M","M","M","?","R","BOSS","M","?","M","$","?","R","M","R","T","?","M","M","$","E","R","BOSS"],"items_purchased_type":["Card","Card","Card","Relic","Relic"],"build_version":"2020-12-22","purchased_purges":3,"victory":true,"max_hp_per_floor":[71,71,71,71,71,71,71,71,71,71,71,73,75,75,75,75,75,77,77,77,77,82,82,82,82,82,82,86,86,88,88,88,90,90,94,94,98,98,98,98,102,102,102,104,108,112,119,119,119,119],"card_choices":[{"not_picked":["Redo","Beam Cell"],"picked":"Cold Snap","floor":1.0},{"not_picked":["Streamline","Redo"],"picked":"Conserve Battery","floor":2.0},{"not_picked":["Turbo","Hologram"],"picked":"Coolheaded","floor":6.0},{"not_picked":["Doom and Gloom","Rebound"],"picked":"Ball Lightning","floor":7.0},{"not_picked":["Steam","Darkness","Heatsinks"],"picked":"Singing Bowl","floor":12.0},{"not_picked":["Beam Cell","Barrage","Rebound"],"picked":"Singing Bowl","floor":13.0},{"not_picked":["Darkness","Blizzard"],"picked":"Core Surge","floor":14.0},{"not_picked":["Creative AI","Rainbow"],"picked":"Seek","floor":16.0},{"not_picked":["Steam","Rebound","Heatsinks"],"picked":"Singing Bowl","floor":18.0},{"not_picked":["Rebound+1","Stack"],"picked":"Coolheaded","floor":20.0},{"not_picked":["Self Repair+1","Auto Shields"],"picked":"Chill","floor":27},{"not_picked":["Loop+1","Melter"],"picked":"Conserve Battery+1","floor":27},{"not_picked":["Auto Shields","Leap+1","Hello World"],"picked":"Singing Bowl","floor":28},{"not_picked":["Gash","Reprogram+1","Stack"],"picked":"Singing Bowl","floor":28},{"not_picked":["Go for the Eyes","Hologram"],"picked":"Ball Lightning","floor":29},{"not_picked":["All For One","Coolheaded"],"picked":"Blizzard","floor":29},{"not_picked":["Sweeping Beam","Gash"],"picked":"Glacier","floor":30},{"not_picked":["Hologram","Coolheaded","Conserve Battery"],"picked":"Singing Bowl","floor":30},{"not_picked":["Creative AI","Reboot","Multi-Cast"],"picked":"Singing Bowl","floor":33},{"not_picked":["Sweeping Beam","Hologram","Redo"],"picked":"Singing Bowl","floor":35},{"not_picked":["Gash","Rebound","Streamline"],"picked":"Singing Bowl","floor":35},{"not_picked":["Storm","Beam Cell","Loop"],"picked":"Singing Bowl","floor":37},{"not_picked":["Ball Lightning","Leap","Compile Driver+1"],"picked":"Singing Bowl","floor":37},{"not_picked":["Gash","Hologram","Turbo"],"picked":"Singing Bowl","floor":41},{"not_picked":["Streamline","Compile Driver","Sweeping Beam+1"],"picked":"Singing Bowl","floor":41},{"not_picked":["Creative AI","Sweeping Beam","Coolheaded"],"picked":"Singing Bowl","floor":44},{"not_picked":["Compile Driver","Go for the Eyes","Streamline"],"picked":"Singing Bowl","floor":45},{"not_picked":["Turbo","Compile Driver","Steam Power"],"picked":"Singing Bowl","floor":45},{"not_picked":["Tempest","Compile Driver+1","Loop"],"picked":"Singing Bowl","floor":46},{"not_picked":["Darkness","Hyperbeam","Go for the Eyes+1"],"picked":"Singing Bowl","floor":46},{"not_picked":["Cold Snap","Sunder+1"],"picked":"Blizzard","floor":48}],"player_experience":1321117,"relics_obtained":[{"floor":6.0,"key":"Juzu Bracelet"},{"floor":9.0,"key":"Singing Bowl"},{"floor":12.0,"key":"Toy Ornithopter"},{"floor":26,"key":"Prayer Wheel"},{"floor":43,"key":"Old Coin"},{"floor":44,"key":"Peace Pipe"},{"floor":48,"key":"Toxic Egg 2"}],"event_choices":[{"damage_healed":0.0,"max_hp_gain":0.0,"max_hp_loss":0.0,"gold_gain":0.0,"event_name":"Scrap Ooze","player_choice":"Success","floor":3.0,"gold_loss":0.0,"damage_taken":35.0,"relics_obtained":["Cables"]},{"damage_healed":0.0,"max_hp_gain":0.0,"max_hp_loss":0.0,"gold_gain":0.0,"event_name":"Golden Wing","player_choice":"Ignored","floor":4.0,"gold_loss":0.0,"damage_taken":0.0},{"damage_healed":0.0,"max_hp_gain":0.0,"max_hp_loss":0.0,"gold_gain":0.0,"event_name":"Upgrade Shrine","player_choice":"Upgraded","floor":5.0,"gold_loss":0.0,"damage_taken":0.0,"cards_upgraded":["Zap"]},{"damage_healed":0.0,"max_hp_gain":0.0,"max_hp_loss":0.0,"gold_gain":150.0,"event_name":"Liars Game","player_choice":"AGREE","floor":8.0,"gold_loss":0.0,"damage_taken":0.0,"cards_obtained":["Doubt"]},{"cards_removed":["Strike_B"],"damage_healed":0.0,"max_hp_gain":0.0,"max_hp_loss":0.0,"gold_gain":0.0,"event_name":"Back to Basics","player_choice":"Elegance","floor":21.0,"gold_loss":0.0,"damage_taken":0.0},{"damage_healed":0.0,"max_hp_gain":5.0,"max_hp_loss":0.0,"gold_gain":0.0,"event_name":"Forgotten Altar","player_choice":"Shed Blood","floor":22.0,"gold_loss":0.0,"damage_taken":27.0},{"damage_healed":0,"gold_gain":50,"player_choice":"Touch","damage_taken":8,"max_hp_gain":0,"max_hp_loss":0,"event_name":"FaceTrader","floor":24,"gold_loss":0},{"damage_healed":0,"gold_gain":0,"player_choice":"Cursed","damage_taken":0,"max_hp_gain":0,"max_hp_loss":0,"event_name":"Wheel of Change","floor":31,"gold_loss":0,"cards_obtained":["Decay"]},{"damage_healed":0,"gold_gain":0,"player_choice":"Ignored","damage_taken":0,"max_hp_gain":0,"max_hp_loss":0,"event_name":"Mysterious Sphere","floor":36,"gold_loss":0},{"damage_healed":0,"gold_gain":0,"player_choice":"Paid","damage_taken":0,"relics_obtained":["Red Mask"],"max_hp_gain":0,"max_hp_loss":0,"event_name":"Tomb of Lord Red Mask","floor":39,"gold_loss":55},{"damage_healed":0,"gold_gain":0,"player_choice":"Fight","damage_taken":0,"max_hp_gain":0,"max_hp_loss":0,"event_name":"MindBloom","floor":44,"gold_loss":0}],"is_beta":false,"boss_relics":[{"not_picked":["Cursed Key","Black Star"],"picked":"Nuclear Battery"},{"not_picked":["Busted Crown","Velvet Choker"],"picked":"SacredBark"}],"items_purged_floors":[10,38,47],"is_endless":false,"potions_floor_spawned":[7,13,16,20,30,33,44,45,48],"ascension_level":15}}