{"host":"fmegyk2zep2mz06j","time":1612556011,"event":{"mods":["BaseMod","Beaked The Cultist","Downfall","Fiend Mod","Hubris","Marisa????????","Minty Spire (QoL Compilation)","Onozuka Komachi Mod","READ ME - Guardian Mod","READ ME - Snecko Mod","StSLib","The Construct","The Cursed","The Disciple","The Dragon Tamer","The Judge","The Mystic","The Necromancer","The Runesmith","The Servant 0.9.4","thorton"],"gold_per_floor":[99,117,117,133,133,133,183,201,276,309,132,157,171,185,201,300,300,100,116,136,136,154,154,154,154,154,154,154,154,174,274,289,392,392,392,409,428,428,445,445,445,498,498,498,498,509,525,525,540,540,540,540],"floor_reached":50,"language":"ENG","playtime":3944,"items_purged":[],"score":504,"play_id":"b01bc50b-e164-49aa-a40c-8d49d749d02f","local_time":"20210205211331","is_ascension_mode":false,"campfire_choices":[{"floor":1,"key":"RECALL"},{"data":"Guardian:BaubleBeam","floor":18,"key":"SMITH"},{"data":"expansioncontent:DashGenerateEvil","floor":25,"key":"SMITH"},{"data":"Guardian:TwinSlam","floor":29,"key":"SMITH"},{"data":"Guardian:BodySlam","floor":35,"key":"SMITH"},{"floor":43,"key":"REST"},{"data":"Guardian:HyperBeam_Guardian","floor":45,"key":"SMITH"}],"circlet_count":0,"master_deck":["Guardian:Defend_Guardian+1","Guardian:Defend_Guardian","Guardian:Defend_Guardian","Guardian:CurlUp","Guardian:TwinSlam+1","Guardian:ShieldCharger+1","Guardian:PolyBeam","Guardian:HyperBeam_Guardian+1","Guardian:ChargeCore","Guardian:Recover","expansioncontent:DashGenerateEvil+1","Guardian:BaubleBeam+1","Guardian:FloatingOrbs+1","Guardian:DonusPower","Bite","Bite","Bite","Bite","Bite","Guardian:BodySlam+1","Guardian:PiercingHide+1","expansioncontent:PrepareCrush","expansioncontent:LastStand+1","expansioncontent:Hexaburn+1","Wraith","Guardian:Gem_Cyan","hubris:NaturalOne"],"relics":["Guardian:ModeShifterPlus","Regal Pillow","hubris:Towel","Frozen Egg 2","Juzu Bracelet","Bronze Scales","hubris:Backtick","hubris:64BitClover","downfall:HeartBlessingBlue","downfall:HeartBlessingRed","Runesmith:Nanobots","Nilry\u0027s Codex","MutagenicStrength","War Paint","beaked:ShinyBauble","hubris:BundleOfHerbs","hubris:Icosahedron","Blue Candle"],"acts_visited":["Exordium","TheCity","TheBeyond"],"potions_floor_usage":[16,16,33,33,33,46,50],"damage_taken":[{"damage":8,"enemies":"Small Slimes","floor":2,"turns":5},{"damage":18,"enemies":"Jaw Worm","floor":4,"turns":8},{"damage":1,"enemies":"2 Louse","floor":8,"turns":3},{"damage":13,"enemies":"3 Sentries","floor":10,"turns":3},{"damage":0,"enemies":"downfall:FleeingMerchant","floor":11,"turns":4},{"damage":26,"enemies":"Lagavulin","floor":12,"turns":8},{"damage":2,"enemies":"Blue Slaver","floor":13,"turns":5},{"damage":3,"enemies":"Red Slaver","floor":14,"turns":3},{"damage":0,"enemies":"2 Fungi Beasts","floor":15,"turns":1},{"damage":5,"enemies":"SI_SHIV_ARCHETYPE","floor":16,"turns":9},{"damage":10,"enemies":"3 Byrds","floor":19,"turns":4},{"damage":19,"enemies":"Shell Parasite","floor":20,"turns":4},{"damage":1,"enemies":"Snake Plant","floor":22,"turns":4},{"damage":16,"enemies":"3 Cultists","floor":30,"turns":4},{"damage":25,"enemies":"Sentry and Sphere","floor":32,"turns":5},{"damage":21,"enemies":"IC_MUSHROOM_ARCHETYPE","floor":33,"turns":6},{"damage":3,"enemies":"3 Darklings","floor":36,"turns":3},{"damage":0,"enemies":"Orb Walker","floor":37,"turns":3},{"damage":0,"enemies":"4 Shapes","floor":39,"turns":1},{"damage":33,"enemies":"2 Orb Walkers","floor":42,"turns":4},{"damage":0,"enemies":"Writhing Mass","floor":46,"turns":4},{"damage":20,"enemies":"Spire Growth","floor":47,"turns":6},{"damage":24,"enemies":"Maw","floor":49,"turns":7},{"damage":90,"enemies":"WA_ARCHETYPE_DIVINITY","floor":50,"turns":7}],"seed_played":"-300727035785708939","potions_obtained":[{"floor":2,"key":"Guardian:StasisDiscoveryPotion"},{"floor":8,"key":"DistilledChaos"},{"floor":12,"key":"hexamod:SoulburnPotion"},{"floor":13,"key":"BlessingOfTheForge"},{"floor":19,"key":"hexamod:SoulburnPotion"},{"floor":23,"key":"CultistPotion"},{"floor":33,"key":"DuplicationPotion"},{"floor":36,"key":"Energy Potion"},{"floor":39,"key":"AttackPotion"}],"is_trial":false,"path_per_floor":["R","M","?","M","?","?","T","M","T","E","$","E","M","M","M","B",null,"R","M","M","?","M","?","T","R","?","?","?","R","M","?","M","B",null,"R","M","M","?","M","?","T","?","R","?","R","M","M","?","M","B"],"character_chosen":"GUARDIAN","items_purchased":["expansioncontent:DashGenerateEvil"],"campfire_rested":1,"item_purchase_floors":[11],"current_hp_per_floor":[88,80,77,59,59,59,59,58,58,45,45,19,17,14,14,9,88,98,88,69,68,67,67,67,67,67,51,51,51,37,37,16,13,68,68,67,68,58,58,58,58,27,62,62,62,62,44,39,23,0,0,0],"gold":540,"neow_bonus":"TEN_PERCENT_HP_BONUS","is_daily":false,"chose_seed":false,"campfire_upgraded":5,"win_rate":0.0,"timestamp":1612556011,"path_taken":["R","M","?","M","?","?","T","M","?","E","$","E","M","M","M","BOSS","R","M","M","?","M","?","T","R","?","?","?","R","M","?","M","BOSS","R","M","M","?","M","?","T","?","R","?","R","M","M","?","M","BOSS"],"items_purchased_type":["Card"],"build_version":"2020-12-22","purchased_purges":0,"victory":false,"max_hp_per_floor":[88,88,88,88,88,88,88,88,88,88,88,88,88,88,88,88,88,98,98,98,68,68,68,68,68,68,68,68,68,68,68,68,68,68,68,68,68,68,68,68,68,68,68,68,68,68,68,68,68,68,68,68],"card_choices":[{"not_picked":["Guardian:Harden","Guardian:Planning"],"picked":"Guardian:ShieldCharger","floor":2},{"not_picked":["Guardian:FloatingOrbs","Guardian:Reroute"],"picked":"Guardian:PolyBeam","floor":4},{"not_picked":["Guardian:PolyBeam","Guardian:VentSteam"],"picked":"Guardian:HyperBeam_Guardian","floor":8},{"not_picked":["Guardian:DecasProtection","Guardian:RefractedBeam"],"picked":"Guardian:ChargeCore","floor":10},{"not_picked":["Guardian:Harden","Guardian:ExploitGems"],"picked":"Guardian:Recover","floor":11},{"not_picked":["Guardian:RefractedBeam","Guardian:ShieldCharger","Guardian:VentSteam"],"picked":"SKIP","floor":12},{"not_picked":["Guardian:Clone","Guardian:BronzeOrb"],"picked":"Guardian:Gem_Yellow","floor":13},{"not_picked":["Guardian:Gem_Yellow","Guardian:ShieldCharger"],"picked":"Guardian:Gem_Purple","floor":14},{"not_picked":["Guardian:PolyBeam","Guardian:ShieldCharger"],"picked":"Guardian:Gem_Red","floor":15},{"not_picked":["Guardian:FastForward","Guardian:HyperBeam_Guardian"],"picked":"Guardian:BaubleBeam","floor":16},{"not_picked":["Guardian:Gem_White","Guardian:Gem_Green"],"picked":"Guardian:FloatingOrbs+1","floor":19},{"not_picked":["Guardian:WalkerClaw+1","Guardian:ShieldSpikes"],"picked":"Guardian:DonusPower","floor":20},{"not_picked":["Guardian:Gem_Cyan","Guardian:ChargeCore","Guardian:TemporalStrike+1"],"picked":"SKIP","floor":22},{"not_picked":["Guardian:TemporalStrike","Guardian:ArmoredProtocol+1","Guardian:Gem_Lightblue"],"picked":"SKIP","floor":30},{"not_picked":["Guardian:Gem_White","Guardian:Gem_Crimson"],"picked":"Guardian:BodySlam","floor":32},{"not_picked":["Guardian:HyperBeam_Guardian","Guardian:FastForward"],"picked":"Guardian:Gem_Synthetic","floor":33},{"not_picked":["Guardian:VentSteam","Guardian:Gem_Green","Guardian:Gem_Cyan"],"picked":"SKIP","floor":36},{"not_picked":["Guardian:Planning","Guardian:VentSteam"],"picked":"Guardian:PiercingHide+1","floor":37},{"not_picked":["expansioncontent:YouAreMine","expansioncontent:PolyBeam"],"picked":"expansioncontent:PrepareCrush","floor":38},{"not_picked":["expansioncontent:HyperBeam","expansioncontent:Chronoboost"],"picked":"expansioncontent:LastStand","floor":38},{"not_picked":["expansioncontent:PolyBeam","expansioncontent:LastStand"],"picked":"expansioncontent:Hexaburn","floor":38},{"not_picked":["Guardian:CrystalBeam","Guardian:Planning+1","Guardian:Gem_Blue"],"picked":"SKIP","floor":39},{"not_picked":["Guardian:GuardianWhirl+1","Guardian:ChargeCore+1","Guardian:Suspension+1"],"picked":"SKIP","floor":46},{"not_picked":["Guardian:Gem_Lightblue","Guardian:PrimingBeam","Guardian:Clone"],"picked":"SKIP","floor":47},{"not_picked":["Guardian:TemporalShield","Guardian:PrimingBeam+1"],"picked":"Guardian:Gem_Cyan","floor":49}],"player_experience":121006,"relics_obtained":[{"floor":9,"key":"Frozen Egg 2"},{"floor":10,"key":"Juzu Bracelet"},{"floor":12,"key":"Bronze Scales"},{"floor":24,"key":"Runesmith:Nanobots"},{"floor":27,"key":"Nilry\u0027s Codex"},{"floor":36,"key":"War Paint"},{"floor":41,"key":"beaked:ShinyBauble"},{"floor":42,"key":"hubris:BundleOfHerbs"}],"event_choices":[{"damage_healed":0,"gold_gain":0,"player_choice":"Success","damage_taken":3,"relics_obtained":["Regal Pillow"],"max_hp_gain":0,"max_hp_loss":0,"event_name":"Scrap Ooze","floor":3,"gold_loss":0},{"damage_healed":0,"gold_gain":0,"player_choice":"Became a vampire","damage_taken":0,"max_hp_gain":0,"max_hp_loss":30,"event_name":"Vampires","floor":21,"gold_loss":0,"cards_obtained":["Bite","Bite","Bite","Bite","Bite"]},{"damage_healed":0,"gold_gain":0,"player_choice":"Ignored","damage_taken":0,"max_hp_gain":0,"max_hp_loss":0,"event_name":"NoteForYourself","floor":26,"gold_loss":0},{"damage_healed":0,"gold_gain":0,"player_choice":"Inject Mutagens","damage_taken":0,"relics_obtained":["MutagenicStrength"],"max_hp_gain":0,"max_hp_loss":0,"event_name":"Drug Dealer","floor":28,"gold_loss":0},{"damage_healed":0,"gold_gain":0,"player_choice":"Ignored","damage_taken":0,"max_hp_gain":0,"max_hp_loss":0,"event_name":"OrinTheCat","floor":40,"gold_loss":0},{"damage_healed":0,"gold_gain":0,"player_choice":"Fight","damage_taken":0,"max_hp_gain":0,"max_hp_loss":0,"event_name":"Mysterious Sphere","floor":42,"gold_loss":0}],"is_beta":false,"boss_relics":[{"not_picked":["thethorton:BottledFunds","Runic Dome"],"picked":"hubris:Backtick"},{"not_picked":["Runic Pyramid","hubris:GrandSneckoEye"],"picked":"Guardian:ModeShifterPlus"}],"items_purged_floors":[],"is_endless":false,"potions_floor_spawned":[2,8,12,13,14,16,19,33,36,39,42],"killed_by":"WA_ARCHETYPE_DIVINITY","ascension_level":0}}