{"host":"l4p18zw33fr8bdc3","time":1612530979,"event":{"mods":["AchievementEnabler","BaseMod","Bestiary","Block Reminder","Colored Map","Colored Powertips","Curses Come First","Minty Spire (QoL Compilation)","Quick Restart","Rare Cards Sparkle","StSLib"],"gold_per_floor":[118,131,148,165,175,175,186,216,241,271,37,37,56,68,68,167,167,180,190,204,221,234,234,267,267,267,182,182,217,79,11,11,109,109,122,136,11,11,11,37,37,37,37,48,66,91,111,128,128,128],"floor_reached":51,"language":"ENG","playtime":4415,"items_purged":["Strike_G","Strike_G","Strike_G"],"score":862,"play_id":"b5584413-74e3-47c7-9b91-4273d6f816c2","local_time":"20210205081619","is_ascension_mode":true,"campfire_choices":[{"data":"Backflip","floor":6,"key":"SMITH"},{"floor":15,"key":"REST"},{"floor":23,"key":"REST"},{"data":"Footwork","floor":25,"key":"SMITH"},{"floor":32,"key":"REST"},{"data":"Blur","floor":42,"key":"SMITH"},{"floor":49,"key":"REST"}],"circlet_count":0,"master_deck":["Defend_G","Defend_G","Defend_G","Defend_G","Defend_G","Survivor","Neutralize+1","Backflip+1","Deadly Poison","PiercingWail","Bouncing Flask","Cloak And Dagger","Flying Knee","Escape Plan","Quick Slash","Footwork+1","Expertise","Flying Knee","Footwork+1","Blade Dance","Envenom","Catalyst+1","Leg Sweep+1","Blur+1","Night Terror","Noxious Fumes","PiercingWail+1","Crippling Poison","Calculated Gamble","Deadly Poison+1","Madness","Escape Plan","Deflect+1","Footwork","Footwork"],"relics":["Ring of the Serpent","Paper Crane","Pen Nib","Meat on the Bone","Bag of Marbles","Matryoshka","Oddly Smooth Stone","Girya","Empty Cage","Vajra","PreservedInsect","Happy Flower","Boot","Bird Faced Urn"],"acts_visited":["Exordium","TheCity","TheBeyond"],"potions_floor_usage":[8,10,13,16,20,22,28,33,40,46],"damage_taken":[{"damage":0,"enemies":"Cultist","floor":1,"turns":4},{"damage":5,"enemies":"Small Slimes","floor":2,"turns":4},{"damage":2,"enemies":"Jaw Worm","floor":3,"turns":4},{"damage":2,"enemies":"Blue Slaver","floor":4,"turns":5},{"damage":0,"enemies":"Looter","floor":5,"turns":4},{"damage":19,"enemies":"Exordium Thugs","floor":7,"turns":6},{"damage":9,"enemies":"Gremlin Nob","floor":8,"turns":4},{"damage":15,"enemies":"3 Sentries","floor":10,"turns":9},{"damage":1,"enemies":"Blue Slaver","floor":13,"turns":2},{"damage":26,"enemies":"Lots of Slimes","floor":14,"turns":8},{"damage":3,"enemies":"Hexaghost","floor":16,"turns":9},{"damage":23,"enemies":"Spheric Guardian","floor":18,"turns":6},{"damage":0,"enemies":"Shell Parasite","floor":19,"turns":6},{"damage":0,"enemies":"Snecko","floor":20,"turns":5},{"damage":15,"enemies":"Centurion and Healer","floor":21,"turns":9},{"damage":38,"enemies":"Cultist and Chosen","floor":22,"turns":10},{"damage":1,"enemies":"Book of Stabbing","floor":24,"turns":9},{"damage":15,"enemies":"Colosseum Slavers","floor":28,"turns":9},{"damage":26,"enemies":"Colosseum Nobs","floor":28,"turns":5},{"damage":8,"enemies":"Gremlin Leader","floor":29,"turns":9},{"damage":24,"enemies":"Automaton","floor":33,"turns":14},{"damage":22,"enemies":"3 Darklings","floor":35,"turns":9},{"damage":14,"enemies":"Orb Walker","floor":36,"turns":6},{"damage":27,"enemies":"Giant Head","floor":40,"turns":13},{"damage":16,"enemies":"Sphere and 2 Shapes","floor":44,"turns":6},{"damage":0,"enemies":"Maw","floor":45,"turns":7},{"damage":27,"enemies":"Reptomancer","floor":46,"turns":9},{"damage":2,"enemies":"3 Darklings","floor":47,"turns":6},{"damage":20,"enemies":"Spire Growth","floor":48,"turns":8},{"damage":35,"enemies":"Donu and Deca","floor":50,"turns":14}],"seed_played":"5455537857133489659","potions_obtained":[{"floor":1,"key":"Fire Potion"},{"floor":7,"key":"Fire Potion"},{"floor":8,"key":"Poison Potion"},{"floor":14,"key":"Regen Potion"},{"floor":16,"key":"LiquidMemories"},{"floor":18,"key":"LiquidMemories"},{"floor":24,"key":"SmokeBomb"},{"floor":29,"key":"SkillPotion"},{"floor":33,"key":"Swift Potion"},{"floor":44,"key":"DuplicationPotion"},{"floor":45,"key":"ColorlessPotion"},{"floor":47,"key":"Fire Potion"}],"is_trial":false,"path_per_floor":["M","M","M","M","M","R","M","E","T","E","$","?","M","M","R","B",null,"M","M","M","M","M","R","E","R","T","?","?","E","$","$","R","B",null,"M","M","$","?","?","E","T","R","T","M","M","E","M","M","R","B",null],"character_chosen":"THE_SILENT","items_purchased":["Footwork","Expertise","Flying Knee","Crippling Poison","Calculated Gamble"],"campfire_rested":4,"item_purchase_floors":[11,11,11,30,31],"current_hp_per_floor":[70,65,63,61,61,61,42,33,33,18,18,18,29,15,36,48,70,47,47,47,44,18,39,38,38,38,38,21,25,25,25,46,34,70,48,46,46,46,46,31,31,31,31,27,39,24,40,40,61,38],"gold":128,"neow_bonus":"UPGRADE_CARD","is_daily":false,"chose_seed":false,"campfire_upgraded":3,"win_rate":0.0,"timestamp":1612530979,"path_taken":["M","M","M","M","M","R","?","E","T","E","$","?","M","M","R","BOSS","M","M","M","M","M","R","E","R","T","?","?","E","?","$","R","BOSS","M","M","$","?","?","E","?","R","T","M","M","E","M","?","R","BOSS"],"items_purchased_type":["Card","Card","Card","Card","Card"],"build_version":"2020-12-22","purchased_purges":3,"victory":true,"max_hp_per_floor":[70,70,70,70,70,70,70,70,70,70,70,70,70,70,70,70,70,70,70,70,70,70,70,70,70,70,70,70,70,70,70,70,70,70,70,70,70,70,70,70,70,70,70,70,70,70,70,70,70,70],"card_choices":[{"not_picked":["Tactician","Dodge and Roll"],"picked":"Backflip","floor":1},{"not_picked":["Underhanded Strike","Bane"],"picked":"Deadly Poison","floor":2},{"not_picked":["Deadly Poison","Backflip"],"picked":"PiercingWail","floor":3},{"not_picked":["Infinite Blades","Predator"],"picked":"Bouncing Flask","floor":4},{"not_picked":["A Thousand Cuts","Acrobatics"],"picked":"Cloak And Dagger","floor":5},{"not_picked":["Underhanded Strike","Bouncing Flask"],"picked":"Flying Knee","floor":7},{"not_picked":["PiercingWail","Acrobatics"],"picked":"Escape Plan","floor":8},{"not_picked":["Unload","PiercingWail"],"picked":"Quick Slash","floor":10},{"not_picked":["All Out Attack","Acrobatics"],"picked":"Footwork","floor":13},{"not_picked":["Prepared","Eviscerate"],"picked":"Blade Dance","floor":14},{"not_picked":["Glass Knife","Bullet Time"],"picked":"Envenom","floor":16},{"not_picked":["Dodge and Roll+1","Deadly Poison"],"picked":"Catalyst+1","floor":18},{"not_picked":["Concentrate","Dagger Throw"],"picked":"Leg Sweep+1","floor":19},{"not_picked":["Deadly Poison","Flying Knee","Quick Slash"],"picked":"SKIP","floor":20},{"not_picked":["Prepared","Blade Dance"],"picked":"Blur","floor":21},{"not_picked":["Deadly Poison","Flechettes"],"picked":"Night Terror","floor":22},{"not_picked":["Corpse Explosion","Dash"],"picked":"Noxious Fumes","floor":24},{"not_picked":["Deadly Poison","Reflex"],"picked":"PiercingWail+1","floor":29},{"not_picked":["Unload","Phantasmal Killer"],"picked":"After Image","floor":33},{"not_picked":["Infinite Blades","Quick Slash","Bane"],"picked":"SKIP","floor":35},{"not_picked":["Setup","Flying Knee+1"],"picked":"Deadly Poison+1","floor":36},{"not_picked":["Flash of Steel","Discovery"],"picked":"Madness","floor":39},{"not_picked":["Dagger Spray+1","Backstab"],"picked":"Escape Plan","floor":40},{"not_picked":["Accuracy","Flying Knee+1"],"picked":"Deflect+1","floor":44},{"not_picked":["Choke+1","Dagger Throw+1","Acrobatics"],"picked":"SKIP","floor":45},{"not_picked":["Unload","Prepared","Dagger Spray+1"],"picked":"SKIP","floor":46},{"not_picked":["Dagger Spray+1","Leg Sweep"],"picked":"Footwork","floor":47},{"not_picked":["Accuracy+1","Flying Knee"],"picked":"Footwork","floor":48}],"player_experience":240603,"relics_obtained":[{"floor":8,"key":"Paper Crane"},{"floor":9,"key":"Pen Nib"},{"floor":10,"key":"Meat on the Bone"},{"floor":24,"key":"Bag of Marbles"},{"floor":26,"key":"Matryoshka"},{"floor":29,"key":"Girya"},{"floor":40,"key":"Vajra"},{"floor":41,"key":"PreservedInsect"},{"floor":41,"key":"Happy Flower"},{"floor":43,"key":"Boot"},{"floor":46,"key":"Bird Faced Urn"}],"event_choices":[{"damage_healed":0,"gold_gain":0,"player_choice":"Grow","damage_taken":0,"max_hp_gain":0,"max_hp_loss":0,"event_name":"Living Wall","floor":12,"gold_loss":0,"cards_upgraded":["Footwork"]},{"damage_healed":0,"gold_gain":0,"player_choice":"Obtained Relic","damage_taken":0,"relics_obtained":["Oddly Smooth Stone"],"max_hp_gain":0,"max_hp_loss":0,"event_name":"Addict","floor":27,"gold_loss":85},{"damage_healed":0,"gold_gain":0,"player_choice":"Fight","damage_taken":0,"max_hp_gain":0,"max_hp_loss":0,"event_name":"Colosseum","floor":28,"gold_loss":0},{"damage_healed":0,"gold_gain":0,"player_choice":"Fought Nobs","damage_taken":0,"max_hp_gain":0,"max_hp_loss":0,"event_name":"Colosseum","floor":28,"gold_loss":0},{"cards_removed":["After Image"],"damage_healed":0,"gold_gain":0,"player_choice":"Removed Power","damage_taken":0,"max_hp_gain":0,"max_hp_loss":0,"event_name":"Falling","floor":38,"gold_loss":0},{"damage_healed":0,"gold_gain":0,"player_choice":"Memory 1","damage_taken":0,"max_hp_gain":0,"max_hp_loss":0,"event_name":"SensoryStone","floor":39,"gold_loss":0}],"is_beta":false,"boss_relics":[{"not_picked":["WristBlade","Runic Dome"],"picked":"Ring of the Serpent"},{"not_picked":["Pandora\u0027s Box","Velvet Choker"],"picked":"Empty Cage"}],"items_purged_floors":[11,30,37],"is_endless":false,"potions_floor_spawned":[1,7,8,14,16,18,24,28,29,33,44,45,47],"ascension_level":2}}