{"host":"rtw1tnr74gozsrw1","time":1612548971,"event":{"mods":["BaseMod","Colored Map","Colored Powertips","Highlight Path","Minty Spire (QoL Compilation)","StSLib","The Jungle"],"gold_per_floor":[111,111,128,53,53,53,66,66,118,142,168,168,216,232,232,334,334,347,357,176,176,176,202,202,202,202],"floor_reached":25,"language":"ENG","playtime":723,"items_purged":["Defend_G","Corpse Explosion"],"score":228,"play_id":"39a7e09d-9f14-4117-b41f-e74d59b4a2e9","local_time":"20210205191611","is_ascension_mode":true,"campfire_choices":[{"data":"Leg Sweep","floor":6.0,"key":"SMITH"},{"data":"Blade Dance","floor":8.0,"key":"SMITH"},{"floor":12.0,"key":"REST"},{"data":"Accuracy","floor":15.0,"key":"SMITH"},{"data":"Accuracy","floor":24.0,"key":"SMITH"}],"circlet_count":0,"master_deck":["Survivor","Neutralize+1","Backstab","Leg Sweep+1","Blade Dance+1","Sucker Punch+1","Accuracy+1","Backstab","Adrenaline","Well Laid Plans","All Out Attack","Quick Slash","Tools of the Trade","Bane","Flechettes","Deflect","Leg Sweep+1","Infinite Blades","Accuracy+1","Blade Dance","Calculated Gamble+1"],"relics":["Ring of the Snake","NeowsBlessing","Blood Vial","Odd Mushroom","Happy Flower","Whetstone","Pandora\u0027s Box","Letter Opener"],"acts_visited":["Exordium","TheCity"],"potions_floor_usage":[],"damage_taken":[{"damage":0.0,"enemies":"Jaw Worm","floor":1.0,"turns":1.0},{"damage":0.0,"enemies":"2 Louse","floor":3.0,"turns":1.0},{"damage":0.0,"enemies":"Small Slimes","floor":7.0,"turns":1.0},{"damage":10.0,"enemies":"The Mushroom Lair","floor":10.0,"turns":5.0},{"damage":23.0,"enemies":"Gremlin Nob","floor":11.0,"turns":5.0},{"damage":0.0,"enemies":"Looter","floor":14.0,"turns":2.0},{"damage":21.0,"enemies":"Slime Boss","floor":16.0,"turns":10.0},{"damage":7.0,"enemies":"2 Thieves","floor":18.0,"turns":3.0},{"damage":0.0,"enemies":"Spheric Guardian","floor":19.0,"turns":2.0},{"damage":20.0,"enemies":"Gremlin Leader","floor":23.0,"turns":4.0},{"damage":0,"enemies":"Snake Plant","floor":25,"turns":1}],"seed_played":"-3271869458791067067","potions_obtained":[{"floor":10.0,"key":"Block Potion"},{"floor":11.0,"key":"Energy Potion"},{"floor":16.0,"key":"Strength Potion"},{"floor":18.0,"key":"SpeedPotion"}],"is_trial":false,"path_per_floor":["M","?","M","$","?","R","M","R","T","?","E","R","T","M","R","B",null,"M","M","$","?","?","E","R","M"],"character_chosen":"THE_SILENT","items_purchased":["Accuracy"],"campfire_rested":1,"item_purchase_floors":[20],"current_hp_per_floor":[70,63,63,63,63,63,63,63,63,55,34,55,55,57,57,38,70,63,65,65,65,52,34,34,36,36],"gold":202,"neow_bonus":"THREE_ENEMY_KILL","is_daily":false,"chose_seed":false,"campfire_upgraded":4,"win_rate":0.0,"timestamp":1612548971,"path_taken":["M","?","M","$","?","R","M","R","T","?","E","R","?","M","R","BOSS","M","M","$","?","?","E","R","M"],"items_purchased_type":["Card"],"build_version":"2020-12-22","purchased_purges":2,"victory":false,"max_hp_per_floor":[70,70,70,70,70,70,70,70,70,70,70,70,70,70,70,70,70,70,70,70,70,75,75,75,75,75],"card_choices":[{"not_picked":["Dodge and Roll","Acrobatics"],"picked":"Backstab","floor":1.0},{"not_picked":["Deflect","PiercingWail"],"picked":"Leg Sweep","floor":3.0},{"not_picked":["Sucker Punch","Deflect"],"picked":"Blade Dance","floor":7.0},{"not_picked":["Dagger Throw","Bullet Time"],"picked":"Sucker Punch","floor":10.0},{"not_picked":["Underhanded Strike","Backflip"],"picked":"Accuracy","floor":11.0},{"not_picked":["Backflip","Distraction"],"picked":"Backstab","floor":14.0},{"not_picked":["Bullet Time","Corpse Explosion"],"picked":"Adrenaline","floor":16.0},{"not_picked":["Deadly Poison","Endless Agony"],"picked":"Leg Sweep+1","floor":18.0},{"not_picked":["Accuracy","Dagger Throw"],"picked":"Infinite Blades","floor":19.0},{"not_picked":["Dash","Prepared"],"picked":"Calculated Gamble+1","floor":23.0}],"player_experience":108573,"relics_obtained":[{"floor":9.0,"key":"Blood Vial"},{"floor":10.0,"key":"Odd Mushroom"},{"floor":11.0,"key":"Happy Flower"},{"floor":13.0,"key":"Whetstone"},{"floor":23.0,"key":"Letter Opener"}],"event_choices":[{"cards_removed":["Strike_G"],"damage_healed":0.0,"max_hp_gain":0.0,"max_hp_loss":0.0,"gold_gain":0.0,"event_name":"Golden Wing","player_choice":"Card Removal","floor":2.0,"gold_loss":0.0,"damage_taken":7.0},{"damage_healed":0.0,"max_hp_gain":0.0,"max_hp_loss":0.0,"gold_gain":0.0,"event_name":"Golden Idol","player_choice":"Ignored","floor":5.0,"gold_loss":0.0,"damage_taken":0.0},{"damage_healed":0.0,"max_hp_gain":0.0,"max_hp_loss":0.0,"gold_gain":0.0,"event_name":"Mushrooms","player_choice":"Fought Mushrooms","floor":10.0,"gold_loss":0.0,"damage_taken":0.0},{"damage_healed":0.0,"max_hp_gain":0.0,"max_hp_loss":0.0,"gold_gain":0.0,"event_name":"The Library","player_choice":"Read","floor":21.0,"gold_loss":0.0,"damage_taken":0.0,"cards_obtained":["Blade Dance"]},{"damage_healed":0.0,"max_hp_gain":5.0,"max_hp_loss":0.0,"gold_gain":0.0,"event_name":"Forgotten Altar","player_choice":"Shed Blood","floor":22.0,"gold_loss":0.0,"damage_taken":18.0}],"is_beta":false,"boss_relics":[{"not_picked":["Snecko Eye","Ectoplasm"],"picked":"Pandora\u0027s Box"}],"items_purged_floors":[4,20],"is_endless":false,"potions_floor_spawned":[10,11,16,18],"killed_by":"Snake Plant","ascension_level":1}}