{"host":"gttgmv2wah99hzdm","time":1612543925,"event":{"mods":["AchievementEnabler","BaseMod","Bestiary","Block Reminder","Filter the Spire","Minty Spire (QoL Compilation)","Relic Stats","Weighted Paths","ojb\u0027s Info Mod"],"gold_per_floor":[116,132,132,148,160,192,192,218,218,251,251,251,267,282,282,282,282],"floor_reached":16,"language":"ENG","playtime":936,"items_purged":[],"score":244,"play_id":"1c92a4c4-40f0-4d87-89c2-cc44a9e8b4ed","local_time":"20210205105205","is_ascension_mode":true,"campfire_choices":[{"floor":7,"key":"REST"},{"data":"1","floor":12,"key":"LIFT"},{"data":"2","floor":15,"key":"LIFT"}],"circlet_count":0,"master_deck":["AscendersBane","Strike_G","Strike_G","Strike_G","Strike_G","Strike_G","Defend_G","Defend_G","Defend_G","Defend_G","Defend_G","Survivor","Neutralize","Dagger Throw","Blade Dance","Choke","Flying Knee","Acrobatics","Calculated Gamble","Masterful Stab","Blur","Wraith Form v2","Acrobatics"],"relics":["Ring of the Snake","Bag of Preparation","Pen Nib","Mummified Hand","Girya"],"acts_visited":["Exordium"],"potions_floor_usage":[6,8,8,13,16],"damage_taken":[{"damage":0,"enemies":"2 Louse","floor":1,"turns":2},{"damage":0,"enemies":"Cultist","floor":2,"turns":3},{"damage":0,"enemies":"Small Slimes","floor":4,"turns":2},{"damage":4,"enemies":"Looter","floor":5,"turns":4},{"damage":27,"enemies":"Lagavulin","floor":6,"turns":8},{"damage":2,"enemies":"3 Sentries","floor":8,"turns":4},{"damage":15,"enemies":"Lagavulin","floor":10,"turns":5},{"damage":2,"enemies":"Red Slaver","floor":13,"turns":2},{"damage":2,"enemies":"Large Slime","floor":14,"turns":5},{"damage":38,"enemies":"Hexaghost","floor":16,"turns":9}],"seed_played":"3400576834778877907","potions_obtained":[{"floor":2,"key":"BlessingOfTheForge"},{"floor":4,"key":"Explosive Potion"},{"floor":6,"key":"Explosive Potion"},{"floor":11,"key":"LiquidMemories"},{"floor":11,"key":"CunningPotion"}],"is_trial":false,"path_per_floor":["M","M","?","M","M","E","R","E","T","E","?","R","M","M","R","B"],"character_chosen":"THE_SILENT","items_purchased":[],"campfire_rested":1,"item_purchase_floors":[],"current_hp_per_floor":[59,59,64,64,60,33,54,52,52,37,37,37,35,33,33,0,0],"gold":282,"neow_bonus":"THREE_CARDS","is_daily":false,"chose_seed":false,"campfire_upgraded":0,"win_rate":0.0,"timestamp":1612543925,"path_taken":["M","M","?","M","M","E","R","E","T","E","?","R","M","M","R","BOSS"],"items_purchased_type":[],"build_version":"2020-12-22","purchased_purges":0,"victory":false,"max_hp_per_floor":[66,66,71,71,71,71,71,71,71,71,71,71,71,71,71,71,71],"relic_stats":{"counters":[10,44],"Mummified Hand":[0],"Pen Nib":[5],"Bag of Preparation":[10],"obtain_stats":[{"Girya":10,"Mummified Hand":9,"Pen Nib":8,"Bag of Preparation":6,"Ring of the Snake":0},{"Girya":7,"Mummified Hand":6,"Pen Nib":6,"Bag of Preparation":5,"Ring of the Snake":0},{"Girya":28,"Mummified Hand":23,"Pen Nib":23,"Bag of Preparation":19,"Ring of the Snake":0}],"Ring of the Snake":[20]},"card_choices":[{"not_picked":["Heel Hook","Poisoned Stab"],"picked":"Dagger Throw","floor":0},{"not_picked":["Bouncing Flask","Poisoned Stab"],"picked":"Blade Dance","floor":1},{"not_picked":["Expertise","Deflect"],"picked":"Choke","floor":2},{"not_picked":["Deflect","Well Laid Plans"],"picked":"Flying Knee","floor":4},{"not_picked":["Setup","Distraction"],"picked":"Acrobatics","floor":5},{"not_picked":["Skewer","Masterful Stab"],"picked":"Calculated Gamble","floor":6},{"not_picked":["Quick Slash","Prepared"],"picked":"Masterful Stab","floor":8},{"not_picked":["Catalyst","Crippling Poison"],"picked":"Blur","floor":10},{"not_picked":["Eviscerate","Quick Slash"],"picked":"Wraith Form v2","floor":13},{"not_picked":["Deadly Poison","Prepared"],"picked":"Acrobatics","floor":14}],"player_experience":1099908,"relics_obtained":[{"floor":6,"key":"Bag of Preparation"},{"floor":8,"key":"Pen Nib"},{"floor":9,"key":"Mummified Hand"},{"floor":10,"key":"Girya"}],"event_choices":[{"damage_healed":0,"gold_gain":0,"player_choice":"Donut","damage_taken":0,"max_hp_gain":5,"max_hp_loss":0,"event_name":"Big Fish","floor":3,"gold_loss":0},{"damage_healed":0,"gold_gain":0,"player_choice":"Got Potions","damage_taken":0,"max_hp_gain":0,"max_hp_loss":0,"event_name":"Lab","floor":11,"gold_loss":0}],"is_beta":false,"boss_relics":[],"items_purged_floors":[],"is_endless":false,"potions_floor_spawned":[2,4,6],"killed_by":"Hexaghost","ascension_level":20}}