{"host":"7fyy23rucerupe6i","time":1612517774,"event":{"mods":["BaseMod","Minty Spire (QoL Compilation)","StSLib","The Senshi"],"gold_per_floor":[99,99,49,49,49,49,49,49,49,49,19,19,19,19,19,19,19,19,19,19,19,19,19,19,19,19,19,19,19,19,19,19,19,19,19,19,19,19,19,19,19,19,19,19,19,19,19,19,19,19],"floor_reached":51,"language":"ZHS","playtime":3453,"items_purged":[],"score":757,"play_id":"b342979c-e2b4-4d85-a68c-c4817a43c222","local_time":"20210205173614","is_ascension_mode":false,"campfire_choices":[{"data":"theSenshi:MoonCosmicPowerMakeUp","floor":7.0,"key":"SMITH"},{"data":"theSenshi:LateForSchool","floor":10.0,"key":"SMITH"},{"data":"theSenshi:LateForSchool","floor":15.0,"key":"SMITH"},{"data":"theSenshi:IWillPunishYou","floor":23.0,"key":"SMITH"},{"data":"theSenshi:Overload","floor":27.0,"key":"SMITH"},{"data":"theSenshi:SchoolBag","floor":32.0,"key":"SMITH"},{"data":"theSenshi:SupersonicWaves","floor":40,"key":"SMITH"},{"data":"theSenshi:JupitersPower","floor":42,"key":"SMITH"},{"data":"theSenshi:MoonPunch","floor":49,"key":"SMITH"}],"circlet_count":0,"master_deck":["theSenshi:SailorKick+1","theSenshi:SailorBlock+1","theSenshi:MoonPrismPowerMakeUp","theSenshi:SchoolBag+1","theSenshi:MoonPunch+1","theSenshi:MoonCosmicPowerMakeUp+1","theSenshi:LateForSchool+1","theSenshi:LateForSchool+1","theSenshi:Overload+1","theSenshi:JupitersPower+1","theSenshi:WarriorOfTheMoon","theSenshi:KlutzyLuck+1","theSenshi:StudyParty+1","theSenshi:SupersonicWaves+1"],"relics":["Ectoplasm","Vajra","theSenshi:CrescentMoonWandRelic","Astrolabe","theSenshi:SuperSailorFukuRelic","Empty Cage","Blue Candle"],"acts_visited":["Exordium","TheCity","TheBeyond"],"potions_floor_usage":[],"damage_taken":[{"damage":0.0,"enemies":"Jaw Worm","floor":1.0,"turns":3.0},{"damage":0.0,"enemies":"2 Louse","floor":4.0,"turns":3.0},{"damage":19.0,"enemies":"Gremlin Nob","floor":6.0,"turns":4.0},{"damage":0.0,"enemies":"Small Slimes","floor":8.0,"turns":3.0},{"damage":0.0,"enemies":"Looter","floor":11.0,"turns":3.0},{"damage":0.0,"enemies":"Blue Slaver","floor":12.0,"turns":3.0},{"damage":5.0,"enemies":"Exordium Wildlife","floor":13.0,"turns":5.0},{"damage":0.0,"enemies":"2 Fungi Beasts","floor":14.0,"turns":2.0},{"damage":23.0,"enemies":"Slime Boss","floor":16.0,"turns":8.0},{"damage":0.0,"enemies":"Shell Parasite","floor":18.0,"turns":2.0},{"damage":3.0,"enemies":"3 Byrds","floor":21.0,"turns":4.0},{"damage":6.0,"enemies":"Shelled Parasite and Fungi","floor":24.0,"turns":3.0},{"damage":0.0,"enemies":"3 Cultists","floor":29.0,"turns":2.0},{"damage":0.0,"enemies":"Snake Plant","floor":30.0,"turns":3.0},{"damage":0.0,"enemies":"Cultist and Chosen","floor":31.0,"turns":2.0},{"damage":0.0,"enemies":"Collector","floor":33.0,"turns":3.0},{"damage":0,"enemies":"3 Darklings","floor":35,"turns":1},{"damage":0,"enemies":"Orb Walker","floor":36,"turns":2},{"damage":0,"enemies":"Writhing Mass","floor":37,"turns":2},{"damage":0,"enemies":"Spire Growth","floor":38,"turns":1},{"damage":0,"enemies":"Sphere and 2 Shapes","floor":41,"turns":2},{"damage":0,"enemies":"4 Shapes","floor":44,"turns":2},{"damage":0,"enemies":"Writhing Mass","floor":46,"turns":1},{"damage":0,"enemies":"Spire Growth","floor":47,"turns":2},{"damage":0,"enemies":"Time Eater","floor":50,"turns":3}],"seed_played":"6372950828575296293","potions_obtained":[{"floor":6.0,"key":"EntropicBrew"},{"floor":11.0,"key":"EssenceOfSteel"},{"floor":12.0,"key":"BlessingOfTheForge"},{"floor":29.0,"key":"LiquidMemories"},{"floor":41,"key":"AttackPotion"}],"is_trial":false,"path_per_floor":["M","?","?","M","$","E","R","M","T","R","M","M","M","M","R","B",null,"M","?","?","M","$","R","M","$","T","R","?","M","M","M","R","B",null,"M","M","M","M","?","R","M","R","T","M","?","M","M","?","R","B",null],"character_chosen":"THE_SENSHI","items_purchased":[],"campfire_rested":0,"item_purchase_floors":[],"current_hp_per_floor":[75,60,60,60,60,41,41,41,41,41,41,41,36,36,36,13,75,75,75,75,72,72,72,66,66,66,66,66,66,66,66,66,66,75,75,75,75,75,75,75,75,75,75,75,75,75,75,71,71,71],"gold":19,"neow_bonus":"BOSS_RELIC","is_daily":false,"chose_seed":false,"campfire_upgraded":9,"win_rate":0.0,"timestamp":1612517774,"path_taken":["M","?","?","M","$","E","R","M","T","R","M","M","M","M","R","BOSS","M","?","?","M","$","R","M","$","T","R","?","M","?","M","R","BOSS","BOSS","M","M","M","M","?","R","M","R","T","M","?","M","M","?","R","BOSS"],"items_purchased_type":[],"build_version":"2020-12-22","purchased_purges":0,"victory":true,"max_hp_per_floor":[75,75,75,75,75,75,75,75,75,75,75,75,75,75,75,75,75,75,75,75,75,75,75,75,75,75,75,75,75,75,75,75,75,75,75,75,75,75,75,75,75,75,75,75,75,75,75,71,71,71],"card_choices":[{"not_picked":["theSenshi:SailorVenusAssists","theSenshi:VenusGlamour"],"picked":"theSenshi:SchoolBag","floor":1.0},{"not_picked":["theSenshi:LunasBite","theSenshi:SailorMarsAssists"],"picked":"theSenshi:MoonPunch","floor":4.0},{"not_picked":["theSenshi:MoonPunch","theSenshi:GlimpseOfThePast"],"picked":"theSenshi:MoonCosmicPowerMakeUp","floor":6.0},{"not_picked":["theSenshi:SailorMarsAssists","theSenshi:EncouragingSpeech"],"picked":"theSenshi:LateForSchool","floor":8.0},{"not_picked":["theSenshi:SchoolBag","theSenshi:SailorMarsAssists"],"picked":"theSenshi:LateForSchool","floor":11.0},{"not_picked":["theSenshi:TuxedoMaskAssists","theSenshi:EncouragingSpeech","theSenshi:CrisisMakeUp"],"picked":"SKIP","floor":12.0},{"not_picked":["theSenshi:RainbowMoonHeartAche","theSenshi:MoonCrisisMakeUp"],"picked":"theSenshi:Overload","floor":13.0},{"not_picked":["theSenshi:MoonlightKnight","theSenshi:SchoolBag"],"picked":"theSenshi:JupitersPower","floor":14.0},{"not_picked":["theSenshi:IWillPunishYou","theSenshi:LunaSensingAllies"],"picked":"theSenshi:WarriorOfTheMoon","floor":16.0},{"not_picked":["theSenshi:SailorV","theSenshi:Overload","theSenshi:MoonlightKnight+1"],"picked":"SKIP","floor":18.0},{"not_picked":["theSenshi:MoonPunch","theSenshi:TallSilhouette"],"picked":"theSenshi:SupersonicWaves","floor":21.0},{"not_picked":["theSenshi:MoonPunch","theSenshi:Sidestep","theSenshi:SailorMercuryAssists"],"picked":"SKIP","floor":24.0},{"not_picked":["theSenshi:SailorPlanetAttack","theSenshi:SupersonicWaves+1","theSenshi:InTheNickOfTime"],"picked":"SKIP","floor":29.0},{"not_picked":["theSenshi:MoonTwilightFlash+1","theSenshi:VenusGlamour","theSenshi:SailorPlanetAttack"],"picked":"SKIP","floor":30.0},{"not_picked":["theSenshi:SailorChibiMoonAssists+1","theSenshi:TallSilhouette+1","theSenshi:MoonKick"],"picked":"SKIP","floor":31.0},{"not_picked":["theSenshi:CrisisMakeUp+1","theSenshi:InTheNickOfTime","theSenshi:MoonSpiralHeartAttack"],"picked":"SKIP","floor":35},{"not_picked":["theSenshi:SailorChibiMoonAssists","theSenshi:MoonKick","theSenshi:HesSoDreamy+1"],"picked":"SKIP","floor":36},{"not_picked":["theSenshi:SailorChibiMoonAssists+1","theSenshi:MoonPrincessHalation","theSenshi:TuxedoSmokingBomber"],"picked":"SKIP","floor":37},{"not_picked":["theSenshi:SteeledNerves","theSenshi:SchoolBag","theSenshi:MoonCosmicPowerMakeUp+1"],"picked":"SKIP","floor":38},{"not_picked":["theSenshi:MoonPunch","theSenshi:LunasBite","theSenshi:MoonPower"],"picked":"SKIP","floor":41},{"not_picked":["theSenshi:SailorMarsAssists+1","theSenshi:SailorMercuryAssists+1","theSenshi:SchoolBag+1"],"picked":"SKIP","floor":44},{"not_picked":["theSenshi:SailorMarsAssists+1","theSenshi:SailorMercuryAssists+1","theSenshi:SchoolBag+1"],"picked":"SKIP","floor":44},{"not_picked":["theSenshi:OdangoHead+1","theSenshi:RainbowMoonHeartAche","theSenshi:InTheNameOfTheMoon"],"picked":"SKIP","floor":46},{"not_picked":["theSenshi:SailorStarFighterAssists+1","theSenshi:SailorChibiMoonAssists+1","theSenshi:Sidestep+1"],"picked":"SKIP","floor":47}],"player_experience":336800,"relics_obtained":[{"floor":6.0,"key":"Vajra"},{"floor":9.0,"key":"theSenshi:CrescentMoonWandRelic"},{"floor":26.0,"key":"theSenshi:SuperSailorFukuRelic"},{"floor":43,"key":"Blue Candle"}],"event_choices":[{"damage_healed":0.0,"max_hp_gain":0.0,"max_hp_loss":0.0,"gold_gain":0.0,"event_name":"Shining Light","player_choice":"Entered Light","floor":2.0,"gold_loss":0.0,"damage_taken":15.0,"cards_upgraded":["theSenshi:SailorBlock","theSenshi:SailorKick"]},{"cards_removed":["theSenshi:SailorKick"],"damage_healed":0.0,"max_hp_gain":0.0,"max_hp_loss":0.0,"gold_gain":0.0,"event_name":"The Cleric","player_choice":"Card Removal","floor":3.0,"gold_loss":50.0,"damage_taken":0.0},{"damage_healed":0.0,"max_hp_gain":0.0,"max_hp_loss":0.0,"gold_gain":0.0,"event_name":"Vampires","player_choice":"Ignored","floor":19.0,"gold_loss":0.0,"damage_taken":0.0},{"damage_healed":0.0,"max_hp_gain":0.0,"max_hp_loss":0.0,"gold_gain":0.0,"cards_transformed":["theSenshi:SailorKick","theSenshi:RoseThrow"],"event_name":"Drug Dealer","player_choice":"Became Test Subject","floor":20.0,"gold_loss":0.0,"damage_taken":0.0,"cards_obtained":["theSenshi:TallSilhouette","theSenshi:IWillPunishYou"]},{"cards_removed":["theSenshi:SailorKick"],"damage_healed":0.0,"max_hp_gain":0.0,"max_hp_loss":0.0,"gold_gain":0.0,"event_name":"Back to Basics","player_choice":"Elegance","floor":28.0,"gold_loss":0.0,"damage_taken":0.0},{"damage_healed":0,"gold_gain":0,"player_choice":"Memory 1","damage_taken":0,"max_hp_gain":0,"max_hp_loss":0,"event_name":"SensoryStone","floor":39,"gold_loss":0},{"cards_removed":["theSenshi:IWillPunishYou"],"damage_healed":0,"gold_gain":0,"player_choice":"Removed Skill","damage_taken":0,"max_hp_gain":0,"max_hp_loss":0,"event_name":"Falling","floor":45,"gold_loss":0},{"damage_healed":0,"gold_gain":0,"player_choice":"Max HP","damage_taken":0,"max_hp_gain":0,"max_hp_loss":4,"event_name":"Winding Halls","floor":48,"gold_loss":0}],"is_beta":false,"boss_relics":[{"not_picked":["Fusion Hammer","Snecko Eye"],"picked":"Astrolabe"},{"not_picked":["Cursed Key","Black Star"],"picked":"Empty Cage"}],"items_purged_floors":[],"is_endless":false,"potions_floor_spawned":[6,11,12,16,24,29,30,36,38,41,44],"ascension_level":0}}