{"host":"eaiphzh066bwqdh7","time":1612552438,"event":{"mods":["BaseMod","Better Note","Halation","Hubris","Minty Spire (QoL Compilation)","Reliquary","Replay The Spire","StSLib"],"gold_per_floor":[216,216,216,216,4,4,40,40,40,40,66,100,100,275,275,283,283],"floor_reached":16,"language":"ENG","playtime":322,"items_purged":["Injury"],"score":110,"play_id":"efb90196-404e-4052-a160-593a4e1c3684","local_time":"20210205141358","is_ascension_mode":true,"campfire_choices":[{"floor":6,"key":"REST"},{"floor":8,"key":"REST"},{"floor":10,"key":"REST"},{"floor":15,"key":"REST"}],"circlet_count":0,"master_deck":["Strike_P","Strike_P+1","Strike_P","Strike_P","Defend_P","Defend_P","Defend_P","Eruption+1","Vigilance","Pray","PathToVictory","Protect","Doubt"],"relics":["PureWater","Golden Idol","Membership Card","Pantograph","Replay:Bandana","reliquary:Stiletto"],"acts_visited":["Exordium"],"potions_floor_usage":[16,16],"damage_taken":[{"damage":6,"enemies":"Jaw Worm","floor":1,"turns":5},{"damage":65,"enemies":"Lagavulin","floor":7,"turns":7},{"damage":0,"enemies":"2 Louse","floor":11,"turns":2},{"damage":0,"enemies":"Small Slimes","floor":12,"turns":3},{"damage":95,"enemies":"Slime Boss","floor":16,"turns":9}],"seed_played":"1146807292940650447","potions_obtained":[{"floor":11,"key":"Block Potion"},{"floor":12,"key":"SteroidPotion"}],"is_trial":false,"path_per_floor":["M","?","?","?","$","R","E","R","T","R","M","M","T","?","R","B"],"character_chosen":"WATCHER","items_purchased":["Membership Card","PathToVictory"],"campfire_rested":4,"item_purchase_floors":[5,5],"current_hp_per_floor":[66,52,45,45,45,66,1,22,22,43,43,43,43,43,64,0,0],"gold":283,"neow_bonus":"HUNDRED_GOLD","is_daily":false,"chose_seed":false,"campfire_upgraded":0,"win_rate":0.0,"timestamp":1612552438,"path_taken":["M","?","?","?","$","R","E","R","T","R","M","M","?","?","R","BOSS"],"items_purchased_type":["Relic","Card"],"build_version":"2020-12-22","purchased_purges":1,"victory":false,"max_hp_per_floor":[72,72,72,72,72,72,72,72,72,72,72,72,72,72,72,72,72],"card_choices":[{"not_picked":["SashWhip","Replay:Vibes"],"picked":"Pray","floor":1},{"not_picked":["Perseverance","WindmillStrike","FlyingSleeves"],"picked":"SKIP","floor":7},{"not_picked":["SignatureMove","Crescendo"],"picked":"Protect","floor":11},{"not_picked":["TalkToTheHand","FlurryOfBlows","LikeWater"],"picked":"SKIP","floor":12}],"player_experience":264227,"relics_obtained":[{"floor":7,"key":"Pantograph"},{"floor":9,"key":"Replay:Bandana"},{"floor":13,"key":"reliquary:Stiletto"}],"event_choices":[{"damage_healed":0,"gold_gain":0,"player_choice":"Entered Light","damage_taken":14,"max_hp_gain":0,"max_hp_loss":0,"event_name":"Shining Light","floor":2,"gold_loss":0,"cards_upgraded":["Eruption","Strike_P"]},{"cards_removed":["Defend_P"],"damage_healed":0,"gold_gain":0,"player_choice":"Card Removal","damage_taken":7,"max_hp_gain":0,"max_hp_loss":0,"event_name":"Golden Wing","floor":3,"gold_loss":0},{"damage_healed":0,"gold_gain":0,"player_choice":"Take Wound","damage_taken":0,"relics_obtained":["Golden Idol"],"max_hp_gain":0,"max_hp_loss":0,"event_name":"Golden Idol","floor":4,"gold_loss":0,"cards_obtained":["Injury"]},{"damage_healed":0,"gold_gain":175,"player_choice":"AGREE","damage_taken":0,"max_hp_gain":0,"max_hp_loss":0,"event_name":"Liars Game","floor":14,"gold_loss":0,"cards_obtained":["Doubt"]}],"is_beta":false,"boss_relics":[],"items_purged_floors":[5],"is_endless":false,"potions_floor_spawned":[11,12],"killed_by":"Slime Boss","ascension_level":3}}