{"host":"atc94bvz9kem81th","time":1612495437,"event":{"mods":["AchievementEnabler","BaseMod","Colored Map","DeckTracker","Minty Spire (QoL Compilation)","StSLib","SuperFastMode"],"gold_per_floor":[117,192,192,209,227,227,227,251,301,311,331,331,342,361,361,461,461,475,475,487,266,266,266,78,78,78,93,93,93,105,118,118,221,221,241,261,261,261,274,274,274],"floor_reached":40,"language":"KOR","playtime":3049,"items_purged":["Strike_R","Strike_R"],"score":405,"play_id":"c69bc272-647a-44cf-ab17-762f32f3bda3","local_time":"20210205122357","is_ascension_mode":false,"campfire_choices":[{"data":"Searing Blow","floor":7,"key":"SMITH"},{"data":"Searing Blow+1","floor":12,"key":"SMITH"},{"data":"Searing Blow+2","floor":15,"key":"SMITH"},{"data":"Searing Blow+3","floor":23,"key":"SMITH"},{"data":"Searing Blow+4","floor":25,"key":"SMITH"},{"data":"Searing Blow+5","floor":29,"key":"SMITH"},{"data":"Searing Blow+6","floor":32,"key":"SMITH"}],"circlet_count":0,"master_deck":["Strike_R","Defend_R","Defend_R+1","Defend_R","Bash","Feed","Rage","Entrench","Searing Blow+7","Iron Wave","Sentinel","Inflame","Seeing Red","Shrug It Off","Battle Trance+1","Juggernaut","Flame Barrier+1","Bloodletting","Ghostly Armor","Good Instincts","Shrug It Off","Body Slam","Impervious","Reaper","Intimidate+1","Power Through"],"relics":["Burning Blood","Odd Mushroom","Cursed Key","Nloth\u0027s Gift","TheAbacus","War Paint","SacredBark"],"acts_visited":["Exordium","TheCity","TheBeyond"],"potions_floor_usage":[14,16,16,36,40,40],"damage_taken":[{"damage":0,"enemies":"2 Louse","floor":1,"turns":2},{"damage":6,"enemies":"Jaw Worm","floor":4,"turns":5},{"damage":1,"enemies":"Cultist","floor":5,"turns":3},{"damage":21,"enemies":"The Mushroom Lair","floor":8,"turns":5},{"damage":0,"enemies":"Exordium Wildlife","floor":10,"turns":6},{"damage":12,"enemies":"3 Louse","floor":11,"turns":3},{"damage":9,"enemies":"Blue Slaver","floor":13,"turns":2},{"damage":18,"enemies":"Exordium Thugs","floor":14,"turns":6},{"damage":48,"enemies":"The Guardian","floor":16,"turns":9},{"damage":15,"enemies":"2 Thieves","floor":18,"turns":4},{"damage":11,"enemies":"Chosen","floor":20,"turns":5},{"damage":9,"enemies":"Centurion and Healer","floor":27,"turns":6},{"damage":8,"enemies":"3 Cultists","floor":30,"turns":6},{"damage":20,"enemies":"Cultist and Chosen","floor":31,"turns":6},{"damage":64,"enemies":"Automaton","floor":33,"turns":13},{"damage":3,"enemies":"3 Shapes","floor":35,"turns":9},{"damage":41,"enemies":"3 Darklings","floor":36,"turns":6},{"damage":49,"enemies":"Maw","floor":39,"turns":10},{"damage":85,"enemies":"Giant Head","floor":40,"turns":9}],"seed_played":"2508553299175045886","potions_obtained":[{"floor":3,"key":"BlessingOfTheForge"},{"floor":3,"key":"Regen Potion"},{"floor":3,"key":"PowerPotion"},{"floor":14,"key":"Energy Potion"},{"floor":16,"key":"ElixirPotion"},{"floor":18,"key":"FearPotion"},{"floor":27,"key":"Fire Potion"},{"floor":36,"key":"Fire Potion"}],"is_trial":false,"path_per_floor":["M","?","?","M","M","?","R","?","T","M","M","R","M","M","R","B",null,"M","?","M","$","?","R","$","R","T","M","?","R","M","M","R","B",null,"M","M","?","?","M","E"],"character_chosen":"IRONCLAD","items_purchased":["TheAbacus","Good Instincts"],"campfire_rested":0,"item_purchase_floors":[21,24],"current_hp_per_floor":[75,64,64,67,72,65,65,53,53,62,59,59,56,62,62,20,90,84,84,82,82,82,82,82,82,82,82,82,82,83,69,69,11,102,105,82,82,82,48,0,0],"gold":274,"neow_bonus":"TRANSFORM_TWO_CARDS","is_daily":false,"chose_seed":false,"campfire_upgraded":7,"win_rate":0.0,"timestamp":1612495437,"path_taken":["M","?","?","?","M","?","R","?","T","M","M","R","M","M","R","BOSS","M","?","M","?","?","R","$","R","T","M","?","R","M","?","R","BOSS","M","M","?","?","?","E"],"items_purchased_type":["Relic","Card"],"build_version":"2020-12-22","purchased_purges":2,"victory":false,"max_hp_per_floor":[75,75,75,78,78,78,78,81,81,84,87,87,87,90,90,90,90,93,93,96,96,96,96,96,96,96,99,99,99,102,102,102,102,102,105,105,105,105,108,108,108],"card_choices":[{"not_picked":["Armaments","Twin Strike"],"picked":"Entrench","floor":1},{"not_picked":["True Grit","Heavy Blade"],"picked":"Searing Blow","floor":4},{"not_picked":["Disarm","Spot Weakness"],"picked":"Iron Wave","floor":5},{"not_picked":["Combust","Sword Boomerang"],"picked":"Sentinel","floor":8},{"not_picked":["Iron Wave","Anger"],"picked":"Inflame","floor":10},{"not_picked":["Clothesline","Shockwave"],"picked":"Seeing Red","floor":11},{"not_picked":["Searing Blow","Clash"],"picked":"Shrug It Off","floor":13},{"not_picked":["Spot Weakness","Wild Strike"],"picked":"Battle Trance","floor":14},{"not_picked":["Immolate","Impervious"],"picked":"Juggernaut","floor":16},{"not_picked":["Cleave","Disarm"],"picked":"Flame Barrier+1","floor":18},{"not_picked":["Body Slam","Perfected Strike+1"],"picked":"Bloodletting","floor":20},{"not_picked":["Thunderclap+1","Wild Strike"],"picked":"Shrug It Off","floor":27},{"not_picked":["Headbutt","Carnage+1"],"picked":"Body Slam","floor":30},{"not_picked":["Iron Wave+1","Flame Barrier"],"picked":"Impervious","floor":31},{"not_picked":["Demon Form","Immolate"],"picked":"Reaper","floor":33},{"not_picked":["Clash","Battle Trance"],"picked":"Intimidate+1","floor":35},{"not_picked":["Disarm","Perfected Strike"],"picked":"Power Through","floor":36},{"not_picked":["Shockwave","Headbutt+1","Pommel Strike+1"],"picked":"SKIP","floor":39}],"player_experience":44834,"relics_obtained":[{"floor":8,"key":"Odd Mushroom"},{"floor":9,"key":"Dream Catcher"}],"event_choices":[{"damage_healed":0,"gold_gain":75,"player_choice":"Gather Gold","damage_taken":11,"max_hp_gain":0,"max_hp_loss":0,"event_name":"World of Goop","floor":2,"gold_loss":0},{"damage_healed":0,"gold_gain":0,"player_choice":"Got Potions","damage_taken":0,"max_hp_gain":0,"max_hp_loss":0,"event_name":"Lab","floor":3,"gold_loss":0},{"cards_removed":["Defend_R"],"damage_healed":0,"gold_gain":0,"player_choice":"Card Removal","damage_taken":7,"max_hp_gain":0,"max_hp_loss":0,"event_name":"Golden Wing","floor":6,"gold_loss":0},{"damage_healed":0,"gold_gain":0,"player_choice":"Fought Mushrooms","damage_taken":0,"max_hp_gain":0,"max_hp_loss":0,"event_name":"Mushrooms","floor":8,"gold_loss":0},{"damage_healed":0,"gold_gain":0,"player_choice":"Traded Relic","damage_taken":0,"relics_obtained":["Nloth\u0027s Gift"],"max_hp_gain":0,"max_hp_loss":0,"event_name":"N\u0027loth","floor":19,"relics_lost":["Dream Catcher"],"gold_loss":0},{"damage_healed":0,"gold_gain":0,"player_choice":"Read","damage_taken":0,"max_hp_gain":0,"max_hp_loss":0,"event_name":"The Library","floor":22,"gold_loss":0,"cards_obtained":["Ghostly Armor"]},{"damage_healed":0,"gold_gain":0,"player_choice":"Opened","damage_taken":0,"relics_obtained":["War Paint"],"max_hp_gain":0,"max_hp_loss":0,"event_name":"The Mausoleum","floor":28,"gold_loss":0,"cards_obtained":["Writhe"]},{"damage_healed":0,"gold_gain":0,"player_choice":"Ignored","damage_taken":0,"max_hp_gain":0,"max_hp_loss":0,"event_name":"Mysterious Sphere","floor":37,"gold_loss":0},{"cards_removed":["Writhe"],"damage_healed":0,"gold_gain":0,"player_choice":"Removed Curses","damage_taken":0,"max_hp_gain":0,"max_hp_loss":0,"event_name":"Fountain of Cleansing","floor":38,"gold_loss":0}],"is_beta":false,"boss_relics":[{"not_picked":["Fusion Hammer","Coffee Dripper"],"picked":"Cursed Key"},{"not_picked":["Velvet Choker","Mark of Pain"],"picked":"SacredBark"}],"items_purged_floors":[21,24],"is_endless":false,"potions_floor_spawned":[4,5,14,16,18,27,31,36],"killed_by":"Giant Head","ascension_level":0}}