{"host":"vlrft5ik259qp7l8","time":1612558973,"event":{"mods":["AchievementEnabler","BaseMod","Colored Map","Colored Powertips","DeckTracker","Highlight Path","Minty Spire (QoL Compilation)","Quick Restart","Replay The Spire","StSLib"],"gold_per_floor":[119,138,213,227,227,227,259,279,279,34,34,34,49,68,68,165,165,183,183,183,193,210,210,244,263,263,263,56,56,56,76,76,76,76],"floor_reached":33,"language":"ENG","playtime":2962,"items_purged":[],"score":342,"play_id":"eebe5c72-6861-4fa5-922c-20abce5c91dc","local_time":"20210205160253","is_ascension_mode":false,"campfire_choices":[{"data":"Noxious Fumes","floor":6,"key":"SMITH"},{"floor":11,"key":"REST"},{"floor":15,"key":"DIG"},{"floor":23,"key":"REST"},{"floor":27,"key":"REST"},{"floor":30,"key":"REST"},{"floor":32,"key":"REST"}],"circlet_count":0,"master_deck":["Strike_G+1","Strike_G+1","Strike_G+1","Strike_G+1","Strike_G+1","Defend_G+1","Defend_G+1","Defend_G+1","Defend_G+1","Defend_G+1","Noxious Fumes+1","Backstab","Prepared","Leap","Beam Cell","Bouncing Flask","Well Laid Plans","Outmaneuver","Dagger Throw","Quick Slash","Backflip","Fluid Movement","Bullet Time","Dodge and Roll+1","Bane+1","Quick Slash+1","Well Laid Plans+1","Dagger Spray+1","Prepared","Quick Slash+1","Flying Knee+1","Caltrops+1","Dagger Throw+1","Bane+1"],"relics":["Ring of the Snake","Dream Catcher","Oddly Smooth Stone","Toolbox","Onion Ring","Molten Egg 2","Honey Jar","Nilry\u0027s Codex","Anchor","Frozen Egg 2","Vajra"],"acts_visited":["Exordium","TheCity"],"potions_floor_usage":[7,7,7,22,24,31,31],"damage_taken":[{"damage":0,"enemies":"Cultist","floor":1,"turns":3},{"damage":4,"enemies":"Jaw Worm","floor":2,"turns":7},{"damage":0,"enemies":"2 Louse","floor":4,"turns":3},{"damage":0,"enemies":"Gremlin Nob","floor":7,"turns":2},{"damage":0,"enemies":"Blue Slaver","floor":8,"turns":4},{"damage":10,"enemies":"Looter","floor":13,"turns":3},{"damage":0,"enemies":"3 Louse","floor":14,"turns":2},{"damage":0,"enemies":"Slime Boss","floor":16,"turns":7},{"damage":0,"enemies":"Shell Parasite","floor":18,"turns":2},{"damage":15,"enemies":"3 Byrds","floor":21,"turns":4},{"damage":3,"enemies":"Centurion and Healer","floor":22,"turns":6},{"damage":16,"enemies":"Replay:Snechameleon","floor":24,"turns":5},{"damage":8,"enemies":"Snecko","floor":25,"turns":4},{"damage":3,"enemies":"Snake Plant","floor":31,"turns":3},{"damage":75,"enemies":"Champ","floor":33,"turns":8}],"seed_played":"-8750353869442121448","potions_obtained":[{"floor":1,"key":"PowerPotion"},{"floor":2,"key":"LiquidMemories"},{"floor":4,"key":"SkillPotion"},{"floor":14,"key":"Block Potion"},{"floor":21,"key":"Reflective Coating"},{"floor":24,"key":"Adrenaline Potion"},{"floor":25,"key":"AttackPotion"},{"floor":31,"key":"SmokeBomb"}],"is_trial":false,"path_per_floor":["M","M","?","M","?","R","E","M","T","$","R","T","M","M","R_BF","B",null,"M","?","?","M","M","R","E","M","T","R","$","?","R","M","R","B"],"character_chosen":"THE_SILENT","items_purchased":["Outmaneuver","Dagger Throw","Toolbox","Flying Knee+1","Vajra"],"campfire_rested":5,"item_purchase_floors":[10,10,10,28,28],"current_hp_per_floor":[70,66,55,55,55,55,55,55,55,55,70,70,60,60,60,60,70,70,70,54,39,36,57,41,33,33,54,54,41,63,60,75,0,0],"gold":76,"neow_bonus":"RANDOM_EVENT","is_daily":false,"chose_seed":false,"campfire_upgraded":1,"win_rate":0.0,"timestamp":1612558973,"path_taken":["M","?","?","M","?","R","E","M","T","$","R","?","M","M","R_BF","BOSS","M","?","?","?","M","R","E","M","T","R","$","?","R","M","R","BOSS"],"items_purchased_type":["Card","Card","Relic","Card","Relic"],"build_version":"2020-12-22","purchased_purges":0,"victory":false,"max_hp_per_floor":[70,70,70,70,70,70,70,70,70,70,70,70,70,70,70,70,70,70,70,70,70,70,70,70,70,70,70,70,75,75,75,75,75,75],"card_choices":[{"not_picked":["Escape Plan","Bane"],"picked":"Noxious Fumes","floor":1},{"not_picked":["Backflip","ReplayTheSpireMod:Exploit Weakness"],"picked":"Backstab","floor":2},{"not_picked":["ReplayTheSpireMod:Tripwire","Cloak And Dagger"],"picked":"Prepared","floor":4},{"not_picked":["ReplayTheSpireMod:Speed Training","ReplayTheSpireMod:Shiv Toss"],"picked":"Bouncing Flask","floor":7},{"not_picked":["Cloak And Dagger","Blade Dance"],"picked":"Well Laid Plans","floor":8},{"not_picked":["Blade Dance","Underhanded Strike"],"picked":"Quick Slash","floor":11},{"not_picked":["Bane","Prepared"],"picked":"Backflip","floor":13},{"not_picked":["Cloak And Dagger","Infinite Blades"],"picked":"Fluid Movement","floor":14},{"not_picked":["Storm of Steel","ReplayTheSpireMod:Necrosis"],"picked":"Bullet Time","floor":16},{"not_picked":["Flying Knee+1","ReplayTheSpireMod:Speed Training+1","Blade Dance"],"picked":"Dodge and Roll+1","floor":18},{"not_picked":["Blade Dance+1","All Out Attack+1","Cloak And Dagger"],"picked":"Bane+1","floor":21},{"not_picked":["Sneak Up","Replay:Poison Smokescreen+1","Predator+1"],"picked":"Quick Slash+1","floor":22},{"not_picked":["Bane+1","Expertise","Hidden Blade+1"],"picked":"Well Laid Plans+1","floor":23},{"not_picked":["Burst","Hidden Blade","Quick Slash+1"],"picked":"Dagger Spray+1","floor":24},{"not_picked":["Hidden Blade+1","ReplayTheSpireMod:Shiv Toss","Blade Dance"],"picked":"Prepared","floor":25},{"not_picked":["Heel Hook+1","Distraction+1","Underhanded Strike+1"],"picked":"Quick Slash+1","floor":27},{"not_picked":["Underhanded Strike+1","Hidden Blade","PiercingWail"],"picked":"Caltrops+1","floor":30},{"not_picked":["Night Terror","Hidden Blade","Deflect"],"picked":"Dagger Throw+1","floor":31},{"not_picked":["Underhanded Strike+1","Acrobatics","Blade Dance+1"],"picked":"Bane+1","floor":32}],"player_experience":207086,"relics_obtained":[{"floor":7,"key":"Dream Catcher"},{"floor":9,"key":"Oddly Smooth Stone"},{"floor":12,"key":"Onion Ring"},{"floor":15,"key":"Molten Egg 2"},{"floor":20,"key":"Nilry\u0027s Codex"},{"floor":24,"key":"Anchor"},{"floor":26,"key":"Frozen Egg 2"}],"event_choices":[{"damage_healed":0,"gold_gain":75,"player_choice":"Gather Gold","damage_taken":11,"max_hp_gain":0,"max_hp_loss":0,"event_name":"World of Goop","floor":3,"gold_loss":0},{"damage_healed":0,"gold_gain":0,"player_choice":"Simplicity","damage_taken":0,"max_hp_gain":0,"max_hp_loss":0,"event_name":"Back to Basics","floor":19,"gold_loss":0,"cards_upgraded":["Strike_G","Strike_G","Strike_G","Strike_G","Defend_G","Defend_G","Defend_G","Defend_G","Defend_G"]},{"damage_healed":0,"gold_gain":0,"player_choice":"Obtained Book","damage_taken":16,"max_hp_gain":0,"max_hp_loss":0,"event_name":"Cursed Tome","floor":20,"gold_loss":0},{"damage_healed":0,"gold_gain":0,"player_choice":"Shed Blood","damage_taken":18,"max_hp_gain":5,"max_hp_loss":0,"event_name":"Forgotten Altar","floor":29,"gold_loss":0}],"is_beta":false,"boss_relics":[{"not_picked":["ReplayTheSpireMod:DimensionalGlitch","Replay:Bronze Core"],"picked":"Honey Jar"}],"items_purged_floors":[],"is_endless":false,"potions_floor_spawned":[1,2,4,14,21,24,25,31],"killed_by":"Champ","ascension_level":0}}