{"host":"4gr5irrdjh39ysed","time":1612543023,"event":{"mods":["AchievementEnabler","BaseMod","Colored Map","Downfall","Hermit","Minty Spire (QoL Compilation)","Random Character Button","StSLib","The Construct","The Cursed","The Disciple","The Hierophant","The Mystic","The Necromancer","The Runesmith"],"gold_per_floor":[113,74,74,74,7,35,47,9,33,58,71,71,97,116,116,190,190,200,49,49,49,64,96,96,96,96,96,112,112,3,23,23,97,97,114,114,164,90,106,106,126,151,151,121,150,150,186,220,220,220,220,220,82,118,118],"floor_reached":56,"language":"ENG","playtime":2499,"items_purged":["Defend_B","Parasite"],"score":1951,"play_id":"1b3ac64c-92a6-4411-a360-75c46ee36ded","local_time":"20210205093703","is_ascension_mode":true,"campfire_choices":[{"floor":15,"key":"RECALL"},{"data":"Echo Form","floor":24,"key":"SMITH"},{"data":"Slimebound:CheckThePlaybook","floor":32,"key":"SMITH"},{"data":"Enlightenment","floor":40,"key":"SMITH"},{"data":"Compile Driver","floor":49,"key":"SMITH"},{"floor":52,"key":"REST"}],"circlet_count":0,"master_deck":["AscendersBane","Strike_B+1","Strike_B+1","Strike_B+1","Strike_B+1","Zap+1","Lockon+1","FTL+1","Sunder+1","Gash+1","Defragment+1","Chaos+1","Fission+1","Redo+1","Gash+1","Seek+1","CurseOfTheBell","Go for the Eyes+1","Echo Form+1","Amplify+1","Meteor Strike+1","Recycle+1","Barrage+1","Slimebound:CheckThePlaybook+1","Loop+1","Hyperbeam+1","Heatsinks+1","Rebound+1","Storm+1","Rebound+1","Enlightenment+1","Sweeping Beam+1","Doom and Gloom+1","Gash+1","Rip and Tear+1","Compile Driver+1","Turbo+1","Meteor Strike"],"relics":["Cracked Core","Runesmith:AutoHammer","Regal Pillow","Boot","PreservedInsect","Bronze Scales","Calling Bell","Tiny Chest","StrikeDummy","construct:RocketBooster","White Beast Statue","Mummified Hand","Oddly Smooth Stone","Astrolabe","CeramicFish","Nunchaku","Cables","Mark of the Bloom","Mercury Hourglass","Pantograph"],"acts_visited":["Exordium","TheCity","TheBeyond","TheEnding"],"potions_floor_usage":[16,28,31,33,48,50,55,55],"damage_taken":[{"damage":6,"enemies":"Cultist","floor":1,"turns":3},{"damage":35,"enemies":"Lagavulin","floor":6,"turns":5},{"damage":0,"enemies":"2 Louse","floor":7,"turns":1},{"damage":50,"enemies":"3 Sentries","floor":10,"turns":6},{"damage":5,"enemies":"Jaw Worm","floor":11,"turns":2},{"damage":29,"enemies":"Lagavulin","floor":13,"turns":5},{"damage":0,"enemies":"2 Fungi Beasts","floor":14,"turns":2},{"damage":96,"enemies":"Slime Boss","floor":16,"turns":8},{"damage":28,"enemies":"Spheric Guardian","floor":18,"turns":4},{"damage":46,"enemies":"2 Thieves","floor":22,"turns":4},{"damage":86,"enemies":"Gremlin Leader","floor":23,"turns":6},{"damage":59,"enemies":"Centurion and Healer","floor":28,"turns":6},{"damage":12,"enemies":"Sentry and Sphere","floor":31,"turns":2},{"damage":150,"enemies":"Automaton","floor":33,"turns":9},{"damage":100,"enemies":"3 Darklings","floor":35,"turns":4},{"damage":27,"enemies":"Orb Walker","floor":39,"turns":3},{"damage":35,"enemies":"4 Shapes","floor":41,"turns":2},{"damage":60,"enemies":"3 Darklings","floor":45,"turns":4},{"damage":36,"enemies":"Nemesis","floor":47,"turns":5},{"damage":53,"enemies":"Writhing Mass","floor":48,"turns":5},{"damage":176,"enemies":"Time Eater","floor":50,"turns":8},{"damage":100,"enemies":"Shield and Spear","floor":54,"turns":4},{"damage":394,"enemies":"The Heart","floor":55,"turns":10}],"seed_played":"-6535400708664927331","potions_obtained":[{"floor":7,"key":"SteroidPotion"},{"floor":11,"key":"Fruit Juice"},{"floor":23,"key":"bronze:BurnAndBuffPotion"},{"floor":28,"key":"sneckomod:MuddlingPotion"},{"floor":31,"key":"bronze:BurnAndBuffPotion"},{"floor":33,"key":"BlessingOfTheForge"},{"floor":35,"key":"hexamod:SoulburnPotion"},{"floor":47,"key":"Strength Potion"},{"floor":48,"key":"SpeedPotion"},{"floor":54,"key":"Block Potion"}],"is_trial":false,"path_per_floor":["M","$","?","?","$","E","M","$","T","E","M","T","E","M","R","B",null,"M","$","?","?","M","E","R","?","T","T","M","?","$","M","R","B",null,"M","T","?","$","M","R","M","T","T","$","M","?","E","M","R","B",null,"R","$","E","B",null],"character_chosen":"DEFECT","items_purchased":["FTL","Sunder","Chaos","Echo Form","Loop","Enlightenment","Doom and Gloom","Turbo"],"campfire_rested":1,"item_purchase_floors":[2,5,8,19,30,38,44,53],"current_hp_per_floor":[2058,2058,2058,2058,2058,2023,2023,2023,2023,1973,1968,1968,1939,1939,1939,1848,2019,1991,1991,1269,1269,1223,1137,1137,1032,1032,1032,973,973,973,961,961,811,1530,1430,1430,1430,1430,1403,1403,1368,1368,1368,1368,1308,1308,1272,1219,1219,1043,1043,1043,1043,943,549],"gold":118,"neow_bonus":"RANDOM_COMMON_RELIC","is_daily":false,"chose_seed":false,"campfire_upgraded":4,"win_rate":0.0,"timestamp":1612543023,"path_taken":["M","?","?","?","$","E","?","?","T","E","M","?","E","M","R","BOSS","M","$","?","?","M","E","R","?","T","?","?","?","?","M","R","BOSS","M","?","?","$","?","R","?","?","T","?","M","?","E","M","R","BOSS","R","$","E","BOSS"],"items_purchased_type":["Card","Card","Card","Card","Card","Card","Card","Card"],"build_version":"2020-12-22","purchased_purges":2,"victory":true,"max_hp_per_floor":[2071,2071,2071,2071,2071,2071,2071,2071,2071,2071,2071,2071,2071,2071,2071,2076,2076,2076,2076,2081,2081,2081,2081,2081,2081,2081,2081,2081,1769,1769,1769,1769,1769,1769,1769,1769,1769,1769,1769,1769,1769,1769,1769,1769,1769,1769,1769,1769,1769,1769,1769,1769,1766,1766,1766],"card_choices":[{"not_picked":["Leap","Reprogram"],"picked":"Lockon","floor":1},{"not_picked":["Genetic Algorithm","Steam"],"picked":"Gash","floor":6},{"not_picked":["Rip and Tear","BootSequence"],"picked":"Defragment","floor":7},{"not_picked":["Hello World","Leap"],"picked":"Fission","floor":10},{"not_picked":["Hologram","Force Field","Steam"],"picked":"SKIP","floor":11},{"not_picked":["Rebound","Reinforced Body"],"picked":"Redo","floor":13},{"not_picked":["Static Discharge","Coolheaded"],"picked":"Gash","floor":14},{"not_picked":["Multi-Cast","Thunder Strike"],"picked":"Seek","floor":16},{"not_picked":["Glacier","Leap"],"picked":"Go for the Eyes","floor":18},{"not_picked":["Blizzard","Darkness"],"picked":"Meteor Strike","floor":22},{"not_picked":["Streamline","Melter"],"picked":"Recycle","floor":23},{"not_picked":["Ball Lightning","Capacitor"],"picked":"Barrage+1","floor":28},{"not_picked":["Steam","Leap","Go for the Eyes"],"picked":"SKIP","floor":31},{"not_picked":["Amplify","Core Surge"],"picked":"Hyperbeam","floor":33},{"not_picked":["Steam","Stack+1"],"picked":"Rebound","floor":35},{"not_picked":["Glacier","Stack","Barrage"],"picked":"SKIP","floor":39},{"not_picked":["Coolheaded","Beam Cell"],"picked":"Sweeping Beam","floor":41},{"not_picked":["Ball Lightning+1","Conserve Battery"],"picked":"Gash+1","floor":45},{"not_picked":["Turbo+1","Steam"],"picked":"Rip and Tear+1","floor":47},{"not_picked":["Barrage","Reprogram"],"picked":"Compile Driver","floor":48},{"not_picked":["Stack","Barrage"],"picked":"Meteor Strike","floor":54}],"player_experience":312298,"relics_obtained":[{"floor":6,"key":"Regal Pillow"},{"floor":9,"key":"Boot"},{"floor":10,"key":"PreservedInsect"},{"floor":13,"key":"Bronze Scales"},{"floor":17,"key":"Tiny Chest"},{"floor":17,"key":"StrikeDummy"},{"floor":17,"key":"construct:RocketBooster"},{"floor":23,"key":"White Beast Statue"},{"floor":26,"key":"Mummified Hand"},{"floor":27,"key":"Oddly Smooth Stone"},{"floor":36,"key":"CeramicFish"},{"floor":42,"key":"Nunchaku"},{"floor":43,"key":"Cables"},{"floor":47,"key":"Mercury Hourglass"},{"floor":54,"key":"Pantograph"}],"event_choices":[{"cards_removed":["Defend_B"],"damage_healed":0,"gold_gain":0,"player_choice":"Forget","damage_taken":0,"max_hp_gain":0,"max_hp_loss":0,"event_name":"Living Wall","floor":3,"gold_loss":0},{"damage_healed":0,"gold_gain":0,"player_choice":"Upgraded","damage_taken":0,"max_hp_gain":0,"max_hp_loss":0,"event_name":"Upgrade Shrine","floor":4,"gold_loss":0,"cards_upgraded":["FTL"]},{"damage_healed":0,"gold_gain":0,"player_choice":"Shed Blood","damage_taken":727,"max_hp_gain":5,"max_hp_loss":0,"event_name":"Forgotten Altar","floor":20,"gold_loss":0},{"damage_healed":0,"gold_gain":0,"player_choice":"Read","damage_taken":0,"max_hp_gain":0,"max_hp_loss":0,"event_name":"The Library","floor":21,"gold_loss":0,"cards_obtained":["Amplify"]},{"damage_healed":0,"gold_gain":0,"player_choice":"Bought 0 Potions","damage_taken":0,"max_hp_gain":0,"max_hp_loss":0,"event_name":"The Woman in Blue","floor":25,"gold_loss":0},{"damage_healed":0,"gold_gain":50,"player_choice":"Pray","damage_taken":0,"max_hp_gain":0,"max_hp_loss":0,"event_name":"Golden Shrine","floor":37,"gold_loss":0},{"damage_healed":0,"gold_gain":0,"player_choice":"Upgrade","damage_taken":0,"relics_obtained":["Mark of the Bloom"],"max_hp_gain":0,"max_hp_loss":0,"event_name":"MindBloom","floor":46,"gold_loss":0,"cards_upgraded":["Strike_B","Strike_B","Strike_B","Strike_B","Zap","Lockon","Gash","Defragment","Chaos","Fission","Redo","Gash","Seek","Go for the Eyes","Amplify","Meteor Strike","Recycle","Loop","Hyperbeam","Rebound","Sweeping Beam","Doom and Gloom"]}],"is_beta":false,"boss_relics":[{"not_picked":["Cursed Key","bronze:MakeshiftBattery"],"picked":"Calling Bell"},{"not_picked":["Runesmith:UraniumAnvil","Inserter"],"picked":"Astrolabe"}],"items_purged_floors":[30,53],"is_endless":false,"potions_floor_spawned":[7,11,13,14,23,28,31,33,35,39,41,45,47,48,54],"ascension_level":15}}