{"host":"atc94bvz9kem81th","time":1612492378,"event":{"mods":["AchievementEnabler","BaseMod","Colored Map","DeckTracker","Minty Spire (QoL Compilation)","StSLib","SuperFastMode"],"gold_per_floor":[110,128,128,146,194,194,294,304,304,317,349,367,1,14,14,14,14],"floor_reached":16,"language":"KOR","playtime":900,"items_purged":["Strike_R"],"score":104,"play_id":"37aa525c-b7c1-4562-bfe7-ff21505e0262","local_time":"20210205113258","is_ascension_mode":false,"campfire_choices":[{"data":"Body Slam","floor":6,"key":"SMITH"},{"data":"Strike_R","floor":15,"key":"PURGE"}],"circlet_count":0,"master_deck":["Strike_R+1","Strike_R+1","Defend_R","Defend_R","Defend_R","Defend_R","Bash","Body Slam+1","Flex","Cleave","Sword Boomerang","Infernal Blade","Rage"],"relics":["Burning Blood","Whetstone","Vajra","InkBottle","Darkstone Periapt","Peace Pipe"],"acts_visited":["Exordium"],"potions_floor_usage":[16,16],"damage_taken":[{"damage":0,"enemies":"2 Louse","floor":1,"turns":2},{"damage":1,"enemies":"Cultist","floor":2,"turns":3},{"damage":11,"enemies":"Jaw Worm","floor":4,"turns":2},{"damage":8,"enemies":"Gremlin Gang","floor":8,"turns":6},{"damage":14,"enemies":"Exordium Wildlife","floor":10,"turns":4},{"damage":24,"enemies":"Gremlin Nob","floor":11,"turns":4},{"damage":10,"enemies":"Looter","floor":12,"turns":2},{"damage":9,"enemies":"2 Fungi Beasts","floor":14,"turns":3},{"damage":58,"enemies":"The Guardian","floor":16,"turns":8}],"seed_played":"8880637717142971930","potions_obtained":[{"floor":4,"key":"Regen Potion"},{"floor":10,"key":"Fire Potion"}],"is_trial":false,"path_per_floor":["M","M","?","M","T","R","?","M","T","M","E","M","$","M","R","B"],"character_chosen":"IRONCLAD","items_purchased":["Peace Pipe"],"campfire_rested":0,"item_purchase_floors":[13],"current_hp_per_floor":[80,80,80,75,75,75,75,73,73,65,47,43,43,40,40,0,0],"gold":14,"neow_bonus":"RANDOM_COMMON_RELIC","is_daily":false,"chose_seed":false,"campfire_upgraded":1,"win_rate":0.0,"timestamp":1612492378,"path_taken":["M","M","?","?","?","R","?","M","T","M","E","?","$","M","R","BOSS"],"items_purchased_type":["Relic"],"build_version":"2020-12-22","purchased_purges":1,"victory":false,"max_hp_per_floor":[80,80,80,80,80,80,80,80,80,80,80,80,80,80,80,80,80],"card_choices":[{"not_picked":["True Grit","Inflame","Disarm"],"picked":"SKIP","floor":1},{"not_picked":["Clash","Anger"],"picked":"Body Slam","floor":2},{"not_picked":["Anger","Burning Pact"],"picked":"Flex","floor":4},{"not_picked":["Headbutt","Sword Boomerang"],"picked":"Cleave","floor":8},{"not_picked":["Body Slam","Cleave","Headbutt"],"picked":"SKIP","floor":10},{"not_picked":["Reckless Charge","Blood for Blood"],"picked":"Sword Boomerang","floor":11},{"not_picked":["Headbutt","Thunderclap"],"picked":"Infernal Blade","floor":12},{"not_picked":["Exhume","Clash"],"picked":"Rage","floor":14}],"player_experience":43934,"relics_obtained":[{"floor":5,"key":"Vajra"},{"floor":9,"key":"InkBottle"},{"floor":11,"key":"Darkstone Periapt"}],"event_choices":[{"cards_removed":["Strike_R"],"damage_healed":0,"gold_gain":0,"player_choice":"Offered Basic","damage_taken":0,"max_hp_gain":0,"max_hp_loss":0,"event_name":"Bonfire Elementals","floor":3,"gold_loss":0},{"damage_healed":0,"gold_gain":100,"player_choice":"Pray","damage_taken":0,"max_hp_gain":0,"max_hp_loss":0,"event_name":"Golden Shrine","floor":7,"gold_loss":0}],"is_beta":false,"boss_relics":[],"items_purged_floors":[13],"is_endless":false,"potions_floor_spawned":[4,10],"killed_by":"The Guardian","ascension_level":0}}