{"host":"9v3x998ddbx8o276","time":1612564682,"event":{"mods":["AchievementEnabler","BaseMod","Colored Map","Colored Powertips","Highlight Path","Minty Spire (QoL Compilation)","Quick Restart","Rare Cards Sparkle"],"gold_per_floor":[114,30,41,41,41,374,374,393,393,318,8,8,50,79,79,167,167,195,120,120,141,71,71,71,71],"floor_reached":24,"language":"ENG","playtime":1961,"items_purged":["Strike_G"],"score":454,"play_id":"de866682-efde-423d-b486-2f2615070ab9","local_time":"20210206090802","is_ascension_mode":true,"campfire_choices":[{"data":"Skewer","floor":7,"key":"SMITH"},{"data":"Footwork","floor":12,"key":"SMITH"},{"data":"Deadly Poison","floor":15,"key":"SMITH"},{"floor":23,"key":"REST"}],"circlet_count":0,"master_deck":["AscendersBane","Strike_G","Strike_G","Strike_G","Defend_G","Defend_G","Defend_G","Defend_G","Defend_G","Survivor","Neutralize","Sucker Punch","Venomology+1","Skewer+1","Slice","Deadly Poison+1","Footwork+1","Flash of Steel","Night Terror","Dagger Throw","Bullet Time","Blur+1","Outmaneuver","Catalyst"],"relics":["Ring of the Snake","NeowsBlessing","Old Coin","Matryoshka","Medical Kit","CeramicFish","SacredBark"],"acts_visited":["Exordium","TheCity"],"potions_floor_usage":[13,14,16,16,16,18,24],"damage_taken":[{"damage":0,"enemies":"Jaw Worm","floor":1,"turns":1},{"damage":0,"enemies":"Small Slimes","floor":3,"turns":1},{"damage":0,"enemies":"3 Sentries","floor":6,"turns":2},{"damage":0,"enemies":"2 Louse","floor":8,"turns":3},{"damage":6,"enemies":"Gremlin Nob","floor":13,"turns":3},{"damage":0,"enemies":"2 Fungi Beasts","floor":14,"turns":3},{"damage":32,"enemies":"The Guardian","floor":16,"turns":10},{"damage":34,"enemies":"3 Byrds","floor":18,"turns":8},{"damage":3,"enemies":"Spheric Guardian","floor":21,"turns":3},{"damage":53,"enemies":"Book of Stabbing","floor":24,"turns":6}],"seed_played":"-408772973938261928","potions_obtained":[],"is_trial":false,"path_per_floor":["M","$","M","?","?","E","R","M","T","$","$","R","E","M","R","B",null,"M","?","?","M","$","R","E"],"character_chosen":"THE_SILENT","items_purchased":["Venomology","Medical Kit","Footwork","Flash of Steel","Catalyst"],"campfire_rested":1,"item_purchase_floors":[2,11,11,11,22],"current_hp_per_floor":[59,59,59,59,59,59,59,59,59,59,59,59,53,53,53,35,58,24,24,37,34,34,53,0,0],"gold":71,"neow_bonus":"THREE_ENEMY_KILL","is_daily":false,"chose_seed":false,"campfire_upgraded":3,"win_rate":0.0,"timestamp":1612564682,"path_taken":["M","$","M","?","?","E","R","M","T","?","$","R","E","M","R","BOSS","M","?","?","M","$","R","E"],"items_purchased_type":["Card","Relic","Card","Card","Card"],"build_version":"2020-12-22","purchased_purges":1,"victory":false,"max_hp_per_floor":[66,66,66,66,66,66,66,66,66,66,66,66,66,66,66,66,66,66,66,66,66,66,66,66,66],"card_choices":[{"not_picked":["Prepared","Flechettes"],"picked":"Sucker Punch","floor":1},{"not_picked":["Cloak And Dagger","Distraction"],"picked":"Skewer","floor":3},{"not_picked":["Concentrate","Cloak And Dagger"],"picked":"Slice","floor":6},{"not_picked":["Flechettes","Dagger Throw"],"picked":"Deadly Poison","floor":8},{"not_picked":["PiercingWail","Heel Hook"],"picked":"Night Terror","floor":13},{"not_picked":["Flechettes","Bane"],"picked":"Dagger Throw","floor":14},{"not_picked":["Unload","Storm of Steel"],"picked":"Bullet Time","floor":16},{"not_picked":["Deadly Poison","Backflip"],"picked":"Blur+1","floor":18},{"not_picked":["Acrobatics","Skewer"],"picked":"Outmaneuver","floor":21}],"player_experience":2216338,"relics_obtained":[{"floor":6,"key":"Old Coin"},{"floor":9,"key":"Matryoshka"},{"floor":13,"key":"CeramicFish"}],"event_choices":[{"damage_healed":0,"gold_gain":0,"player_choice":"Grow","damage_taken":0,"max_hp_gain":0,"max_hp_loss":0,"event_name":"Living Wall","floor":4,"gold_loss":0,"cards_upgraded":["Venomology"]},{"damage_healed":0,"gold_gain":0,"player_choice":"Leave","damage_taken":0,"max_hp_gain":0,"max_hp_loss":0,"event_name":"The Cleric","floor":5,"gold_loss":0},{"cards_removed":["Strike_G"],"damage_healed":0,"gold_gain":0,"player_choice":"Gave Gold","damage_taken":0,"max_hp_gain":0,"max_hp_loss":0,"event_name":"Beggar","floor":19,"gold_loss":75},{"damage_healed":13,"gold_gain":0,"player_choice":"Heal","damage_taken":0,"max_hp_gain":0,"max_hp_loss":0,"event_name":"The Library","floor":20,"gold_loss":0}],"is_beta":false,"boss_relics":[{"not_picked":["Runic Pyramid","Tiny House"],"picked":"SacredBark"}],"items_purged_floors":[10],"is_endless":false,"potions_floor_spawned":[6,8,14],"killed_by":"Book of Stabbing","ascension_level":20}}