{"host":"2n2g1vowfllvjtvi","time":1612544607,"event":{"mods":["AchievementEnabler","BaseMod","Custom Start","GifTheSpireLib","Keyboard Shortcuts","Minty Spire (QoL Compilation)","Quick Restart","Rare Cards Sparkle","StSLib","SuperFastMode"],"gold_per_floor":[110,35,51,51,51,81,92,119,119,149,149,29,29,60,60,135,135,150,150],"floor_reached":18,"language":"KOR","playtime":337,"items_purged":["Strike_B"],"score":373,"play_id":"399603e2-5667-4bb9-8a32-5857e8da113a","local_time":"20210206020327","is_ascension_mode":true,"campfire_choices":[{"data":"Dualcast","floor":11.0,"key":"SMITH"},{"data":"Beam Cell","floor":15.0,"key":"SMITH"}],"circlet_count":0,"master_deck":["AscendersBane","Strike_B","Strike_B","Defend_B","Defend_B","Defend_B","Defend_B+1","Zap","Dualcast+1","Cold Snap","Chill","Sweeping Beam","Beam Cell+1","Compile Driver","Darkness+1","Biased Cognition"],"relics":["Cracked Core","NeowsBlessing","Du-Vu Doll","The Courier","HornCleat","Bag of Preparation","Medical Kit","War Paint","Philosopher\u0027s Stone"],"acts_visited":["Exordium","TheCity"],"potions_floor_usage":[],"damage_taken":[{"damage":0.0,"enemies":"Small Slimes","floor":1.0,"turns":1.0},{"damage":0.0,"enemies":"2 Louse","floor":3.0,"turns":1.0},{"damage":0.0,"enemies":"Lagavulin","floor":6.0,"turns":1.0},{"damage":0.0,"enemies":"Jaw Worm","floor":7.0,"turns":3.0},{"damage":4.0,"enemies":"3 Sentries","floor":8.0,"turns":9.0},{"damage":5.0,"enemies":"Gremlin Nob","floor":10.0,"turns":4.0},{"damage":13.0,"enemies":"Lagavulin","floor":14.0,"turns":5.0},{"damage":11.0,"enemies":"Hexaghost","floor":16.0,"turns":9.0},{"damage":7,"enemies":"2 Thieves","floor":18,"turns":3}],"seed_played":"8166589930407827891","potions_obtained":[{"floor":3.0,"key":"Swift Potion"},{"floor":7.0,"key":"Fruit Juice"},{"floor":16.0,"key":"PotionOfCapacity"}],"is_trial":false,"path_per_floor":["M","$","M","?","?","E","M","E","T","E","R","$","?","E","R","B",null,"M"],"character_chosen":"DEFECT","items_purchased":["Medical Kit"],"campfire_rested":0,"item_purchase_floors":[12],"current_hp_per_floor":[64,64,64,64,64,64,64,60,60,55,55,55,60,47,47,36,66,59,59],"gold":150,"neow_bonus":"THREE_ENEMY_KILL","is_daily":false,"chose_seed":false,"campfire_upgraded":2,"win_rate":0.0,"timestamp":1612544607,"path_taken":["M","$","M","?","?","E","M","E","T","E","R","?","?","E","R","BOSS","M"],"items_purchased_type":["Relic"],"build_version":"2020-12-22","purchased_purges":1,"victory":false,"max_hp_per_floor":[71,71,71,71,71,71,71,71,71,71,71,71,76,76,76,76,76,76,76],"card_choices":[{"not_picked":["Hologram","Aggregate"],"picked":"Cold Snap","floor":1.0},{"not_picked":["Leap","Fusion"],"picked":"Chill","floor":3.0},{"not_picked":["Steam","Force Field"],"picked":"Sweeping Beam","floor":6.0},{"not_picked":["Compile Driver","Cold Snap"],"picked":"Beam Cell","floor":7.0},{"not_picked":["Chill","BootSequence","Compile Driver"],"picked":"SKIP","floor":8.0},{"not_picked":["Chill","BootSequence"],"picked":"Compile Driver","floor":8.0},{"not_picked":["Buffer","All For One","Fission"],"picked":"SKIP","floor":10.0},{"not_picked":["Hello World","Hologram"],"picked":"Darkness","floor":14.0},{"not_picked":["Machine Learning","Rainbow"],"picked":"Biased Cognition","floor":16.0}],"player_experience":213749,"relics_obtained":[{"floor":6.0,"key":"Du-Vu Doll"},{"floor":8.0,"key":"The Courier"},{"floor":9.0,"key":"HornCleat"},{"floor":10.0,"key":"Bag of Preparation"},{"floor":14.0,"key":"War Paint"}],"event_choices":[{"damage_healed":0.0,"max_hp_gain":0.0,"max_hp_loss":0.0,"gold_gain":0.0,"event_name":"Liars Game","player_choice":"Ignored","floor":4.0,"gold_loss":0.0,"damage_taken":0.0},{"cards_removed":["Strike_B"],"damage_healed":0.0,"max_hp_gain":0.0,"max_hp_loss":0.0,"gold_gain":0.0,"event_name":"Living Wall","player_choice":"Forget","floor":5.0,"gold_loss":0.0,"damage_taken":0.0},{"damage_healed":0.0,"max_hp_gain":5.0,"max_hp_loss":0.0,"gold_gain":0.0,"event_name":"Big Fish","player_choice":"Donut","floor":13.0,"gold_loss":0.0,"damage_taken":0.0}],"is_beta":false,"boss_relics":[{"not_picked":["Cursed Key","Busted Crown"],"picked":"Philosopher\u0027s Stone"}],"items_purged_floors":[2],"is_endless":false,"potions_floor_spawned":[3,7,16],"killed_by":"2 Thieves","ascension_level":15}}