{"host":"5mo0809oo9tcrmpl","time":1612496189,"event":{"mods":["BaseMod","Highlight Path","Minty Spire (QoL Compilation)","Relic Stats","Slay the Relics Exporter"],"gold_per_floor":[118,132,152,171,191,191,203,203,203,229,229,154,181,203,203,203,203],"floor_reached":16,"language":"ENG","playtime":691,"items_purged":[],"score":208,"play_id":"090bfae2-49df-411b-a3af-3e8ced799d71","local_time":"20210204213629","is_ascension_mode":true,"campfire_choices":[{"data":"Zap","floor":6.0,"key":"SMITH"},{"floor":8.0,"key":"REST"},{"data":"Dualcast","floor":15.0,"key":"SMITH"}],"circlet_count":0,"master_deck":["AscendersBane","Strike_B","Strike_B","Strike_B","Defend_B","Defend_B","Defend_B","Defend_B","Zap+1","Dualcast+1","Rebound","Genetic Algorithm","Streamline","Sweeping Beam","Conserve Battery","Leap","Ball Lightning","Streamline+1","Melter+1"],"relics":["Cracked Core","Molten Egg 2","Meat on the Bone","CeramicFish"],"acts_visited":["Exordium"],"potions_floor_usage":[16],"damage_taken":[{"damage":7.0,"enemies":"2 Louse","floor":1.0,"turns":3.0},{"damage":10.0,"enemies":"Small Slimes","floor":2.0,"turns":5.0},{"damage":2.0,"enemies":"Jaw Worm","floor":3.0,"turns":3.0},{"damage":6.0,"enemies":"2 Fungi Beasts","floor":4.0,"turns":3.0},{"damage":4.0,"enemies":"Blue Slaver","floor":5.0,"turns":3.0},{"damage":7.0,"enemies":"Looter","floor":7.0,"turns":4.0},{"damage":33.0,"enemies":"3 Sentries","floor":10.0,"turns":8.0},{"damage":2.0,"enemies":"Exordium Wildlife","floor":14.0,"turns":2.0},{"damage":26,"enemies":"The Guardian","floor":16,"turns":6}],"seed_played":"-579849080767769536","potions_obtained":[{"floor":1.0,"key":"SkillPotion"},{"floor":4.0,"key":"SkillPotion"},{"floor":5.0,"key":"Energy Potion"}],"is_trial":false,"path_per_floor":["M","M","M","M","M","R","M","R","T","E","?","?","T","M","R","B"],"character_chosen":"DEFECT","items_purchased":[],"campfire_rested":1,"item_purchase_floors":[],"current_hp_per_floor":[57,47,45,39,35,35,28,49,49,16,16,16,16,26,26,0,0],"gold":203,"neow_bonus":"THREE_CARDS","is_daily":false,"chose_seed":false,"campfire_upgraded":2,"win_rate":0.0,"timestamp":1612496189,"path_taken":["M","M","M","M","M","R","M","R","T","E","?","?","?","M","R","BOSS"],"items_purchased_type":[],"build_version":"2020-12-22","purchased_purges":0,"victory":false,"max_hp_per_floor":[71,71,71,71,71,71,71,71,71,71,71,71,71,71,71,71,71],"relic_stats":{"counters":[9,37],"CeramicFish":9,"obtain_stats":[{"CeramicFish":13,"Molten Egg 2":9,"Cracked Core":0,"Meat on the Bone":10},{"CeramicFish":7,"Molten Egg 2":6,"Cracked Core":0,"Meat on the Bone":7},{"CeramicFish":29,"Molten Egg 2":21,"Cracked Core":0,"Meat on the Bone":29}],"Meat on the Bone":12},"card_choices":[{"not_picked":["Fusion","Gash"],"picked":"Rebound","floor":0.0},{"not_picked":["Undo","Darkness"],"picked":"Genetic Algorithm","floor":1.0},{"not_picked":["Auto Shields","Steam"],"picked":"Streamline","floor":2.0},{"not_picked":["Heatsinks","Force Field"],"picked":"Sweeping Beam","floor":3.0},{"not_picked":["Stack","Loop"],"picked":"Conserve Battery","floor":4.0},{"not_picked":["Double Energy","Storm"],"picked":"Leap","floor":5.0},{"not_picked":["Hologram","Gash"],"picked":"Ball Lightning","floor":7.0},{"not_picked":["Barrage+1","Rebound+1"],"picked":"Streamline+1","floor":10.0},{"not_picked":["Lockon+1","Steam"],"picked":"Melter+1","floor":14.0}],"player_experience":1250671,"relics_obtained":[{"floor":9.0,"key":"Molten Egg 2"},{"floor":10.0,"key":"Meat on the Bone"},{"floor":13.0,"key":"CeramicFish"}],"event_choices":[{"damage_healed":0.0,"max_hp_gain":0.0,"max_hp_loss":0.0,"gold_gain":0.0,"event_name":"Shining Light","player_choice":"Ignored","floor":11.0,"gold_loss":0.0,"damage_taken":0.0},{"cards_removed":["Strike_B"],"damage_healed":0.0,"max_hp_gain":0.0,"max_hp_loss":0.0,"gold_gain":0.0,"event_name":"The Cleric","player_choice":"Card Removal","floor":12.0,"gold_loss":75.0,"damage_taken":0.0}],"is_beta":false,"boss_relics":[],"items_purged_floors":[],"is_endless":false,"potions_floor_spawned":[1,4,5,7],"killed_by":"The Guardian","ascension_level":20}}