{"host":"pletss163z7s8pvv","time":1612504801,"event":{"mods":["AchievementEnabler","BaseMod","Better Altar","Better Match","Better Note","Better Sensory Stone","Better Skull","Better Third Choice","BetterRewards","CapriCore","ChefMod","Colored Map","Colored Powertips","Conspire","Energized Spire","Evolution","GifTheSpireLib","Hermit","Ironclad Rager","Marked Mod","Minty Spire (QoL Compilation)","Retaliation","Spicy Shops","StS++","StSLib","The Alterego","The Blue Laboratory","The Cursed","The Disciple","The Forsaken"],"gold_per_floor":[115,130,305,305,320,320,350,350,375,405,430,445,405,420,420,420,420],"floor_reached":16,"language":"ENG","playtime":573,"items_purged":[],"score":185,"play_id":"ae915397-5296-4b3a-8054-8c1481c82e32","local_time":"20210205000001","daily_mods":["Specialized","Blue Cards","Elite Swarm"],"is_ascension_mode":false,"campfire_choices":[{"floor":6,"key":"REST"},{"floor":8,"key":"REST"},{"floor":15,"key":"REST"}],"circlet_count":0,"master_deck":["alterego_mod:Skirt","alterego_mod:Skirt","alterego_mod:Skirt","alterego_mod:Skirt","alterego_mod:Mirror+1","alterego_mod:Mirror","alterego_mod:Mirror","alterego_mod:Mirror","alterego_mod:Impale","alterego_mod:BigMeatyClaws","alterego_mod:BrynhildrsRune","alterego_mod:Punishment","alterego_mod:Punishment","alterego_mod:Punishment","alterego_mod:Punishment","alterego_mod:Punishment","alterego_mod:Jiggle","alterego_mod:Maid","Doubt","alterego_mod:Bounce","alterego_mod:BrynhildrRomantia","alterego_mod:IdEs","alterego_mod:Maid","alterego_mod:PurpleHair"],"relics":["alterego_mod:MasochisticConstitution","EVO:Axolotl","Nunchaku","theForsaken:Lifeblossom","Boot","theForsaken:Gavel"],"acts_visited":["Exordium"],"potions_floor_usage":[14,16,16],"damage_taken":[{"damage":7,"enemies":"2 Louse","floor":1,"turns":3},{"damage":20,"enemies":"conspire:RoseBush","floor":2,"turns":5},{"damage":15,"enemies":"Cultist","floor":5,"turns":4},{"damage":59,"enemies":"3 Sentries","floor":7,"turns":7},{"damage":12,"enemies":"Gremlin Nob","floor":10,"turns":4},{"damage":9,"enemies":"Exordium Wildlife","floor":12,"turns":3},{"damage":26,"enemies":"conspire:2 RoseBushes","floor":14,"turns":3},{"damage":42,"enemies":"Hexaghost","floor":16,"turns":3}],"seed_played":"-8643747277835071688","potions_obtained":[{"floor":1,"key":"blueLaboratory:BottleOfRum"},{"floor":5,"key":"BlessingOfTheForge"},{"floor":12,"key":"EssenceOfSteel"},{"floor":13,"key":"DistilledChaos"},{"floor":14,"key":"blueLaboratory:ExaltedPotion"}],"is_trial":false,"path_per_floor":["M","M","?","?","M","R","E","R","T","E","T","M","?","M","R","B"],"character_chosen":"The_Alterego","items_purchased":[],"campfire_rested":3,"item_purchase_floors":[],"current_hp_per_floor":[71,59,59,59,45,66,8,30,30,35,35,32,32,12,36,0,0],"gold":420,"neow_bonus":"","is_daily":true,"chose_seed":false,"campfire_upgraded":0,"win_rate":0.0,"timestamp":1612504801,"path_taken":["M","M","?","?","?","R","E","R","T","E","?","M","?","?","R","BOSS"],"items_purchased_type":[],"build_version":"2020-12-22","purchased_purges":0,"victory":false,"max_hp_per_floor":[71,72,72,72,73,73,74,74,74,78,78,79,79,80,80,80,80],"card_choices":[{"not_picked":["alterego_mod:Clones","alterego_mod:SakuraLabyrinth"],"picked":"alterego_mod:Jiggle","floor":1},{"not_picked":["alterego_mod:Birthday","alterego_mod:Skirt"],"picked":"alterego_mod:Maid","floor":2},{"not_picked":["alterego_mod:Swimsuit","alterego_mod:Belle"],"picked":"alterego_mod:Bounce","floor":5},{"not_picked":["alterego_mod:AlterEgo","alterego_mod:Weigh"],"picked":"alterego_mod:BrynhildrRomantia","floor":7},{"not_picked":["alterego_mod:RingBreak","alterego_mod:SideboobHour"],"picked":"alterego_mod:IdEs","floor":10},{"not_picked":["alterego_mod:DiscoLights","alterego_mod:Cooking"],"picked":"alterego_mod:Maid","floor":12},{"not_picked":["alterego_mod:GoddessCore","alterego_mod:Jiggle"],"picked":"alterego_mod:PurpleHair","floor":14}],"player_experience":495057,"relics_obtained":[{"floor":7,"key":"Nunchaku"},{"floor":9,"key":"theForsaken:Lifeblossom"},{"floor":10,"key":"Boot"},{"floor":11,"key":"theForsaken:Gavel"}],"event_choices":[{"damage_healed":0,"gold_gain":175,"player_choice":"AGREE","damage_taken":130,"max_hp_gain":0,"max_hp_loss":0,"event_name":"betterThird:BetterSerpent","floor":3,"gold_loss":0},{"damage_healed":0,"gold_gain":0,"player_choice":"Forge","damage_taken":0,"max_hp_gain":0,"max_hp_loss":0,"event_name":"Accursed Blacksmith","floor":4,"gold_loss":0,"cards_upgraded":["alterego_mod:Mirror"]},{"damage_healed":0,"gold_gain":0,"player_choice":"Bought 3 Potions","damage_taken":0,"max_hp_gain":0,"max_hp_loss":0,"event_name":"The Woman in Blue","floor":13,"gold_loss":0}],"is_beta":false,"boss_relics":[],"items_purged_floors":[],"is_endless":false,"potions_floor_spawned":[1,5,12,14],"killed_by":"Hexaghost","ascension_level":0}}