{"host":"d52brwsy6af8zvaq","time":1612546370,"event":{"mods":["AchievementEnabler","BaseMod","Bestiary","Highlight Path","Minty Spire (QoL Compilation)","Quick Restart","Relic Stats","ojb\u0027s Better Paths Mod"],"gold_per_floor":[119,194,210,221,241,269,269,289,289,316,332,332,360,372,372,446,446,462,475,234,254,254,254,254],"floor_reached":23,"language":"ENG","playtime":720,"items_purged":["Strike_B"],"score":430,"play_id":"f1fe2e23-62c7-4211-9b96-4c969b22d9dc","local_time":"20210205103250","is_ascension_mode":true,"campfire_choices":[{"floor":7.0,"key":"REST"},{"floor":12.0,"key":"REST"},{"data":"Zap","floor":15.0,"key":"SMITH"}],"circlet_count":0,"master_deck":["AscendersBane","Strike_B","Strike_B","Strike_B","Defend_B","Defend_B","Defend_B","Defend_B","Zap+1","Dualcast","Sweeping Beam","Conserve Battery","Rip and Tear","Defragment+1","Static Discharge+1","Gash","Biased Cognition+1","Capacitor+1","Stack","Electrodynamics+1","Force Field","Steam+1","Auto Shields","Chill","Beam Cell+1","Cold Snap","Decay"],"relics":["Cracked Core","Frozen Egg 2","Vajra","Toy Ornithopter","Mummified Hand","Nuclear Battery","Orrery"],"acts_visited":["Exordium","TheCity"],"potions_floor_usage":[21],"damage_taken":[{"damage":7.0,"enemies":"Jaw Worm","floor":1.0,"turns":4.0},{"damage":5.0,"enemies":"Small Slimes","floor":3.0,"turns":4.0},{"damage":1.0,"enemies":"Cultist","floor":4.0,"turns":3.0},{"damage":19.0,"enemies":"Gremlin Gang","floor":5.0,"turns":4.0},{"damage":2.0,"enemies":"Gremlin Nob","floor":6.0,"turns":3.0},{"damage":0.0,"enemies":"Large Slime","floor":8.0,"turns":4.0},{"damage":18.0,"enemies":"3 Sentries","floor":10.0,"turns":4.0},{"damage":2.0,"enemies":"Exordium Thugs","floor":11.0,"turns":3.0},{"damage":11.0,"enemies":"Gremlin Nob","floor":13.0,"turns":3.0},{"damage":3.0,"enemies":"Blue Slaver","floor":14.0,"turns":3.0},{"damage":22.0,"enemies":"Hexaghost","floor":16.0,"turns":6.0},{"damage":16.0,"enemies":"Shell Parasite","floor":18.0,"turns":3.0},{"damage":26.0,"enemies":"Chosen","floor":19.0,"turns":4.0},{"damage":11,"enemies":"Centurion and Healer","floor":21,"turns":2},{"damage":28,"enemies":"Gremlin Leader","floor":23,"turns":3}],"seed_played":"7145513368477428645","potions_obtained":[{"floor":1.0,"key":"PowerPotion"},{"floor":4.0,"key":"DuplicationPotion"},{"floor":5.0,"key":"SkillPotion"},{"floor":10.0,"key":"Swift Potion"},{"floor":14.0,"key":"CultistPotion"}],"is_trial":false,"path_per_floor":["M","?","M","M","M","E","R","M","T","E","M","R","E","M","R","B",null,"M","M","$","M","?","E"],"character_chosen":"DEFECT","items_purchased":["Orrery"],"campfire_rested":2,"item_purchase_floors":[20],"current_hp_per_floor":[64,53,48,47,28,26,49,49,49,31,29,52,41,38,38,16,63,47,26,26,20,20,0,0],"gold":254,"neow_bonus":"TEN_PERCENT_HP_BONUS","is_daily":false,"chose_seed":false,"campfire_upgraded":1,"win_rate":0.0,"timestamp":1612546370,"path_taken":["M","?","M","M","M","E","R","M","T","E","M","R","E","M","R","BOSS","M","M","$","M","?","E"],"items_purchased_type":["Relic"],"build_version":"2020-12-22","purchased_purges":1,"victory":false,"max_hp_per_floor":[78,78,78,78,78,78,78,78,78,78,78,78,78,78,78,78,78,78,78,78,78,78,78,78],"relic_stats":{"counters":[15,53],"Mummified Hand":[16],"obtain_stats":[{"Mummified Hand":13,"Vajra":9,"Orrery":20,"Frozen Egg 2":6,"Cracked Core":0,"Toy Ornithopter":10,"Nuclear Battery":17},{"Mummified Hand":9,"Vajra":6,"Orrery":13,"Frozen Egg 2":5,"Cracked Core":0,"Toy Ornithopter":7,"Nuclear Battery":11},{"Mummified Hand":32,"Vajra":22,"Orrery":48,"Frozen Egg 2":18,"Cracked Core":0,"Toy Ornithopter":26,"Nuclear Battery":41}],"Toy Ornithopter":10},"card_choices":[{"not_picked":["FTL","Barrage"],"picked":"Sweeping Beam","floor":1.0},{"not_picked":["Force Field","Turbo","Sweeping Beam"],"picked":"SKIP","floor":3.0},{"not_picked":["Beam Cell","Sweeping Beam"],"picked":"Conserve Battery","floor":4.0},{"not_picked":["Hologram","Darkness"],"picked":"Rip and Tear","floor":5.0},{"not_picked":["Beam Cell","Compile Driver"],"picked":"Defragment+1","floor":6.0},{"not_picked":["Compile Driver","Stack"],"picked":"Static Discharge+1","floor":8.0},{"not_picked":["Storm+1","Steam"],"picked":"Gash","floor":10.0},{"not_picked":["Beam Cell","Compile Driver"],"picked":"Biased Cognition+1","floor":11.0},{"not_picked":["Gash","Cold Snap"],"picked":"Capacitor+1","floor":13.0},{"not_picked":["Melter","Conserve Battery"],"picked":"Stack","floor":14.0},{"not_picked":["Meteor Strike","Multi-Cast"],"picked":"Electrodynamics+1","floor":16.0},{"not_picked":["Streamline","Doom and Gloom+1"],"picked":"Force Field","floor":18.0},{"not_picked":["Rebound+1","Ball Lightning"],"picked":"Steam+1","floor":19.0},{"not_picked":["Conserve Battery","FTL"],"picked":"Auto Shields","floor":20},{"not_picked":["Stack","Consume"],"picked":"Chill","floor":20},{"not_picked":["Force Field","Conserve Battery"],"picked":"Beam Cell+1","floor":20},{"not_picked":["All For One","Blizzard"],"picked":"Cold Snap","floor":20},{"not_picked":["Consume","Cold Snap","Turbo"],"picked":"SKIP","floor":21}],"player_experience":2151040,"relics_obtained":[{"floor":6.0,"key":"Frozen Egg 2"},{"floor":9.0,"key":"Vajra"},{"floor":10.0,"key":"Toy Ornithopter"},{"floor":13.0,"key":"Mummified Hand"}],"event_choices":[{"damage_healed":0.0,"max_hp_gain":0.0,"max_hp_loss":0.0,"gold_gain":75.0,"event_name":"World of Goop","player_choice":"Gather Gold","floor":2.0,"gold_loss":0.0,"damage_taken":11.0},{"damage_healed":0,"gold_gain":0,"player_choice":"Smashed Altar","damage_taken":0,"max_hp_gain":0,"max_hp_loss":0,"event_name":"Forgotten Altar","floor":22,"gold_loss":0,"cards_obtained":["Decay"]}],"is_beta":false,"boss_relics":[{"not_picked":["Empty Cage","SacredBark"],"picked":"Nuclear Battery"}],"items_purged_floors":[20],"is_endless":false,"potions_floor_spawned":[1,4,5,10,14,16,18],"killed_by":"Gremlin Leader","ascension_level":20}}