{"host":"t1puqh5lxz8sp6fn","time":1612553713,"event":{"mods":["AchievementEnabler","BaseMod","Colored Powertips","Minty Spire (QoL Compilation)","Rare Cards Sparkle","Relic Stats","StSLib"],"gold_per_floor":[116,69,69,43,43,74,74,105,128,128,141,176,176,201,201,279,279,294,294,294,34,46,76,76,104,104,104,121,155,169,216,216,216,216],"floor_reached":33,"playtime":1091,"items_purged":[],"score":622,"play_id":"242e6466-f32c-41f4-8201-70aa6c70d550","local_time":"20210205163513","is_ascension_mode":true,"campfire_choices":[{"data":"Armaments","floor":7,"key":"SMITH"},{"data":"Cleave","floor":13,"key":"SMITH"},{"data":"Dark Embrace","floor":15,"key":"SMITH"},{"floor":24,"key":"REST"},{"data":"Apotheosis","floor":27,"key":"SMITH"},{"floor":32,"key":"REST"}],"circlet_count":0,"master_deck":["AscendersBane","Strike_R","Strike_R","Strike_R","Defend_R","Defend_R","Defend_R","Defend_R","Bash","Dark Embrace+1","Cleave+1","Disarm","True Grit","Armaments+1","Clothesline","Offering","Pommel Strike","Thunderclap","Corruption","Pummel","Dual Wield","Apotheosis+1","Shockwave","Warcry+1","Barricade","Flex","Whirlwind","Evolve","Spot Weakness","Uppercut"],"relics":["Burning Blood","NeowsBlessing","Dream Catcher","Turnip","Regal Pillow","Red Skull","FossilizedHelix","Boot","Sozu","MutagenicStrength","Lantern","Question Card","MealTicket","Potion Belt","Happy Flower"],"acts_visited":["Exordium","TheCity"],"potions_floor_usage":[14,16],"damage_taken":[{"damage":0,"enemies":"Small Slimes","floor":1,"turns":1},{"damage":0,"enemies":"3 Sentries","floor":6,"turns":1},{"damage":0,"enemies":"Gremlin Nob","floor":8,"turns":1},{"damage":4,"enemies":"Cultist","floor":11,"turns":4},{"damage":28,"enemies":"3 Sentries","floor":12,"turns":5},{"damage":17,"enemies":"Lagavulin","floor":14,"turns":6},{"damage":25,"enemies":"Hexaghost","floor":16,"turns":12},{"damage":14,"enemies":"Spheric Guardian","floor":18,"turns":5},{"damage":29,"enemies":"2 Thieves","floor":22,"turns":4},{"damage":18,"enemies":"Gremlin Leader","floor":23,"turns":4},{"damage":28,"enemies":"Slavers","floor":25,"turns":4},{"damage":0,"enemies":"Centurion and Healer","floor":28,"turns":1},{"damage":22,"enemies":"Gremlin Leader","floor":29,"turns":4},{"damage":6,"enemies":"Snecko","floor":30,"turns":4},{"damage":74,"enemies":"Automaton","floor":33,"turns":6}],"seed_played":"-5261455766179618466","potions_obtained":[{"floor":1,"key":"SpeedPotion"},{"floor":11,"key":"SkillPotion"}],"is_trial":false,"path_per_floor":["M","$","?","$","$","E","R","E","T","?","M","E","R","E","R","B",null,"M","?","?","$","M","E","R","E","T","R","M","E","M","T","R","B"],"character_chosen":"IRONCLAD","items_purchased":["Cleave","True Grit","Apotheosis","Shockwave"],"campfire_rested":2,"item_purchase_floors":[2,4,21,21],"current_hp_per_floor":[78,78,78,78,78,80,80,80,80,68,70,48,48,37,37,18,65,57,57,57,57,34,22,61,39,39,39,45,29,29,29,68,0,0],"gold":216,"neow_bonus":"THREE_ENEMY_KILL","is_daily":false,"chose_seed":false,"campfire_upgraded":4,"win_rate":0.0,"timestamp":1612553713,"path_taken":["M","$","?","?","$","E","R","E","T","?","M","E","R","E","R","BOSS","M","?","?","$","?","E","R","E","T","R","M","E","M","?","R","BOSS"],"items_purchased_type":["Card","Card","Card","Card"],"build_version":"2020-12-13","purchased_purges":0,"victory":false,"max_hp_per_floor":[80,80,80,80,80,80,80,80,80,80,80,80,80,80,80,80,80,80,80,80,80,80,80,80,80,80,80,80,80,80,80,80,80,80],"relic_stats":{"Sozu":3,"Dream Catcher":2,"Regal Pillow":30,"Happy Flower":[2],"counters":[15,62],"MealTicket":0,"Turnip":[5],"Boot":[14],"Question Card":4,"obtain_stats":[{"Potion Belt":29,"Regal Pillow":9,"Lantern":23,"NeowsBlessing":0,"Happy Flower":31,"Boot":14,"Question Card":25,"Burning Blood":0,"Sozu":17,"Dream Catcher":6,"MutagenicStrength":19,"MealTicket":26,"Turnip":8,"Red Skull":10,"FossilizedHelix":12},{"Potion Belt":13,"Regal Pillow":3,"Lantern":10,"NeowsBlessing":0,"Happy Flower":14,"Boot":6,"Question Card":11,"Burning Blood":0,"Sozu":7,"Dream Catcher":2,"MutagenicStrength":8,"MealTicket":11,"Turnip":3,"Red Skull":3,"FossilizedHelix":5},{"Potion Belt":52,"Regal Pillow":3,"Lantern":43,"NeowsBlessing":0,"Happy Flower":56,"Boot":18,"Question Card":47,"Burning Blood":0,"Sozu":30,"Dream Catcher":2,"MutagenicStrength":35,"MealTicket":47,"Turnip":3,"Red Skull":3,"FossilizedHelix":12}],"Burning Blood":74},"card_choices":[{"not_picked":["Disarm","Clash"],"picked":"Dark Embrace","floor":1},{"not_picked":["Heavy Blade","Sword Boomerang"],"picked":"Armaments","floor":6},{"not_picked":["Disarm","Cleave"],"picked":"Clothesline","floor":8},{"not_picked":["Power Through","Twin Strike"],"picked":"Offering","floor":11},{"not_picked":["Twin Strike","Flame Barrier"],"picked":"Pommel Strike","floor":12},{"not_picked":["True Grit","Reckless Charge"],"picked":"Thunderclap","floor":14},{"not_picked":["Berserk","Demon Form"],"picked":"Corruption","floor":16},{"not_picked":["Perfected Strike","Clothesline"],"picked":"Pummel","floor":18},{"not_picked":["Iron Wave","Pommel Strike"],"picked":"Warcry+1","floor":22},{"not_picked":["Anger","Iron Wave"],"picked":"Barricade","floor":23},{"not_picked":["Sword Boomerang","Ghostly Armor"],"picked":"Flex","floor":24},{"not_picked":["True Grit","Headbutt"],"picked":"Whirlwind","floor":25},{"not_picked":["Thunderclap+1","Perfected Strike","Clothesline"],"picked":"Evolve","floor":28},{"not_picked":["Pommel Strike","Iron Wave","Heavy Blade"],"picked":"Spot Weakness","floor":29},{"not_picked":["Pommel Strike","Twin Strike","Sword Boomerang"],"picked":"Uppercut","floor":30}],"player_experience":474608,"relics_obtained":[{"floor":6,"key":"Dream Catcher"},{"floor":8,"key":"Turnip"},{"floor":9,"key":"Regal Pillow"},{"floor":12,"key":"FossilizedHelix"},{"floor":14,"key":"Boot"},{"floor":23,"key":"Lantern"},{"floor":25,"key":"Question Card"},{"floor":26,"key":"MealTicket"},{"floor":29,"key":"Potion Belt"},{"floor":31,"key":"Happy Flower"}],"event_choices":[{"damage_healed":0,"gold_gain":0,"cards_transformed":["Strike_R"],"player_choice":"Transformed","damage_taken":0,"max_hp_gain":0,"max_hp_loss":0,"event_name":"Transmorgrifier","floor":3,"gold_loss":0,"cards_obtained":["Disarm"]},{"damage_healed":0,"gold_gain":0,"player_choice":"Success","damage_taken":12,"relics_obtained":["Red Skull"],"max_hp_gain":0,"max_hp_loss":0,"event_name":"Scrap Ooze","floor":10,"gold_loss":0},{"damage_healed":0,"gold_gain":0,"player_choice":"Inject Mutagens","damage_taken":0,"relics_obtained":["MutagenicStrength"],"max_hp_gain":0,"max_hp_loss":0,"event_name":"Drug Dealer","floor":19,"gold_loss":0},{"damage_healed":0,"gold_gain":0,"cards_transformed":["Strike_R"],"player_choice":"Transformed","damage_taken":0,"max_hp_gain":0,"max_hp_loss":0,"event_name":"Transmorgrifier","floor":20,"gold_loss":0,"cards_obtained":["Dual Wield"]}],"is_beta":false,"boss_relics":[{"not_picked":["Pandora\u0027s Box","Runic Dome"],"picked":"Sozu"}],"items_purged_floors":[],"is_endless":false,"potions_floor_spawned":[1,11,22,23,28],"killed_by":"Automaton","ascension_level":13}}