{"host":"1mv6gj0zv8k9e9tz","time":1612505991,"event":{"mods":["AchievementEnabler","BaseMod","Better Third Choice","Colored Map","DeckTracker","Highlight Path","KOR Keyword Fix","Keyboard Shortcuts","Minty Spire (QoL Compilation)","Permanent Neow","Quick Restart","Rare Cards Sparkle","StSLib","SuperFastMode","everything is the same but u backflip on backflip"],"gold_per_floor":[115,125,135,154,173,173,98,117,195,206,42,62,62,95,95,95,95],"floor_reached":16,"language":"KOR","playtime":494,"items_purged":["Defend_B"],"score":196,"play_id":"d969c014-0138-441d-8d03-934f40484441","local_time":"20210205151951","is_ascension_mode":true,"campfire_choices":[{"data":"Genetic Algorithm","floor":6.0,"key":"SMITH"},{"floor":13.0,"key":"REST"},{"data":"Zap","floor":15,"key":"SMITH"}],"circlet_count":0,"master_deck":["AscendersBane","Strike_B","Strike_B","Strike_B","Strike_B","Defend_B","Defend_B","Defend_B","Zap+1","Dualcast","Echo Form","Genetic Algorithm+1","Glacier","Coolheaded","Consume","Static Discharge+1"],"relics":["Cracked Core","HornCleat","Membership Card","Frozen Egg 2"],"acts_visited":["Exordium"],"potions_floor_usage":[14],"damage_taken":[{"damage":7.0,"enemies":"Cultist","floor":1.0,"turns":4.0},{"damage":6.0,"enemies":"2 Louse","floor":2.0,"turns":3.0},{"damage":10.0,"enemies":"Jaw Worm","floor":3.0,"turns":5.0},{"damage":15.0,"enemies":"Looter","floor":4.0,"turns":4.0},{"damage":0.0,"enemies":"Exordium Wildlife","floor":5.0,"turns":4.0},{"damage":9.0,"enemies":"Large Slime","floor":8.0,"turns":8.0},{"damage":2.0,"enemies":"3 Louse","floor":10.0,"turns":6.0},{"damage":7.0,"enemies":"Gremlin Gang","floor":12.0,"turns":5.0},{"damage":17,"enemies":"3 Sentries","floor":14,"turns":9},{"damage":16,"enemies":"Hexaghost","floor":16,"turns":7}],"seed_played":"6685187019166259522","potions_obtained":[{"floor":5.0,"key":"Ancient Potion"},{"floor":10.0,"key":"SpeedPotion"},{"floor":12.0,"key":"SkillPotion"},{"floor":14,"key":"AttackPotion"}],"is_trial":false,"path_per_floor":["M","M","M","M","M","R","$","M","T","M","$","M","R","E","R","B"],"character_chosen":"DEFECT","items_purchased":["Membership Card"],"campfire_rested":1,"item_purchase_floors":[11],"current_hp_per_floor":[57,51,41,26,26,26,26,17,17,15,15,8,27,10,10,0,0],"gold":95,"neow_bonus":"THREE_RARE_CARDS","is_daily":false,"chose_seed":false,"campfire_upgraded":2,"win_rate":0.0,"timestamp":1612505991,"path_taken":["M","M","M","M","M","R","$","M","T","M","$","M","R","E","R","BOSS"],"items_purchased_type":["Relic"],"build_version":"2020-12-22","purchased_purges":1,"victory":false,"max_hp_per_floor":[64,64,64,64,64,64,64,64,64,64,64,64,64,64,64,64,64],"card_choices":[{"not_picked":["Core Surge","Creative AI"],"picked":"Echo Form","floor":0.0},{"not_picked":["Streamline","Redo","Skim"],"picked":"SKIP","floor":1.0},{"not_picked":["Static Discharge","Gash"],"picked":"Genetic Algorithm","floor":2.0},{"not_picked":["Reprogram","Beam Cell"],"picked":"Glacier","floor":3.0},{"not_picked":["Hello World","Heatsinks"],"picked":"Coolheaded","floor":4.0},{"not_picked":["Streamline","Chaos","Reprogram"],"picked":"SKIP","floor":5.0},{"not_picked":["Stack","Beam Cell","Gash"],"picked":"SKIP","floor":8.0},{"not_picked":["Stack","Auto Shields","Barrage"],"picked":"SKIP","floor":10.0},{"not_picked":["Aggregate","Leap"],"picked":"Consume","floor":12.0},{"not_picked":["Blizzard","Genetic Algorithm"],"picked":"Static Discharge+1","floor":14}],"player_experience":624711,"relics_obtained":[{"floor":9.0,"key":"HornCleat"},{"floor":14,"key":"Frozen Egg 2"}],"event_choices":[],"is_beta":false,"boss_relics":[],"items_purged_floors":[7],"is_endless":false,"potions_floor_spawned":[5,10,12,14],"killed_by":"Hexaghost","ascension_level":17}}