{"host":"8is2j71l4wmybkoi","time":1612533897,"event":{"mods":["AchievementEnabler","BaseMod","Colored Map","Minty Spire (QoL Compilation)","Rare Cards Sparkle","StSLib","SuperFastMode"],"gold_per_floor":[116,116,53,81,93,120,132,168,180,242,273,285,311,337,349,457,469,497,509,509],"floor_reached":19,"language":"KOR","playtime":592,"items_purged":[],"score":282,"play_id":"700f54c4-fd1c-4a62-89e8-bff67bcda147","local_time":"20210205230457","is_ascension_mode":true,"campfire_choices":[{"data":"Zap","floor":7,"key":"SMITH"},{"data":"Dualcast","floor":12,"key":"SMITH"},{"data":"Turbo","floor":15,"key":"SMITH"}],"circlet_count":0,"master_deck":["AscendersBane","Strike_B","Defend_B","Defend_B","Defend_B","Defend_B","Zap+1","Dualcast+1","Cold Snap","Rebound","Ball Lightning","Turbo+1","Creative AI","BootSequence","Biased Cognition","Multi-Cast+1","Meteor Strike+1","Blizzard+1","Genetic Algorithm"],"relics":["Cracked Core","Turnip","MawBank","Golden Idol","Gremlin Horn","Astrolabe"],"acts_visited":["Exordium","TheCity"],"potions_floor_usage":[16,16],"damage_taken":[{"damage":6,"enemies":"Jaw Worm","floor":1,"turns":4},{"damage":3,"enemies":"Small Slimes","floor":4,"turns":4},{"damage":7,"enemies":"2 Louse","floor":6,"turns":3},{"damage":0,"enemies":"Exordium Wildlife","floor":8,"turns":3},{"damage":3,"enemies":"2 Fungi Beasts","floor":11,"turns":3},{"damage":4,"enemies":"Red Slaver","floor":13,"turns":4},{"damage":5,"enemies":"Exordium Wildlife","floor":14,"turns":4},{"damage":15,"enemies":"The Guardian","floor":16,"turns":10},{"damage":19,"enemies":"2 Thieves","floor":18,"turns":4},{"damage":41,"enemies":"Shell Parasite","floor":19,"turns":6}],"seed_played":"5905536455037863","potions_obtained":[{"floor":8,"key":"PotionOfCapacity"},{"floor":11,"key":"GamblersBrew"},{"floor":14,"key":"SkillPotion"}],"is_trial":false,"path_per_floor":["M","?","?","M","?","M","R","M","T","?","M","R","M","M","R","B",null,"M","M"],"character_chosen":"DEFECT","items_purchased":[],"campfire_rested":0,"item_purchase_floors":[],"current_hp_per_floor":[58,40,40,37,37,30,30,30,30,30,27,27,23,18,18,3,49,30,0,0],"gold":509,"neow_bonus":"ONE_RARE_RELIC","is_daily":false,"chose_seed":false,"campfire_upgraded":3,"win_rate":0.0,"timestamp":1612533897,"path_taken":["M","?","?","M","?","?","R","M","T","?","M","R","?","M","R","BOSS","M","M"],"items_purchased_type":[],"build_version":"2020-12-22","purchased_purges":0,"victory":false,"max_hp_per_floor":[71,71,71,71,64,64,64,64,64,64,64,64,64,64,64,64,64,64,64,64],"card_choices":[{"not_picked":["Steam Power","Rebound"],"picked":"Cold Snap","floor":1},{"not_picked":["Beam Cell","Force Field"],"picked":"Rebound","floor":4},{"not_picked":["Cold Snap","Stack"],"picked":"Ball Lightning","floor":6},{"not_picked":["Redo","Beam Cell"],"picked":"Turbo","floor":8},{"not_picked":["Turbo","Heatsinks","Beam Cell"],"picked":"SKIP","floor":11},{"not_picked":["Stack","Barrage"],"picked":"Creative AI","floor":13},{"not_picked":["White Noise","Rebound"],"picked":"BootSequence","floor":14},{"not_picked":["Buffer","Meteor Strike"],"picked":"Biased Cognition","floor":16},{"not_picked":["Steam","Hologram"],"picked":"Genetic Algorithm","floor":18}],"player_experience":994855,"relics_obtained":[{"floor":9,"key":"Gremlin Horn"}],"event_choices":[{"damage_healed":0,"gold_gain":0,"player_choice":"Success","damage_taken":18,"relics_obtained":["MawBank"],"max_hp_gain":0,"max_hp_loss":0,"event_name":"Scrap Ooze","floor":2,"gold_loss":0},{"cards_removed":["Doubt"],"damage_healed":0,"gold_gain":0,"player_choice":"Card Removal","damage_taken":0,"max_hp_gain":0,"max_hp_loss":0,"event_name":"The Cleric","floor":3,"gold_loss":75},{"damage_healed":0,"gold_gain":0,"player_choice":"Lose Max HP","damage_taken":0,"relics_obtained":["Golden Idol"],"max_hp_gain":0,"max_hp_loss":7,"event_name":"Golden Idol","floor":5,"gold_loss":0},{"damage_healed":0,"gold_gain":50,"player_choice":"Pray","damage_taken":0,"max_hp_gain":0,"max_hp_loss":0,"event_name":"Golden Shrine","floor":10,"gold_loss":0}],"is_beta":false,"boss_relics":[{"not_picked":["Runic Dome","FrozenCore"],"picked":"Astrolabe"}],"items_purged_floors":[],"is_endless":false,"potions_floor_spawned":[8,11,14],"killed_by":"Shell Parasite","ascension_level":15}}