{"host":"fhyqvp7txwl2j5aw","time":1612492048,"event":{"mods":["BaseMod","Card Forge","Colored Map","Colored Powertips","Highlight Path","HololiveMod","Minty Spire (QoL Compilation)","StSLib"],"gold_per_floor":[83,83,97,97,109,142,68,68,68,101,121,157,180,24,24,151,151,182,206,121,145,67,115,115,155,155,155,206,206,206,239,239,362,412,432,432,487,487,22,79,0,53,80,80,80,146,146,228,228,278],"floor_reached":51,"language":"JPN","playtime":4024,"items_purged":["Hololive_HighAtkLowDef+1"],"score":1109,"play_id":"30d1e64b-8d22-4584-a3f9-7dce6ac794bd","local_time":"20210205112728","is_ascension_mode":false,"campfire_choices":[{"data":"Hololive_CallDoris","floor":15,"key":"SMITH"},{"data":"Hololive_CallFriendA","floor":24,"key":"SMITH"},{"data":"Hololive_CallShiroganeNoel","floor":29,"key":"SMITH"},{"data":"Hololive_CallUsadaPekora","floor":32,"key":"SMITH"},{"data":"Madness","floor":45,"key":"SMITH"},{"data":"Madness","floor":47,"key":"SMITH"},{"floor":49,"key":"REST"}],"circlet_count":0,"master_deck":["Hololive_Defend+1","Hololive_Defend+1","Hololive_SoulCatcher+1","Hololive_CallOzoraSubaru+1","Hololive_CallKiryuuCoco+1","Hololive_CallFriendA+1","Hololive_CallAmaneKanata+1","Hololive_CallYozoraMel+1","Hololive_CallAiraniIofifteen+1","Hololive_CallUruhaRushia+1","Hololive_CallDoris+1","Hololive_CallSpadeEcho+1","Hololive_FlyingPonyTail+1","Hololive_DevilCharm+1","Hololive_CallSakuraMiko+1","Hololive_IdolExercise+1","Hololive_CallMoonaHoshinova+1","Hololive_Teleport+1","Hololive_RevenueBasedLive+1","Hololive_CallShiroganeNoel+1","Hololive_FlyingPonyTail+1","Hololive_CallUsadaPekora+1","Hololive_Thief+1","Hololive_FlyingPonyTail+1","Hololive_DDD+1","Hololive_RevenueBasedLive+1","Hololive_CallMurasakiShion+1","Madness+1","Madness+1","Hololive_Psychosis+1","Hololive_CocoNews+1"],"relics":["Hololive_TheStar","Hammer of Thor","Seething Fire","Anvil of the Gods","Ornamental Fan","Lantern","Kunai","Pocketwatch","Centennial Puzzle","Vajra","Black Star","Pear","Potion Belt","Boot","Ancient Tea Set","Bird Faced Urn","Gambling Chip","MealTicket","Tiny House","Mark of the Bloom","Pen Nib","InkBottle","Matryoshka","Oddly Smooth Stone","Red Mask","Bag of Marbles","Blood Vial","CaptainsWheel","Molten Egg 2"],"acts_visited":["Exordium","TheCity","TheBeyond"],"potions_floor_usage":[23,33,50,50],"damage_taken":[{"damage":0,"enemies":"Jaw Worm","floor":1,"turns":3},{"damage":0,"enemies":"Cultist","floor":3,"turns":3},{"damage":0,"enemies":"2 Louse","floor":5,"turns":3},{"damage":0,"enemies":"Gremlin Nob","floor":6,"turns":3},{"damage":0,"enemies":"3 Sentries","floor":10,"turns":4},{"damage":0,"enemies":"Looter","floor":11,"turns":2},{"damage":0,"enemies":"Gremlin Nob","floor":12,"turns":3},{"damage":0,"enemies":"The Guardian","floor":16,"turns":5},{"damage":0,"enemies":"Spheric Guardian","floor":18,"turns":2},{"damage":0,"enemies":"Shell Parasite","floor":19,"turns":2},{"damage":0,"enemies":"Slavers","floor":23,"turns":3},{"damage":0,"enemies":"Snecko","floor":25,"turns":3},{"damage":0,"enemies":"Gremlin Leader","floor":28,"turns":4},{"damage":0,"enemies":"Chosen and Byrds","floor":31,"turns":3},{"damage":0,"enemies":"Champ","floor":33,"turns":8},{"damage":0,"enemies":"Orb Walker","floor":35,"turns":4},{"damage":0,"enemies":"3 Darklings","floor":37,"turns":4},{"damage":0,"enemies":"Giant Head","floor":40,"turns":5},{"damage":0,"enemies":"Jaw Worm Horde","floor":42,"turns":3},{"damage":0,"enemies":"Reptomancer","floor":46,"turns":3},{"damage":0,"enemies":"Transient","floor":48,"turns":5},{"damage":1,"enemies":"Awakened One","floor":50,"turns":9}],"seed_played":"-8198816968660306386","potions_obtained":[{"floor":3,"key":"LiquidBronze"},{"floor":5,"key":"ColorlessPotion"},{"floor":11,"key":"Block Potion"},{"floor":25,"key":"ColorlessPotion"},{"floor":31,"key":"Block Potion"},{"floor":33,"key":"Dexterity Potion"},{"floor":34,"key":"Swift Potion"},{"floor":35,"key":"DistilledChaos"},{"floor":37,"key":"BlessingOfTheForge"}],"is_trial":false,"path_per_floor":["M","?","M","?","M","E","$","?","T","E","M","E","T","$","R","B",null,"M","M","?","T","$","E","R","M","T","?","E","R","?","M","R","B",null,"M","?","M","?","$","E","?","M","T","?","R","E","R","M","R","B",null],"character_chosen":"Hololive_HololiveCharacter","items_purchased":["Hololive_CallSpadeEcho","Vajra","Hololive_Teleport","Pen Nib","InkBottle"],"campfire_rested":1,"item_purchase_floors":[7,14,22,39,39],"current_hp_per_floor":[35,35,35,35,35,35,35,35,35,35,35,35,35,35,35,35,35,35,35,45,45,45,45,45,45,45,45,45,45,45,45,45,45,50,50,45,50,50,50,50,50,50,50,44,44,44,44,44,44,43],"gold":278,"neow_bonus":"","is_daily":false,"chose_seed":false,"campfire_upgraded":6,"win_rate":0.0,"timestamp":1612492048,"path_taken":["M","?","?","?","M","E","$","?","T","E","M","E","?","?","R","BOSS","M","M","?","?","$","E","R","M","T","?","E","R","?","M","R","BOSS","M","?","?","?","$","E","?","M","T","?","R","E","R","M","R","BOSS"],"items_purchased_type":["Card","Relic","Card","Relic","Relic"],"build_version":"2020-12-22","purchased_purges":1,"victory":true,"max_hp_per_floor":[35,35,35,35,35,35,35,35,35,35,35,35,35,35,35,35,35,35,35,45,45,45,45,45,45,45,45,45,45,45,45,45,45,50,50,50,50,50,50,50,50,50,50,50,50,50,50,50,50,50],"card_choices":[{"not_picked":["Hololive_Psychosis","Hololive_StrengthChampion","Hololive_Trident"],"picked":"Hololive_CallAiraniIofifteen","floor":1},{"not_picked":["Hololive_Sequa","Hololive_Drill","Hololive_RevenueBasedLive"],"picked":"Hololive_CallUruhaRushia","floor":3},{"not_picked":["Hololive_Yoholoon","Hololive_LuckPotion","Hololive_Breathe"],"picked":"Hololive_CallDoris","floor":5},{"not_picked":["Hololive_HuntDinosaur","Hololive_StrengthChampion","Hololive_Psychosis"],"picked":"Hololive_HighAtkLowDef","floor":6},{"not_picked":["Hololive_RevenueBasedLive","Hololive_CallAyundaRisu","Hololive_CallTokoyamiTowa"],"picked":"Hololive_FlyingPonyTail","floor":10},{"not_picked":["Hololive_Drill","Hololive_CocoNews","Hololive_Breathe"],"picked":"Hololive_DevilCharm","floor":11},{"not_picked":["Hololive_HuntDinosaur","Hololive_OvertimeWork","Hololive_CallShishiroBotan"],"picked":"Hololive_CallSakuraMiko","floor":12},{"not_picked":["Hololive_DiamondStrike","Hololive_BeCareful","Hololive_ScarfAndHalo"],"picked":"Hololive_IdolExercise","floor":16},{"not_picked":["Hololive_OvertimeWork","Hololive_Trident","Hololive_RevenueBasedLive","Hololive_CocoNews"],"picked":"SKIP","floor":18},{"not_picked":["Hololive_Sequa+1","Hololive_Rebound","Hololive_CallAkaiHaato"],"picked":"Hololive_CallMoonaHoshinova+1","floor":19},{"not_picked":["Hololive_LuckPotion","Hololive_CallYukihanaLamy","Hololive_Breathe"],"picked":"Hololive_RevenueBasedLive","floor":23},{"not_picked":["Hololive_LuckPotion","Hololive_CocoNews","Hololive_RevenueBasedLive","Hololive_OvertimeWork"],"picked":"SKIP","floor":25},{"not_picked":["Hololive_OvertimeWork+1","Hololive_Rebound","Hololive_Breathe+1"],"picked":"Hololive_CallShiroganeNoel","floor":28},{"not_picked":["Hololive_HuntDinosaur","Hololive_ManjiGathering","Hololive_Psychosis"],"picked":"Hololive_CallUsadaPekora","floor":31},{"not_picked":["Hololive_ScarfAndHalo","Hololive_FlareMind","Hololive_DiamondStrike"],"picked":"Hololive_Thief","floor":33},{"not_picked":["Hololive_Trident+1","Hololive_CallAZKi+1","Hololive_Rebound"],"picked":"Hololive_FlyingPonyTail","floor":35},{"not_picked":["Hololive_RevenueBasedLive","Hololive_CallOmaruPolka","Hololive_Rebound+1"],"picked":"Hololive_DDD","floor":37},{"not_picked":["Hololive_CallTokoyamiTowa","Hololive_Rebound","Hololive_Psychosis"],"picked":"Hololive_RevenueBasedLive+1","floor":40},{"not_picked":["Hololive_Rebound","Hololive_CallNakiriAyame","Hololive_Sequa"],"picked":"Hololive_CallMurasakiShion+1","floor":42},{"not_picked":["Hololive_LuckPotion+1","Hololive_StarCraft","Hololive_Drill+1"],"picked":"Hololive_Psychosis+1","floor":46},{"not_picked":["Hololive_CallCivia","Hololive_CallMoonaHoshinova","Hololive_FlyingPonyTail+1"],"picked":"Hololive_CocoNews+1","floor":48}],"player_experience":0,"relics_obtained":[{"floor":6,"key":"Ornamental Fan"},{"floor":9,"key":"Lantern"},{"floor":10,"key":"Kunai"},{"floor":12,"key":"Pocketwatch"},{"floor":13,"key":"Centennial Puzzle"},{"floor":21,"key":"Potion Belt"},{"floor":23,"key":"Boot"},{"floor":23,"key":"Ancient Tea Set"},{"floor":26,"key":"Bird Faced Urn"},{"floor":28,"key":"Gambling Chip"},{"floor":28,"key":"MealTicket"},{"floor":40,"key":"Matryoshka"},{"floor":40,"key":"Oddly Smooth Stone"},{"floor":43,"key":"Bag of Marbles"},{"floor":43,"key":"Blood Vial"},{"floor":46,"key":"CaptainsWheel"},{"floor":46,"key":"Molten Egg 2"}],"event_choices":[{"cards_removed":["Hololive_Strike"],"damage_healed":0,"gold_gain":0,"player_choice":"Purged","damage_taken":0,"max_hp_gain":0,"max_hp_loss":0,"event_name":"Purifier","floor":2,"gold_loss":0},{"cards_removed":["Hololive_Strike"],"damage_healed":0,"gold_gain":0,"player_choice":"Forget","damage_taken":0,"max_hp_gain":0,"max_hp_loss":0,"event_name":"Living Wall","floor":4,"gold_loss":0},{"damage_healed":0,"gold_gain":0,"player_choice":"Fled","damage_taken":0,"max_hp_gain":0,"max_hp_loss":0,"event_name":"Scrap Ooze","floor":8,"gold_loss":0},{"damage_healed":0,"gold_gain":0,"player_choice":"Obtained Relic","damage_taken":0,"relics_obtained":["Pear"],"max_hp_gain":0,"max_hp_loss":0,"event_name":"Addict","floor":20,"gold_loss":85},{"damage_healed":0,"gold_gain":0,"player_choice":"Ignored","damage_taken":0,"max_hp_gain":0,"max_hp_loss":0,"event_name":"Ghosts","floor":27,"gold_loss":0},{"damage_healed":0,"gold_gain":0,"player_choice":"Read","damage_taken":0,"max_hp_gain":0,"max_hp_loss":0,"event_name":"The Library","floor":30,"gold_loss":0,"cards_obtained":["Hololive_FlyingPonyTail"]},{"damage_healed":0,"gold_gain":0,"player_choice":"Damaged","damage_taken":5,"max_hp_gain":0,"max_hp_loss":0,"event_name":"Wheel of Change","floor":36,"gold_loss":0},{"damage_healed":0,"gold_gain":0,"player_choice":"Upgrade","damage_taken":0,"relics_obtained":["Mark of the Bloom"],"max_hp_gain":0,"max_hp_loss":0,"event_name":"MindBloom","floor":38,"gold_loss":0,"cards_upgraded":["Hololive_Defend","Hololive_Defend","Hololive_SoulCatcher","Hololive_CallOzoraSubaru","Hololive_CallKiryuuCoco","Hololive_CallAmaneKanata","Hololive_CallYozoraMel","Hololive_CallAiraniIofifteen","Hololive_CallUruhaRushia","Hololive_HighAtkLowDef","Hololive_CallSpadeEcho","Hololive_FlyingPonyTail","Hololive_DevilCharm","Hololive_CallSakuraMiko","Hololive_IdolExercise","Hololive_Teleport","Hololive_FlyingPonyTail","Hololive_Thief","Hololive_FlyingPonyTail","Hololive_DDD"]},{"damage_healed":0,"gold_gain":0,"player_choice":"Paid","damage_taken":0,"relics_obtained":["Red Mask"],"max_hp_gain":0,"max_hp_loss":0,"event_name":"Tomb of Lord Red Mask","floor":41,"gold_loss":79},{"damage_healed":0,"gold_gain":0,"player_choice":"Embrace Madness","damage_taken":6,"max_hp_gain":0,"max_hp_loss":0,"event_name":"Winding Halls","floor":44,"gold_loss":0,"cards_obtained":["Madness","Madness"]}],"is_beta":false,"boss_relics":[{"not_picked":["Empty Cage","Hololive_TopUpMoneyS"],"picked":"Black Star"},{"not_picked":["Runic Dome","Busted Crown"],"picked":"Tiny House"}],"items_purged_floors":[39],"is_endless":false,"potions_floor_spawned":[3,5,11,12,25,31,33,35,37,42,48],"ascension_level":0}}