{"host":"uv5ws9rdk87e8i5k","time":1612549990,"event":{"mods":["AchievementEnabler","BaseMod","Colored Map","Minty Spire (QoL Compilation)","Permanent Neow","Quick Restart","StSLib","SuperFastMode","The Necromancer"],"gold_per_floor":[360,375,2,2,14,48,48,80,80,91,103,135,148,148,148,245,245,258,276,276,276],"floor_reached":20,"language":"ENG","playtime":563,"items_purged":["Strike_G"],"score":381,"play_id":"c798d9e7-559a-4d48-ad43-ce6b1dc9869e","local_time":"20210205123310","is_ascension_mode":true,"campfire_choices":[{"data":"Noxious Fumes","floor":7.0,"key":"SMITH"},{"data":"Noxious Fumes","floor":15.0,"key":"SMITH"}],"circlet_count":0,"master_deck":["AscendersBane","Strike_G+1","Strike_G+1","Strike_G","Defend_G+1","Defend_G","Defend_G","Defend_G","Defend_G","Survivor","Neutralize","Acrobatics","Cloak And Dagger+1","Prepared","Noxious Fumes+1","Underhanded Strike","Dash","Poisoned Stab","Noxious Fumes+1","Catalyst+1","Glass Knife","PiercingWail"],"relics":["Ring of the Serpent","PreservedInsect","Whetstone","War Paint","Tough Bandages","Sundial","Darkstone Periapt"],"acts_visited":["Exordium","TheCity"],"potions_floor_usage":[18,19],"damage_taken":[{"damage":1.0,"enemies":"Small Slimes","floor":1.0,"turns":3.0},{"damage":2.0,"enemies":"Cultist","floor":2.0,"turns":5.0},{"damage":0.0,"enemies":"2 Louse","floor":5.0,"turns":4.0},{"damage":17.0,"enemies":"Lagavulin","floor":6.0,"turns":8.0},{"damage":0.0,"enemies":"Gremlin Nob","floor":8.0,"turns":2.0},{"damage":1.0,"enemies":"Exordium Thugs","floor":10.0,"turns":4.0},{"damage":0.0,"enemies":"3 Louse","floor":11.0,"turns":4.0},{"damage":0.0,"enemies":"Lagavulin","floor":12.0,"turns":5.0},{"damage":1.0,"enemies":"Looter","floor":13.0,"turns":3.0},{"damage":21.0,"enemies":"The Guardian","floor":16.0,"turns":6.0},{"damage":7,"enemies":"Shell Parasite","floor":18,"turns":5},{"damage":10,"enemies":"Spheric Guardian","floor":19,"turns":5},{"damage":0,"enemies":"Snake Plant","floor":20,"turns":1}],"seed_played":"7921950378247407121","potions_obtained":[{"floor":2.0,"key":"Fire Potion"},{"floor":5.0,"key":"SteroidPotion"},{"floor":10.0,"key":"Swift Potion"},{"floor":16.0,"key":"SpeedPotion"},{"floor":18,"key":"LiquidMemories"}],"is_trial":false,"path_per_floor":["M","M","$","?","M","E","R","E","T","M","M","E","M","?","R","B",null,"M","M","M"],"character_chosen":"THE_SILENT","items_purchased":["PreservedInsect","Whetstone"],"campfire_rested":0,"item_purchase_floors":[3,3],"current_hp_per_floor":[62,60,60,60,60,43,43,43,43,42,42,42,41,41,41,20,52,45,35,35,35],"gold":276,"neow_bonus":"TWO_FIFTY_GOLD","is_daily":false,"chose_seed":false,"campfire_upgraded":2,"win_rate":0.0,"timestamp":1612549990,"path_taken":["M","M","$","?","?","E","R","E","T","M","M","E","M","?","R","BOSS","M","M","M"],"items_purchased_type":["Relic","Relic"],"build_version":"2020-12-22","purchased_purges":1,"victory":false,"max_hp_per_floor":[63,63,63,63,63,63,63,63,63,63,63,63,63,63,63,63,63,63,63,63,63],"card_choices":[{"not_picked":["Dodge and Roll","Flechettes"],"picked":"Acrobatics","floor":1.0},{"not_picked":["Endless Agony","Backflip"],"picked":"Cloak And Dagger","floor":2.0},{"not_picked":["Riddle With Holes","Night Terror"],"picked":"Noxious Fumes","floor":5.0},{"not_picked":["Setup","Flying Knee","Tactician"],"picked":"SKIP","floor":6.0},{"not_picked":["Doppelganger","Deflect"],"picked":"Underhanded Strike","floor":8.0},{"not_picked":["Deflect","Slice"],"picked":"Dash","floor":10.0},{"not_picked":["Bane","All Out Attack"],"picked":"Poisoned Stab","floor":11.0},{"not_picked":["Poisoned Stab","Footwork"],"picked":"Noxious Fumes","floor":12.0},{"not_picked":["Quick Slash","Dagger Throw"],"picked":"Catalyst","floor":13.0},{"not_picked":["Grand Finale","Bullet Time"],"picked":"Glass Knife","floor":16.0},{"not_picked":["Quick Slash","Terror","Flying Knee"],"picked":"SKIP","floor":18},{"not_picked":["Expertise","Flying Knee+1"],"picked":"PiercingWail","floor":19}],"player_experience":237162,"relics_obtained":[{"floor":6.0,"key":"War Paint"},{"floor":8.0,"key":"Tough Bandages"},{"floor":9.0,"key":"Sundial"},{"floor":12.0,"key":"Darkstone Periapt"}],"event_choices":[{"damage_healed":0.0,"max_hp_gain":0.0,"max_hp_loss":0.0,"gold_gain":0.0,"cards_transformed":["Strike_G"],"event_name":"Transmorgrifier","player_choice":"Transformed","floor":4.0,"gold_loss":0.0,"damage_taken":0.0,"cards_obtained":["Prepared"]},{"damage_healed":0.0,"max_hp_gain":0.0,"max_hp_loss":0.0,"gold_gain":0.0,"event_name":"Living Wall","player_choice":"Grow","floor":14.0,"gold_loss":0.0,"damage_taken":0.0,"cards_upgraded":["Catalyst"]}],"is_beta":false,"boss_relics":[{"not_picked":["Runic Pyramid","SlaversCollar"],"picked":"Ring of the Serpent"}],"items_purged_floors":[3],"is_endless":false,"potions_floor_spawned":[2,5,6,10,16,18],"killed_by":"Snake Plant","ascension_level":11}}