{"host":"0hb9w7uizu7y13wj","time":1612546594,"event":{"mods":["Act Like it!","Aspiration","BaseMod","BetterRewards","Colored Map","Conspire","Downfall","Energized Spire","FTL Soundtrack","Friendly Minions","Halation","Hubris","Infinite Spire","Minty Spire (QoL Compilation)","Quick Restart","Replay The Spire","StSLib","Synergy Search","The Hierophant","The Jungle","The Poker Player","Trackpad","everything is the same but u backflip on backflip"],"gold_per_floor":[121,121,121,141,162,195,195,224,269,202,202,228,30,56,56,68,68],"floor_reached":16,"language":"ENG","playtime":809,"items_purged":[],"score":370,"play_id":"80dd1a55-a85f-4676-a6a0-a4a4131a184b","local_time":"20210205173634","is_ascension_mode":true,"campfire_choices":[{"data":"Replay:Dark Deal","floor":7,"key":"SMITH"},{"floor":11,"key":"REST"},{"data":"hubris:EnhanceAbility","floor":15,"key":"SMITH"}],"circlet_count":0,"master_deck":["AscendersBane","Strike_G","Strike_G","Strike_G","Strike_G","Strike_G","Defend_G","Defend_G","Defend_G","Defend_G","Defend_G","Survivor","Neutralize","Bandage Up","Deadly Poison","Replay:Dark Deal+1","Master of Strategy","Replay:Bootleg Shield Generator","Bouncing Flask","Poisoned Stab","Flash of Steel+1","Poisoned Stab","hubris:EnhanceAbility+1","Replay:Sssssssssshield"],"relics":["Ring of the Snake","Mango","trackpad:ChainingVapors","Replay:Bandana","ClockworkSouvenir","Ginger","TungstenRod","infinitespire:ShieldingShard","Blue Doll"],"acts_visited":["Exordium"],"potions_floor_usage":[6],"damage_taken":[{"damage":0,"enemies":"Jaw Worm","floor":1,"turns":2},{"damage":2,"enemies":"Small Slimes","floor":4,"turns":2},{"damage":0,"enemies":"Cultist","floor":5,"turns":3},{"damage":47,"enemies":"3 Sentries","floor":6,"turns":14},{"damage":0,"enemies":"Gremlin Nob","floor":8,"turns":1},{"damage":0,"enemies":"Large Slime","floor":12,"turns":5},{"damage":0,"enemies":"Looter","floor":14,"turns":3},{"damage":49,"enemies":"Slime Boss","floor":16,"turns":12}],"seed_played":"-7883208055931939040","potions_obtained":[{"floor":1,"key":"Regen Potion"},{"floor":4,"key":"sneckomod:MuddlingPotion"},{"floor":14,"key":"FearPotion"}],"is_trial":false,"path_per_floor":["M","?","?","M","M","E","R","E","T","$","R","M","$","M","R","B"],"character_chosen":"THE_SILENT","items_purchased":["Mango","Bandage Up","Deadly Poison","Replay:Dark Deal","Replay:Bandana","ClockworkSouvenir","Master of Strategy","Replay:Bootleg Shield Generator","Flash of Steel+1","hubris:EnhanceAbility","Replay:Sssssssssshield"],"campfire_rested":1,"item_purchase_floors":[0,0,0,0,0,0,0,0,10,13,13],"current_hp_per_floor":[35,35,35,37,41,23,23,23,23,23,47,51,51,51,51,6,6],"gold":68,"neow_bonus":"","is_daily":false,"chose_seed":false,"campfire_upgraded":2,"win_rate":0.0,"timestamp":1612546594,"path_taken":["M","?","?","M","M","E","R","E","T","$","R","M","$","M","R","BOSS"],"items_purchased_type":["Relic","Card","Card","Card","Relic","Relic","Card","Card","Card","Card","Card"],"build_version":"2020-12-22","purchased_purges":0,"victory":false,"max_hp_per_floor":[80,80,80,80,80,80,80,80,80,80,80,80,80,80,80,80,80],"card_choices":[{"not_picked":["Deflect","Backflip"],"picked":"Bouncing Flask","floor":1},{"not_picked":["Slice","Hidden Blade","Underhanded Strike"],"picked":"SKIP","floor":4},{"not_picked":["Dodge and Roll","Poisoned Stab","Prepared"],"picked":"SKIP","floor":5},{"not_picked":["Dodge and Roll","Prepared"],"picked":"Poisoned Stab","floor":5},{"not_picked":["Backflip","ReplayTheSpireMod:Necrosis","Setup"],"picked":"SKIP","floor":6},{"not_picked":["Bane","Deadly Poison","PiercingWail"],"picked":"SKIP","floor":8},{"not_picked":["Underhanded Strike","Slice"],"picked":"Poisoned Stab","floor":12},{"not_picked":["Underhanded Strike","hubris:SlightOfHand","Infinite Blades"],"picked":"SKIP","floor":14}],"player_experience":959788,"relics_obtained":[{"floor":6,"key":"TungstenRod"},{"floor":8,"key":"infinitespire:ShieldingShard"},{"floor":9,"key":"Blue Doll"}],"event_choices":[],"is_beta":false,"boss_relics":[],"items_purged_floors":[],"is_endless":false,"potions_floor_spawned":[1,4,14],"killed_by":"Slime Boss","ascension_level":20}}