{"host":"ia9e4s524g7bamk7","time":1612538452,"event":{"mods":["AchievementEnabler","BaseMod","Minty Spire (QoL Compilation)","Slay-I"],"gold_per_floor":[99,49,49,49,49,49,49,49,49,49,49,49,49,49,49,49,49,49,49,49,49,49,49,49,49,49,49,49,49,49,49,49,49,49],"floor_reached":33,"language":"ENG","playtime":2923,"items_purged":[],"score":378,"play_id":"195f5df6-9f7d-4d22-b4a7-5a66c48d2a98","local_time":"20210205162052","is_ascension_mode":true,"campfire_choices":[{"data":"Neutralize","floor":6.0,"key":"SMITH"},{"floor":8.0,"key":"REST"},{"data":"Malaise","floor":13.0,"key":"SMITH"},{"floor":15.0,"key":"REST"},{"floor":27,"key":"REST"},{"floor":32,"key":"RECALL"}],"circlet_count":0,"master_deck":["Strike_G","Strike_G","Strike_G","Strike_G","Defend_G","Defend_G","Defend_G","Defend_G","Defend_G","Survivor","Neutralize+1","Caltrops+1","Poisoned Stab","Dash","Dagger Throw","Crippling Poison","Bouncing Flask","Malaise+1","Noxious Fumes","Unload","Shame","Prepared","Backflip","Shame","Slice+1","Catalyst","Well Laid Plans","Heel Hook+1"],"relics":["Ectoplasm","Du-Vu Doll","Matryoshka","Anchor","Tingsha","Cursed Key","Torii","Meat on the Bone","Bag of Preparation","Question Card","MealTicket","Omamori"],"acts_visited":["Exordium","TheCity"],"potions_floor_usage":[25,25,30,30],"damage_taken":[{"damage":1.0,"enemies":"Cultist","floor":1.0,"turns":5.0},{"damage":7.0,"enemies":"Small Slimes","floor":3.0,"turns":4.0},{"damage":0.0,"enemies":"2 Louse","floor":4.0,"turns":2.0},{"damage":24.0,"enemies":"Lagavulin","floor":7.0,"turns":7.0},{"damage":8.0,"enemies":"3 Sentries","floor":10.0,"turns":7.0},{"damage":0.0,"enemies":"Blue Slaver","floor":11.0,"turns":4.0},{"damage":12.0,"enemies":"Lagavulin","floor":12.0,"turns":6.0},{"damage":2.0,"enemies":"Lots of Slimes","floor":14.0,"turns":4.0},{"damage":21.0,"enemies":"Slime Boss","floor":16.0,"turns":9.0},{"damage":8,"enemies":"Spheric Guardian","floor":18,"turns":5},{"damage":5,"enemies":"Shell Parasite","floor":19,"turns":4},{"damage":1,"enemies":"3 Cultists","floor":22,"turns":5},{"damage":4,"enemies":"Book of Stabbing","floor":23,"turns":5},{"damage":3,"enemies":"Snake Plant","floor":24,"turns":5},{"damage":13,"enemies":"Slavers","floor":25,"turns":5},{"damage":18,"enemies":"Centurion and Healer","floor":28,"turns":4},{"damage":20,"enemies":"Sentry and Sphere","floor":29,"turns":4},{"damage":11,"enemies":"Gremlin Leader","floor":30,"turns":7},{"damage":2,"enemies":"Snake Plant","floor":31,"turns":3},{"damage":69,"enemies":"Automaton","floor":33,"turns":6}],"seed_played":"-8391596978461346512","potions_obtained":[{"floor":3.0,"key":"Dexterity Potion"},{"floor":7.0,"key":"LiquidMemories"},{"floor":11.0,"key":"FearPotion"},{"floor":19,"key":"ColorlessPotion"},{"floor":22,"key":"BlessingOfTheForge"},{"floor":24,"key":"ColorlessPotion"},{"floor":25,"key":"AttackPotion"}],"is_trial":false,"path_per_floor":["M","?","M","M","?","R","E","R","T","E","M","E","R","M","R","B",null,"M","M","?","?","M","E","M","E","T","R","M","M","E","M","R","B"],"character_chosen":"THE_SILENT","items_purchased":[],"campfire_rested":3,"item_purchase_floors":[],"current_hp_per_floor":[69,69,62,62,62,62,38,59,59,51,51,39,39,37,58,37,70,62,57,57,70,69,65,62,49,49,70,52,44,45,43,43,0,0],"gold":49,"neow_bonus":"BOSS_RELIC","is_daily":false,"chose_seed":false,"campfire_upgraded":2,"win_rate":0.0,"timestamp":1612538452,"path_taken":["M","?","M","M","?","R","E","R","T","E","?","E","R","M","R","BOSS","M","M","?","?","M","E","?","E","T","R","M","M","E","M","R","BOSS"],"items_purchased_type":[],"build_version":"2020-12-22","purchased_purges":0,"victory":false,"max_hp_per_floor":[70,70,70,70,70,70,70,70,70,70,70,70,70,70,70,70,70,70,70,70,70,70,70,70,70,70,70,70,70,70,70,70,70,70],"card_choices":[{"not_picked":["Bane","Flechettes"],"picked":"Caltrops","floor":1.0},{"not_picked":["Cloak And Dagger","Slice"],"picked":"Poisoned Stab","floor":3.0},{"not_picked":["Poisoned Stab","Caltrops"],"picked":"Dash","floor":4.0},{"not_picked":["Endless Agony","Skewer"],"picked":"Dagger Throw","floor":7.0},{"not_picked":["Deadly Poison","Slice"],"picked":"Crippling Poison","floor":10.0},{"not_picked":["Deflect","Sucker Punch"],"picked":"Bouncing Flask","floor":11.0},{"not_picked":["Dodge and Roll","Infinite Blades"],"picked":"Malaise","floor":12.0},{"not_picked":["Sucker Punch","Backflip"],"picked":"Noxious Fumes","floor":14.0},{"not_picked":["Envenom","Wraith Form v2"],"picked":"Unload","floor":16.0},{"not_picked":["Dagger Spray","Endless Agony","Prepared"],"picked":"SKIP","floor":18},{"not_picked":["Reflex","Deflect+1","Blade Dance"],"picked":"SKIP","floor":19},{"not_picked":["Caltrops+1","Flying Knee"],"picked":"Prepared","floor":22},{"not_picked":["Glass Knife","Leg Sweep","Skewer"],"picked":"SKIP","floor":23},{"not_picked":["Dagger Spray","Outmaneuver+1","Underhanded Strike+1"],"picked":"SKIP","floor":24},{"not_picked":["Expertise","Quick Slash+1"],"picked":"Backflip","floor":25},{"not_picked":["Poisoned Stab","Eviscerate","Cloak And Dagger"],"picked":"Slice+1","floor":28},{"not_picked":["Well Laid Plans","PiercingWail","Flechettes"],"picked":"Catalyst","floor":29},{"not_picked":["Endless Agony","Slice","Storm of Steel"],"picked":"Well Laid Plans","floor":30},{"not_picked":["Slice","Prepared","Escape Plan"],"picked":"Heel Hook+1","floor":31}],"player_experience":253374,"relics_obtained":[{"floor":7.0,"key":"Du-Vu Doll"},{"floor":9.0,"key":"Matryoshka"},{"floor":10.0,"key":"Anchor"},{"floor":12.0,"key":"Tingsha"},{"floor":23,"key":"Meat on the Bone"},{"floor":25,"key":"Bag of Preparation"},{"floor":26,"key":"Question Card"},{"floor":26,"key":"MealTicket"},{"floor":30,"key":"Omamori"}],"event_choices":[{"cards_removed":["Strike_G"],"damage_healed":0.0,"max_hp_gain":0.0,"max_hp_loss":0.0,"gold_gain":0.0,"event_name":"The Cleric","player_choice":"Card Removal","floor":2.0,"gold_loss":50.0,"damage_taken":0.0},{"damage_healed":0.0,"max_hp_gain":0.0,"max_hp_loss":0.0,"gold_gain":0.0,"event_name":"Accursed Blacksmith","player_choice":"Forge","floor":5.0,"gold_loss":0.0,"damage_taken":0.0,"cards_upgraded":["Caltrops"]},{"damage_healed":0,"gold_gain":0,"player_choice":"Stole Relic","damage_taken":0,"relics_obtained":["Torii"],"max_hp_gain":0,"max_hp_loss":0,"event_name":"Addict","floor":20,"gold_loss":0,"cards_obtained":["Shame"]},{"damage_healed":13,"gold_gain":0,"player_choice":"Full Heal","damage_taken":0,"max_hp_gain":0,"max_hp_loss":0,"event_name":"Wheel of Change","floor":21,"gold_loss":0}],"is_beta":false,"boss_relics":[{"not_picked":["Black Star","Velvet Choker"],"picked":"Cursed Key"}],"items_purged_floors":[],"is_endless":false,"potions_floor_spawned":[3,7,11,19,22,24,25],"killed_by":"Automaton","ascension_level":3}}