{"host":"f6w7z8zvb0mi4wy9","time":1612527416,"event":{"mods":["BaseMod","Colored Map","Minty Spire (QoL Compilation)","READ ME - Guardian Mod","StSLib","SuperFastMode","The Jungle"],"gold_per_floor":[115,115,130,130,141,169,187,187,212,224,101,130,162,185,197,311,323,353,385,417,449,471,509,521,563,575,587,599,611,634,646,658,768,780,807,819,881,893,916,928,972,382,409,16,48,0,30,48,48,48,48,48,3,30,30,30],"floor_reached":55,"language":"KOR","playtime":2245,"items_purged":["Strike_B","Rainbow","Sweeping Beam"],"score":1050,"play_id":"2f463bdf-6f6e-499f-bf4a-41e441ab9c0a","local_time":"20210205211656","is_ascension_mode":true,"campfire_choices":[{"data":"Dualcast","floor":8,"key":"SMITH"},{"data":"White Noise","floor":15,"key":"SMITH"},{"data":"Beam Cell","floor":24,"key":"SMITH"},{"data":"Scrape","floor":29,"key":"SMITH"},{"data":"Skim","floor":32,"key":"SMITH"},{"data":"Madness","floor":40,"key":"SMITH"},{"floor":49,"key":"RECALL"},{"data":"Madness","floor":52,"key":"SMITH"}],"circlet_count":0,"master_deck":["Defend_B","Defend_B","Zap+1","Dualcast+1","Steam","Scrape+1","FTL","Steam","FTL","White Noise+1","Echo Form","Chill","Defragment","FTL","Beam Cell+1","Skim+1","Gash","Bite","Bite","Bite","Bite","Bite","Beam Cell+1","Hologram+1","Madness+1","Madness+1","Steam+1","Panacea","Good Instincts","Steam","Chill","Streamline"],"relics":["Cracked Core","Thread and Needle","Smiling Mask","MawBank","Black Star","Juzu Bracelet","Bag of Preparation","Dream Catcher","Orichalcum","MutagenicStrength","Sozu","Unceasing Top","Prayer Wheel","Bag of Marbles","Lizard Tail","Centennial Puzzle","Strawberry","Singing Bowl","MealTicket","Oddly Smooth Stone","Red Mask","Eternal Feather","Bottled Flame","Turnip","Toy Ornithopter"],"acts_visited":["Exordium","TheCity","TheBeyond","TheEnding"],"potions_floor_usage":[6,12,16,21,22,22,25,33],"damage_taken":[{"damage":6,"enemies":"Jaw Worm","floor":1,"turns":3},{"damage":1,"enemies":"Cultist","floor":3,"turns":3},{"damage":0,"enemies":"2 Louse","floor":5,"turns":3},{"damage":5,"enemies":"3 Sentries","floor":6,"turns":5},{"damage":0,"enemies":"Looter","floor":7,"turns":3},{"damage":0,"enemies":"Exordium Wildlife","floor":10,"turns":3},{"damage":3,"enemies":"Lagavulin","floor":12,"turns":6},{"damage":0,"enemies":"Large Slime","floor":13,"turns":4},{"damage":0,"enemies":"3 Louse","floor":14,"turns":2},{"damage":0,"enemies":"Slime Boss","floor":16,"turns":7},{"damage":0,"enemies":"Spheric Guardian","floor":18,"turns":3},{"damage":3,"enemies":"3 Byrds","floor":19,"turns":5},{"damage":4,"enemies":"Centurion and Healer","floor":20,"turns":4},{"damage":18,"enemies":"Snake Plant","floor":21,"turns":6},{"damage":0,"enemies":"Snecko","floor":22,"turns":6},{"damage":27,"enemies":"Gremlin Leader","floor":23,"turns":5},{"damage":11,"enemies":"Book of Stabbing","floor":25,"turns":6},{"damage":0,"enemies":"3 Cultists","floor":30,"turns":5},{"damage":54,"enemies":"Collector","floor":33,"turns":9},{"damage":1,"enemies":"3 Darklings","floor":35,"turns":4},{"damage":18,"enemies":"Mind Bloom Boss Battle","floor":37,"turns":7},{"damage":8,"enemies":"3 Shapes","floor":39,"turns":6},{"damage":49,"enemies":"Nemesis","floor":41,"turns":6},{"damage":17,"enemies":"Reptomancer","floor":45,"turns":4},{"damage":0,"enemies":"Giant Head","floor":47,"turns":5},{"damage":0,"enemies":"Transient","floor":48,"turns":5},{"damage":185,"enemies":"Time Eater","floor":50,"turns":13},{"damage":42,"enemies":"Shield and Spear","floor":54,"turns":8},{"damage":84,"enemies":"The Heart","floor":55,"turns":5}],"seed_played":"6828660543652284078","potions_obtained":[{"floor":3,"key":"LiquidMemories"},{"floor":5,"key":"Explosive Potion"},{"floor":6,"key":"SteroidPotion"},{"floor":13,"key":"FearPotion"},{"floor":16,"key":"Regen Potion"},{"floor":20,"key":"ColorlessPotion"},{"floor":21,"key":"SpeedPotion"},{"floor":23,"key":"Explosive Potion"},{"floor":25,"key":"PowerPotion"}],"is_trial":false,"path_per_floor":["M","?","M","T","M","E","M","R","T","M","$","E","M","M","R","B",null,"M","M","M","M","M","E","R","E","T","?","?","R","M","?","R","B",null,"M","?","?","?","M","R","E","$","T","$","E","?","E","M","R","B",null,"R","$","E","B"],"character_chosen":"DEFECT","items_purchased":["FTL","Lizard Tail","Panacea","Centennial Puzzle","Good Instincts","Singing Bowl","Streamline"],"campfire_rested":0,"item_purchase_floors":[11,42,42,42,44,44,53],"current_hp_per_floor":[69,74,73,73,73,68,68,68,68,70,70,69,71,73,73,75,80,80,77,75,59,76,51,51,42,42,42,42,42,56,56,56,26,80,80,80,80,70,72,72,41,41,48,48,49,49,67,91,91,8,91,91,91,75,0,0],"gold":30,"neow_bonus":"UPGRADE_CARD","is_daily":false,"chose_seed":false,"campfire_upgraded":7,"win_rate":0.0,"timestamp":1612527416,"path_taken":["M","?","M","?","?","E","M","R","T","M","$","E","M","M","R","BOSS","M","M","M","M","M","E","R","E","T","?","?","R","M","?","R","BOSS","M","?","?","?","M","R","E","$","T","?","E","?","E","M","R","BOSS","R","$","E","BOSS"],"items_purchased_type":["Card","Relic","Card","Relic","Card","Relic","Card"],"build_version":"2020-12-22","purchased_purges":3,"victory":false,"max_hp_per_floor":[75,80,80,80,80,80,80,80,80,80,80,80,80,80,80,80,80,80,80,80,80,80,80,80,80,80,80,80,80,80,80,80,80,80,80,80,80,80,80,80,80,80,87,87,89,89,89,91,91,91,91,91,91,93,93,93],"card_choices":[{"not_picked":["Conserve Battery","Redo"],"picked":"Steam","floor":1},{"not_picked":["Hello World","Steam"],"picked":"Scrape","floor":3},{"not_picked":["Rebound","Barrage"],"picked":"Sweeping Beam","floor":5},{"not_picked":["Genetic Algorithm","Static Discharge"],"picked":"Rainbow","floor":6},{"not_picked":["Loop","Consume"],"picked":"FTL","floor":7},{"not_picked":["Conserve Battery","Coolheaded"],"picked":"Steam","floor":10},{"not_picked":["Barrage","Compile Driver"],"picked":"White Noise","floor":12},{"not_picked":["Steam Power","Chaos","Doom and Gloom"],"picked":"SKIP","floor":13},{"not_picked":["Loop","Ball Lightning","Sweeping Beam"],"picked":"SKIP","floor":14},{"not_picked":["Amplify","Rainbow"],"picked":"Echo Form","floor":16},{"not_picked":["Aggregate","Ball Lightning","Stack"],"picked":"SKIP","floor":18},{"not_picked":["Turbo+1","Barrage"],"picked":"Chill","floor":19},{"not_picked":["Buffer","Sweeping Beam"],"picked":"Defragment","floor":20},{"not_picked":["Redo","Barrage"],"picked":"FTL","floor":21},{"not_picked":["Stack","Fusion"],"picked":"Beam Cell","floor":22},{"not_picked":["Doom and Gloom","Chaos+1"],"picked":"Skim","floor":23},{"not_picked":["Recycle+1","Compile Driver"],"picked":"Gash","floor":25},{"not_picked":["Darkness","Glacier+1"],"picked":"Beam Cell+1","floor":30},{"not_picked":["Compile Driver","Leap"],"picked":"Hologram+1","floor":35},{"not_picked":["Hologram","Storm","Cold Snap+1"],"picked":"SKIP","floor":39},{"not_picked":["Sweeping Beam+1","Rainbow"],"picked":"Steam+1","floor":41},{"not_picked":["Heatsinks","Storm+1","Force Field"],"picked":"Singing Bowl","floor":45},{"not_picked":["Skim+1","Hologram"],"picked":"Steam","floor":47},{"not_picked":["Recycle","Sweeping Beam+1","Rebound"],"picked":"Singing Bowl","floor":48},{"not_picked":["Ball Lightning","White Noise"],"picked":"Chill","floor":48},{"not_picked":["Conserve Battery+1","Ball Lightning","Turbo+1"],"picked":"Singing Bowl","floor":54}],"player_experience":910629,"relics_obtained":[{"floor":4,"key":"Thread and Needle"},{"floor":6,"key":"Smiling Mask"},{"floor":9,"key":"Blood Vial"},{"floor":12,"key":"MawBank"},{"floor":23,"key":"Juzu Bracelet"},{"floor":23,"key":"Bag of Preparation"},{"floor":25,"key":"Dream Catcher"},{"floor":25,"key":"Orichalcum"},{"floor":37,"key":"Unceasing Top"},{"floor":41,"key":"Prayer Wheel"},{"floor":41,"key":"Bag of Marbles"},{"floor":43,"key":"Strawberry"},{"floor":45,"key":"MealTicket"},{"floor":45,"key":"Oddly Smooth Stone"},{"floor":47,"key":"Eternal Feather"},{"floor":47,"key":"Bottled Flame"},{"floor":54,"key":"Turnip"},{"floor":54,"key":"Toy Ornithopter"}],"event_choices":[{"damage_healed":0,"gold_gain":0,"player_choice":"Donut","damage_taken":0,"max_hp_gain":5,"max_hp_loss":0,"event_name":"Big Fish","floor":2,"gold_loss":0},{"damage_healed":0,"gold_gain":0,"player_choice":"Became a vampire (Vial)","damage_taken":0,"max_hp_gain":0,"max_hp_loss":0,"event_name":"Vampires","floor":27,"relics_lost":["Blood Vial"],"gold_loss":0,"cards_obtained":["Bite","Bite","Bite","Bite","Bite"]},{"damage_healed":0,"gold_gain":0,"player_choice":"Inject Mutagens","damage_taken":0,"relics_obtained":["MutagenicStrength"],"max_hp_gain":0,"max_hp_loss":0,"event_name":"Drug Dealer","floor":28,"gold_loss":0},{"cards_removed":["Defend_B"],"damage_healed":0,"gold_gain":0,"player_choice":"Elegance","damage_taken":0,"max_hp_gain":0,"max_hp_loss":0,"event_name":"Back to Basics","floor":31,"gold_loss":0},{"cards_removed":["Defend_B"],"damage_healed":0,"gold_gain":0,"player_choice":"Removed Skill","damage_taken":0,"max_hp_gain":0,"max_hp_loss":0,"event_name":"Falling","floor":36,"gold_loss":0},{"damage_healed":0,"gold_gain":0,"player_choice":"Fight","damage_taken":0,"max_hp_gain":0,"max_hp_loss":0,"event_name":"MindBloom","floor":37,"gold_loss":0},{"damage_healed":0,"gold_gain":0,"player_choice":"Embrace Madness","damage_taken":10,"max_hp_gain":0,"max_hp_loss":0,"event_name":"Winding Halls","floor":38,"gold_loss":0,"cards_obtained":["Madness","Madness"]},{"damage_healed":0,"gold_gain":0,"player_choice":"Paid","damage_taken":0,"relics_obtained":["Red Mask"],"max_hp_gain":0,"max_hp_loss":0,"event_name":"Tomb of Lord Red Mask","floor":46,"gold_loss":48}],"is_beta":false,"boss_relics":[{"not_picked":["SacredBark","Nuclear Battery"],"picked":"Black Star"},{"not_picked":["Snecko Eye","Inserter"],"picked":"Sozu"}],"items_purged_floors":[11,42,44],"is_endless":false,"potions_floor_spawned":[3,5,6,13,16,20,21,23,25,45,54],"killed_by":"The Heart","ascension_level":1}}