{"host":"1y3caoxlf2txzqg0","time":1612513139,"event":{"mods":["Alarm Clock","BaseMod","Colored Map","DeckTracker","Downfall","GifTheSpireLib","Minty Spire (QoL Compilation)","Rare Cards Sparkle","Relic Stats","Spire Birthday Party","StSLib"],"gold_per_floor":[99,117,133,147,164,194,194,194,5,35,54,54,73,90,100,198,198,198,208,223,234,234,234,234,23,55,55,55,83,83,100,113,212,212,212,223,235,247,297,312,338,14,43,43,84,84,110,158,193,193,193,193],"floor_reached":50,"language":"DEU","playtime":10551,"items_purged":[],"score":733,"play_id":"69f44590-df25-412f-9941-bc28fa3fdc6e","local_time":"20210205091859","is_ascension_mode":false,"campfire_choices":[{"floor":1.0,"key":"RECALL"},{"data":"Slimebound:SelfFormingGoo","floor":18.0,"key":"SMITH"},{"floor":23.0,"key":"REST"},{"floor":28.0,"key":"REST"},{"floor":30.0,"key":"REST"},{"data":"Slimebound:MassFeed","floor":35.0,"key":"SMITH"},{"floor":46,"key":"REST"}],"circlet_count":0,"master_deck":["Slimebound:Strike_Slimebound+1","Slimebound:Strike_Slimebound+1","Slimebound:Strike_Slimebound+1","Slimebound:Tackle","Slimebound:Defend_Slimebound+1","Slimebound:Defend_Slimebound+1","Slimebound:Defend_Slimebound+1","Slimebound:Defend_Slimebound+1","Slimebound:Split","Slimebound:CorrosiveSpit","Slimebound:LivingWall","Slimebound:Schlurp","Slimebound:GrowthPunch","Slimebound:Grow+1","Slimebound:LeechEnergy","Slimebound:RainOfGoop","Slimebound:LeechEnergy","Slimebound:LivingWall","Slimebound:Replication","Slimebound:LeechingTouch","Slimebound:RallyTheTroops","Slimebound:SplitBruiser","Slimebound:ItLooksTasty","Slimebound:RejuvenatingLick","Slimebound:SlimeTap","Slimebound:GoopSpray","Slimebound:SelfFormingGoo+1","Slimebound:SplitLeeching+1","Slimebound:PressTheAttack","Slimebound:GoopTackle+1","Slimebound:SplitMire","Slimebound:LeadByExample","Slimebound:SlimeBarrage","Writhe","Slimebound:RollThrough+1","Slimebound:SlimeTap+1","Slimebound:SplitMire","Slimebound:MassFeed+1","Slimebound:SlimeBarrage+1","Slimebound:LeechEnergy+1","Slimebound:RainOfGoop","Slimebound:LivingWall","Slimebound:MinionMaster","Slimebound:Prepare","Slimebound:Equalize","Slimebound:GoopSpray","Slimebound:Equalize","Slimebound:MegaLick+1","Slimebound:LivingWall","Slimebound:RollThrough+1","Slimebound:LeechingTouch+1","Slimebound:Nibble","Slimebound:RainOfGoop","expansioncontent:QuickStudy","expansioncontent:Hexaburn","Slimebound:Overexert","Slimebound:SplitBruiser+1","Slimebound:SplitBruiser+1","Slimebound:LeechEnergy+1","Slimebound:Equalize","Slimebound:SplitBruiser","Slimebound:Gluttony","Slimebound:Replication","Slimebound:Nibble+1","Slimebound:AcidTongue+1"],"relics":["Slimebound:AbsorbEndCombatUpgraded","Bottled Tornado","Prayer Wheel","Happy Flower","Du-Vu Doll","downfall:ShatteredFragment","Cursed Key","White Beast Statue","Membership Card","Ancient Tea Set","Mercury Hourglass","Turnip","Vajra","Juzu Bracelet","Slimebound:MaxSlimesRelic","CeramicFish","Lee\u0027s Waffle","Pocketwatch"],"acts_visited":["Exordium","TheCity","TheBeyond"],"potions_floor_usage":[42,42,45,49],"damage_taken":[{"damage":5.0,"enemies":"Cultist","floor":2.0,"turns":4.0},{"damage":3.0,"enemies":"Small Slimes","floor":3.0,"turns":3.0},{"damage":0.0,"enemies":"2 Louse","floor":4.0,"turns":3.0},{"damage":13.0,"enemies":"Large Slime","floor":5.0,"turns":6.0},{"damage":16.0,"enemies":"Gremlin Nob","floor":6.0,"turns":5.0},{"damage":0.0,"enemies":"downfall:FleeingMerchant","floor":9.0,"turns":4.0},{"damage":22.0,"enemies":"3 Sentries","floor":10.0,"turns":11.0},{"damage":0.0,"enemies":"Exordium Wildlife","floor":11.0,"turns":4.0},{"damage":3.0,"enemies":"Lots of Slimes","floor":13.0,"turns":3.0},{"damage":0.0,"enemies":"Large Slime","floor":14.0,"turns":4.0},{"damage":0.0,"enemies":"2 Fungi Beasts","floor":15.0,"turns":2.0},{"damage":4.0,"enemies":"SI_SHIV_ARCHETYPE","floor":16.0,"turns":5.0},{"damage":17.0,"enemies":"3 Byrds","floor":19.0,"turns":4.0},{"damage":8.0,"enemies":"Snake Plant","floor":20.0,"turns":3.0},{"damage":14.0,"enemies":"Cultist and Chosen","floor":21.0,"turns":5.0},{"damage":0.0,"enemies":"downfall:FleeingMerchant","floor":25.0,"turns":4.0},{"damage":22.0,"enemies":"Book of Stabbing","floor":26.0,"turns":5.0},{"damage":52.0,"enemies":"Gremlin Leader","floor":29.0,"turns":6.0},{"damage":24.0,"enemies":"Shelled Parasite and Fungi","floor":31.0,"turns":2.0},{"damage":0.0,"enemies":"Snake Plant","floor":32.0,"turns":2.0},{"damage":28.0,"enemies":"IC_MUSHROOM_ARCHETYPE","floor":33.0,"turns":7.0},{"damage":9.0,"enemies":"3 Shapes","floor":36.0,"turns":3.0},{"damage":58.0,"enemies":"3 Darklings","floor":37.0,"turns":4.0},{"damage":41.0,"enemies":"Maw","floor":38.0,"turns":7.0},{"damage":0.0,"enemies":"Maw","floor":39.0,"turns":4.0},{"damage":1,"enemies":"Jaw Worm Horde","floor":40,"turns":4},{"damage":5,"enemies":"downfall:FleeingMerchant","floor":42,"turns":4},{"damage":40,"enemies":"Giant Head","floor":43,"turns":7},{"damage":43,"enemies":"Nemesis","floor":45,"turns":7},{"damage":0,"enemies":"4 Shapes","floor":47,"turns":3},{"damage":0,"enemies":"downfall:FleeingMerchant","floor":48,"turns":1},{"damage":20,"enemies":"Sphere and 2 Shapes","floor":49,"turns":4},{"damage":87,"enemies":"DF_ARCHETYPE_ORBS","floor":50,"turns":6}],"seed_played":"1282365220977143704","potions_obtained":[{"floor":6.0,"key":"Guardian:BlockOnCardUsePotion"},{"floor":10.0,"key":"Energy Potion"},{"floor":11.0,"key":"SteroidPotion"},{"floor":13.0,"key":"ColorlessPotion"},{"floor":16.0,"key":"PowerPotion"},{"floor":19.0,"key":"DuplicationPotion"},{"floor":22.0,"key":"CultistPotion"},{"floor":25.0,"key":"Explosive Potion"},{"floor":26.0,"key":"EssenceOfSteel"},{"floor":29.0,"key":"LiquidMemories"},{"floor":31.0,"key":"SpeedPotion"},{"floor":32.0,"key":"Slimebound:SlimyTonguePotion"},{"floor":33.0,"key":"sneckomod:MuddlingPotion"},{"floor":36.0,"key":"CultistPotion"},{"floor":37.0,"key":"AttackPotion"},{"floor":38.0,"key":"SmokeBomb"},{"floor":39.0,"key":"SkillPotion"},{"floor":40,"key":"EssenceOfSteel"},{"floor":42,"key":"SmokeBomb"},{"floor":43,"key":"BlessingOfTheForge"},{"floor":45,"key":"Block Potion"},{"floor":47,"key":"Swift Potion"},{"floor":49,"key":"BlessingOfTheForge"}],"is_trial":false,"path_per_floor":["R","M","M","M","M","E","T","?","$","E","M","?","M","M","M","B",null,"R","M","M","M","?","R","T","$","E","?","R","E","R","M","M","B",null,"R","M","M","M","?","M","T","$","E","?","E","R","M","$","M","B"],"character_chosen":"SLIMEBOUND","items_purchased":["Happy Flower","Slimebound:LeechEnergy","Membership Card","Slimebound:SlimeTap","Slimebound:SplitMire","Vajra","Juzu Bracelet","Slimebound:RainOfGoop","expansioncontent:QuickStudy","expansioncontent:Hexaburn","Lee\u0027s Waffle","Slimebound:Equalize","Slimebound:SplitBruiser","Slimebound:Gluttony","Slimebound:Replication","Pocketwatch"],"campfire_rested":4,"item_purchase_floors":[9,9,25,25,25,42,42,42,42,42,48,48,48,48,48,48],"current_hp_per_floor":[71,70,69,71,65,55,55,55,61,47,53,35,40,46,54,58,71,71,54,54,48,48,69,69,71,53,53,71,27,48,26,31,11,74,74,71,25,11,34,48,48,66,42,34,6,28,44,81,78,0,0,0],"gold":193,"neow_bonus":"TEN_PERCENT_HP_BONUS","is_daily":false,"chose_seed":false,"campfire_upgraded":2,"win_rate":0.0,"timestamp":1612513139,"path_taken":["R","M","?","M","M","E","T","?","$","E","M","?","M","M","M","BOSS","R","M","M","M","?","R","T","$","E","?","R","E","R","M","M","BOSS","R","M","M","M","?","M","T","$","E","?","E","R","M","$","M","BOSS"],"items_purchased_type":["Relic","Card","Relic","Card","Card","Relic","Relic","Card","Card","Card","Relic","Card","Card","Card","Card","Relic"],"build_version":"2020-12-22","purchased_purges":0,"victory":false,"max_hp_per_floor":[71,71,71,71,71,71,71,71,71,71,71,71,71,71,71,71,71,71,71,71,71,71,71,71,71,71,71,71,71,71,71,74,74,74,74,74,74,74,74,74,74,74,74,74,74,74,74,81,81,81,81,81],"relic_stats":{"Lee\u0027s Waffle":34,"Happy Flower":[40],"counters":[33,144],"CeramicFish":81,"Prayer Wheel":15,"Turnip":[5],"Juzu Bracelet":0,"Cursed Key":2,"obtain_stats":[{"Lee\u0027s Waffle":48,"downfall:ShatteredFragment":12,"Happy Flower":9,"CeramicFish":45,"Vajra":42,"Juzu Bracelet":42,"Bottled Tornado":6,"Cursed Key":17,"Ancient Tea Set":26,"White Beast Statue":24,"Mercury Hourglass":29,"Du-Vu Doll":10,"Slimebound:MaxSlimesRelic":43,"Prayer Wheel":7,"Turnip":39,"Slimebound:AbsorbEndCombat":0,"Membership Card":25,"Slimebound:AbsorbEndCombatUpgraded":34,"Pocketwatch":48},{"Lee\u0027s Waffle":31,"downfall:ShatteredFragment":8,"Happy Flower":6,"CeramicFish":29,"Vajra":27,"Juzu Bracelet":27,"Bottled Tornado":5,"Cursed Key":12,"Ancient Tea Set":17,"White Beast Statue":15,"Mercury Hourglass":18,"Du-Vu Doll":7,"Slimebound:MaxSlimesRelic":28,"Prayer Wheel":5,"Turnip":25,"Slimebound:AbsorbEndCombat":0,"Membership Card":16,"Slimebound:AbsorbEndCombatUpgraded":21,"Pocketwatch":31},{"Lee\u0027s Waffle":134,"downfall:ShatteredFragment":40,"Happy Flower":25,"CeramicFish":130,"Vajra":117,"Juzu Bracelet":117,"Bottled Tornado":21,"Cursed Key":54,"Ancient Tea Set":74,"White Beast Statue":65,"Mercury Hourglass":80,"Du-Vu Doll":36,"Slimebound:MaxSlimesRelic":124,"Prayer Wheel":21,"Turnip":109,"Slimebound:AbsorbEndCombat":0,"Membership Card":69,"Slimebound:AbsorbEndCombatUpgraded":91,"Pocketwatch":134}],"Mercury Hourglass":[218],"Pocketwatch":[0]},"card_choices":[{"not_picked":["Slimebound:SplitMire","Slimebound:ComboTackle"],"picked":"Slimebound:LivingWall","floor":2.0},{"not_picked":["Slimebound:FinishingTackle","Slimebound:SplitMire"],"picked":"Slimebound:Schlurp","floor":3.0},{"not_picked":["Slimebound:PressTheAttack","Slimebound:GoopSpray"],"picked":"Slimebound:GrowthPunch","floor":4.0},{"not_picked":["Slimebound:SlimeBarrage","Slimebound:SplitAcid"],"picked":"Slimebound:Grow","floor":5.0},{"not_picked":["Slimebound:Grow","Slimebound:ForwardTackle"],"picked":"Slimebound:LeechEnergy","floor":6.0},{"not_picked":["Slimebound:Grow","Slimebound:SlimeBrawl"],"picked":"Slimebound:RainOfGoop","floor":9.0},{"not_picked":["Slimebound:LeechEnergy","Slimebound:SplitBruiser"],"picked":"Slimebound:LivingWall","floor":10.0},{"not_picked":["Slimebound:GrowthPunch","Slimebound:ComboTackle"],"picked":"Slimebound:Replication","floor":11.0},{"not_picked":["Slimebound:SamplingLick","Slimebound:LeechEnergy"],"picked":"Slimebound:LeechingTouch","floor":11.0},{"not_picked":["Slimebound:Gluttony","Slimebound:ForwardTackle"],"picked":"Slimebound:RallyTheTroops","floor":13.0},{"not_picked":["Slimebound:HauntingLick","Slimebound:Replication"],"picked":"Slimebound:SplitBruiser","floor":13.0},{"not_picked":["Slimebound:SplitMire","Slimebound:GoopTackle"],"picked":"Slimebound:ItLooksTasty","floor":14.0},{"not_picked":["Slimebound:LeechEnergy","Slimebound:FinishingTackle"],"picked":"Slimebound:RejuvenatingLick","floor":14.0},{"not_picked":["Slimebound:SplitLeeching","Slimebound:RainOfGoop"],"picked":"Slimebound:SlimeTap","floor":15.0},{"not_picked":["Slimebound:TongueLash","Slimebound:ComboTackle"],"picked":"Slimebound:GoopSpray","floor":15.0},{"not_picked":["Slimebound:Overexert","Slimebound:DouseInSlime"],"picked":"Slimebound:SelfFormingGoo","floor":16.0},{"not_picked":["Slimebound:ForwardTackle+1","Slimebound:LeadByExample"],"picked":"Slimebound:SplitLeeching+1","floor":19.0},{"not_picked":["Slimebound:ItLooksTasty+1","Slimebound:SplitLeeching"],"picked":"Slimebound:PressTheAttack","floor":19.0},{"not_picked":["Slimebound:RainOfGoop","Slimebound:SlimeSpikes"],"picked":"Slimebound:GoopTackle+1","floor":20.0},{"not_picked":["Slimebound:LivingWall+1","Slimebound:SlimeBrawl"],"picked":"Slimebound:SplitMire","floor":20.0},{"not_picked":["Slimebound:HauntingLick","Slimebound:Chomp"],"picked":"Slimebound:LeadByExample","floor":21.0},{"not_picked":["Slimebound:SplitMire","Slimebound:PressTheAttack"],"picked":"Slimebound:SlimeBarrage","floor":21.0},{"not_picked":["Slimebound:Schlurp","Slimebound:LeechingTouch"],"picked":"Slimebound:RollThrough+1","floor":25.0},{"not_picked":["Slimebound:GoopSpray","Slimebound:SplitLeeching"],"picked":"Slimebound:MassFeed","floor":26.0},{"not_picked":["Slimebound:SplitMire","Slimebound:PressTheAttack"],"picked":"Slimebound:SlimeBarrage+1","floor":29.0},{"not_picked":["Slimebound:DisruptingSlam","Slimebound:SplitMire"],"picked":"Slimebound:LeechEnergy+1","floor":31.0},{"not_picked":["Slimebound:ComboTackle+1","Slimebound:GoopSpray","Slimebound:ForwardTackle"],"picked":"SKIP","floor":31.0},{"not_picked":["Slimebound:GoopTackle+1","Slimebound:OneTwoCombo"],"picked":"Slimebound:RainOfGoop","floor":32.0},{"not_picked":["Slimebound:FinishingTackle","Slimebound:ProtectTheBoss"],"picked":"Slimebound:LivingWall","floor":32.0},{"not_picked":["Slimebound:SlimeSlap","Slimebound:FirmFortitude"],"picked":"Slimebound:MinionMaster","floor":33.0},{"not_picked":["Slimebound:LevelUp","Slimebound:TongueLash"],"picked":"Slimebound:Prepare","floor":36.0},{"not_picked":["Slimebound:Nibble","Slimebound:LivingWall"],"picked":"Slimebound:Equalize","floor":36.0},{"not_picked":["Slimebound:SplitMire+1","Slimebound:ComboTackle+1"],"picked":"Slimebound:GoopSpray","floor":37.0},{"not_picked":["Slimebound:LeechEnergy+1","Slimebound:Schlurp+1"],"picked":"Slimebound:Equalize","floor":37.0},{"not_picked":["Slimebound:RejuvenatingLick+1","Slimebound:ComboTackle"],"picked":"Slimebound:MegaLick+1","floor":38.0},{"not_picked":["Slimebound:Chomp","Slimebound:BestDefense"],"picked":"Slimebound:LivingWall","floor":38.0},{"not_picked":["Slimebound:PressTheAttack","Slimebound:LeadByExample+1"],"picked":"Slimebound:RollThrough+1","floor":39.0},{"not_picked":["Slimebound:BestDefense","Slimebound:TongueLash+1"],"picked":"Slimebound:LeechingTouch+1","floor":40},{"not_picked":["Slimebound:ComboTackle+1","Slimebound:SlimeSlap","Slimebound:GoopTackle"],"picked":"SKIP","floor":40},{"not_picked":["Slimebound:BestDefense+1","Slimebound:FinishingTackle+1"],"picked":"Slimebound:Nibble","floor":42},{"not_picked":["Slimebound:MegaLick","Slimebound:SlimeSpikes+1"],"picked":"Slimebound:Overexert","floor":43},{"not_picked":["Slimebound:Prepare+1","Slimebound:ProtectTheBoss+1"],"picked":"Slimebound:SplitBruiser+1","floor":45},{"not_picked":["Slimebound:ForwardTackle","Slimebound:Schlurp+1"],"picked":"Slimebound:SplitBruiser+1","floor":47},{"not_picked":["Slimebound:Schlurp","Slimebound:FinishingTackle","Slimebound:FirmFortitude"],"picked":"SKIP","floor":47},{"not_picked":["Slimebound:ForwardTackle","Slimebound:FinishingTackle"],"picked":"Slimebound:LeechEnergy+1","floor":48},{"not_picked":["Slimebound:ViciousTackle+1","Slimebound:Schlurp"],"picked":"Slimebound:Nibble+1","floor":49},{"not_picked":["Slimebound:ProtectTheBoss","Slimebound:ItLooksTasty"],"picked":"Slimebound:AcidTongue+1","floor":49}],"player_experience":892154,"relics_obtained":[{"floor":6.0,"key":"Bottled Tornado"},{"floor":7.0,"key":"Prayer Wheel"},{"floor":10.0,"key":"Du-Vu Doll"},{"floor":24.0,"key":"White Beast Statue"},{"floor":26.0,"key":"Ancient Tea Set"},{"floor":29.0,"key":"Mercury Hourglass"},{"floor":39.0,"key":"Turnip"},{"floor":43,"key":"Slimebound:MaxSlimesRelic"},{"floor":45,"key":"CeramicFish"}],"event_choices":[{"damage_healed":0.0,"max_hp_gain":0.0,"max_hp_loss":0.0,"gold_gain":0.0,"event_name":"Living Wall","player_choice":"Grow","floor":8.0,"gold_loss":0.0,"damage_taken":0.0,"cards_upgraded":["Slimebound:Grow"]}],"is_beta":false,"boss_relics":[{"not_picked":["Black Star","Calling Bell"],"picked":"Cursed Key"},{"not_picked":["Pandora\u0027s Box","SlaversCollar"],"picked":"Slimebound:AbsorbEndCombatUpgraded"}],"items_purged_floors":[],"is_endless":false,"potions_floor_spawned":[6,10,11,13,16,19,25,26,29,31,32,33,36,37,38,39,40,42,43,45,47,48,49],"killed_by":"DF_ARCHETYPE_ORBS","ascension_level":0}}