{"host":"56xwnffi6e9z5l58","time":1612544126,"event":{"mods":["Aspiration","BaseMod","Better Match","Better Note","Better Sensory Stone","BetterRewards","Colored Map","Colored Powertips","Conspire","Downfall","GifTheSpireLib","Hermit","Highlight Path","Hubris","Infinite Spire","Key Reminder","Minty Spire (QoL Compilation)","Permanent Neow","Quick Restart","Rare Cards Sparkle","Replay The Spire","StSLib","Stuff the Spire","SuperFastMode","Unceasing Turn Reminder"],"gold_per_floor":[349,363,463,7,7,23,97,127,17,55,55,85,85,105,121,121,121],"floor_reached":16,"language":"ENG","playtime":561,"items_purged":["infinitespire:Pacifist","downfall:Haunted"],"score":124,"play_id":"1b0987de-cf13-4956-be80-f114b32d3511","local_time":"20210206005526","is_ascension_mode":true,"campfire_choices":[{"data":"hermit:Snapshot","floor":1,"key":"SMITH"},{"floor":11,"key":"REST"},{"data":"expansioncontent:StudyTheSpire","floor":13,"key":"SMITH"}],"circlet_count":0,"master_deck":["hermit:Strike_Hermit","hermit:Strike_Hermit+1","hermit:Strike_Hermit+1","hermit:Strike_Hermit+1","hermit:Defend_Hermit","hermit:Defend_Hermit","hermit:Defend_Hermit","hermit:Defend_Hermit","hermit:Snapshot+1","hermit:Covet","hermit:SprayPray","hermit:FinalCanter","ReplayTheSpireMod:Faulty Equipment","hubris:Compulsion","hermit:Scavenge","expansioncontent:StudyTheSpire+1","hermit:Maintenance","hermit:Maintenance","downfall:Malfunctioning","hermit:PistolWhip","Amnesia","hermit:BigShot","hermit:ItchyTrigger","hermit:TakeAim","hermit:FlashPowder"],"relics":["hermit:Momento","downfall:ExtraCursedKey","Sling","conspire:BottledYoYo","StoneCalendar","keyreminder:keyreminder","StuffTheSpire:Experiment12","Kunai"],"acts_visited":["Exordium"],"potions_floor_usage":[16,16,16],"damage_taken":[{"damage":0,"enemies":"Small Slimes","floor":2,"turns":4},{"damage":0,"enemies":"downfall:FleeingMerchant","floor":4,"turns":4},{"damage":0,"enemies":"2 Louse","floor":6,"turns":2},{"damage":20,"enemies":"Lagavulin","floor":8,"turns":5},{"damage":4,"enemies":"downfall:FleeingMerchant","floor":9,"turns":4},{"damage":17,"enemies":"Gremlin Nob","floor":10,"turns":5},{"damage":11,"enemies":"3 Sentries","floor":12,"turns":7},{"damage":9,"enemies":"Jaw Worm","floor":14,"turns":3},{"damage":4,"enemies":"2 Fungi Beasts","floor":15,"turns":4},{"damage":23,"enemies":"IC_STATUS_ARCHETYPE","floor":16,"turns":4}],"seed_played":"4224396146388006625","potions_obtained":[{"floor":12,"key":"PowerPotion"},{"floor":14,"key":"SkillPotion"},{"floor":15,"key":"AttackPotion"}],"is_trial":false,"path_per_floor":["R","M","?","$","?","M","T","E","$","E","R","E","R","M","M","B"],"character_chosen":"HERMIT","items_purchased":["expansioncontent:StudyTheSpire","hermit:Maintenance","Sling"],"campfire_rested":1,"item_purchase_floors":[4,4,4],"current_hp_per_floor":[54,54,59,59,59,59,59,39,35,18,42,31,31,22,18,0,0],"gold":121,"neow_bonus":"TWO_FIFTY_GOLD","is_daily":false,"chose_seed":false,"campfire_upgraded":2,"win_rate":0.0,"timestamp":1612544126,"path_taken":["R","M","?","$","?","M","T","E","?","E","R","E","R","M","M","BOSS"],"items_purchased_type":["Card","Card","Relic"],"build_version":"2020-12-22","purchased_purges":2,"victory":false,"max_hp_per_floor":[75,75,80,80,80,80,80,80,80,80,80,80,80,80,80,80,80],"card_choices":[{"not_picked":["hermit:Vantage","hermit:ShadowCloak"],"picked":"hermit:SprayPray","floor":2},{"not_picked":["hermit:HoleUp","hermit:Spite"],"picked":"hermit:Scavenge","floor":4},{"not_picked":["hermit:LowProfile","hermit:TrackingShot"],"picked":"hermit:PistolWhip","floor":6},{"not_picked":["hermit:Virtue","hermit:Desperado"],"picked":"hermit:BigShot","floor":8},{"not_picked":["hermit:Dive","hermit:EyeOfTheStorm"],"picked":"hermit:ItchyTrigger","floor":9},{"not_picked":["hermit:Feint","hermit:DeadMansHand"],"picked":"hermit:TakeAim","floor":10},{"not_picked":["hermit:LowProfile","hermit:Desperado","hermit:WideOpen"],"picked":"SKIP","floor":12},{"not_picked":["hermit:Brawl","hermit:HoleUp"],"picked":"hermit:FlashPowder","floor":14},{"not_picked":["hermit:HoleUp","hermit:ItchyTrigger","hermit:Desperado"],"picked":"SKIP","floor":15}],"player_experience":1016322,"relics_obtained":[{"floor":7,"key":"conspire:BottledYoYo"},{"floor":8,"key":"StoneCalendar"},{"floor":10,"key":"StuffTheSpire:Experiment12"},{"floor":12,"key":"Kunai"}],"event_choices":[],"is_beta":false,"boss_relics":[],"items_purged_floors":[4,9],"is_endless":false,"potions_floor_spawned":[12,14,15],"killed_by":"IC_STATUS_ARCHETYPE","ascension_level":1}}