{"host":"j4g6ia6asvpyu2b0","time":1612535108,"event":{"mods":["BaseMod","Colored Map","Downfall","Minty Spire (QoL Compilation)","Permanent Neow","Quick Restart","Relic Stats","StSLib","Unceasing Turn Reminder"],"gold_per_floor":[199,219,236,228,403,283,306,306,334,334,334,366,390,437,449,557,557,557,585,619,647,647,647,647],"floor_reached":22,"language":"ENG","playtime":1327,"items_purged":["Doubt"],"score":221,"play_id":"d9e20897-eeec-43e0-8173-3ac73f2cfb3e","local_time":"20210205072508","is_ascension_mode":false,"campfire_choices":[{"data":"hexamod:Sear","floor":1.0,"key":"SMITH"},{"data":"hexamod:WildfireWeapon","floor":8.0,"key":"SMITH"},{"data":"hexamod:NecessarySacrifice","floor":10.0,"key":"SMITH"},{"data":"hexamod:ParanormalForm","floor":18,"key":"SMITH"}],"circlet_count":0,"master_deck":["hexamod:Strike","hexamod:Strike","hexamod:Strike","hexamod:Strike","hexamod:Defend","hexamod:Defend","hexamod:Defend","hexamod:Defend","hexamod:Sear+1","hexamod:Float","hexamod:ExtraCrispy","hexamod:GhostflameBarrier","hexamod:FourthSeal","hexamod:FirstSeal","hexamod:SecondSeal","hexamod:WildfireWeapon+1","hexamod:RadiantFlame","hexamod:NecessarySacrifice+1","hexamod:FastForward","hexamod:HeatShield","hexamod:ParanormalForm+1","hexamod:GhostflameInferno","hexamod:SpectralAdrenaline","hexamod:EtherealExpedition+1","hexamod:SpectersWail"],"relics":["hexamod:SpiritBrand","Lantern","HornCleat","CeramicFish","hexamod:IceCube"],"acts_visited":["Exordium","TheCity"],"potions_floor_usage":[14,21,21],"damage_taken":[{"damage":0.0,"enemies":"Cultist","floor":2.0,"turns":3.0},{"damage":0.0,"enemies":"Jaw Worm","floor":3.0,"turns":4.0},{"damage":5.0,"enemies":"downfall:FleeingMerchant","floor":6.0,"turns":4.0},{"damage":0.0,"enemies":"2 Louse","floor":9.0,"turns":4.0},{"damage":1,"enemies":"Lagavulin","floor":12,"turns":6},{"damage":0,"enemies":"Large Slime","floor":13,"turns":5},{"damage":0,"enemies":"Gremlin Nob","floor":14,"turns":3},{"damage":1,"enemies":"Gremlin Gang","floor":15,"turns":7},{"damage":52,"enemies":"DF_ARCHETYPE_STREAMLINE","floor":16,"turns":10},{"damage":23,"enemies":"Spheric Guardian","floor":19,"turns":6},{"damage":53,"enemies":"Chosen and Byrds","floor":20,"turns":6},{"damage":22,"enemies":"Shelled Parasite and Fungi","floor":21,"turns":7},{"damage":43,"enemies":"3 Cultists","floor":22,"turns":4}],"seed_played":"-8560333316646792760","potions_obtained":[{"floor":3.0,"key":"Fire Potion"},{"floor":6.0,"key":"SpeedPotion"},{"floor":9.0,"key":"SpeedPotion"},{"floor":11.0,"key":"AttackPotion"},{"floor":11.0,"key":"CultistPotion"},{"floor":12,"key":"Energy Potion"},{"floor":12,"key":"Strength Potion"},{"floor":14,"key":"Regen Potion"},{"floor":20,"key":"Regen Potion"},{"floor":21,"key":"Weak Potion"}],"is_trial":false,"path_per_floor":["R","M","M","?","?","$","T","R","M","R","?","E","M","E","M","B",null,"R","M","M","M","M"],"character_chosen":"THE_SPIRIT","items_purchased":["hexamod:RadiantFlame"],"campfire_rested":0,"item_purchase_floors":[6],"current_hp_per_floor":[70,70,70,63,63,65,65,65,70,70,70,69,69,70,70,25,70,70,54,8,42,0,0,0],"gold":647,"neow_bonus":"HUNDRED_GOLD","is_daily":false,"chose_seed":false,"campfire_upgraded":4,"win_rate":0.0,"timestamp":1612535108,"path_taken":["R","M","?","?","?","$","T","R","M","R","?","E","M","E","M","BOSS","R","M","M","M","?"],"items_purchased_type":["Card"],"build_version":"2020-12-22","purchased_purges":1,"victory":false,"max_hp_per_floor":[70,70,70,70,70,70,70,70,70,70,70,70,70,70,70,70,70,70,70,70,70,70,70,70],"relic_stats":{"counters":[13,69],"CeramicFish":45,"obtain_stats":[{"Lantern":7,"HornCleat":12,"CeramicFish":14,"hexamod:SpiritBrand":0,"hexamod:IceCube":17},{"Lantern":3,"HornCleat":5,"CeramicFish":7,"hexamod:SpiritBrand":0,"hexamod:IceCube":9},{"Lantern":11,"HornCleat":21,"CeramicFish":29,"hexamod:SpiritBrand":0,"hexamod:IceCube":46}]},"card_choices":[{"not_picked":["hexamod:HauntingEcho","hexamod:ShieldOfDarkness"],"picked":"hexamod:ExtraCrispy","floor":2.0},{"not_picked":["hexamod:ShieldOfDarkness","hexamod:ThermalTransfer"],"picked":"hexamod:GhostflameBarrier","floor":3.0},{"not_picked":["hexamod:PhantomFireball","hexamod:FastForward"],"picked":"hexamod:WildfireWeapon","floor":6.0},{"not_picked":["hexamod:SpectersWail","hexamod:RetreatToShadows"],"picked":"hexamod:NecessarySacrifice","floor":9.0},{"not_picked":["hexamod:GhostLash","hexamod:FirstSeal"],"picked":"hexamod:FastForward","floor":12},{"not_picked":["hexamod:GhostOfSpireFuture","hexamod:HeatMetal"],"picked":"hexamod:HeatShield","floor":13},{"not_picked":["hexamod:SwordOfDarkness","hexamod:AdvancingGuard"],"picked":"hexamod:ParanormalForm","floor":14},{"not_picked":["hexamod:BurningTouch","hexamod:GhostOfSpirePast","hexamod:SwordOfDarkness"],"picked":"SKIP","floor":15},{"not_picked":["hexamod:TimeOfNeed","hexamod:GhostOfSpirePresent"],"picked":"hexamod:GhostflameInferno","floor":16},{"not_picked":["hexamod:BacktrackSmack","hexamod:Incineration"],"picked":"hexamod:SpectralAdrenaline","floor":19},{"not_picked":["hexamod:FourthSeal","hexamod:NightmareGuise"],"picked":"hexamod:EtherealExpedition+1","floor":20},{"not_picked":["hexamod:AdvancingGuard","hexamod:NightmareGuise"],"picked":"hexamod:SpectersWail","floor":21}],"player_experience":1169273,"relics_obtained":[{"floor":7.0,"key":"Lantern"},{"floor":12,"key":"HornCleat"},{"floor":14,"key":"CeramicFish"}],"event_choices":[{"damage_healed":0.0,"max_hp_gain":0.0,"max_hp_loss":0.0,"gold_gain":0.0,"event_name":"Lab","player_choice":"Got Potions","floor":11.0,"gold_loss":0.0,"damage_taken":0.0}],"is_beta":false,"boss_relics":[{"not_picked":["Calling Bell","Pandora\u0027s Box"],"picked":"hexamod:IceCube"}],"items_purged_floors":[6],"is_endless":false,"potions_floor_spawned":[3,12,14,15,20],"killed_by":"3 Cultists","ascension_level":0}}