{"host":"640uue19m79c7wbt","time":1612487960,"event":{"mods":["BaseMod","Colored Map","Googly Eyes","Highlight Path","Minty Spire (QoL Compilation)","Quick Restart","StSLib"],"gold_per_floor":[119,4,4,15,15,43,53,53,53,87,87,98,98,115,115,188,188,208,208,236,255,25,25,25,25],"floor_reached":24,"language":"ENG","playtime":991,"items_purged":["Strike_G","Strike_G"],"score":435,"play_id":"9bad6667-c395-4dbd-8e06-d179b062f4eb","local_time":"20210204201920","is_ascension_mode":true,"campfire_choices":[{"data":"Footwork","floor":8.0,"key":"SMITH"},{"floor":15.0,"key":"REST"},{"floor":23,"key":"REST"}],"circlet_count":0,"master_deck":["AscendersBane","Strike_G","Strike_G","Defend_G","Defend_G","Defend_G","Defend_G","Defend_G","Survivor","Neutralize","Leg Sweep","Footwork+1","Eviscerate","Dash+1","Dagger Throw","Reflex","Acrobatics","Backflip","After Image","Well Laid Plans","RitualDagger","PiercingWail","A Thousand Cuts","Blur","Blade Dance"],"relics":["Ring of the Snake","NeowsBlessing","Du-Vu Doll","Torii","Omamori","Lizard Tail","Calling Bell","Orichalcum","Blue Candle","Red Mask"],"acts_visited":["Exordium","TheCity"],"potions_floor_usage":[20],"damage_taken":[{"damage":0.0,"enemies":"Cultist","floor":1.0,"turns":1.0},{"damage":0.0,"enemies":"2 Louse","floor":4.0,"turns":1.0},{"damage":0.0,"enemies":"Gremlin Nob","floor":6.0,"turns":1.0},{"damage":0.0,"enemies":"Jaw Worm","floor":7.0,"turns":3.0},{"damage":22.0,"enemies":"3 Sentries","floor":10.0,"turns":14.0},{"damage":0.0,"enemies":"Blue Slaver","floor":12.0,"turns":5.0},{"damage":0.0,"enemies":"3 Louse","floor":14.0,"turns":3.0},{"damage":36.0,"enemies":"Hexaghost","floor":16.0,"turns":14.0},{"damage":14.0,"enemies":"Shell Parasite","floor":18.0,"turns":10.0},{"damage":62,"enemies":"Masked Bandits","floor":20,"turns":8},{"damage":14,"enemies":"Spheric Guardian","floor":21,"turns":8},{"damage":51,"enemies":"Slavers","floor":24,"turns":4}],"seed_played":"-4216985479510397789","potions_obtained":[{"floor":1.0,"key":"SmokeBomb"},{"floor":6.0,"key":"FearPotion"},{"floor":16.0,"key":"Fire Potion"},{"floor":18.0,"key":"FairyPotion"}],"is_trial":false,"path_per_floor":["M","$","?","M","$","E","M","R","T","E","?","M","?","M","R","B",null,"M","?","?","M","$","R","E"],"character_chosen":"THE_SILENT","items_purchased":["Footwork","Blur","Blade Dance"],"campfire_rested":2,"item_purchase_floors":[2,22,22],"current_hp_per_floor":[59,59,59,59,59,59,59,59,59,37,37,37,26,26,45,9,52,38,32,33,19,19,38,0,0],"gold":25,"neow_bonus":"THREE_ENEMY_KILL","is_daily":false,"chose_seed":false,"campfire_upgraded":1,"win_rate":0.0,"timestamp":1612487960,"path_taken":["M","$","?","M","?","E","?","R","T","E","?","M","?","M","R","BOSS","M","?","?","M","$","R","E"],"items_purchased_type":["Card","Card","Card"],"build_version":"2020-12-22","purchased_purges":2,"victory":false,"max_hp_per_floor":[66,66,66,66,66,66,66,66,66,66,66,66,66,66,66,66,66,66,66,66,66,66,66,66,66],"card_choices":[{"not_picked":["Deadly Poison","Dagger Throw"],"picked":"Leg Sweep","floor":1.0},{"not_picked":["Slice","Leg Sweep"],"picked":"Eviscerate","floor":4.0},{"not_picked":["Deflect","Grand Finale"],"picked":"Dash","floor":6.0},{"not_picked":["Deflect","Poisoned Stab"],"picked":"Dagger Throw","floor":7.0},{"not_picked":["Flying Knee","Poisoned Stab"],"picked":"Reflex","floor":10.0},{"not_picked":["Calculated Gamble","Well Laid Plans"],"picked":"Acrobatics","floor":12.0},{"not_picked":["Deflect","Bane"],"picked":"Backflip","floor":14.0},{"not_picked":["Wraith Form v2","Grand Finale"],"picked":"After Image","floor":16.0},{"not_picked":["Leg Sweep","Poisoned Stab+1"],"picked":"Well Laid Plans","floor":18.0},{"not_picked":["Infinite Blades","Dodge and Roll"],"picked":"PiercingWail","floor":20},{"not_picked":["Skewer","Endless Agony"],"picked":"A Thousand Cuts","floor":21}],"player_experience":658203,"relics_obtained":[{"floor":6.0,"key":"Du-Vu Doll"},{"floor":9.0,"key":"Torii"},{"floor":10.0,"key":"Omamori"},{"floor":17.0,"key":"Orichalcum"},{"floor":17.0,"key":"Blue Candle"},{"floor":20,"key":"Red Mask"}],"event_choices":[{"cards_removed":["Strike_G"],"damage_healed":0.0,"max_hp_gain":0.0,"max_hp_loss":0.0,"gold_gain":0.0,"event_name":"Purifier","player_choice":"Purged","floor":3.0,"gold_loss":0.0,"damage_taken":0.0},{"damage_healed":0.0,"max_hp_gain":0.0,"max_hp_loss":0.0,"gold_gain":0.0,"event_name":"Living Wall","player_choice":"Grow","floor":11.0,"gold_loss":0.0,"damage_taken":0.0,"cards_upgraded":["Dash"]},{"damage_healed":0.0,"max_hp_gain":0.0,"max_hp_loss":0.0,"gold_gain":0.0,"event_name":"Scrap Ooze","player_choice":"Success","floor":13.0,"gold_loss":0.0,"damage_taken":11.0,"relics_obtained":["Lizard Tail"]},{"damage_healed":0.0,"max_hp_gain":0.0,"max_hp_loss":0.0,"gold_gain":0.0,"event_name":"Nest","player_choice":"Joined the Cult","floor":19.0,"gold_loss":0.0,"damage_taken":6.0,"cards_obtained":["RitualDagger"]},{"damage_healed":0,"gold_gain":0,"player_choice":"Fought Bandits","damage_taken":0,"max_hp_gain":0,"max_hp_loss":0,"event_name":"Masked Bandits","floor":20,"gold_loss":0}],"is_beta":false,"boss_relics":[{"not_picked":["Empty Cage","Coffee Dripper"],"picked":"Calling Bell"}],"items_purged_floors":[2,22],"is_endless":false,"potions_floor_spawned":[1,6,16,18],"killed_by":"Slavers","ascension_level":18}}