{"host":"8is2j71l4wmybkoi","time":1612515420,"event":{"mods":["AchievementEnabler","BaseMod","Colored Map","Minty Spire (QoL Compilation)","Rare Cards Sparkle","StSLib","SuperFastMode"],"gold_per_floor":[111,124,192,205,205,205,205,239,239,251,270,39,39,56,56,133,133,145,164,164,180,193,193,193],"floor_reached":23,"language":"KOR","playtime":903,"items_purged":["Strike_R"],"score":341,"play_id":"1dba55b2-de2a-4fa9-ac31-f0d85ff3b1df","local_time":"20210205175700","is_ascension_mode":true,"campfire_choices":[{"data":"Blood for Blood","floor":6.0,"key":"SMITH"},{"data":"Bloodletting","floor":13.0,"key":"SMITH"},{"data":"Twin Strike","floor":15.0,"key":"SMITH"}],"circlet_count":0,"master_deck":["AscendersBane","Strike_R","Strike_R","Strike_R","Defend_R","Defend_R","Defend_R+1","Defend_R+1","Bash+1","Twin Strike+1","Blood for Blood+1","Reckless Charge","Feel No Pain","Bloodletting+1","Juggernaut","Rupture","Twin Strike+1","Shrug It Off","True Grit"],"relics":["Burning Blood","Kunai","StrikeDummy","InkBottle","ClockworkSouvenir","Black Star"],"acts_visited":["Exordium","TheCity"],"potions_floor_usage":[23],"damage_taken":[{"damage":1.0,"enemies":"Cultist","floor":1.0,"turns":3.0},{"damage":0.0,"enemies":"Small Slimes","floor":2.0,"turns":3.0},{"damage":6.0,"enemies":"2 Louse","floor":4.0,"turns":3.0},{"damage":28.0,"enemies":"3 Sentries","floor":8.0,"turns":7.0},{"damage":4.0,"enemies":"Exordium Wildlife","floor":10.0,"turns":4.0},{"damage":13.0,"enemies":"Gremlin Gang","floor":11.0,"turns":4.0},{"damage":3.0,"enemies":"Exordium Thugs","floor":14.0,"turns":3.0},{"damage":20.0,"enemies":"Hexaghost","floor":16.0,"turns":6.0},{"damage":29.0,"enemies":"3 Byrds","floor":18.0,"turns":5.0},{"damage":4.0,"enemies":"Spheric Guardian","floor":19.0,"turns":3.0},{"damage":8,"enemies":"Centurion and Healer","floor":21,"turns":6},{"damage":20,"enemies":"Cultist and Chosen","floor":22,"turns":4},{"damage":26,"enemies":"Slavers","floor":23,"turns":3}],"seed_played":"-538140009919449114","potions_obtained":[{"floor":2.0,"key":"HeartOfIron"},{"floor":8.0,"key":"Swift Potion"},{"floor":10.0,"key":"DuplicationPotion"},{"floor":11.0,"key":"CultistPotion"},{"floor":21,"key":"BlessingOfTheForge"}],"is_trial":false,"path_per_floor":["M","M","T","M","?","R","?","E","T","M","M","$","R","M","R","B",null,"M","M","?","M","M","E"],"character_chosen":"IRONCLAD","items_purchased":["ClockworkSouvenir"],"campfire_rested":0,"item_purchase_floors":[12],"current_hp_per_floor":[73,75,75,75,75,75,52,30,30,32,25,25,25,28,28,14,60,37,39,39,37,23,0,0],"gold":193,"neow_bonus":"UPGRADE_CARD","is_daily":false,"chose_seed":false,"campfire_upgraded":3,"win_rate":0.0,"timestamp":1612515420,"path_taken":["M","M","?","M","?","R","?","E","T","M","M","$","R","M","R","BOSS","M","M","?","?","M","E"],"items_purchased_type":["Relic"],"build_version":"2020-12-22","purchased_purges":1,"victory":false,"max_hp_per_floor":[75,75,75,75,75,75,75,75,75,75,75,75,75,75,75,75,75,75,75,75,75,75,75,75],"card_choices":[{"not_picked":["Iron Wave","Intimidate"],"picked":"Twin Strike","floor":1.0},{"not_picked":["Inflame","Flex"],"picked":"Blood for Blood","floor":2.0},{"not_picked":["Wild Strike","Perfected Strike","Rampage"],"picked":"SKIP","floor":4.0},{"not_picked":["Armaments","Disarm"],"picked":"Reckless Charge","floor":8.0},{"not_picked":["Body Slam","Iron Wave"],"picked":"Feel No Pain","floor":10.0},{"not_picked":["Blood for Blood","Anger"],"picked":"Bloodletting","floor":11.0},{"not_picked":["Body Slam","Thunderclap","Sever Soul"],"picked":"SKIP","floor":14.0},{"not_picked":["Bludgeon","Demon Form"],"picked":"Juggernaut","floor":16.0},{"not_picked":["Feel No Pain","Clash","Cleave+1"],"picked":"SKIP","floor":18.0},{"not_picked":["Sever Soul","Headbutt"],"picked":"Rupture","floor":19.0},{"not_picked":["Headbutt","Twin Strike"],"picked":"Shrug It Off","floor":21},{"not_picked":["Fire Breathing","Wild Strike"],"picked":"True Grit","floor":22}],"player_experience":982038,"relics_obtained":[{"floor":3.0,"key":"Kunai"},{"floor":8.0,"key":"StrikeDummy"},{"floor":9.0,"key":"InkBottle"}],"event_choices":[{"cards_removed":["Strike_R"],"damage_healed":0.0,"max_hp_gain":0.0,"max_hp_loss":0.0,"gold_gain":0.0,"event_name":"Living Wall","player_choice":"Forget","floor":5.0,"gold_loss":0.0,"damage_taken":0.0},{"damage_healed":0.0,"max_hp_gain":0.0,"max_hp_loss":0.0,"gold_gain":0.0,"event_name":"Shining Light","player_choice":"Entered Light","floor":7.0,"gold_loss":0.0,"damage_taken":23.0,"cards_upgraded":["Defend_R","Defend_R"]},{"damage_healed":0,"gold_gain":0,"player_choice":"Copied","damage_taken":0,"max_hp_gain":0,"max_hp_loss":0,"event_name":"Duplicator","floor":20,"gold_loss":0,"cards_obtained":["Twin Strike"]}],"is_beta":false,"boss_relics":[{"not_picked":["Runic Dome","Runic Pyramid"],"picked":"Black Star"}],"items_purged_floors":[12],"is_endless":false,"potions_floor_spawned":[2,8,10,11,21],"killed_by":"Slavers","ascension_level":15}}