{"host":"oigynbtg272c19pw","time":1612517477,"event":{"mods":["BaseMod","Colored Map","Minty Spire (QoL Compilation)","Relic Stats","Slay the Relics Exporter","StSLib"],"gold_per_floor":[113,113,13,13,30,61,61,121,121,13,13,40,58,75,75,146,146,161,24,74,94,94,94],"floor_reached":22,"playtime":748,"items_purged":["Strike_G"],"score":434,"play_id":"f4ac13e0-9b65-4fc9-944b-82262b4f43a0","local_time":"20210205103117","is_ascension_mode":true,"campfire_choices":[{"data":"Sucker Punch","floor":7.0,"key":"SMITH"},{"floor":11.0,"key":"REST"},{"floor":15.0,"key":"REST"}],"circlet_count":0,"master_deck":["AscendersBane","Survivor","Neutralize","Sucker Punch+1","Prepared","Blade Dance","Sucker Punch","Slice","Footwork","Blade Dance","Footwork","Blade Dance","Prepared","Corpse Explosion","Underhanded Strike","Riddle With Holes","Predator","Heel Hook","Riddle With Holes","Flying Knee","Blur","Finisher","PiercingWail+1","Backflip"],"relics":["Ring of the Snake","NeowsBlessing","The Courier","Pen Nib","Matryoshka","Blood Vial","Pandora\u0027s Box","PreservedInsect"],"acts_visited":["Exordium","TheCity"],"potions_floor_usage":[21],"damage_taken":[{"damage":0.0,"enemies":"Small Slimes","floor":1.0,"turns":1.0},{"damage":0.0,"enemies":"Cultist","floor":5.0,"turns":1.0},{"damage":0.0,"enemies":"Lagavulin","floor":6.0,"turns":1.0},{"damage":34.0,"enemies":"3 Sentries","floor":8.0,"turns":13.0},{"damage":32.0,"enemies":"Gremlin Nob","floor":12.0,"turns":4.0},{"damage":0.0,"enemies":"Jaw Worm","floor":13.0,"turns":3.0},{"damage":2.0,"enemies":"Exordium Wildlife","floor":14.0,"turns":4.0},{"damage":12.0,"enemies":"The Guardian","floor":16.0,"turns":15.0},{"damage":0.0,"enemies":"Chosen","floor":18.0,"turns":2.0},{"damage":26,"enemies":"Spheric Guardian","floor":21,"turns":4},{"damage":34,"enemies":"Centurion and Healer","floor":22,"turns":5}],"seed_played":"4420229070199038696","potions_obtained":[{"floor":6.0,"key":"Dexterity Potion"},{"floor":12.0,"key":"SpeedPotion"},{"floor":13.0,"key":"PowerPotion"},{"floor":16.0,"key":"CunningPotion"}],"is_trial":false,"path_per_floor":["M","?","$","$","M","E","R","?","T","$","R","E","M","M","R","B",null,"M","$","?","M","M"],"character_chosen":"THE_SILENT","items_purchased":["Prepared","Footwork","Blade Dance","PreservedInsect"],"campfire_rested":2,"item_purchase_floors":[3,10,10,19],"current_hp_per_floor":[59,59,59,59,59,59,59,25,25,25,44,12,14,14,33,23,55,57,57,57,33,1,1],"gold":94,"neow_bonus":"THREE_ENEMY_KILL","is_daily":false,"chose_seed":false,"campfire_upgraded":1,"win_rate":0.0,"timestamp":1612517477,"path_taken":["M","?","?","$","?","E","R","?","T","?","R","E","M","M","R","BOSS","M","$","?","M","M"],"items_purchased_type":["Card","Card","Card","Relic"],"build_version":"2020-12-13","purchased_purges":1,"victory":false,"max_hp_per_floor":[66,66,66,66,66,66,66,66,66,66,66,66,66,66,66,66,66,66,66,66,66,66,66],"relic_stats":{"Blood Vial":12,"counters":[11,53],"Pandora\u0027s Box":["Underhanded Strike","Riddle With Holes","Predator","Heel Hook","Riddle With Holes","Flying Knee","Blur","Finisher"],"Pen Nib":[11],"PreservedInsect":0,"obtain_stats":[{"Blood Vial":12,"Matryoshka":9,"NeowsBlessing":0,"Pandora\u0027s Box":17,"The Courier":6,"Pen Nib":8,"PreservedInsect":19,"Ring of the Snake":0},{"Blood Vial":5,"Matryoshka":4,"NeowsBlessing":0,"Pandora\u0027s Box":8,"The Courier":3,"Pen Nib":4,"PreservedInsect":9,"Ring of the Snake":0},{"Blood Vial":20,"Matryoshka":16,"NeowsBlessing":0,"Pandora\u0027s Box":42,"The Courier":3,"Pen Nib":16,"PreservedInsect":44,"Ring of the Snake":0}],"Ring of the Snake":[22]},"card_choices":[{"not_picked":["Finisher","Backflip"],"picked":"Sucker Punch","floor":1.0},{"not_picked":["Unload","Poisoned Stab"],"picked":"Blade Dance","floor":5.0},{"not_picked":["Bane","Quick Slash"],"picked":"Sucker Punch","floor":6.0},{"not_picked":["Cloak And Dagger","Caltrops"],"picked":"Slice","floor":8.0},{"not_picked":["Eviscerate","Dagger Throw"],"picked":"Footwork","floor":12.0},{"not_picked":["Backflip","Tactician"],"picked":"Blade Dance","floor":13.0},{"not_picked":["Blade Dance","Poisoned Stab"],"picked":"Prepared","floor":14.0},{"not_picked":["After Image","Envenom"],"picked":"Corpse Explosion","floor":16.0},{"not_picked":["Prepared+1","Bane"],"picked":"PiercingWail+1","floor":18.0},{"not_picked":["PiercingWail","Cloak And Dagger"],"picked":"Backflip","floor":21}],"player_experience":1541100,"relics_obtained":[{"floor":6.0,"key":"The Courier"},{"floor":8.0,"key":"Pen Nib"},{"floor":9.0,"key":"Matryoshka"},{"floor":12.0,"key":"Blood Vial"}],"event_choices":[{"cards_removed":["Strike_G"],"damage_healed":0.0,"max_hp_gain":0.0,"max_hp_loss":0.0,"gold_gain":0.0,"event_name":"Bonfire Elementals","player_choice":"Offered Basic","floor":2.0,"gold_loss":0.0,"damage_taken":0.0},{"damage_healed":0.0,"max_hp_gain":0.0,"max_hp_loss":0.0,"gold_gain":30.0,"event_name":"Dead Adventurer","player_choice":"Searched \u00272\u0027 times","floor":8.0,"gold_loss":0.0,"damage_taken":0.0},{"damage_healed":0.0,"max_hp_gain":0.0,"max_hp_loss":0.0,"gold_gain":50.0,"event_name":"Nest","player_choice":"Stole From Cult","floor":20.0,"gold_loss":0.0,"damage_taken":0.0}],"is_beta":false,"boss_relics":[{"not_picked":["Empty Cage","Velvet Choker"],"picked":"Pandora\u0027s Box"}],"items_purged_floors":[3],"is_endless":false,"potions_floor_spawned":[6,12,13,16],"killed_by":"Centurion and Healer","ascension_level":20}}