{"host":"seujf6kmfn3ctpoe","time":1612559913,"event":{"mods":["BaseMod","Colored Map","Minty Spire (QoL Compilation)","Permanent Neow","Relic Sorter","Relic Stats","StSLib"],"gold_per_floor":[17,17,17,27,27,27,46,69,69,69,103,103,144,158,158,277,277,298,298,318,333,67,107,107,141,165,165,165,165,25,150,150,279,279,298,72,128,128,461,461,494,226,250,250,281,16,16,48,48,48],"floor_reached":51,"language":"ENG","playtime":1798,"items_purged":["Strike_G","Strike_G","Strike_G"],"score":963,"play_id":"a97b7190-a2b6-4ded-a8ad-2b726b67bdd4","local_time":"20210205221833","is_ascension_mode":true,"campfire_choices":[{"data":"Blade Dance","floor":6,"key":"SMITH"},{"floor":12,"key":"REST"},{"data":"Neutralize","floor":15,"key":"SMITH"},{"data":"Blade Dance","floor":24,"key":"SMITH"},{"data":"Glass Knife","floor":28,"key":"SMITH"},{"data":"Panache","floor":32,"key":"SMITH"},{"data":"Panache","floor":40,"key":"SMITH"},{"data":"Panache","floor":44,"key":"SMITH"},{"data":"Footwork","floor":49,"key":"SMITH"}],"circlet_count":0,"master_deck":["Defend_G+1","Defend_G+1","Defend_G","Defend_G","Survivor","Neutralize+1","Slice+1","Blade Dance+1","Blade Dance+1","Escape Plan","Leg Sweep","Glass Knife+1","Slice+1","Backflip+1","Panache+1","Phantasmal Killer","Finisher","Cloak And Dagger+1","Panache+1","Panache+1","Footwork+1","Leg Sweep","Wraith Form v2+1"],"relics":["Ring of the Snake","Art of War","Omamori","Mummified Hand","Potion Belt","WristBlade","Membership Card","Oddly Smooth Stone","Question Card","Juzu Bracelet","Snake Skull","Pocketwatch","Sundial","Coffee Dripper","Nunchaku","Whetstone","CaptainsWheel","War Paint","Shuriken","Vajra","Frozen Egg 2","Lee\u0027s Waffle","Toxic Egg 2","Blood Vial","Kunai"],"acts_visited":["Exordium","TheCity","TheBeyond"],"potions_floor_usage":[13,25,50,50],"damage_taken":[{"damage":0,"enemies":"Cultist","floor":1,"turns":3},{"damage":0,"enemies":"Small Slimes","floor":4,"turns":3},{"damage":0,"enemies":"Jaw Worm","floor":7,"turns":3},{"damage":7,"enemies":"Looter","floor":8,"turns":2},{"damage":23,"enemies":"Lagavulin","floor":11,"turns":6},{"damage":6,"enemies":"Gremlin Nob","floor":13,"turns":4},{"damage":0,"enemies":"3 Louse","floor":14,"turns":5},{"damage":43,"enemies":"Hexaghost","floor":16,"turns":15},{"damage":0,"enemies":"Chosen","floor":18,"turns":4},{"damage":10,"enemies":"2 Thieves","floor":20,"turns":3},{"damage":1,"enemies":"Chosen and Byrds","floor":21,"turns":5},{"damage":6,"enemies":"Book of Stabbing","floor":23,"turns":6},{"damage":1,"enemies":"Slavers","floor":25,"turns":4},{"damage":0,"enemies":"Colosseum Slavers","floor":31,"turns":2},{"damage":1,"enemies":"Colosseum Nobs","floor":31,"turns":2},{"damage":25,"enemies":"Automaton","floor":33,"turns":5},{"damage":0,"enemies":"3 Darklings","floor":35,"turns":3},{"damage":29,"enemies":"2 Orb Walkers","floor":37,"turns":4},{"damage":0,"enemies":"Giant Head","floor":41,"turns":4},{"damage":0,"enemies":"Nemesis","floor":45,"turns":3},{"damage":0,"enemies":"Reptomancer","floor":48,"turns":2},{"damage":6,"enemies":"Donu and Deca","floor":50,"turns":3}],"seed_played":"-2851858348061504556","potions_obtained":[{"floor":4,"key":"SpeedPotion"},{"floor":7,"key":"Block Potion"},{"floor":8,"key":"AttackPotion"},{"floor":13,"key":"SkillPotion"},{"floor":16,"key":"PowerPotion"},{"floor":18,"key":"Block Potion"},{"floor":25,"key":"Explosive Potion"},{"floor":33,"key":"DuplicationPotion"},{"floor":37,"key":"Swift Potion"}],"is_trial":false,"path_per_floor":["M","T","$","M","?","R","M","M","T","?","E","R","E","M","R","B",null,"M","?","M","M","$","E","R","E","T","?","R","?","$","?","R","B",null,"M","$","?","?","?","R","E","$","T","R","E","$","?","E","R","B",null],"character_chosen":"THE_SILENT","items_purchased":["Membership Card","Oddly Smooth Stone","Panache","Nunchaku","Whetstone","Finisher","Shuriken","Panache","Footwork","Leg Sweep","Lee\u0027s Waffle","Toxic Egg 2","Blood Vial"],"campfire_rested":1,"item_purchase_floors":[22,22,30,36,36,36,42,42,42,42,46,46,46],"current_hp_per_floor":[70,70,70,70,65,65,65,58,58,58,35,54,48,48,48,5,65,65,65,55,54,54,48,48,47,47,47,47,47,47,46,46,21,65,65,65,36,36,36,36,36,36,36,36,36,72,68,68,68,62],"gold":48,"neow_bonus":"REMOVE_TWO","is_daily":false,"chose_seed":false,"campfire_upgraded":8,"win_rate":0.0,"timestamp":1612559913,"path_taken":["M","?","$","M","?","R","?","M","T","?","E","R","E","M","R","BOSS","M","?","M","M","$","E","R","E","T","?","R","?","$","?","R","BOSS","M","$","?","?","?","R","E","$","T","R","E","?","?","E","R","BOSS"],"items_purchased_type":["Relic","Relic","Card","Relic","Relic","Card","Relic","Card","Card","Card","Relic","Relic","Relic"],"build_version":"2020-12-22","purchased_purges":3,"victory":true,"max_hp_per_floor":[70,70,70,70,65,65,65,65,65,65,65,65,65,65,65,65,65,65,65,65,65,65,65,65,65,65,65,65,65,65,65,65,65,65,65,65,65,65,65,65,65,65,65,65,65,72,68,68,68,68],"relic_stats":{"Lee\u0027s Waffle":36,"counters":[22,91],"Snake Skull":[0],"Juzu Bracelet":1,"Whetstone":["Slice","Slice"],"War Paint":["Defend_G","Defend_G"],"Question Card":9,"Blood Vial":0,"Nunchaku":[6],"Mummified Hand":[15],"Sundial":[2],"Shuriken":[9],"Art of War":[2],"Kunai":[3],"obtain_stats":[{"Vajra":43,"Snake Skull":26,"Juzu Bracelet":25,"Whetstone":36,"Blood Vial":46,"Nunchaku":36,"WristBlade":17,"Mummified Hand":11,"Sundial":31,"Kunai":48,"Toxic Egg 2":46,"Ring of the Snake":0,"Potion Belt":13,"Lee\u0027s Waffle":46,"Golden Idol":5,"Oddly Smooth Stone":22,"Omamori":9,"War Paint":41,"Frozen Egg 2":45,"Question Card":23,"CaptainsWheel":37,"Shuriken":42,"Art of War":2,"Coffee Dripper":34,"Membership Card":22,"Pocketwatch":31},{"Vajra":19,"Snake Skull":13,"Juzu Bracelet":13,"Whetstone":17,"Blood Vial":20,"Nunchaku":17,"WristBlade":8,"Mummified Hand":5,"Sundial":15,"Kunai":21,"Toxic Egg 2":20,"Ring of the Snake":0,"Potion Belt":6,"Lee\u0027s Waffle":20,"Golden Idol":2,"Oddly Smooth Stone":11,"Omamori":4,"War Paint":19,"Frozen Egg 2":20,"Question Card":12,"CaptainsWheel":18,"Shuriken":19,"Art of War":1,"Coffee Dripper":16,"Membership Card":11,"Pocketwatch":15},{"Vajra":83,"Snake Skull":63,"Juzu Bracelet":63,"Whetstone":75,"Blood Vial":86,"Nunchaku":75,"WristBlade":41,"Mummified Hand":17,"Sundial":67,"Kunai":88,"Toxic Egg 2":86,"Ring of the Snake":0,"Potion Belt":21,"Lee\u0027s Waffle":86,"Golden Idol":6,"Oddly Smooth Stone":53,"Omamori":11,"War Paint":83,"Frozen Egg 2":86,"Question Card":59,"CaptainsWheel":79,"Shuriken":83,"Art of War":3,"Coffee Dripper":72,"Membership Card":53,"Pocketwatch":67}],"Ring of the Snake":[44],"Pocketwatch":[3]},"card_choices":[{"not_picked":["Sucker Punch","Setup"],"picked":"Slice","floor":1},{"not_picked":["Skewer","Dagger Throw"],"picked":"Blade Dance","floor":4},{"not_picked":["Outmaneuver","Underhanded Strike"],"picked":"Blade Dance","floor":7},{"not_picked":["Sucker Punch","Tactician"],"picked":"Escape Plan","floor":8},{"not_picked":["Setup","Tactician","Dagger Throw"],"picked":"SKIP","floor":11},{"not_picked":["Prepared","Bane"],"picked":"Leg Sweep","floor":13},{"not_picked":["Expertise","Underhanded Strike","Well Laid Plans"],"picked":"SKIP","floor":14},{"not_picked":["Burst","Adrenaline"],"picked":"Glass Knife","floor":16},{"not_picked":["Dagger Throw+1","Dodge and Roll+1","Masterful Stab"],"picked":"SKIP","floor":18},{"not_picked":["Reflex","Backflip","Quick Slash"],"picked":"SKIP","floor":20},{"not_picked":["Underhanded Strike","Deadly Poison","Bane"],"picked":"SKIP","floor":21},{"not_picked":["Reflex","All Out Attack+1"],"picked":"Slice","floor":23},{"not_picked":["Tactician+1","Underhanded Strike+1","Expertise"],"picked":"Backflip+1","floor":25},{"not_picked":["Wraith Form v2","Storm of Steel","Grand Finale"],"picked":"Phantasmal Killer","floor":33},{"not_picked":["Deflect","Predator+1","Dash+1","Bane"],"picked":"SKIP","floor":35},{"not_picked":["Quick Slash+1","Deadly Poison+1","Sucker Punch+1"],"picked":"Cloak And Dagger+1","floor":37},{"not_picked":["Enlightenment","Deep Breath","Purity"],"picked":"Panache","floor":38},{"not_picked":["Underhanded Strike+1","Outmaneuver","Acrobatics","Dagger Throw+1"],"picked":"SKIP","floor":41},{"not_picked":["Slice","All Out Attack","Well Laid Plans+1","Setup+1"],"picked":"SKIP","floor":45},{"not_picked":["Underhanded Strike+1","Backstab","Tactician+1"],"picked":"Wraith Form v2+1","floor":48}],"player_experience":417275,"relics_obtained":[{"floor":2,"key":"Art of War"},{"floor":9,"key":"Omamori"},{"floor":11,"key":"Mummified Hand"},{"floor":13,"key":"Potion Belt"},{"floor":23,"key":"Question Card"},{"floor":25,"key":"Juzu Bracelet"},{"floor":26,"key":"Snake Skull"},{"floor":31,"key":"Pocketwatch"},{"floor":31,"key":"Sundial"},{"floor":37,"key":"CaptainsWheel"},{"floor":41,"key":"War Paint"},{"floor":43,"key":"Vajra"},{"floor":45,"key":"Frozen Egg 2"},{"floor":48,"key":"Kunai"}],"event_choices":[{"damage_healed":0,"gold_gain":0,"player_choice":"Lose Max HP","damage_taken":0,"relics_obtained":["Golden Idol"],"max_hp_gain":0,"max_hp_loss":5,"event_name":"Golden Idol","floor":5,"gold_loss":0},{"cards_removed":["Strike_G"],"damage_healed":0,"gold_gain":0,"player_choice":"Forget","damage_taken":0,"max_hp_gain":0,"max_hp_loss":0,"event_name":"Living Wall","floor":10,"gold_loss":0},{"damage_healed":0,"gold_gain":0,"player_choice":"Ignored","damage_taken":0,"max_hp_gain":0,"max_hp_loss":0,"event_name":"NoteForYourself","floor":19,"gold_loss":0},{"damage_healed":0,"gold_gain":0,"player_choice":"Ignored","damage_taken":0,"max_hp_gain":0,"max_hp_loss":0,"event_name":"Vampires","floor":27,"gold_loss":0},{"damage_healed":0,"gold_gain":0,"player_choice":"Ignored","damage_taken":0,"max_hp_gain":0,"max_hp_loss":0,"event_name":"Cursed Tome","floor":29,"gold_loss":0},{"damage_healed":0,"gold_gain":0,"player_choice":"Fight","damage_taken":0,"max_hp_gain":0,"max_hp_loss":0,"event_name":"Colosseum","floor":31,"gold_loss":0},{"damage_healed":0,"gold_gain":0,"player_choice":"Fought Nobs","damage_taken":0,"max_hp_gain":0,"max_hp_loss":0,"event_name":"Colosseum","floor":31,"gold_loss":0},{"damage_healed":0,"gold_gain":0,"player_choice":"Fight","damage_taken":0,"max_hp_gain":0,"max_hp_loss":0,"event_name":"Mysterious Sphere","floor":37,"gold_loss":0},{"damage_healed":0,"gold_gain":0,"player_choice":"Memory 1","damage_taken":0,"max_hp_gain":0,"max_hp_loss":0,"event_name":"SensoryStone","floor":38,"gold_loss":0},{"damage_healed":0,"gold_gain":333,"player_choice":"Gave Idol","damage_taken":0,"max_hp_gain":0,"max_hp_loss":0,"event_name":"The Moai Head","floor":39,"relics_lost":["Golden Idol"],"gold_loss":0},{"damage_healed":0,"gold_gain":0,"player_choice":"Max HP","damage_taken":0,"max_hp_gain":0,"max_hp_loss":4,"event_name":"Winding Halls","floor":47,"gold_loss":0}],"is_beta":false,"boss_relics":[{"not_picked":["Runic Pyramid","SlaversCollar"],"picked":"WristBlade"},{"not_picked":["Velvet Choker","Cursed Key"],"picked":"Coffee Dripper"}],"items_purged_floors":[22,30,36],"is_endless":false,"potions_floor_spawned":[4,7,8,13,16,18,25,33,37,45,48],"ascension_level":1}}