{"host":"aapp7ew3jk5k1bvd","time":1612530512,"event":{"mods":["AchievementEnabler","BaseMod","Colored Map","Minty Spire (QoL Compilation)","Permanent Neow","StSLib","SuperFastMode"],"gold_per_floor":[116,116,116,48,62,62,62,79,79,91,111,111,125,136,136,136,136],"floor_reached":16,"language":"KOR","playtime":360,"items_purged":[],"score":146,"play_id":"985a2a25-dcfc-443b-827f-5529e276e7a1","local_time":"20210205220832","is_ascension_mode":true,"campfire_choices":[{"data":"Entrench","floor":6.0,"key":"SMITH"},{"data":"Flame Barrier","floor":12,"key":"SMITH"},{"floor":15,"key":"REST"}],"circlet_count":0,"master_deck":["AscendersBane","Strike_R","Strike_R","Strike_R","Strike_R","Strike_R","Defend_R","Defend_R","Defend_R","Defend_R","Bash","Regret","Entrench+1","Flame Barrier+1","Shrug It Off","Battle Trance"],"relics":["Burning Blood","Calipers","StrikeDummy","FaceOfCleric","Thread and Needle"],"acts_visited":["Exordium"],"potions_floor_usage":[],"damage_taken":[{"damage":1.0,"enemies":"Small Slimes","floor":1.0,"turns":5.0},{"damage":2.0,"enemies":"2 Louse","floor":5.0,"turns":3.0},{"damage":10.0,"enemies":"Cultist","floor":8.0,"turns":5.0},{"damage":23,"enemies":"Exordium Wildlife","floor":10,"turns":9},{"damage":11,"enemies":"Large Slime","floor":11,"turns":9},{"damage":9,"enemies":"Lots of Slimes","floor":13,"turns":3},{"damage":13,"enemies":"Exordium Wildlife","floor":14,"turns":9},{"damage":3,"enemies":"The Guardian","floor":16,"turns":2}],"seed_played":"7671135017310475113","potions_obtained":[{"floor":1.0,"key":"BlessingOfTheForge"},{"floor":5.0,"key":"Weak Potion"}],"is_trial":false,"path_per_floor":["M","?","?","$","M","R","?","M","T","M","M","R","M","M","R","B"],"character_chosen":"IRONCLAD","items_purchased":["Entrench"],"campfire_rested":1,"item_purchase_floors":[4],"current_hp_per_floor":[72,72,72,72,72,72,72,69,69,53,49,49,47,41,64,61,61],"gold":136,"neow_bonus":"ONE_RARE_RELIC","is_daily":false,"chose_seed":false,"campfire_upgraded":2,"win_rate":0.0,"timestamp":1612530512,"path_taken":["M","?","?","$","M","R","?","M","T","?","M","R","M","M","R","BOSS"],"items_purchased_type":["Card"],"build_version":"2020-12-22","purchased_purges":0,"victory":false,"max_hp_per_floor":[72,72,72,72,72,72,72,73,73,74,75,75,76,77,77,77,77],"card_choices":[{"not_picked":["Feel No Pain","Disarm","Warcry"],"picked":"SKIP","floor":1.0},{"not_picked":["Clash","Second Wind"],"picked":"Flame Barrier","floor":5.0},{"not_picked":["Armaments","Havoc","Flex"],"picked":"SKIP","floor":8.0},{"not_picked":["True Grit","Feed","Headbutt"],"picked":"SKIP","floor":10},{"not_picked":["Sword Boomerang","Bloodletting"],"picked":"Shrug It Off","floor":11},{"not_picked":["Dual Wield","Searing Blow"],"picked":"Battle Trance","floor":13},{"not_picked":["Warcry","Pommel Strike","Havoc"],"picked":"SKIP","floor":14}],"player_experience":1319322,"relics_obtained":[{"floor":9.0,"key":"Thread and Needle"}],"event_choices":[{"damage_healed":0.0,"max_hp_gain":0.0,"max_hp_loss":0.0,"gold_gain":0.0,"event_name":"Big Fish","player_choice":"Box","floor":2.0,"gold_loss":0.0,"damage_taken":0.0,"relics_obtained":["StrikeDummy"],"cards_obtained":["Regret"]},{"damage_healed":0.0,"max_hp_gain":0.0,"max_hp_loss":0.0,"gold_gain":0.0,"event_name":"Liars Game","player_choice":"Ignored","floor":3.0,"gold_loss":0.0,"damage_taken":0.0},{"damage_healed":0.0,"max_hp_gain":0.0,"max_hp_loss":0.0,"gold_gain":0.0,"event_name":"FaceTrader","player_choice":"Trade","floor":7.0,"gold_loss":0.0,"damage_taken":0.0,"relics_obtained":["FaceOfCleric"]}],"is_beta":false,"boss_relics":[],"items_purged_floors":[],"is_endless":false,"potions_floor_spawned":[1,5,11,13],"killed_by":"The Guardian","ascension_level":11}}