{"host":"LaserWall","time":1612535374,"event":{"mods":["BaseMod","Minty Spire (QoL Compilation)","Relic Stats","Weighted Paths"],"gold_per_floor":[214,12,12,28,0,0,31,31,31,31,70,70,95,47,47,176,176,191,191,212,137,137,137],"floor_reached":22,"language":"ENG","playtime":939,"items_purged":["Strike_B"],"score":276,"play_id":"430221c0-adfd-47dd-a173-2f9eee05aa51","local_time":"20210205092934","is_ascension_mode":true,"campfire_choices":[{"data":"Sunder","floor":6,"key":"SMITH"},{"data":"Coolheaded","floor":8,"key":"SMITH"},{"data":"Doom and Gloom","floor":10,"key":"SMITH"},{"data":"Core Surge","floor":12,"key":"SMITH"},{"data":"Dualcast","floor":15,"key":"SMITH"}],"circlet_count":0,"master_deck":["Strike_B","Strike_B","Defend_B","Defend_B","Defend_B","Defend_B","Zap","Dualcast+1","Coolheaded+1","Sunder+1","Doom and Gloom+1","Ball Lightning","Core Surge+1","Electrodynamics","Leap","Static Discharge","Ball Lightning"],"relics":["Cracked Core","Golden Idol","Odd Mushroom","Gambling Chip","Toy Ornithopter","Black Star"],"acts_visited":["Exordium","TheCity"],"potions_floor_usage":[7,11,16],"damage_taken":[{"damage":2,"enemies":"Jaw Worm","floor":1,"turns":3},{"damage":0,"enemies":"2 Louse","floor":4,"turns":1},{"damage":11,"enemies":"The Mushroom Lair","floor":7,"turns":3},{"damage":7,"enemies":"Lagavulin","floor":11,"turns":5},{"damage":7,"enemies":"Small Slimes","floor":13,"turns":2},{"damage":0,"enemies":"Slime Boss","floor":16,"turns":5},{"damage":11,"enemies":"Spheric Guardian","floor":18,"turns":3},{"damage":9,"enemies":"Chosen","floor":20,"turns":4},{"damage":3,"enemies":"Centurion and Healer","floor":22,"turns":2}],"seed_played":"-2849550190692393378","potions_obtained":[{"floor":1,"key":"SkillPotion"},{"floor":4,"key":"Dexterity Potion"},{"floor":16,"key":"PowerPotion"},{"floor":18,"key":"Strength Potion"}],"is_trial":false,"path_per_floor":["M","$","?","M","?","R","?","R","T","R","E","R","M","$","R","B",null,"M","?","M","?","M"],"character_chosen":"DEFECT","items_purchased":["AttackPotion","Sunder","Swift Potion"],"campfire_rested":0,"item_purchase_floors":[2,2,14],"current_hp_per_floor":[73,73,55,55,55,55,44,44,44,44,37,37,30,30,30,35,75,64,64,55,55,52,52],"gold":137,"neow_bonus":"HUNDRED_GOLD","is_daily":false,"chose_seed":false,"campfire_upgraded":5,"win_rate":0.0,"timestamp":1612535374,"path_taken":["M","$","?","M","?","R","?","R","T","R","E","R","M","$","R","BOSS","M","?","M","?","M"],"items_purchased_type":["Potion","Card","Potion"],"build_version":"2020-12-18","purchased_purges":1,"victory":false,"max_hp_per_floor":[75,75,75,75,75,75,75,75,75,75,75,75,75,75,75,75,75,75,75,75,75,75,75],"relic_stats":{"counters":[9,28],"Golden Idol":55,"Gambling Chip":[11],"Black Star":0,"obtain_stats":[{"Golden Idol":3,"Gambling Chip":9,"Black Star":17,"Odd Mushroom":7,"Cracked Core":0,"Toy Ornithopter":11},{"Golden Idol":1,"Gambling Chip":3,"Black Star":6,"Odd Mushroom":3,"Cracked Core":0,"Toy Ornithopter":4},{"Golden Idol":3,"Gambling Chip":7,"Black Star":19,"Odd Mushroom":7,"Cracked Core":0,"Toy Ornithopter":12}],"Toy Ornithopter":5},"card_choices":[{"not_picked":["Turbo","Sweeping Beam"],"picked":"Coolheaded","floor":1},{"not_picked":["Darkness","Cold Snap"],"picked":"Doom and Gloom","floor":4},{"not_picked":["Turbo","Darkness"],"picked":"Ball Lightning","floor":7},{"not_picked":["Rebound","Beam Cell"],"picked":"Core Surge","floor":11},{"not_picked":["Sweeping Beam","Gash","Hello World"],"picked":"SKIP","floor":13},{"not_picked":["Thunder Strike","Rainbow"],"picked":"Electrodynamics","floor":16},{"not_picked":["Ball Lightning","Gash"],"picked":"Leap","floor":18},{"not_picked":["Chaos","Storm"],"picked":"Ball Lightning","floor":20}],"player_experience":207954,"relics_obtained":[{"floor":7,"key":"Odd Mushroom"},{"floor":9,"key":"Gambling Chip"},{"floor":11,"key":"Toy Ornithopter"}],"event_choices":[{"damage_healed":0,"gold_gain":0,"player_choice":"Take Damage","damage_taken":18,"relics_obtained":["Golden Idol"],"max_hp_gain":0,"max_hp_loss":0,"event_name":"Golden Idol","floor":3,"gold_loss":0},{"damage_healed":0,"gold_gain":0,"player_choice":"Left Gold","damage_taken":0,"max_hp_gain":0,"max_hp_loss":0,"event_name":"World of Goop","floor":5,"gold_loss":28},{"damage_healed":0,"gold_gain":0,"player_choice":"Fought Mushrooms","damage_taken":0,"max_hp_gain":0,"max_hp_loss":0,"event_name":"Mushrooms","floor":7,"gold_loss":0},{"damage_healed":0,"gold_gain":0,"player_choice":"Read","damage_taken":0,"max_hp_gain":0,"max_hp_loss":0,"event_name":"The Library","floor":19,"gold_loss":0,"cards_obtained":["Static Discharge"]},{"cards_removed":["Strike_B"],"damage_healed":0,"gold_gain":0,"player_choice":"Gave Gold","damage_taken":0,"max_hp_gain":0,"max_hp_loss":0,"event_name":"Beggar","floor":21,"gold_loss":75}],"is_beta":true,"boss_relics":[{"not_picked":["FrozenCore","Cursed Key"],"picked":"Black Star"}],"items_purged_floors":[2],"is_endless":false,"potions_floor_spawned":[1,4,16,18],"killed_by":"Centurion and Healer","ascension_level":4}}