{"host":"awrw1gk2acwismlg","time":1612489911,"event":{"mods":["ATMod(°¢èªMod)","Arknights","BaseMod","Bestiary","Challenge The Spire","Clockwork Mod","Conspire","Downfall","Energized Spire","Hermit","Jedi Mod","Marked Mod","Minty Spire (QoL Compilation)","Morshu Shopkeeper","Nova Terra(ÅµÍÞ¡¤Ì©À­)","Quarter Circle Forward PUNCH!","Reliquary","Remilia_Scarlet Moed£¨ÀÙÃ×ÀòÑÇ¡¤Ë¹¿¨À×ÌØ£©3.3.5","Replay The Spire","Robot Space Explorer","Shop Mod","Small Relic Pack","Spicy Shops","StSLib","The Cursed","Warlord Emblem","Wide Potions","Yakumo Yukari mod","¡¾ÒÅÎï¿¨ÅÆ¡¿REMEMod","óô»ðÖ¸ÄÏ"],"gold_per_floor":[116,148,73,73,88,131,31,49,76,76,92,110,110,135,135,264,214,235,235,235,235],"floor_reached":20,"language":"ZHS","playtime":1346,"items_purged":["Neutralize","Injury"],"score":183,"play_id":"966271fa-e740-4804-8a3b-b20769c17f89","local_time":"20210205095151","is_ascension_mode":true,"campfire_choices":[{"floor":10,"key":"REST"},{"data":"AT_FamilyPortrait","floor":13,"key":"SMITH"},{"floor":15,"key":"REST"}],"circlet_count":0,"master_deck":["Strike_G","Strike_G","Strike_G","Strike_G","Strike_G","Defend_G","Defend_G","Defend_G","Defend_G","Defend_G+1","Survivor","Seek","Deadly Poison","Catalyst","Toxin Wave","Night Terror","Poison Darts","Strike_G","AT_BreakingExtremeWeapon","ReplayTheSpireMod:Restless Dread"],"relics":["Ring of the Snake","AT_ATBox","REME_ComplimentaryCards","reliquary:ExpiredCoupon","Golden Idol","AT_BladeRuinedKing","conspire:TopHat","energizedSpire:HugeHouse","Potion Belt"],"acts_visited":["Exordium","TheCity"],"potions_floor_usage":[6,6,16,16],"damage_taken":[{"damage":1,"enemies":"Jaw Worm","floor":1,"turns":6},{"damage":0,"enemies":"Small Slimes","floor":5,"turns":5},{"damage":23,"enemies":"Gremlin Nob","floor":6,"turns":4},{"damage":0,"enemies":"2 Louse","floor":8,"turns":1},{"damage":16,"enemies":"Exordium Wildlife","floor":11,"turns":5},{"damage":6,"enemies":"2 Fungi Beasts","floor":12,"turns":3},{"damage":9,"enemies":"3 Louse","floor":14,"turns":3},{"damage":18,"enemies":"Slime Boss","floor":16,"turns":9},{"damage":20,"enemies":"2 Thieves","floor":18,"turns":4},{"damage":46,"enemies":"conspire:FuzzyDice","floor":20,"turns":4}],"seed_played":"-3630517029684762653","potions_obtained":[{"floor":1,"key":"DuplicationPotion"},{"floor":2,"key":"qcfpunch:Challenger_Coin"},{"floor":2,"key":"Fire Potion"},{"floor":8,"key":"jedi:holywater"},{"floor":11,"key":"SkillPotion"},{"floor":12,"key":"LifebloodPotion"}],"is_trial":false,"path_per_floor":["M","?","$","?","M","E","$","M","T","R","M","M","R","M","R","B",null,"M","?","M"],"character_chosen":"THE_SILENT","items_purchased":[],"campfire_rested":2,"item_purchase_floors":[],"current_hp_per_floor":[69,41,41,41,41,18,18,18,18,39,31,25,25,16,37,19,65,45,45,0,0],"gold":235,"neow_bonus":"RANDOM_COMMON_RELIC","is_daily":false,"chose_seed":false,"campfire_upgraded":1,"win_rate":0.0,"timestamp":1612489911,"path_taken":["M","?","?","?","M","E","$","?","T","R","M","M","R","M","R","BOSS","M","?","M"],"items_purchased_type":[],"build_version":"2020-12-22","purchased_purges":2,"victory":false,"max_hp_per_floor":[70,70,70,70,70,70,70,70,70,70,70,70,70,70,70,70,65,65,65,65,65],"card_choices":[{"not_picked":["Terror","Dagger Throw"],"picked":"Deadly Poison","floor":1},{"not_picked":["Blade Dance","Dagger Spray","conspire:DoublingDagger"],"picked":"SKIP","floor":5},{"not_picked":["Slice","Terror"],"picked":"Catalyst","floor":6},{"not_picked":["PiercingWail","Choke"],"picked":"Toxin Wave","floor":8},{"not_picked":["Dash","Sucker Punch","Blade Dance"],"picked":"SKIP","floor":11},{"not_picked":["Dodge and Roll","Terror","Underhanded Strike"],"picked":"SKIP","floor":12},{"not_picked":["Dagger Throw","Dodge and Roll"],"picked":"Night Terror","floor":14},{"not_picked":["Corpse Explosion","After Image"],"picked":"Poison Darts","floor":16},{"not_picked":["Deflect","Dodge and Roll","Underhanded Strike"],"picked":"SKIP","floor":18}],"player_experience":49802,"relics_obtained":[{"floor":6,"key":"AT_BladeRuinedKing"},{"floor":9,"key":"conspire:TopHat"}],"event_choices":[{"damage_healed":0,"gold_gain":0,"player_choice":"Take Wound","damage_taken":0,"relics_obtained":["Golden Idol"],"max_hp_gain":0,"max_hp_loss":0,"event_name":"Golden Idol","floor":4,"gold_loss":0,"cards_obtained":["Injury"]}],"is_beta":false,"boss_relics":[{"not_picked":["ReplayTheSpireMod:DimensionalGlitch","reliquary:WritOfMandamus"],"picked":"energizedSpire:HugeHouse"}],"items_purged_floors":[3,7],"is_endless":false,"potions_floor_spawned":[1,8,11,12],"killed_by":"conspire:FuzzyDice","ascension_level":1}}