{"host":"74dg6ta44i9qan6e","time":1612530454,"event":{"mods":["Act Like it!","BaseMod","Downfall","Hubris","Infinite Spire","Minty Spire (QoL Compilation)","Replay The Spire","StSLib","Waifu the Spire"],"gold_per_floor":[99,112,23,8,31,72,118,218,218,18,18,40,40,83,101,211,211,111,123,0,33,34,34,34,52,52,52,67,67,96,124,135,239,239,239,301,301,301,325,352,352,352,387,387,506,18,18,37,64,64,64,64],"floor_reached":50,"language":"ENG","playtime":3004,"items_purged":[],"score":655,"play_id":"821142e1-b767-43a7-95dd-39b481b4a70c","local_time":"20210205080734","is_ascension_mode":true,"campfire_choices":[{"floor":1.0,"key":"RECALL"},{"data":"hexamod:GiftsFromTheDead","floor":10.0,"key":"SMITH"},{"data":"hexamod:NecessarySacrifice","floor":13.0,"key":"SMITH"},{"data":"hexamod:ForkedFlame","floor":18.0,"key":"SMITH"},{"data":"hexamod:EtherealExpedition","floor":23.0,"key":"SMITH"},{"floor":29.0,"key":"REST"},{"data":"1","floor":35.0,"key":"LIFT"},{"data":"2","floor":42.0,"key":"LIFT"},{"data":"3","floor":47.0,"key":"LIFT"}],"circlet_count":0,"master_deck":["hexamod:Strike+1","hexamod:Strike+1","hexamod:Strike+1","hexamod:Strike+1","hexamod:Defend","hexamod:Defend","hexamod:Defend","hexamod:Defend","hexamod:Sear","hexamod:Float","hexamod:GiftsFromTheDead+1","hexamod:FlamesFromBeyond","hexamod:HeatShield+1","hexamod:SecondSeal","hexamod:NecessarySacrifice+1","hexamod:FlamesFromBeyond","hexamod:EtherealExpedition+1","hexamod:PhantomCloak","hexamod:PowerFromBeyond","hexamod:NightmareGuise","hexamod:ForkedFlame+1","hexamod:Hexaguard","hexamod:CatchUp","hexamod:FastForward","hexamod:SecondSeal","hexamod:GhostShield","hexamod:Hexaguard","hexamod:EmpoweredFlame","infinitespire:Punishment","hexamod:Haunt+1","hexamod:UnleashSpirits+1","hexamod:FlamesFromBeyond","hexamod:Hexaguard+1","hexamod:Hexaguard","hexamod:EmpoweredFlame","hexamod:ApocalypseNow","hexamod:RetreatToShadows","hexamod:RadiantFlame","hexamod:PhantomCloak+1","hexamod:ForkedFlame","Replay:Fractal Strike","hexamod:NecessarySacrifice+1","hexamod:Hexaguard","hexamod:ExtraCrispy","hexamod:EtherealExpedition","hexamod:PowerFromBeyond"],"relics":["hexamod:SpiritBrand","Replay:Accelerometer","downfall:ShatteredFragment","downfall:HeartBlessingBlue","downfall:HeartBlessingGreen","Replay:Bottled Eggs","Philosopher\u0027s Stone","downfall:HeartBlessingRed","Girya","hubris:KleinBottle","Guide Book","hubris:ScarierMask","Ice Cream","hubris:Towel","hubris:Icosahedron","hubris:Potato","infinitespire:Beetle Shell","Replay:WaspNest"],"acts_visited":["Exordium","TheCity","TheBeyond"],"potions_floor_usage":[50,50,50],"damage_taken":[{"damage":0.0,"enemies":"Cultist","floor":2.0,"turns":3.0},{"damage":0.0,"enemies":"downfall:FleeingMerchant","floor":3.0,"turns":4.0},{"damage":4.0,"enemies":"downfall:FleeingMerchant","floor":4.0,"turns":4.0},{"damage":7.0,"enemies":"Jaw Worm","floor":5.0,"turns":3.0},{"damage":10.0,"enemies":"Lagavulin","floor":6.0,"turns":6.0},{"damage":1.0,"enemies":"Small Slimes","floor":12.0,"turns":3.0},{"damage":32.0,"enemies":"Gremlin Nob","floor":14.0,"turns":4.0},{"damage":0.0,"enemies":"2 Fungi Beasts","floor":15.0,"turns":3.0},{"damage":0.0,"enemies":"DF_ARCHETYPE_STREAMLINE","floor":16.0,"turns":7.0},{"damage":5.0,"enemies":"Shell Parasite","floor":19.0,"turns":3.0},{"damage":0.0,"enemies":"downfall:FleeingMerchant","floor":20.0,"turns":4.0},{"damage":15.0,"enemies":"Chosen and Byrds","floor":21.0,"turns":5.0},{"damage":17.0,"enemies":"downfall:FleeingMerchant","floor":22.0,"turns":4.0},{"damage":1.0,"enemies":"3 Cultists","floor":25.0,"turns":4.0},{"damage":5.0,"enemies":"downfall:FleeingMerchant","floor":28.0,"turns":3.0},{"damage":3.0,"enemies":"Cultist and Chosen","floor":30.0,"turns":3.0},{"damage":0.0,"enemies":"Chosen and Byrds","floor":31.0,"turns":4.0},{"damage":4.0,"enemies":"Shelled Parasite and Fungi","floor":32.0,"turns":3.0},{"damage":15.0,"enemies":"IC_MUSHROOM_ARCHETYPE","floor":33.0,"turns":5.0},{"damage":0.0,"enemies":"2 Orb Walkers","floor":36.0,"turns":3.0},{"damage":0.0,"enemies":"3 Shapes","floor":39.0,"turns":2.0},{"damage":12.0,"enemies":"3 Darklings","floor":40.0,"turns":3.0},{"damage":0.0,"enemies":"Transient","floor":43.0,"turns":5.0},{"damage":8.0,"enemies":"4 Shapes","floor":45.0,"turns":4.0},{"damage":7.0,"enemies":"Writhing Mass","floor":48.0,"turns":4.0},{"damage":2.0,"enemies":"Maw","floor":49.0,"turns":5.0},{"damage":58,"enemies":"WA_ARCHETYPE_DIVINITY","floor":50,"turns":7}],"seed_played":"102708322913493246","potions_obtained":[{"floor":5.0,"key":"PowerPotion"},{"floor":14.0,"key":"Block Potion"},{"floor":16.0,"key":"EssenceOfSteel"},{"floor":19.0,"key":"Guardian:BlockOnCardUsePotion"},{"floor":30.0,"key":"Elixir"},{"floor":31.0,"key":"hexamod:DoubleChargePotion"},{"floor":33.0,"key":"Venom Potion"},{"floor":43.0,"key":"ColorlessPotion"},{"floor":45.0,"key":"champ:CounterPotion"},{"floor":49.0,"key":"Guardian:BlockOnCardUsePotion"}],"is_trial":false,"path_per_floor":["R","M","$","$","M","E","T","?","?","R","?","M","R","E","M","B",null,"R","M","$","M","$","R","T","M","?","$","$","R","M","M","M","B",null,"R","?","?","?","M","M","T","R","M","?","M","$","R","M","M","B"],"character_chosen":"THE_SPIRIT","items_purchased":["hexamod:SecondSeal","hexamod:FastForward","hexamod:SecondSeal","hubris:KleinBottle","hexamod:UnleashSpirits","Guide Book","hexamod:FlamesFromBeyond","infinitespire:Beetle Shell","Replay:WaspNest","hexamod:Hexaguard","hexamod:ExtraCrispy"],"campfire_rested":1,"item_purchase_floors":[3,20,20,27,28,28,28,46,46,46,46],"current_hp_per_floor":[70,70,70,66,59,49,49,49,28,38,38,37,37,5,5,5,80,80,75,75,60,43,43,43,42,42,23,18,42,39,39,35,20,80,80,80,80,80,80,68,68,68,68,48,40,40,40,33,31,0,0,0],"gold":64,"neow_bonus":"THREE_RARE_CARDS","is_daily":false,"chose_seed":false,"campfire_upgraded":4,"win_rate":0.0,"timestamp":1612530454,"path_taken":["R","M","?","$","M","E","T","?","?","R","?","M","R","E","M","BOSS","R","M","$","M","?","R","T","M","?","?","$","R","M","M","M","BOSS","R","?","?","?","M","M","T","R","M","?","M","$","R","?","M","BOSS"],"items_purchased_type":["Card","Card","Card","Relic","Card","Relic","Card","Relic","Relic","Card","Card"],"build_version":"2020-12-22","purchased_purges":0,"victory":false,"max_hp_per_floor":[70,70,70,70,70,70,70,70,70,80,80,80,80,80,80,80,80,80,80,80,80,80,80,80,80,80,80,80,80,80,80,80,80,80,80,80,80,80,80,80,80,80,80,80,80,80,80,80,80,80,80,80],"card_choices":[{"not_picked":["hexamod:WildfireWeapon","hexamod:HexaLevel"],"picked":"hexamod:GiftsFromTheDead","floor":0.0},{"not_picked":["hexamod:GhostLash","hexamod:InspiringFlames"],"picked":"hexamod:FlamesFromBeyond","floor":2.0},{"not_picked":["hexamod:BacktrackSmack","hexamod:SpectralAdrenaline"],"picked":"hexamod:HeatShield","floor":3.0},{"not_picked":["hexamod:SwordOfDarkness","hexamod:SuperheatedStrike"],"picked":"hexamod:NecessarySacrifice","floor":4.0},{"not_picked":["hexamod:SoulSteal","hexamod:GhostLash"],"picked":"hexamod:FlamesFromBeyond","floor":5.0},{"not_picked":["hexamod:PhantomFireball","hexamod:SoulSteal"],"picked":"hexamod:EtherealExpedition","floor":6.0},{"not_picked":["hexamod:InspiringFlames","hexamod:CatchUp"],"picked":"hexamod:PhantomCloak","floor":12.0},{"not_picked":["hexamod:SpectralSpark","hexamod:GhostLash"],"picked":"hexamod:PowerFromBeyond","floor":14.0},{"not_picked":["hexamod:ShieldOfDarkness","hexamod:Again"],"picked":"hexamod:NightmareGuise","floor":15.0},{"not_picked":["hexamod:GhostflameInferno","hexamod:GhostOfSpirePresent"],"picked":"hexamod:ForkedFlame","floor":16.0},{"not_picked":["hexamod:GhostLash","hexamod:PhantomFireball+1"],"picked":"hexamod:Hexaguard","floor":19.0},{"not_picked":["hexamod:SuperheatedStrike","hexamod:ThermalTransfer+1"],"picked":"hexamod:CatchUp","floor":20.0},{"not_picked":["hexamod:SecondSeal","hexamod:HauntingEcho+1"],"picked":"hexamod:GhostShield","floor":21.0},{"not_picked":["hexamod:Again","hexamod:Firestarter"],"picked":"hexamod:Hexaguard","floor":22.0},{"not_picked":["hexamod:PhantomFireball+1","hexamod:GhostOfSpirePast+1"],"picked":"hexamod:EmpoweredFlame","floor":25.0},{"not_picked":["infinitespire:Menacing","infinitespire:Oblivion"],"picked":"infinitespire:Punishment","floor":27.0},{"not_picked":["hexamod:GhostflameBarrier","hexamod:HauntingEcho"],"picked":"hexamod:Haunt+1","floor":28.0},{"not_picked":["hexamod:HexaLevel","hexamod:GhostShield"],"picked":"hexamod:Hexaguard+1","floor":30.0},{"not_picked":["hexamod:Firestarter","hexamod:HeatCrush"],"picked":"hexamod:Hexaguard","floor":31.0},{"not_picked":["hexamod:GhostLash","hexamod:SecondSeal"],"picked":"hexamod:EmpoweredFlame","floor":32.0},{"not_picked":["hexamod:SixthSeal","hexamod:ApocalypticArmor"],"picked":"hexamod:ApocalypseNow","floor":33.0},{"not_picked":["hexamod:ThermalTransfer","hexamod:ShieldOfDarkness"],"picked":"hexamod:RetreatToShadows","floor":36.0},{"not_picked":["hexamod:HeatCrush+1","hexamod:FastForward"],"picked":"hexamod:RadiantFlame","floor":39.0},{"not_picked":["hexamod:Hexaguard","hexamod:SpectralSpark"],"picked":"hexamod:PhantomCloak+1","floor":40.0},{"not_picked":["hexamod:NightmareStrike+1","hexamod:BurningTouch+1"],"picked":"hexamod:ForkedFlame","floor":43.0},{"not_picked":["infinitespire:DeathsTouch","infinitespire:Punishment"],"picked":"Replay:Fractal Strike","floor":44.0},{"not_picked":["hexamod:ShieldOfDarkness","hexamod:SuperheatedStrike"],"picked":"hexamod:NecessarySacrifice+1","floor":45.0},{"not_picked":["hexamod:Firestarter","hexamod:ThermalTransfer+1"],"picked":"hexamod:EtherealExpedition","floor":48.0},{"not_picked":["hexamod:AdvancingGuard","hexamod:SwordOfDarkness"],"picked":"hexamod:PowerFromBeyond","floor":49.0}],"player_experience":567440,"relics_obtained":[{"floor":6.0,"key":"Replay:Accelerometer"},{"floor":14.0,"key":"Replay:Bottled Eggs"},{"floor":24.0,"key":"Girya"},{"floor":36.0,"key":"Ice Cream"},{"floor":41.0,"key":"hubris:Potato"}],"event_choices":[{"damage_healed":0.0,"max_hp_gain":0.0,"max_hp_loss":0.0,"gold_gain":0.0,"event_name":"Vampires","player_choice":"Ignored","floor":26.0,"gold_loss":0.0,"damage_taken":0.0},{"damage_healed":0.0,"max_hp_gain":0.0,"max_hp_loss":0.0,"gold_gain":0.0,"event_name":"Mysterious Sphere","player_choice":"Fight","floor":36.0,"gold_loss":0.0,"damage_taken":0.0}],"is_beta":false,"boss_relics":[{"not_picked":["hubris:HollowSoul","Replay:Drink Me"],"picked":"Philosopher\u0027s Stone"},{"not_picked":["Ring of Chaos","Replay:Bronze Core"],"picked":"hubris:ScarierMask"}],"items_purged_floors":[],"is_endless":false,"potions_floor_spawned":[5,14,16,19,30,31,33,43,45,49],"killed_by":"WA_ARCHETYPE_DIVINITY","ascension_level":2}}