{"host":"2zjdcgw4be5n15ja","time":1612490713,"event":{"mods":["AchievementEnabler","BaseMod","Better Skull","Better Third Choice","BetterRewards","Hermit","Marisa????????","Minty Spire (QoL Compilation)","Quick Restart","Rare Cards Sparkle","Reimu??????","Relic Stats","Reliquary","StSLib","The Runesmith","The Senshi"],"gold_per_floor":[109,109,122,141,216,216,216,290,290,324,324,340,372,372,372,476,476,490,405,405,421,441,441,458,41,41,41,41],"floor_reached":27,"language":"ENG","playtime":1642,"items_purged":[],"score":232,"play_id":"8822a48f-3242-43af-ad10-56f70a858ad3","local_time":"20210205150513","is_ascension_mode":true,"campfire_choices":[{"floor":6,"key":"REST"},{"floor":11,"key":"REST"},{"floor":15,"key":"REST"},{"floor":23,"key":"REST"}],"circlet_count":0,"master_deck":["Strike_G","Strike_G","Strike_G","Strike_G","Defend_G","Defend_G","Defend_G","Defend_G","Survivor","Neutralize+1","Blur","Deadly Poison","Deadly Poison","Noxious Fumes","Noxious Fumes","Night Terror","Dagger Throw+1","Accuracy+1","Endless Agony+1","Cloak And Dagger","Backstab","Poisoned Stab","Blur","Infinite Blades","Flechettes","Outmaneuver","Thinking Ahead"],"relics":["Ring of the Snake","Tea:ReiMu","Bag of Marbles","reliquary:ExpiredCoupon","Astrolabe","reliquary:JackalopeAntler","Thread and Needle"],"acts_visited":["Exordium","TheCity"],"potions_floor_usage":[10,13,18,21,27],"damage_taken":[{"damage":0,"enemies":"2 Louse","floor":1,"turns":2},{"damage":3,"enemies":"Jaw Worm","floor":3,"turns":6},{"damage":10,"enemies":"Small Slimes","floor":4,"turns":4},{"damage":53,"enemies":"Gremlin Nob","floor":10,"turns":5},{"damage":17,"enemies":"3 Louse","floor":12,"turns":2},{"damage":25,"enemies":"3 Sentries","floor":13,"turns":7},{"damage":10,"enemies":"Hexaghost","floor":16,"turns":8},{"damage":5,"enemies":"Chosen","floor":18,"turns":4},{"damage":11,"enemies":"Shell Parasite","floor":21,"turns":6},{"damage":28,"enemies":"Centurion and Healer","floor":22,"turns":7},{"damage":32,"enemies":"Snecko","floor":24,"turns":5},{"damage":30,"enemies":"Sentry and Sphere","floor":27,"turns":5}],"seed_played":"-5860180957330894291","potions_obtained":[{"floor":4,"key":"MagicPotion:ReiMu"},{"floor":10,"key":"Weak Potion"},{"floor":13,"key":"Energy Potion"},{"floor":16,"key":"SkillPotion"},{"floor":18,"key":"SkillPotion"}],"is_trial":false,"path_per_floor":["M","?","M","M","?","R","?","T","T","E","R","M","E","?","R","B",null,"M","?","?","M","M","R","M","$","T","M"],"character_chosen":"THE_SILENT","items_purchased":["Infinite Blades","Flechettes","Outmaneuver","Thinking Ahead","Strength Potion"],"campfire_rested":4,"item_purchase_floors":[25,25,25,25,25],"current_hp_per_floor":[77,77,74,64,53,76,76,76,76,23,46,29,4,4,27,17,77,72,72,72,61,33,56,24,24,24,0,0],"gold":41,"neow_bonus":"TEN_PERCENT_HP_BONUS","is_daily":false,"chose_seed":false,"campfire_upgraded":0,"win_rate":0.0,"timestamp":1612490713,"path_taken":["M","?","M","M","?","R","?","?","T","E","R","?","E","?","R","BOSS","M","?","?","M","M","R","M","$","T","M"],"items_purchased_type":["Card","Card","Card","Card","Potion"],"build_version":"2020-12-22","purchased_purges":0,"victory":false,"max_hp_per_floor":[77,77,77,77,77,77,77,77,77,77,77,77,77,77,77,77,77,77,77,77,77,77,77,77,77,77,77,77],"relic_stats":{"counters":[12,61],"Astrolabe":["Dagger Throw","Accuracy","Endless Agony"],"obtain_stats":[{"reliquary:JackalopeAntler":19,"reliquary:ExpiredCoupon":13,"Astrolabe":17,"Tea:ReiMu":8,"Thread and Needle":20,"Bag of Marbles":10,"Ring of the Snake":0},{"reliquary:JackalopeAntler":8,"reliquary:ExpiredCoupon":6,"Astrolabe":7,"Tea:ReiMu":3,"Thread and Needle":8,"Bag of Marbles":4,"Ring of the Snake":0},{"reliquary:JackalopeAntler":38,"reliquary:ExpiredCoupon":26,"Astrolabe":34,"Tea:ReiMu":12,"Thread and Needle":38,"Bag of Marbles":17,"Ring of the Snake":0}],"Ring of the Snake":[24]},"card_choices":[{"not_picked":["Backflip","Skewer"],"picked":"Blur","floor":1},{"not_picked":["Dagger Throw","Bane"],"picked":"Deadly Poison","floor":3},{"not_picked":["Dagger Throw","Blade Dance"],"picked":"Deadly Poison","floor":4},{"not_picked":["Sucker Punch","Eviscerate"],"picked":"Calculated Gamble","floor":10},{"not_picked":["Underhanded Strike","Flechettes"],"picked":"Noxious Fumes","floor":12},{"not_picked":["Backstab","Distraction"],"picked":"Noxious Fumes","floor":13},{"not_picked":["Glass Knife","A Thousand Cuts"],"picked":"Night Terror","floor":16},{"not_picked":["Bane","Endless Agony"],"picked":"Cloak And Dagger","floor":18},{"not_picked":["Dodge and Roll","Acrobatics"],"picked":"Backstab","floor":21},{"not_picked":["Dagger Throw","Unload"],"picked":"Poisoned Stab","floor":22},{"not_picked":["All Out Attack+1","Masterful Stab"],"picked":"Blur","floor":24}],"player_experience":381132,"relics_obtained":[{"floor":8,"key":"Tea:ReiMu"},{"floor":10,"key":"Bag of Marbles"},{"floor":13,"key":"reliquary:ExpiredCoupon"}],"event_choices":[{"damage_healed":0,"gold_gain":0,"player_choice":"Grow","damage_taken":0,"max_hp_gain":0,"max_hp_loss":0,"event_name":"Living Wall","floor":2,"gold_loss":0,"cards_upgraded":["Neutralize"]},{"damage_healed":0,"gold_gain":75,"player_choice":"Gold","damage_taken":11,"max_hp_gain":0,"max_hp_loss":0,"event_name":"betterThird:BetterGoop","floor":5,"gold_loss":0},{"damage_healed":0,"gold_gain":0,"player_choice":"Leave","damage_taken":0,"max_hp_gain":0,"max_hp_loss":0,"event_name":"The Cleric","floor":7,"gold_loss":0},{"damage_healed":0,"gold_gain":0,"player_choice":"Ignored","damage_taken":0,"max_hp_gain":0,"max_hp_loss":0,"event_name":"Golden Wing","floor":14,"gold_loss":0},{"damage_healed":0,"gold_gain":0,"player_choice":"Obtained Relic","damage_taken":0,"relics_obtained":["reliquary:JackalopeAntler"],"max_hp_gain":0,"max_hp_loss":0,"event_name":"Addict","floor":19,"gold_loss":85},{"damage_healed":0,"gold_gain":0,"player_choice":"Gave Potion","damage_taken":0,"relics_obtained":["Thread and Needle"],"max_hp_gain":0,"max_hp_loss":0,"event_name":"WeMeetAgain","floor":20,"gold_loss":0}],"is_beta":false,"boss_relics":[{"not_picked":["Snecko Eye","reliquary:RedCape"],"picked":"Astrolabe"}],"items_purged_floors":[],"is_endless":false,"potions_floor_spawned":[4,10,13,16,18],"killed_by":"Sentry and Sphere","ascension_level":1}}