{"host":"vl29iwkwnyytuw8q","time":1612541785,"event":{"mods":["BaseMod","Minty Spire (QoL Compilation)","Permanent Neow","Relic Stats","StSLib"],"gold_per_floor":[111,131,131,56,68,94,35,35,35],"floor_reached":8,"language":"ENG","playtime":201,"items_purged":["Strike_G"],"score":112,"play_id":"6a558ea1-5eef-4646-ab57-a9998f098f9a","local_time":"20210205171625","is_ascension_mode":true,"campfire_choices":[],"circlet_count":0,"master_deck":["AscendersBane","Strike_G","Strike_G","Strike_G","Strike_G","Defend_G","Defend_G","Defend_G","Defend_G","Defend_G","Survivor","Neutralize","Leg Sweep","Flying Knee","Cloak And Dagger","Backflip"],"relics":["Black Star","CultistMask","Juzu Bracelet","Nunchaku"],"acts_visited":["Exordium"],"potions_floor_usage":[],"damage_taken":[{"damage":7.0,"enemies":"Small Slimes","floor":1.0,"turns":4.0},{"damage":0.0,"enemies":"Cultist","floor":2.0,"turns":5.0},{"damage":1.0,"enemies":"2 Louse","floor":5.0,"turns":3.0},{"damage":37.0,"enemies":"Gremlin Nob","floor":6.0,"turns":5.0},{"damage":8,"enemies":"Lagavulin","floor":8,"turns":8}],"seed_played":"6677356802354396028","potions_obtained":[{"floor":1.0,"key":"SpeedPotion"},{"floor":2.0,"key":"Fire Potion"}],"is_trial":false,"path_per_floor":["M","M","?","$","M","E","?","E"],"character_chosen":"THE_SILENT","items_purchased":[],"campfire_rested":0,"item_purchase_floors":[],"current_hp_per_floor":[52,52,52,52,51,14,14,6,6],"gold":35,"neow_bonus":"BOSS_RELIC","is_daily":false,"chose_seed":false,"campfire_upgraded":0,"win_rate":0.0,"timestamp":1612541785,"path_taken":["M","M","?","?","M","E","?","E"],"items_purchased_type":[],"build_version":"2020-12-22","purchased_purges":1,"victory":false,"max_hp_per_floor":[66,66,66,66,66,66,66,66,66],"relic_stats":{"Nunchaku":[1],"counters":[5,24],"Black Star":1,"Juzu Bracelet":0,"obtain_stats":[{"Nunchaku":6,"CultistMask":3,"Black Star":0,"Juzu Bracelet":6,"Ring of the Snake":0},{"Nunchaku":4,"CultistMask":2,"Black Star":0,"Juzu Bracelet":4,"Ring of the Snake":0},{"Nunchaku":17,"CultistMask":9,"Black Star":0,"Juzu Bracelet":17,"Ring of the Snake":0}]},"card_choices":[{"not_picked":["Eviscerate","PiercingWail"],"picked":"Leg Sweep","floor":1.0},{"not_picked":["Blur","Caltrops"],"picked":"Flying Knee","floor":2.0},{"not_picked":["Underhanded Strike","Sucker Punch"],"picked":"Cloak And Dagger","floor":5.0},{"not_picked":["Bane","Sucker Punch"],"picked":"Backflip","floor":6.0}],"player_experience":666230,"relics_obtained":[{"floor":6.0,"key":"Juzu Bracelet"},{"floor":6.0,"key":"Nunchaku"}],"event_choices":[{"damage_healed":0.0,"max_hp_gain":0.0,"max_hp_loss":0.0,"gold_gain":0.0,"event_name":"FaceTrader","player_choice":"Trade","floor":3.0,"gold_loss":0.0,"damage_taken":0.0,"relics_obtained":["CultistMask"]},{"damage_healed":0.0,"max_hp_gain":0.0,"max_hp_loss":0.0,"gold_gain":0.0,"event_name":"World of Goop","player_choice":"Left Gold","floor":7.0,"gold_loss":59.0,"damage_taken":0.0}],"is_beta":false,"boss_relics":[],"items_purged_floors":[4],"is_endless":false,"potions_floor_spawned":[1,2],"killed_by":"Lagavulin","ascension_level":20}}