{"host":"rolltorest","time":1612486436,"event":{"mods":["BaseMod","Minty Spire (QoL Compilation)","Relic Stats","Slay the Relics Exporter","StSLib"],"gold_per_floor":[109,31,31,48,48,48,78,97,97,109,138,138,168,178,178,253,253,266,283,183,196,196,196,35,66,90,90,117,117,133,146,146,220,220,231,145,157,170,120,147,160,160,160,188,201,201,201,227,227,227,227,227],"floor_reached":51,"language":"ENG","playtime":1735,"items_purged":["Strike_R","Strike_R"],"score":1520,"play_id":"206ea29f-fac1-4438-8c9c-7999b45e50a0","local_time":"20210204165356","is_ascension_mode":true,"campfire_choices":[{"data":"Uppercut","floor":6,"key":"SMITH"},{"data":"Whirlwind","floor":12,"key":"SMITH"},{"data":"Limit Break","floor":15,"key":"SMITH"},{"data":"Inflame","floor":23,"key":"SMITH"},{"data":"Dark Embrace","floor":27,"key":"SMITH"},{"data":"Second Wind","floor":32,"key":"SMITH"},{"data":"Second Wind","floor":42,"key":"SMITH"},{"data":"Burning Pact","floor":46,"key":"SMITH"},{"floor":49,"key":"RECALL"}],"circlet_count":0,"master_deck":["AscendersBane","Strike_R","Strike_R","Strike_R","Defend_R","Defend_R","Defend_R","Defend_R","Bash","Shockwave","Inflame+1","Uppercut+1","Whirlwind+1","Dropkick","Limit Break+1","Headbutt","Reaper","Battle Trance","Thunderclap","Clothesline","Dark Embrace+1","RitualDagger","Second Wind+1","Burning Pact","Reaper","Shrug It Off","Second Wind+1","Feed","Pummel+1","Shame","Burning Pact+1"],"relics":["Burning Blood","NeowsBlessing","StoneCalendar","TungstenRod","Eternal Feather","Oddly Smooth Stone","Ancient Tea Set","Sozu","Art of War","Mummified Hand","Smiling Mask","Centennial Puzzle","Cursed Key","Vajra","MealTicket","Blood Vial","Dream Catcher"],"acts_visited":["Exordium","TheCity","TheBeyond"],"potions_floor_usage":[10,28],"damage_taken":[{"damage":0,"enemies":"2 Louse","floor":1,"turns":1},{"damage":0,"enemies":"Cultist","floor":4,"turns":1},{"damage":0,"enemies":"3 Sentries","floor":7,"turns":2},{"damage":17,"enemies":"Jaw Worm","floor":8,"turns":4},{"damage":12,"enemies":"Large Slime","floor":10,"turns":7},{"damage":13,"enemies":"Lagavulin","floor":11,"turns":7},{"damage":11,"enemies":"Exordium Wildlife","floor":14,"turns":6},{"damage":26,"enemies":"Slime Boss","floor":16,"turns":7},{"damage":16,"enemies":"3 Byrds","floor":18,"turns":4},{"damage":28,"enemies":"2 Thieves","floor":19,"turns":5},{"damage":23,"enemies":"Chosen and Byrds","floor":21,"turns":5},{"damage":11,"enemies":"Gremlin Leader","floor":25,"turns":5},{"damage":57,"enemies":"Book of Stabbing","floor":28,"turns":5},{"damage":17,"enemies":"Centurion and Healer","floor":30,"turns":4},{"damage":11,"enemies":"Snecko","floor":31,"turns":5},{"damage":48,"enemies":"Collector","floor":33,"turns":7},{"damage":6,"enemies":"3 Shapes","floor":35,"turns":4},{"damage":10,"enemies":"Orb Walker","floor":37,"turns":3},{"damage":34,"enemies":"Writhing Mass","floor":38,"turns":6},{"damage":71,"enemies":"Giant Head","floor":40,"turns":7},{"damage":44,"enemies":"Transient","floor":41,"turns":6},{"damage":39,"enemies":"Reptomancer","floor":44,"turns":3},{"damage":22,"enemies":"4 Shapes","floor":45,"turns":3},{"damage":67,"enemies":"Giant Head","floor":48,"turns":6},{"damage":151,"enemies":"Awakened One","floor":50,"turns":14},{"damage":80,"enemies":"Donu and Deca","floor":51,"turns":5}],"seed_played":"6994919096193258764","potions_obtained":[{"floor":7,"key":"Fire Potion"},{"floor":8,"key":"SkillPotion"},{"floor":11,"key":"DuplicationPotion"},{"floor":14,"key":"FairyPotion"}],"is_trial":false,"path_per_floor":["M","$","?","M","?","R","E","M","T","M","E","R","?","M","R","B",null,"M","M","$","M","?","R","$","E","T","R","E","?","M","M","R","B",null,"M","?","M","M","$","E","M","R","T","E","M","R","?","E","R","B","B"],"character_chosen":"IRONCLAD","items_purchased":["Inflame","Clothesline","Art of War"],"campfire_rested":0,"item_purchase_floors":[2,20,24],"current_hp_per_floor":[74,74,63,69,64,64,70,59,59,53,46,55,55,50,59,39,66,68,59,59,46,26,38,38,33,33,45,24,19,28,34,49,52,73,80,80,76,69,69,50,53,68,68,47,82,83,83,83,83,62,0,0],"gold":227,"neow_bonus":"THREE_ENEMY_KILL","is_daily":false,"chose_seed":false,"campfire_upgraded":8,"win_rate":0.0,"timestamp":1612486436,"path_taken":["M","$","?","?","?","R","E","M","T","M","E","R","?","M","R","BOSS","M","M","$","M","?","R","$","E","T","R","E","?","M","M","R","BOSS","M","?","M","?","$","E","M","R","T","E","M","R","?","E","R","BOSS","BOSS"],"items_purchased_type":["Card","Card","Relic"],"build_version":"2020-12-18","purchased_purges":2,"victory":false,"max_hp_per_floor":[75,75,75,75,75,75,75,75,75,75,75,75,75,75,75,75,75,75,75,75,75,80,80,80,80,80,80,80,80,80,80,80,80,80,80,80,80,80,80,80,80,80,80,80,83,83,83,83,83,86,86,86],"relic_stats":{"counters":[26,132],"StoneCalendar":[122],"Eternal Feather":73,"Smiling Mask":50,"Cursed Key":1,"Burning Blood":138,"Sozu":6,"Blood Vial":4,"Centennial Puzzle":[39],"Dream Catcher":0,"Mummified Hand":[28],"MealTicket":0,"Art of War":[4],"obtain_stats":[{"NeowsBlessing":0,"Oddly Smooth Stone":11,"Vajra":36,"StoneCalendar":5,"Eternal Feather":9,"Ancient Tea Set":13,"Smiling Mask":26,"Cursed Key":34,"Burning Blood":0,"Sozu":17,"Blood Vial":44,"Centennial Puzzle":28,"Dream Catcher":48,"Mummified Hand":25,"MealTicket":40,"Art of War":24,"TungstenRod":7},{"NeowsBlessing":0,"Oddly Smooth Stone":6,"Vajra":17,"StoneCalendar":2,"Eternal Feather":4,"Ancient Tea Set":6,"Smiling Mask":12,"Cursed Key":16,"Burning Blood":0,"Sozu":8,"Blood Vial":22,"Centennial Puzzle":13,"Dream Catcher":24,"Mummified Hand":12,"MealTicket":20,"Art of War":11,"TungstenRod":3},{"NeowsBlessing":0,"Oddly Smooth Stone":22,"Vajra":79,"StoneCalendar":2,"Eternal Feather":8,"Ancient Tea Set":22,"Smiling Mask":54,"Cursed Key":75,"Burning Blood":0,"Sozu":35,"Blood Vial":104,"Centennial Puzzle":59,"Dream Catcher":113,"Mummified Hand":54,"MealTicket":95,"Art of War":49,"TungstenRod":4}],"TungstenRod":127},"card_choices":[{"not_picked":["Body Slam","Disarm"],"picked":"Shockwave","floor":1},{"not_picked":["Body Slam","Flex"],"picked":"Uppercut","floor":4},{"not_picked":["Evolve","Wild Strike"],"picked":"Whirlwind","floor":7},{"not_picked":["Sword Boomerang","Perfected Strike"],"picked":"Dropkick","floor":8},{"not_picked":["Bloodletting","Body Slam"],"picked":"Limit Break","floor":10},{"not_picked":["Twin Strike","Exhume","Cleave"],"picked":"SKIP","floor":11},{"not_picked":["Ghostly Armor","True Grit"],"picked":"Headbutt","floor":14},{"not_picked":["Bludgeon","Immolate"],"picked":"Reaper","floor":16},{"not_picked":["Blood for Blood","Bloodletting"],"picked":"Battle Trance","floor":18},{"not_picked":["Anger","Flex"],"picked":"Thunderclap","floor":19},{"not_picked":["Havoc","Wild Strike","Flex"],"picked":"SKIP","floor":21},{"not_picked":["Clash+1","Heavy Blade"],"picked":"Dark Embrace","floor":25},{"not_picked":["Headbutt+1","Anger+1","Searing Blow"],"picked":"SKIP","floor":28},{"not_picked":["Rampage","Infernal Blade"],"picked":"Second Wind","floor":30},{"not_picked":["Ghostly Armor","Uppercut"],"picked":"Burning Pact","floor":31},{"not_picked":["Berserk","Fiend Fire"],"picked":"Reaper","floor":33},{"not_picked":["Perfected Strike","Armaments+1"],"picked":"Shrug It Off","floor":35},{"not_picked":["Clash","Uppercut+1"],"picked":"Second Wind","floor":37},{"not_picked":["Pommel Strike","Rage"],"picked":"Feed","floor":38},{"not_picked":["Perfected Strike","Thunderclap+1","Bloodletting+1"],"picked":"SKIP","floor":40},{"not_picked":["Pommel Strike","Armaments"],"picked":"Pummel+1","floor":41},{"not_picked":["Fire Breathing+1","Twin Strike","Hemokinesis+1"],"picked":"SKIP","floor":44},{"not_picked":["Shrug It Off","Wild Strike"],"picked":"Burning Pact","floor":45},{"not_picked":["Warcry","Iron Wave","Sword Boomerang"],"picked":"SKIP","floor":48}],"player_experience":1837109,"relics_obtained":[{"floor":7,"key":"TungstenRod"},{"floor":9,"key":"Eternal Feather"},{"floor":11,"key":"Oddly Smooth Stone"},{"floor":25,"key":"Mummified Hand"},{"floor":26,"key":"Smiling Mask"},{"floor":28,"key":"Centennial Puzzle"},{"floor":40,"key":"MealTicket"},{"floor":44,"key":"Blood Vial"},{"floor":48,"key":"Dream Catcher"}],"event_choices":[{"damage_healed":0,"gold_gain":0,"player_choice":"Damaged","damage_taken":11,"max_hp_gain":0,"max_hp_loss":0,"event_name":"Wheel of Change","floor":3,"gold_loss":0},{"damage_healed":0,"gold_gain":0,"player_choice":"Success","damage_taken":5,"relics_obtained":["StoneCalendar"],"max_hp_gain":0,"max_hp_loss":0,"event_name":"Scrap Ooze","floor":5,"gold_loss":0},{"damage_healed":0,"gold_gain":30,"player_choice":"Searched \u00273\u0027 times","damage_taken":0,"relics_obtained":["Ancient Tea Set"],"max_hp_gain":0,"max_hp_loss":0,"event_name":"Dead Adventurer","floor":13,"gold_loss":0},{"damage_healed":0,"gold_gain":0,"player_choice":"Shed Blood","damage_taken":26,"max_hp_gain":5,"max_hp_loss":0,"event_name":"Forgotten Altar","floor":22,"gold_loss":0},{"damage_healed":0,"gold_gain":0,"player_choice":"Joined the Cult","damage_taken":6,"max_hp_gain":0,"max_hp_loss":0,"event_name":"Nest","floor":29,"gold_loss":0,"cards_obtained":["RitualDagger"]},{"damage_healed":0,"gold_gain":0,"player_choice":"Paid Gold","damage_taken":0,"relics_obtained":["Vajra"],"max_hp_gain":0,"max_hp_loss":0,"event_name":"WeMeetAgain","floor":36,"gold_loss":86},{"damage_healed":0,"gold_gain":0,"player_choice":"Ignored","damage_taken":0,"max_hp_gain":0,"max_hp_loss":0,"event_name":"Tomb of Lord Red Mask","floor":47,"gold_loss":0}],"is_beta":true,"boss_relics":[{"not_picked":["Calling Bell","Busted Crown"],"picked":"Sozu"},{"not_picked":["Pandora\u0027s Box","Velvet Choker"],"picked":"Cursed Key"}],"items_purged_floors":[20,39],"is_endless":false,"potions_floor_spawned":[7,8,11,14,19,21,30,33,35,37,41,48],"killed_by":"Donu and Deca","ascension_level":20}}