{"host":"ooods2gf71idc86d","time":1612536827,"event":{"mods":["AchievementEnabler","BaseMod","Downfall","Marisa????????","Minty Spire (QoL Compilation)","Replay The Spire","StSLib","The Cursed","The Necromancer","The Servant 0.9.4"],"gold_per_floor":[99,112,132,149,7,7,7,23,58,58,58,74,74,374,391,391,391,391],"floor_reached":16,"language":"ENG","playtime":2241,"items_purged":["bronze:Strike"],"score":127,"play_id":"bbc29a6a-6f06-4b17-bd8b-99f701234195","local_time":"20210205165347","is_ascension_mode":false,"campfire_choices":[{"floor":1.0,"key":"RECALL"},{"data":"bronze:MaxOutput","floor":11,"key":"SMITH"},{"data":"bronze:BugBarrage","floor":13,"key":"SMITH"}],"circlet_count":0,"master_deck":["bronze:Strike","bronze:Strike","bronze:Strike","bronze:Defend","bronze:Defend","bronze:Defend","bronze:Defend","bronze:Replicate","bronze:Goto","bronze:BugBarrage+1","bronze:Repair","bronze:WhirlingStrike","bronze:Frontload","bronze:Overload+1","bronze:DazingPulse","bronze:Explode","bronze:MaxOutput+1","bronze:Turbo","bronze:FollowUp","Regret","bronze:Repair","downfall:Icky","downfall:Icky","bronze:BugBarrage"],"relics":["bronze:BronzeCore","bronze:CableSpool","Mummified Hand","Turnip"],"acts_visited":["Exordium"],"potions_floor_usage":[9,16,16],"damage_taken":[{"damage":1.0,"enemies":"Cultist","floor":2.0,"turns":4.0},{"damage":4.0,"enemies":"Jaw Worm","floor":3.0,"turns":4.0},{"damage":6.0,"enemies":"2 Louse","floor":4.0,"turns":2.0},{"damage":0.0,"enemies":"downfall:FleeingMerchant","floor":5.0,"turns":4.0},{"damage":5.0,"enemies":"downfall:FleeingMerchant","floor":6.0,"turns":5.0},{"damage":1,"enemies":"2 Fungi Beasts","floor":8,"turns":2},{"damage":0,"enemies":"3 Sentries","floor":9,"turns":4},{"damage":0,"enemies":"Large Slime","floor":12,"turns":3},{"damage":0,"enemies":"3 Louse","floor":15,"turns":1},{"damage":92,"enemies":"WA_ARCHETYPE_RETAIN","floor":16,"turns":10}],"seed_played":"8132004354658980724","potions_obtained":[{"floor":3.0,"key":"PowerPotion"},{"floor":4.0,"key":"Block Potion"},{"floor":8,"key":"Elixir"},{"floor":15,"key":"bronze:FreeFunctionsPotion"}],"is_trial":false,"path_per_floor":["R","M","M","M","$","?","T","M","E","?","R","M","R","?","M","B"],"character_chosen":"THE_AUTOMATON","items_purchased":["bronze:Overload+1"],"campfire_rested":0,"item_purchase_floors":[5],"current_hp_per_floor":[77,76,72,73,77,77,77,76,77,77,77,77,77,77,77,0,0,0],"gold":391,"neow_bonus":"TEN_PERCENT_HP_BONUS","is_daily":false,"chose_seed":false,"campfire_upgraded":2,"win_rate":0.0,"timestamp":1612536827,"path_taken":["R","M","M","M","$","?","T","M","E","?","R","M","R","?","M","BOSS"],"items_purchased_type":["Card"],"build_version":"2020-12-22","purchased_purges":1,"victory":false,"max_hp_per_floor":[77,77,77,77,77,77,77,77,77,77,77,77,77,77,77,77,77,77],"card_choices":[{"not_picked":["bronze:Branch","bronze:WildBeam"],"picked":"bronze:BugBarrage","floor":2.0},{"not_picked":["bronze:Safeguard","bronze:Deprecate"],"picked":"bronze:Repair","floor":3.0},{"not_picked":["bronze:Philosophize","bronze:ItsAFeature"],"picked":"bronze:WhirlingStrike","floor":4.0},{"not_picked":["bronze:BitShift","bronze:ForLoop"],"picked":"bronze:Frontload","floor":5.0},{"not_picked":[],"picked":"bronze:DazingPulse","floor":6.0},{"not_picked":[],"picked":"bronze:Explode","floor":6.0},{"not_picked":["bronze:DarkDash","bronze:Overheat"],"picked":"bronze:MaxOutput","floor":6.0},{"not_picked":["bronze:Shield","bronze:ForceShield"],"picked":"bronze:Turbo","floor":8},{"not_picked":["bronze:AlphaBuild","bronze:Frontload"],"picked":"bronze:FollowUp","floor":9},{"not_picked":["bronze:Deprecate","bronze:NullPointer"],"picked":"bronze:Repair","floor":12},{"not_picked":["bronze:BuggyMess","bronze:NullPointer"],"picked":"bronze:BugBarrage","floor":15}],"player_experience":1070425,"relics_obtained":[{"floor":7,"key":"bronze:CableSpool"},{"floor":9,"key":"Mummified Hand"}],"event_choices":[{"damage_healed":0,"gold_gain":0,"player_choice":"Box","damage_taken":0,"relics_obtained":["Turnip"],"max_hp_gain":0,"max_hp_loss":0,"event_name":"Big Fish","floor":10,"gold_loss":0,"cards_obtained":["Regret"]}],"is_beta":false,"boss_relics":[],"items_purged_floors":[5],"is_endless":false,"potions_floor_spawned":[3,4,8,15],"killed_by":"WA_ARCHETYPE_RETAIN","ascension_level":0}}