{"host":"bpdbi03e31cbjklx","time":1612551086,"event":{"mods":["BaseMod","Colored Map","Colored Powertips","Downfall","Highlight Path","Minty Spire (QoL Compilation)","StSLib","The Senshi"],"gold_per_floor":[113,113,126,137,137,178,178,192,192,192,44,69,30,54,54,185,185,206,206,206,222,238,238,238,238],"floor_reached":24,"language":"ENG","playtime":1843,"items_purged":[],"score":208,"play_id":"0728718d-ff60-43d1-b738-048fdb4d5223","local_time":"20210205125126","is_ascension_mode":true,"campfire_choices":[{"data":"Armaments","floor":7,"key":"SMITH"},{"data":"Juggernaut","floor":10,"key":"SMITH"},{"data":"Heavy Blade","floor":15,"key":"SMITH"},{"data":"Fire Breathing","floor":23,"key":"SMITH"}],"circlet_count":0,"master_deck":["Strike_R+1","Strike_R+1","Strike_R+1","Strike_R+1","Strike_R+1","Defend_R+1","Defend_R+1","Defend_R+1","Defend_R+1","Bash","Flex","Heavy Blade+1","Juggernaut+1","Armaments+1","Fire Breathing+1","Flex","Exhume","Body Slam","Shrug It Off","Brutality","Impervious"],"relics":["Burning Blood","NeowsBlessing","Golden Idol","Meat on the Bone","The Courier","Mark of Pain","Matryoshka"],"acts_visited":["Exordium","TheCity"],"potions_floor_usage":[6,16,22],"damage_taken":[{"damage":0,"enemies":"Small Slimes","floor":1,"turns":1},{"damage":0,"enemies":"2 Louse","floor":3,"turns":1},{"damage":0,"enemies":"Jaw Worm","floor":4,"turns":1},{"damage":31,"enemies":"Gremlin Nob","floor":6,"turns":5},{"damage":15,"enemies":"Looter","floor":8,"turns":3},{"damage":18,"enemies":"Exordium Thugs","floor":12,"turns":5},{"damage":13,"enemies":"Exordium Wildlife","floor":14,"turns":5},{"damage":28,"enemies":"The Guardian","floor":16,"turns":11},{"damage":35,"enemies":"Shell Parasite","floor":18,"turns":6},{"damage":33,"enemies":"3 Byrds","floor":21,"turns":5},{"damage":22,"enemies":"3 Cultists","floor":22,"turns":5},{"damage":34,"enemies":"Gremlin Leader","floor":24,"turns":1}],"seed_played":"-4176392974380948187","potions_obtained":[{"floor":4,"key":"Dexterity Potion"},{"floor":12,"key":"Swift Potion"},{"floor":16,"key":"GamblersBrew"}],"is_trial":false,"path_per_floor":["M","?","M","M","?","E","R","M","T","R","$","M","$","M","R","B",null,"M","?","T","M","M","R","E"],"character_chosen":"IRONCLAD","items_purchased":["Flex","Exhume","Shrug It Off"],"campfire_rested":0,"item_purchase_floors":[11,11,13],"current_hp_per_floor":[80,80,80,80,60,35,35,38,38,38,38,38,38,43,43,33,80,51,51,51,36,32,32,0,0],"gold":238,"neow_bonus":"THREE_ENEMY_KILL","is_daily":false,"chose_seed":false,"campfire_upgraded":4,"win_rate":0.0,"timestamp":1612551086,"path_taken":["M","?","M","M","?","E","R","M","T","R","$","M","?","M","R","BOSS","M","?","?","M","M","R","E"],"items_purchased_type":["Card","Card","Card"],"build_version":"2020-12-22","purchased_purges":0,"victory":false,"max_hp_per_floor":[80,80,80,80,80,80,80,80,80,80,80,80,80,80,80,80,80,80,80,80,80,80,80,80,80],"card_choices":[{"not_picked":["Clash","Clothesline"],"picked":"Flex","floor":1},{"not_picked":["Second Wind","True Grit"],"picked":"Heavy Blade","floor":3},{"not_picked":["Clothesline","Sentinel"],"picked":"Juggernaut","floor":4},{"not_picked":["Battle Trance","Reaper"],"picked":"Armaments","floor":6},{"not_picked":["Perfected Strike","Flex"],"picked":"Fire Breathing","floor":8},{"not_picked":["Wild Strike","Clothesline"],"picked":"Body Slam","floor":12},{"not_picked":["Wild Strike","Dropkick","Cleave"],"picked":"SKIP","floor":14},{"not_picked":["Bludgeon","Offering"],"picked":"Brutality","floor":16},{"not_picked":["True Grit","Clash+1","Twin Strike"],"picked":"SKIP","floor":18},{"not_picked":["Blood for Blood","Twin Strike","Rampage"],"picked":"SKIP","floor":21},{"not_picked":["Clash+1","Power Through+1"],"picked":"Impervious","floor":22}],"player_experience":365714,"relics_obtained":[{"floor":6,"key":"Meat on the Bone"},{"floor":9,"key":"The Courier"},{"floor":20,"key":"Matryoshka"}],"event_choices":[{"damage_healed":0,"gold_gain":0,"player_choice":"Ignored","damage_taken":0,"max_hp_gain":0,"max_hp_loss":0,"event_name":"Liars Game","floor":2,"gold_loss":0},{"damage_healed":0,"gold_gain":0,"player_choice":"Take Damage","damage_taken":20,"relics_obtained":["Golden Idol"],"max_hp_gain":0,"max_hp_loss":0,"event_name":"Golden Idol","floor":5,"gold_loss":0},{"damage_healed":0,"gold_gain":0,"player_choice":"Simplicity","damage_taken":0,"max_hp_gain":0,"max_hp_loss":0,"event_name":"Back to Basics","floor":19,"gold_loss":0,"cards_upgraded":["Strike_R","Strike_R","Strike_R","Strike_R","Strike_R","Defend_R","Defend_R","Defend_R","Defend_R"]}],"is_beta":false,"boss_relics":[{"not_picked":["Tiny House","Busted Crown"],"picked":"Mark of Pain"}],"items_purged_floors":[],"is_endless":false,"potions_floor_spawned":[4,12,16],"killed_by":"Gremlin Leader","ascension_level":1}}