{"host":"d73an99q9oevilk5","time":1612556761,"event":{"mods":["2.2 Compatiblity","AchievementEnabler","Act Like it!","Aspiration","BaseMod","Beaked The Cultist","Better Third Choice","BetterRewards","Colored Map","Colored Powertips","Conspire","Downfall","GifTheSpireLib","Halation","Hubris","Infinite Spire","Marisa????????","Mimic Mod","Minty Spire (QoL Compilation)","Quick Restart","Relic Sorter","Reliquary","Replay The Spire","Shop Mod","Spikes Relics","StSLib","Stuff the Spire","The Cursed","The Necromancer","The Saiyan","Waifu the Spire","egg","slay the spire mod where everything is the same but ironclad has a cowboy hat"],"gold_per_floor":[33,116,116,116,116,135,153,153,200,216,226,226,59,71,71,98,116,227,227,227,237,247,247,247,258,258,285,297,297,314,314,314,314,326,425,425,425,425,436,259,259,285,285,285,285,297,312,312,326,343,359,359],"floor_reached":53,"language":"ENG","playtime":2445,"items_purged":["Regret"],"score":788,"play_id":"264a7777-abd3-4a0e-b878-f672fa3e8a97","local_time":"20210205132601","is_ascension_mode":false,"campfire_choices":[{"floor":1.0,"key":"RECALL"},{"data":"beaked:MachineSpirit","floor":8.0,"key":"SMITH"},{"data":"beaked:Ceremony","floor":12.0,"key":"SMITH"},{"data":"beaked:CrazyRituals","floor":20.0,"key":"SMITH"},{"data":"beaked:Ceremony","floor":32.0,"key":"SMITH"},{"data":"beaked:CrazyRituals","floor":37.0,"key":"SMITH"},{"data":"expansioncontent:QuickStudy","floor":44.0,"key":"SMITH"},{"data":"ReplayUltimateDefense","floor":48.0,"key":"SMITH"}],"circlet_count":0,"master_deck":["beaked:Strike_Y","beaked:Strike_Y","beaked:Strike_Y","beaked:Strike_Y","beaked:Strike_Y","beaked:Defend_Y","beaked:Defend_Y","beaked:Defend_Y","beaked:Defend_Y","beaked:Ceremony","beaked:Ceremony+1","beaked:Ceremony+1","beaked:MachineSpirit+1","beaked:MaddeningMurmurs","beaked:CrazyRituals+1","beaked:MimicWarrior","beaked:CrazyRituals+1","beaked:MachineEssence","beaked:BounceBack","ReplayTheSpireMod:Owlgaze","beaked:Pecker","beaked:CrazyRituals+1","Slimebound:Prepare","Blood_Curse+1","Fluid Movement+1","expansioncontent:QuickStudy+1","beaked:Sacrifice","ReplayUltimateDefense+1","Bone_Prison+1","hubris:Fate","Iron Wave+1","beaked:Evade+1"],"relics":["beaked:MendingPlumage","Pondfish Scales","aspiration:AnachronicSnailShell","Blue Doll","ClockworkSouvenir","White Beast Statue","Coffee Dripper","PrismaticShard","reliquary:Firecrackers","halation:PinkSoulGem","hubris:Towel","conspire:SpecialSausage","aspiration:StickyExplosives"],"acts_visited":["Exordium","TheCity","TheBeyond"],"potions_floor_usage":[52],"damage_taken":[{"damage":7.0,"enemies":"2 Louse","floor":2.0,"turns":4.0},{"damage":6.0,"enemies":"Cultist","floor":6.0,"turns":5.0},{"damage":20.0,"enemies":"Small Slimes","floor":7.0,"turns":4.0},{"damage":10.0,"enemies":"Large Slime","floor":10.0,"turns":6.0},{"damage":34.0,"enemies":"Lots of Slimes","floor":11.0,"turns":6.0},{"damage":12.0,"enemies":"downfall:FleeingMerchant","floor":13.0,"turns":4.0},{"damage":11.0,"enemies":"Blue Slaver","floor":14.0,"turns":6.0},{"damage":65.0,"enemies":"Gremlin Nob","floor":16.0,"turns":7.0},{"damage":3.0,"enemies":"2 Fungi Beasts","floor":17.0,"turns":5.0},{"damage":33.0,"enemies":"IC_STATUS_ARCHETYPE","floor":18.0,"turns":8.0},{"damage":41.0,"enemies":"conspire:FuzzyDice","floor":21.0,"turns":8.0},{"damage":9.0,"enemies":"Shell Parasite","floor":22.0,"turns":5.0},{"damage":4.0,"enemies":"Snecko","floor":25.0,"turns":5.0},{"damage":24.0,"enemies":"conspire:Head Lice","floor":27.0,"turns":5.0},{"damage":19.0,"enemies":"Snake Plant","floor":28.0,"turns":6.0},{"damage":11.0,"enemies":"Shelled Parasite and Fungi","floor":30.0,"turns":4.0},{"damage":15.0,"enemies":"Snecko","floor":34.0,"turns":9.0},{"damage":54.0,"enemies":"WA_ARCHETYPE_CALM","floor":35.0,"turns":10.0},{"damage":44.0,"enemies":"3 Shapes","floor":39.0,"turns":5.0},{"damage":2.0,"enemies":"downfall:FleeingMerchant","floor":40.0,"turns":4.0},{"damage":50.0,"enemies":"R_Hoarder","floor":42.0,"turns":9.0},{"damage":29.0,"enemies":"3 Darklings","floor":46.0,"turns":7.0},{"damage":26.0,"enemies":"Writhing Mass","floor":47.0,"turns":5.0},{"damage":3.0,"enemies":"Transient","floor":49.0,"turns":5.0},{"damage":90.0,"enemies":"3 Darklings","floor":50.0,"turns":8.0},{"damage":6,"enemies":"Maw","floor":51,"turns":9},{"damage":35,"enemies":"DF_ARCHETYPE_ORBS","floor":52,"turns":11}],"seed_played":"191823967604341118","potions_obtained":[{"floor":3.0,"key":"Reflective Coating"},{"floor":3.0,"key":"Death Potion"},{"floor":3.0,"key":"Weak Potion"},{"floor":10.0,"key":"BlessingOfTheForge"},{"floor":14.0,"key":"Explosive Potion"},{"floor":16.0,"key":"GamblersBrew"},{"floor":17.0,"key":"Adrenaline Potion"},{"floor":18.0,"key":"PowerPotion"},{"floor":25.0,"key":"conspire:TimeTravelPotion"},{"floor":27.0,"key":"DistilledChaos"},{"floor":40.0,"key":"FairyPotion"},{"floor":50.0,"key":"SpeedPotion"}],"is_trial":false,"path_per_floor":["R_BF","M","?","PTL","PTL","M","M","R","T","M","M","R","$","M","?","E","M","B",null,"R","M","M","?","?","M","T","E","M","?","M","?","R","?","M","B",null,"R","?","M","?","?","E","T","R","?","M","M","R","M","M","M","B",null],"character_chosen":"BEAKED_THE_CULTIST","items_purchased":["aspiration:AnachronicSnailShell","beaked:MachineSpirit","ClockworkSouvenir","ReplayUltimateDefense"],"campfire_rested":0,"item_purchase_floors":[0,0,13,40],"current_hp_per_floor":[55,54,54,54,54,52,51,51,51,54,43,43,47,55,55,26,54,55,55,55,55,55,47,47,55,55,49,55,46,60,60,60,60,60,62,62,62,62,39,64,64,61,61,61,45,64,62,62,68,44,64,71],"gold":359,"neow_bonus":"TEN_PERCENT_HP_BONUS","is_daily":false,"chose_seed":false,"campfire_upgraded":7,"win_rate":0.0,"timestamp":1612556761,"path_taken":["R_BF","M","?","PTL","PTL","M","M","R","T","M","M","R","$","?","?","E","M","BOSS","R","M","M","?","?","M","T","E","?","?","M","?","R","?","M","BOSS","R","?","?","?","?","E","T","R","?","M","M","R","M","?","M","BOSS"],"items_purchased_type":["Relic","Card","Relic","Card"],"build_version":"2020-12-22","purchased_purges":1,"victory":true,"max_hp_per_floor":[55,55,55,55,55,55,55,55,55,55,55,55,55,55,55,55,55,55,55,55,55,55,55,55,55,55,55,55,60,60,60,60,60,60,62,62,62,62,65,65,65,65,65,65,65,65,68,68,68,71,71,71],"card_choices":[{"not_picked":["beaked:BloodForTheGods","beaked:Resilience","beaked:Windmill"],"picked":"SKIP","floor":2.0},{"not_picked":["beaked:Evade","beaked:Mantra"],"picked":"beaked:CrazyRituals","floor":6.0},{"not_picked":["beaked:Mantra","beaked:Resilience","beaked:FeelMyPain"],"picked":"SKIP","floor":7.0},{"not_picked":["beaked:SurvivalInstinct","beaked:BraceForImpact","beaked:Windmill"],"picked":"SKIP","floor":10.0},{"not_picked":["beaked:Redirect","beaked:Flinch"],"picked":"beaked:MimicWarrior","floor":11.0},{"not_picked":["beaked:RuinSticks","beaked:StunningBlow"],"picked":"beaked:CrazyRituals","floor":13.0},{"not_picked":["beaked:MachineSpirit","beaked:DigDeep"],"picked":"beaked:MachineEssence","floor":14.0},{"not_picked":["beaked:Windmill","beaked:VigorBurst","beaked:DigDeep"],"picked":"SKIP","floor":16.0},{"not_picked":["beaked:FeelMyPain","beaked:Roost"],"picked":"beaked:BounceBack","floor":17.0},{"not_picked":["beaked:LiftOff","beaked:Brainwash"],"picked":"ReplayTheSpireMod:Owlgaze","floor":18.0},{"not_picked":["beaked:RuinSticks","beaked:BraceForImpact","beaked:Negation"],"picked":"SKIP","floor":21.0},{"not_picked":["beaked:Resilience+1","ReplayTheSpireMod:RavenHex"],"picked":"beaked:Pecker","floor":22.0},{"not_picked":["sneckomod:MasterEye","Warcry","Evaluate+1"],"picked":"SKIP","floor":25.0},{"not_picked":["Slimebound:SplitAcid+1","Alpha"],"picked":"Slimebound:Prepare","floor":27.0},{"not_picked":["Bone_Armor+1","Guardian:Reroute","TheCursedMod:EmpowerCircles"],"picked":"SKIP","floor":28.0},{"not_picked":["Thunderclap","hexamod:GhostLash"],"picked":"Blood_Curse+1","floor":30.0},{"not_picked":["bronze:DigitalCarnage","Hidden Blade"],"picked":"Fluid Movement+1","floor":34.0},{"not_picked":["Metamorphosis","bronze:ShipIt"],"picked":"expansioncontent:QuickStudy","floor":35.0},{"not_picked":["Death_March_Dance+1","hexamod:ExtraCrispy+1","champ:Circumvent"],"picked":"SKIP","floor":39.0},{"not_picked":["champ:Backstep+1","bronze:Virus","WitchLeyline"],"picked":"SKIP","floor":40.0},{"not_picked":["TheCursedMod:AbyssShockwave","hexamod:FastForward+1"],"picked":"Bone_Prison+1","floor":42.0},{"not_picked":["infinitespire:UltimateForm","ReplayTheSpireMod:Black Plague"],"picked":"hubris:Fate","floor":45.0},{"not_picked":["beaked:BloodForTheGods","OrrerysSun","Bane"],"picked":"SKIP","floor":46.0},{"not_picked":["FollowUp","hexamod:FirstSeal"],"picked":"Iron Wave+1","floor":47.0},{"not_picked":["sneckomod:UnknownClassSLIMEBOUND+1","Poisoned Stab","Sanctity+1"],"picked":"SKIP","floor":49.0},{"not_picked":["TheCursedMod:CursedStaff","DoubleSpark","Guardian:TemporalShield"],"picked":"SKIP","floor":50.0},{"not_picked":["LuminesStrike+1","TheCursedMod:CircleOfBlood+1"],"picked":"beaked:Evade+1","floor":51}],"player_experience":1832258,"relics_obtained":[{"floor":9.0,"key":"Blue Doll"},{"floor":16.0,"key":"White Beast Statue"},{"floor":23.0,"key":"PrismaticShard"},{"floor":26.0,"key":"reliquary:Firecrackers"},{"floor":27.0,"key":"Mercury Hourglass"},{"floor":42.0,"key":"aspiration:StickyExplosives"}],"event_choices":[{"damage_healed":0.0,"max_hp_gain":0.0,"max_hp_loss":0.0,"gold_gain":0.0,"event_name":"Lab","player_choice":"Got Potions","floor":3.0,"gold_loss":0.0,"damage_taken":0.0},{"damage_healed":0.0,"max_hp_gain":0.0,"max_hp_loss":0.0,"gold_gain":0.0,"event_name":"conspire:LoneGhost","player_choice":"Disagree","floor":15.0,"gold_loss":0.0,"damage_taken":0.0},{"cards_removed":["beaked:Strike_Y"],"damage_healed":0.0,"max_hp_gain":0.0,"max_hp_loss":0.0,"gold_gain":0.0,"event_name":"Falling","player_choice":"Removed Attack","floor":41.0,"gold_loss":0.0,"damage_taken":0.0}],"is_beta":false,"boss_relics":[{"not_picked":["reliquary:RedPaperclip","Cursed Key"],"picked":"Coffee Dripper"},{"not_picked":["Replay:Bronze Core","halation:MonkeysPaw"],"picked":"conspire:SpecialSausage"}],"items_purged_floors":[0],"is_endless":false,"potions_floor_spawned":[10,11,14,16,17,18,21,22,25,27,28,30,34,35,39,40,42,46,47,49,50,51],"ascension_level":0}}