{"host":"am0cr9xwekqmrere","time":1612541794,"event":{"mods":["AchievementEnabler","Act Like it!","BaseMod","Better Altar","Better Match","Better Note","Better Sensory Stone","Better Skull","Better Third Choice","BetterRewards","Conspire","Downfall","Hubris","Infinite Spire","Minty Spire (QoL Compilation)","Rare Cards Sparkle","Spicy Shops","StSLib","Unceasing Turn Reminder"],"gold_per_floor":[199,299,314,328,341,341,389,406,416,216,216,216,216,248,264,361,361,261,278,289,306,21,21,21,21],"floor_reached":23,"language":"ENG","playtime":892,"items_purged":["downfall:Malfunctioning"],"score":193,"play_id":"94106b23-9939-4ed1-9246-244128e3a795","local_time":"20210205101634","is_ascension_mode":false,"campfire_choices":[{"data":"champ:Taunt","floor":1,"key":"SMITH"},{"floor":6,"key":"RECALL"},{"data":"champ:EndlessRage","floor":10,"key":"SMITH"},{"floor":12,"key":"REST"},{"data":"champ:ShieldThrow","floor":18,"key":"SMITH"}],"circlet_count":0,"master_deck":["champ:Strike","champ:Strike","champ:Strike","champ:Strike","champ:Defend","champ:Defend","champ:Defend","champ:Defend","champ:Execute","champ:Taunt+1","champ:FlashCut+1","champ:TornadoPunch","champ:EnGarde+1","champ:FlashCut+1","champ:EndlessRage+1","champ:IgnorePain","champ:PerfectedStrike","champ:ShieldThrow+1","champ:ShieldSlam","champ:StanceDance+1"],"relics":["champ:ChampionCrownUpgraded","downfall:HeartBlessingBlue","downfall:HeartBlessingRed","Dream Catcher","downfall:HeartBlessingGreen","Membership Card","MealTicket"],"acts_visited":["Exordium","TheCity"],"potions_floor_usage":[14,16],"damage_taken":[{"damage":17,"enemies":"Small Slimes","floor":3,"turns":3},{"damage":0,"enemies":"Jaw Worm","floor":4,"turns":4},{"damage":1,"enemies":"2 Louse","floor":5,"turns":2},{"damage":17,"enemies":"Lots of Slimes","floor":8,"turns":4},{"damage":10,"enemies":"3 Louse","floor":9,"turns":3},{"damage":2,"enemies":"3 Sentries","floor":14,"turns":6},{"damage":12,"enemies":"Exordium Thugs","floor":15,"turns":4},{"damage":46,"enemies":"DF_ARCHETYPE_STREAMLINE","floor":16,"turns":13},{"damage":15,"enemies":"3 Byrds","floor":19,"turns":5},{"damage":10,"enemies":"Chosen","floor":20,"turns":7},{"damage":20,"enemies":"Centurion and Healer","floor":21,"turns":9},{"damage":10,"enemies":"downfall:FleeingMerchant","floor":22,"turns":4},{"damage":85,"enemies":"Book of Stabbing","floor":23,"turns":7}],"seed_played":"-1728149680007339797","potions_obtained":[{"floor":4,"key":"Ancient Potion"},{"floor":5,"key":"champ:UltimateStancePotion"},{"floor":8,"key":"champ:CounterPotion"},{"floor":15,"key":"champ:OpenerPotion"},{"floor":19,"key":"SpeedPotion"}],"is_trial":false,"path_per_floor":["R","?","M","M","M","R","T","M","M","R","?","R","?","E","M","B",null,"R","M","M","M","$","E"],"character_chosen":"THE_CHAMP","items_purchased":["Membership Card","MealTicket"],"campfire_rested":1,"item_purchase_floors":[22,22],"current_hp_per_floor":[90,90,83,83,82,82,82,75,75,85,85,100,100,98,96,50,100,100,100,100,85,75,0,0,0],"gold":21,"neow_bonus":"HUNDRED_GOLD","is_daily":false,"chose_seed":false,"campfire_upgraded":3,"win_rate":0.0,"timestamp":1612541794,"path_taken":["R","?","M","M","M","R","T","M","M","R","?","R","?","E","M","BOSS","R","M","M","M","$","E"],"items_purchased_type":["Relic","Relic"],"build_version":"2020-12-22","purchased_purges":1,"victory":false,"max_hp_per_floor":[90,90,90,90,90,90,90,90,90,100,100,100,100,100,100,100,100,100,100,100,100,100,100,100,100],"card_choices":[{"not_picked":["champ:DeathBlow","champ:FocusedBerserking"],"picked":"champ:FlashCut","floor":3},{"not_picked":["champ:DefensiveShout","champ:RisingSlash"],"picked":"champ:TornadoPunch","floor":4},{"not_picked":["champ:CrownThrow","champ:EnragedBash"],"picked":"champ:EnGarde","floor":5},{"not_picked":["champ:FanOfKnives","champ:EnGarde"],"picked":"champ:FlashCut","floor":8},{"not_picked":["champ:BringItOn","champ:PerfectedStrike"],"picked":"champ:EndlessRage","floor":9},{"not_picked":["champ:PerfectedStrike","champ:CrownThrow"],"picked":"champ:IgnorePain","floor":14},{"not_picked":["champ:EnGarde","champ:FancyFootwork"],"picked":"champ:PerfectedStrike","floor":15},{"not_picked":["champ:StrikeOfGenius","champ:DancingMaster"],"picked":"champ:ShieldThrow","floor":16},{"not_picked":["champ:TornadoPunch","champ:CrownThrow+1"],"picked":"champ:ShieldSlam","floor":19},{"not_picked":["champ:FanOfKnives","champ:CrookedStrike+1","champ:GladiatorStyle"],"picked":"SKIP","floor":20},{"not_picked":["champ:Haymaker+1","champ:FlashCut"],"picked":"champ:StanceDance+1","floor":21},{"not_picked":["champ:HeartStrike+1","champ:StanceDance","champ:CalledShot"],"picked":"SKIP","floor":22}],"player_experience":2722293,"relics_obtained":[{"floor":14,"key":"Dream Catcher"}],"event_choices":[],"is_beta":false,"boss_relics":[{"not_picked":["conspire:SlowCooker","Sozu"],"picked":"champ:ChampionCrownUpgraded"}],"items_purged_floors":[22],"is_endless":false,"potions_floor_spawned":[4,5,8,15,19,21],"killed_by":"Book of Stabbing","ascension_level":0}}