{"host":"fhyqvp7txwl2j5aw","time":1612507269,"event":{"mods":["BaseMod","Better Third Choice","Card Forge","Colored Map","Colored Powertips","Custom Start","Highlight Path","Minty Spire (QoL Compilation)","Rare Cards Sparkle","StSLib","Swap Starting Deck Mod"],"gold_per_floor":[118,134,134,149,149,149,183,183,183,218,143,143,156,176,176,280,280,291,291,291,356,406,433,433,445,445,461,511,540,555,571,571,667,667,684,784,834,854,610,610,713,713,713,726,776,540,569,582,582,582],"floor_reached":51,"language":"JPN","playtime":3405,"items_purged":["Strike_R"],"score":850,"play_id":"2bd36112-92fe-43f3-8ef8-284b35065939","local_time":"20210205154109","is_ascension_mode":false,"campfire_choices":[{"data":"Shrug It Off","floor":6.0,"key":"SMITH"},{"data":"Carnage","floor":8.0,"key":"SMITH"},{"data":"Bloodletting","floor":15.0,"key":"SMITH"},{"floor":24,"key":"REST"},{"floor":32,"key":"REST"},{"floor":40,"key":"REST"},{"floor":42,"key":"REST"},{"floor":49,"key":"REST"}],"circlet_count":0,"master_deck":["Carnage+1","Shrug It Off+1","Carnage+1","Bloodletting+1","Cleave+1","Offering+1","Ghostly+1","Ghostly+1","Ghostly+1","Ghostly+1","Ghostly+1","Pommel Strike+1","Insight+1","Pommel Strike+1","Seeing Red+1","Ghostly Armor+1","Offering+1","Seeing Red+1","Ghostly+1","Ghostly+1","Bloodletting+1","Pommel Strike+1","Pommel Strike+1","Combust+1","Mayhem+1","Madness+1"],"relics":["Burning Blood","Hammer of Thor","Seething Fire","Anvil of the Gods","NeowsBlessing","Frozen Egg 2","Blood Vial","Molten Egg 2","Boot","SsserpentHead","Oddly Smooth Stone","Kunai","TungstenRod","Runic Cube","Calipers","Matryoshka","Gambling Chip","HornCleat","Lizard Tail","Toxic Egg 2","Pantograph","Centennial Puzzle","Ice Cream"],"acts_visited":["Exordium","TheCity","TheBeyond"],"potions_floor_usage":[],"damage_taken":[{"damage":0.0,"enemies":"Small Slimes","floor":1.0,"turns":1.0},{"damage":0.0,"enemies":"Cultist","floor":2.0,"turns":1.0},{"damage":0.0,"enemies":"2 Louse","floor":4.0,"turns":1.0},{"damage":30.0,"enemies":"3 Sentries","floor":7.0,"turns":8.0},{"damage":14.0,"enemies":"Gremlin Nob","floor":10.0,"turns":3.0},{"damage":4.0,"enemies":"Blue Slaver","floor":13.0,"turns":3.0},{"damage":1.0,"enemies":"Exordium Thugs","floor":14.0,"turns":3.0},{"damage":48.0,"enemies":"Slime Boss","floor":16.0,"turns":11.0},{"damage":6,"enemies":"Chosen","floor":18,"turns":2},{"damage":1,"enemies":"Spheric Guardian","floor":21,"turns":3},{"damage":20,"enemies":"Gremlin Leader","floor":23,"turns":4},{"damage":2,"enemies":"Snecko","floor":25,"turns":4},{"damage":15,"enemies":"Cultist and Chosen","floor":27,"turns":5},{"damage":9,"enemies":"Book of Stabbing","floor":29,"turns":4},{"damage":0,"enemies":"Sentry and Sphere","floor":30,"turns":5},{"damage":5,"enemies":"Centurion and Healer","floor":31,"turns":3},{"damage":17,"enemies":"Collector","floor":33,"turns":10},{"damage":7,"enemies":"3 Darklings","floor":35,"turns":4},{"damage":0,"enemies":"Mind Bloom Boss Battle","floor":36,"turns":5},{"damage":5,"enemies":"3 Shapes","floor":38,"turns":2},{"damage":0,"enemies":"2 Orb Walkers","floor":41,"turns":3},{"damage":0,"enemies":"3 Darklings","floor":44,"turns":3},{"damage":0,"enemies":"Reptomancer","floor":47,"turns":3},{"damage":0,"enemies":"Transient","floor":48,"turns":5},{"damage":0,"enemies":"Time Eater","floor":50,"turns":7}],"seed_played":"6416163349017274168","potions_obtained":[{"floor":1.0,"key":"Energy Potion"},{"floor":2.0,"key":"SkillPotion"},{"floor":10.0,"key":"Fruit Juice"},{"floor":16.0,"key":"SteroidPotion"},{"floor":23,"key":"DuplicationPotion"}],"is_trial":false,"path_per_floor":["M","M","?","M","?","R","E","R","T","E","$","?","M","M","R","B",null,"M","?","?","M","?","E","R","M","T","M","?","E","M","M","R","B",null,"M","?","?","M","$","R","?","R","T","M","T","$","E","M","R","B",null],"character_chosen":"IRONCLAD","items_purchased":["Matryoshka","Madness+1","Centennial Puzzle"],"campfire_rested":5,"item_purchase_floors":[39,46,46],"current_hp_per_floor":[80,80,80,80,73,73,49,49,49,48,48,48,52,59,59,19,85,85,42,42,42,42,28,40,42,42,33,27,26,34,37,47,36,47,46,47,47,47,47,47,47,47,47,47,47,47,47,47,47,47],"gold":582,"neow_bonus":"THREE_ENEMY_KILL","is_daily":false,"chose_seed":false,"campfire_upgraded":3,"win_rate":0.0,"timestamp":1612507269,"path_taken":["M","M","?","?","?","R","E","R","T","E","$","?","M","M","R","BOSS","M","?","?","?","?","E","R","M","T","M","?","E","M","M","R","BOSS","M","?","?","M","$","R","?","R","T","M","?","$","E","M","R","BOSS"],"items_purchased_type":["Relic","Card","Relic"],"build_version":"2020-12-22","purchased_purges":1,"victory":true,"max_hp_per_floor":[80,80,80,80,80,80,80,80,80,85,85,85,85,85,85,85,85,85,42,42,42,42,42,42,42,42,42,47,47,47,47,47,47,47,47,47,47,47,47,47,47,47,47,47,47,47,47,47,47,47],"card_choices":[{"not_picked":["Shrug It Off","Headbutt"],"picked":"Carnage","floor":1.0},{"not_picked":["Armaments","Searing Blow"],"picked":"Shrug It Off","floor":2.0},{"not_picked":["Dropkick","Burning Pact"],"picked":"Sword Boomerang","floor":4.0},{"not_picked":["Anger","Burning Pact"],"picked":"Rupture+1","floor":7.0},{"not_picked":["Clash+1","Searing Blow+1"],"picked":"Carnage+1","floor":10.0},{"not_picked":["Burning Pact","Barricade+1"],"picked":"Bloodletting","floor":13.0},{"not_picked":["True Grit","Clothesline+1"],"picked":"Cleave+1","floor":14.0},{"not_picked":["Corruption+1","Impervious"],"picked":"Offering","floor":16.0},{"not_picked":["Twin Strike+1","Pommel Strike+1"],"picked":"Fire Breathing+1","floor":18},{"not_picked":["Entrench","Hemokinesis+1"],"picked":"Pommel Strike+1","floor":21},{"not_picked":["Uppercut+1","Shrug It Off"],"picked":"Pommel Strike+1","floor":23},{"not_picked":["Body Slam+1","Shockwave"],"picked":"Seeing Red","floor":25},{"not_picked":["Flame Barrier","Twin Strike+1"],"picked":"Ghostly Armor","floor":27},{"not_picked":["Warcry","Dark Embrace+1","Body Slam+1"],"picked":"SKIP","floor":29},{"not_picked":["Infernal Blade+1","Feel No Pain+1","Disarm"],"picked":"SKIP","floor":30},{"not_picked":["Flame Barrier","Body Slam+1","Anger+1"],"picked":"SKIP","floor":31},{"not_picked":["Clash+1","Infernal Blade+1","Cleave+1"],"picked":"SKIP","floor":35},{"not_picked":["Armaments","Burning Pact","Feel No Pain+1"],"picked":"SKIP","floor":38},{"not_picked":["Shockwave","Disarm","Bloodletting"],"picked":"SKIP","floor":44},{"not_picked":["Shockwave","Disarm","Bloodletting"],"picked":"SKIP","floor":44},{"not_picked":["Anger+1","Shrug It Off+1","Carnage+1"],"picked":"SKIP","floor":47},{"not_picked":["Dual Wield+1","Clash+1","Disarm+1"],"picked":"SKIP","floor":48}],"player_experience":1095,"relics_obtained":[{"floor":7.0,"key":"Blood Vial"},{"floor":9.0,"key":"Molten Egg 2"},{"floor":10.0,"key":"Boot"},{"floor":23,"key":"Oddly Smooth Stone"},{"floor":26,"key":"Kunai"},{"floor":29,"key":"TungstenRod"},{"floor":36,"key":"Calipers"},{"floor":41,"key":"Gambling Chip"},{"floor":43,"key":"HornCleat"},{"floor":43,"key":"Lizard Tail"},{"floor":45,"key":"Toxic Egg 2"},{"floor":45,"key":"Pantograph"},{"floor":47,"key":"Ice Cream"}],"event_choices":[{"cards_removed":["Strike_R"],"damage_healed":0.0,"max_hp_gain":0.0,"max_hp_loss":0.0,"gold_gain":0.0,"event_name":"Purifier","player_choice":"Purged","floor":3.0,"gold_loss":0.0,"damage_taken":0.0},{"damage_healed":0.0,"max_hp_gain":0.0,"max_hp_loss":0.0,"gold_gain":0.0,"event_name":"betterThird:BetterScrap","player_choice":"Relic ","floor":5.0,"gold_loss":0.0,"damage_taken":7.0,"cards_obtained":["Storm"]},{"cards_removed":["Strike_R"],"damage_healed":0.0,"max_hp_gain":0.0,"max_hp_loss":0.0,"gold_gain":0.0,"event_name":"Living Wall","player_choice":"Forget","floor":12.0,"gold_loss":0.0,"damage_taken":0.0},{"damage_healed":0,"gold_gain":0,"player_choice":"Became a Ghost","damage_taken":0,"max_hp_gain":0,"max_hp_loss":43,"event_name":"Ghosts","floor":19,"gold_loss":0,"cards_obtained":["Ghostly","Ghostly","Ghostly","Ghostly","Ghostly"]},{"damage_healed":0,"gold_gain":0,"player_choice":"Trade","damage_taken":0,"relics_obtained":["SsserpentHead"],"max_hp_gain":0,"max_hp_loss":0,"event_name":"FaceTrader","floor":20,"gold_loss":0},{"damage_healed":0,"gold_gain":0,"player_choice":"Insight","damage_taken":0,"max_hp_gain":0,"max_hp_loss":0,"event_name":"betterThird:BetterWriting","floor":22,"gold_loss":0,"cards_obtained":["Insight"]},{"damage_healed":0,"gold_gain":0,"player_choice":"Shed Blood","damage_taken":11,"max_hp_gain":5,"max_hp_loss":0,"event_name":"Forgotten Altar","floor":28,"gold_loss":0},{"damage_healed":0,"gold_gain":0,"player_choice":"Fight","damage_taken":0,"max_hp_gain":0,"max_hp_loss":0,"event_name":"MindBloom","floor":36,"gold_loss":0},{"cards_removed":["Bash"],"damage_healed":0,"gold_gain":0,"player_choice":"Removed Attack","damage_taken":0,"max_hp_gain":0,"max_hp_loss":0,"event_name":"Falling","floor":37,"gold_loss":0},{"damage_healed":0,"gold_gain":0,"player_choice":"Fight","damage_taken":0,"max_hp_gain":0,"max_hp_loss":0,"event_name":"Mysterious Sphere","floor":41,"gold_loss":0}],"is_beta":false,"boss_relics":[{"not_picked":["Velvet Choker","Mark of Pain","Runic Dome"]},{"not_picked":["Cursed Key","Coffee Dripper"],"picked":"Runic Cube"}],"items_purged_floors":[11],"is_endless":false,"potions_floor_spawned":[1,2,10,16,18,23,27,30,31,38,47,48],"ascension_level":0}}