{"host":"7vlopc64487frs6y","time":1612531444,"event":{"mods":["Arknights","Aspiration","BaseMod","BetterRewards","Colored Map","Decade(Õı–°√˜)","Downfall","Good Game Mod","Highlight Path","Minty Spire (QoL Compilation)","Quick Restart","Reimu£®≤©¿ˆ¡È√Œ£©","Remilia£®¿Ÿ√◊¿Ú—«£©","Replay The Spire","Shop Mod","StSLib","TestMod","Unceasing Turn Reminder","Youmu£®ªÍ∆«—˝√Œ£©"],"gold_per_floor":[119,9,25,36,52,52,91,91,161,161,205,205,234,259,259,448,448,482,224,256,287,97,97,138,166,245,293,293,343,383,430,430,565,565,596,635,682,682,682,745,798,798,798,826,679,728,771,804,804,839,839,839,789,848,916],"floor_reached":56,"language":"ZHS","playtime":3771,"items_purged":["Defend_Lin:ReiMu","Strike_Lin:ReiMu","Strike_Lin:ReiMu"],"score":1731,"play_id":"4bee7c2b-89ec-4473-ae02-03b1f39e002f","local_time":"20210205212404","is_ascension_mode":false,"campfire_choices":[{"data":"NB:ReiMu","floor":6,"key":"SMITH"},{"data":"InherentArray:ReiMu","floor":8,"key":"SMITH"},{"data":"Stagnation:ReiMu","floor":15,"key":"SMITH"},{"data":"UniversalSpiritual:ReiMu","floor":23,"key":"SMITH"},{"data":"Dreaming:ReiMu","floor":28,"key":"SMITH"},{"data":"EmergencyTakeOff:ReiMu","floor":32,"key":"SMITH"},{"data":"UniversalSpiritual:ReiMu","floor":42,"key":"SMITH"},{"floor":49,"key":"RECALL"},{"data":"RainPray2:ReiMu","floor":52,"key":"SMITH"}],"circlet_count":0,"master_deck":["Strike_Lin:ReiMu","Strike_Lin:ReiMu","Defend_Lin:ReiMu","Defend_Lin:ReiMu","Defend_Lin:ReiMu","NB:ReiMu+1","Stagnation:ReiMu+1","ats:Healing Strengthening","RainPray2:ReiMu","RainPray2:ReiMu+1","ManaGlint:ReiMu+1","Conquer:ReiMu","AirManeuver:ReiMu","InherentArray:ReiMu+1","Revelation:ReiMu","Amulet:ReiMu","Intuition:ReiMu","Dreaming:ReiMu+1","Gathering:ReiMu","LovePray:ReiMu","UniversalSpiritual:ReiMu+1","MikOfLucky:ReiMu","Amulet:ReiMu","EmergencyTakeOff:ReiMu+1","NineCharacters:ReiMu","Authority:ReiMu","KamiRite:ReiMu","EmergencyTakeOff:ReiMu","LovePray:ReiMu+1","EmergencyTakeOff:ReiMu+1","MikOfLucky:ReiMu+1","UniversalSpiritual:ReiMu+1","RainPray2:ReiMu+1","DependentForm:ReiMu","RainPray2:ReiMu+1","AirManeuver:ReiMu+1"],"relics":["FlyPower:ReiMu","testmod-TestBox","REME:ComplimentaryCards","testmod-DeterminationOfClimber","NeowsBlessing","ats:Originium","Gambling Chip","Strawberry","Ornamental Fan","Black Star","Membership Card","Question Card","Darkstone Periapt","TungstenRod","Gremlin Food","StrikeDummy","testmod-Fortitude","Lantern","ReplayFunnel","Replay:Grab Bag","Coffee Dripper","Philosopher\u0027s Stone","Runic Pyramid","Meat on the Bone","StoneCalendar","Bottled Flame","White Beast Statue","Medical Kit","testmod-Alchemist","Smiling Mask","Mirror","Thread and Needle"],"acts_visited":["Exordium","TheCity","TheBeyond","TheEnding"],"potions_floor_usage":[],"damage_taken":[{"damage":0,"enemies":"2 Louse","floor":1,"turns":1},{"damage":0,"enemies":"Jaw Worm","floor":3,"turns":1},{"damage":0,"enemies":"Cultist","floor":4,"turns":1},{"damage":0,"enemies":"Gremlin Gang","floor":5,"turns":3},{"damage":3,"enemies":"3 Sentries","floor":7,"turns":4},{"damage":4,"enemies":"Lagavulin","floor":11,"turns":4},{"damage":0,"enemies":"Blue Slaver","floor":13,"turns":2},{"damage":0,"enemies":"Looter","floor":14,"turns":1},{"damage":0,"enemies":"Fading Forest","floor":16,"turns":4},{"damage":0,"enemies":"3 Byrds","floor":18,"turns":1},{"damage":0,"enemies":"Spheric Guardian","floor":20,"turns":1},{"damage":0,"enemies":"3 Cultists","floor":21,"turns":1},{"damage":0,"enemies":"Snake Plant","floor":24,"turns":1},{"damage":0,"enemies":"Centurion and Healer","floor":25,"turns":1},{"damage":0,"enemies":"Slavers","floor":27,"turns":1},{"damage":0,"enemies":"Gremlin Leader","floor":29,"turns":1},{"damage":0,"enemies":"Cultist and Chosen","floor":30,"turns":1},{"damage":0,"enemies":"Slavers","floor":31,"turns":1},{"damage":0,"enemies":"Pondfish","floor":33,"turns":2},{"damage":0,"enemies":"3 Darklings","floor":35,"turns":1},{"damage":0,"enemies":"Orb Walker","floor":36,"turns":1},{"damage":0,"enemies":"Reptomancer","floor":40,"turns":1},{"damage":0,"enemies":"Maw","floor":41,"turns":1},{"damage":4,"enemies":"4 Shapes","floor":44,"turns":1},{"damage":0,"enemies":"Giant Head","floor":46,"turns":1},{"damage":2,"enemies":"Sphere and 2 Shapes","floor":47,"turns":1},{"damage":0,"enemies":"3 Darklings","floor":48,"turns":1},{"damage":0,"enemies":"Donu and Deca","floor":50,"turns":1},{"damage":0,"enemies":"Shield and Spear","floor":54,"turns":1},{"damage":0,"enemies":"The Heart","floor":55,"turns":3}],"seed_played":"2609139017550434213","potions_obtained":[{"floor":1,"key":"ZuzhouPotion:ReiMu"},{"floor":3,"key":"LiquidBronze"},{"floor":13,"key":"PowerPotion"},{"floor":46,"key":"HakureiPotion:ReiMu"},{"floor":54,"key":"PowerPotion"}],"is_trial":false,"path_per_floor":["M","$","M","M","M","R","E","R","T","?","E","T","M","M","R","B",null,"M","$","M","M","$","R","M","M","T","E","R","E","M","E","R","B",null,"M","M","?","?","$","E","M","R","T","M","$","E","M","M","R","B",null,"R","$","E","B",null],"character_chosen":"REIMU","items_purchased":["RainPray2:ReiMu","ManaGlint:ReiMu","LovePray:ReiMu","Membership Card","MikOfLucky:ReiMu","Question Card","DependentForm:ReiMu","Medical Kit"],"campfire_rested":0,"item_purchase_floors":[2,2,19,19,22,22,45,45],"current_hp_per_floor":[65,65,65,65,65,65,65,65,65,70,77,77,77,77,77,77,77,77,77,77,77,77,77,77,77,77,77,77,77,77,77,77,77,77,77,77,59,59,59,77,77,77,77,77,77,77,77,77,77,77,77,77,77,77,77],"gold":916,"neow_bonus":"THREE_ENEMY_KILL","is_daily":false,"chose_seed":false,"campfire_upgraded":8,"win_rate":0.0,"timestamp":1612531444,"path_taken":["M","$","M","M","M","R","E","R","T","?","E","?","?","M","R","BOSS","M","$","M","M","$","R","?","M","T","E","R","E","M","E","R","BOSS","M","M","?","?","$","E","?","R","T","M","?","E","M","M","R","BOSS","R","$","E","BOSS"],"items_purchased_type":["Card","Card","Card","Relic","Card","Relic","Card","Relic"],"build_version":"2020-12-22","purchased_purges":3,"victory":true,"max_hp_per_floor":[65,65,65,65,65,65,65,65,65,70,77,77,77,77,77,77,77,77,77,77,77,77,77,77,77,77,77,77,77,77,77,77,77,77,77,77,77,77,77,77,77,77,77,77,77,77,77,77,77,77,77,77,77,77,77],"card_choices":[{"not_picked":["Meditation:ReiMu","SpreadBorder2:ReiMu","DoubleButterfly:ReiMu"],"picked":"SKIP","floor":1},{"not_picked":["SubAcupoint:ReiMu","Meditation:ReiMu"],"picked":"Conquer:ReiMu","floor":3},{"not_picked":["Meditation:ReiMu","SubAcupoint:ReiMu"],"picked":"AirManeuver:ReiMu","floor":4},{"not_picked":["PrepareRite:ReiMu","EmergencyTakeOff:ReiMu"],"picked":"InherentArray:ReiMu","floor":5},{"not_picked":["KamiRite:ReiMu","YinYangSign:ReiMu"],"picked":"Revelation:ReiMu","floor":7},{"not_picked":["LearningPray:ReiMu","MikOfLucky:ReiMu"],"picked":"Amulet:ReiMu","floor":11},{"not_picked":["SubAcupoint:ReiMu","AirStrike:ReiMu","TightArray:ReiMu"],"picked":"SKIP","floor":13},{"not_picked":["SafetyPray:ReiMu","LovePray:ReiMu"],"picked":"Intuition:ReiMu","floor":14},{"not_picked":["Shading:ReiMu","Determination:ReiMu"],"picked":"Dreaming:ReiMu","floor":16},{"not_picked":["EmergencyTakeOff:ReiMu+1","Conquer:ReiMu"],"picked":"Gathering:ReiMu","floor":18},{"not_picked":["RainPray2:ReiMu","SubcavityInstant:ReiMu"],"picked":"UniversalSpiritual:ReiMu","floor":20},{"not_picked":["InherentArray:ReiMu","SpringWay:ReiMu","Conquer:ReiMu"],"picked":"SKIP","floor":21},{"not_picked":["SubcavityInstant:ReiMu","Intuition:ReiMu","Enchanting:ReiMu"],"picked":"Amulet:ReiMu","floor":24},{"not_picked":["Intuition:ReiMu","Enchanting:ReiMu","LovePray:ReiMu","CareerPray:ReiMu"],"picked":"SKIP","floor":25},{"not_picked":["OrbThrow:ReiMu","CeremonyResonance:ReiMu","Crusade:ReiMu"],"picked":"EmergencyTakeOff:ReiMu","floor":27},{"not_picked":["OrbThrow:ReiMu","TakeOff:ReiMu+1","Intuition:ReiMu"],"picked":"NineCharacters:ReiMu","floor":29},{"not_picked":["UpKicking:ReiMu","InherentArray:ReiMu","Gathering:ReiMu"],"picked":"Authority:ReiMu","floor":30},{"not_picked":["UpKicking:ReiMu","DoubleButterfly:ReiMu+1","SpringWay:ReiMu","SubAcupoint:ReiMu"],"picked":"SKIP","floor":31},{"not_picked":["Determination:ReiMu","KyokaiOfKami:ReiMu","HakureiPhantom:ReiMu"],"picked":"KamiRite:ReiMu","floor":33},{"not_picked":["Mountainwind:ReiMu","NineCharacters:ReiMu","OrbThrow:ReiMu+1"],"picked":"EmergencyTakeOff:ReiMu","floor":35},{"not_picked":["Enchanting:ReiMu","Meditation:ReiMu+1","TightArray:ReiMu+1"],"picked":"LovePray:ReiMu+1","floor":36},{"not_picked":["Amulet:ReiMu+1","RainPray2:ReiMu+1","BlastKick2:ReiMu"],"picked":"EmergencyTakeOff:ReiMu+1","floor":37},{"not_picked":["SafetyPray:ReiMu","ShadowOfCrow2:ReiMu+1","OctopathBindingBorder2:ReiMu"],"picked":"MikOfLucky:ReiMu+1","floor":37},{"not_picked":["Enchanting:ReiMu","SpringWay:ReiMu+1","SubcavityInstant:ReiMu"],"picked":"UniversalSpiritual:ReiMu","floor":40},{"not_picked":["ShadowOfCrow2:ReiMu","LearningPray:ReiMu+1","AlertArray:ReiMu+1"],"picked":"RainPray2:ReiMu+1","floor":41},{"not_picked":["RainPray2:ReiMu","OrbThrow:ReiMu","TakeOff:ReiMu+1","Meditation:ReiMu"],"picked":"SKIP","floor":44},{"not_picked":["Conquer:ReiMu","SealNeedle:ReiMu+1","WonderfulDomain:ReiMu+1"],"picked":"RainPray2:ReiMu+1","floor":46},{"not_picked":["OrbThrow:ReiMu","Determination:ReiMu","Meditation:ReiMu","SpringWay:ReiMu+1"],"picked":"SKIP","floor":47},{"not_picked":["TightArray:ReiMu+1","FantasyBorder:ReiMu+1","WonderfulDomain:ReiMu+1","DoubleButterfly:ReiMu"],"picked":"SKIP","floor":48},{"not_picked":["MountainWay:ReiMu+1","RainPray2:ReiMu","Meditation:ReiMu+1"],"picked":"AirManeuver:ReiMu+1","floor":54}],"player_experience":708662,"relics_obtained":[{"floor":7,"key":"ats:Originium"},{"floor":7,"key":"Gambling Chip"},{"floor":11,"key":"ats:Originium"},{"floor":11,"key":"Strawberry"},{"floor":12,"key":"Ornamental Fan"},{"floor":26,"key":"Darkstone Periapt"},{"floor":27,"key":"ats:Originium"},{"floor":27,"key":"TungstenRod"},{"floor":27,"key":"Gremlin Food"},{"floor":29,"key":"ats:Originium"},{"floor":29,"key":"StrikeDummy"},{"floor":29,"key":"testmod-Fortitude"},{"floor":31,"key":"Lantern"},{"floor":31,"key":"ReplayFunnel"},{"floor":37,"key":"Meat on the Bone"},{"floor":40,"key":"StoneCalendar"},{"floor":40,"key":"Bottled Flame"},{"floor":43,"key":"White Beast Statue"},{"floor":46,"key":"testmod-Alchemist"},{"floor":46,"key":"Smiling Mask"},{"floor":54,"key":"Mirror"},{"floor":54,"key":"Thread and Needle"}],"event_choices":[{"damage_healed":0,"gold_gain":0,"player_choice":"Donut","damage_taken":0,"max_hp_gain":5,"max_hp_loss":0,"event_name":"Big Fish","floor":10,"gold_loss":0},{"damage_healed":0,"gold_gain":0,"player_choice":"Forge","damage_taken":0,"max_hp_gain":0,"max_hp_loss":0,"event_name":"Accursed Blacksmith","floor":38,"gold_loss":0,"cards_upgraded":["ManaGlint:ReiMu"]}],"is_beta":false,"boss_relics":[{"not_picked":["ShineYinYang:ReiMu","testmod-IncinerationGenerator"],"picked":"Black Star"},{"not_picked":["Sozu","DonationBox:ReiMu"],"picked":"Replay:Grab Bag"},{"not_picked":["Cursed Key","Fusion Hammer"],"picked":"Coffee Dripper"},{"not_picked":["SlaversCollar","Velvet Choker"],"picked":"Philosopher\u0027s Stone"},{"not_picked":["testmod-Recursion","testmod-EnergyCheck"],"picked":"Runic Pyramid"}],"items_purged_floors":[19,22,53],"is_endless":false,"potions_floor_spawned":[1,3,13,16,24,25,27,29,31,40,44,46,47,48,54],"ascension_level":0}}