{"host":"cvi30shpqg1ukvbr","time":1612528088,"event":{"mods":["Act Like it!","BaseMod","Better Altar","Better Match","Better Note","Better Sensory Stone","Better Skull","Better Third Choice","Conspire","GifTheSpireLib","Hubris","Infinite Spire","Minty Spire (QoL Compilation)","Relic Stats","Replay The Spire","Shop Mod","Spicy Shops","StSLib","Stuff the Spire"],"gold_per_floor":[12,22,36,47,47,82,104,153,153,198,226,269,269,289,289,402,402,432,432,462,487,41,41,68,84,84,84,120,145,145,145,157,290,302,337,420,36,73,103,167,205,255,255,255,255,289,309,356,356,384,384,384,53,110,134],"floor_reached":56,"language":"ENG","playtime":3201,"items_purged":["Strike_R"],"score":1468,"play_id":"b5ad8049-02c3-4733-afb3-ee5932b49b81","local_time":"20210205212808","is_ascension_mode":true,"campfire_choices":[{"floor":13.0,"key":"REST"},{"floor":15.0,"key":"DIG"},{"data":"infinitespire:NeuralNetwork","floor":23.0,"key":"SMITH"},{"floor":30.0,"key":"RECALL"},{"data":"Feel No Pain","floor":32.0,"key":"SMITH"},{"data":"Offering","floor":45.0,"key":"SMITH"},{"data":"Bloodletting","floor":49.0,"key":"SMITH"},{"data":"Rupture","floor":52,"key":"SMITH"}],"circlet_count":0,"master_deck":["Strike_R","Strike_R","Defend_R","Defend_R","Defend_R+1","Defend_R","Bash","Clash","Immolate+1","Disarm","hubris:ReadiedAction","Thunderclap","Reckless Charge","Armaments+1","Disarm+1","Rupture+1","Shrug It Off","Ghostly Armor","Hemokinesis","Wild Strike","Offering+1","AbeCurse","ReplayTheSpireMod:Limb From Limb","infinitespire:NeuralNetwork+1","CurseOfTheBell","ReplayTheSpireMod:Muscle Training","Body Slam+1","Feel No Pain+1","Reaper","Reckless Charge+1","Battle Trance","Body Slam+1","Feed","Headbutt+1","StuffTheSpire:Incineration","Inflame","ReplayTheSpireMod:Muscle Training","StuffTheSpire:Slingshot+1","Disarm","Entrench+1","Reckless Charge+1","Disarm+1","Flex","Juggernaut","Bloodletting+1","Brutality","Spot Weakness","True Grit+1"],"relics":["Burning Blood","Replay:Bandana","Gremlin Food","infinitespire:PuzzleCube","Centennial Puzzle","Lantern","Abe\u0027s Treasure","Art of War","Calling Bell","War Paint","StuffTheSpire:EmeraldSignet","Replay:Kaleidoscope","Charon\u0027s Ashes","Chameleon Ring","hubris:Potato","infinitespire:CheckeredPen","MawBank","Honey Jar","Bird Faced Urn","Paper Frog","StrikeDummy","hubris:Teleporter","Replay:Bottled Steam","StuffTheSpire:BottledHeartBeat","hubris:SlimyHat","Toy Ornithopter","hubris:CrystalStatue"],"acts_visited":["Exordium","TheCity","TheBeyond","TheEnding"],"potions_floor_usage":[55],"damage_taken":[{"damage":0.0,"enemies":"2 Louse","floor":1.0,"turns":1.0},{"damage":4.0,"enemies":"infinitespire:Voidling","floor":2.0,"turns":3.0},{"damage":0.0,"enemies":"Cultist","floor":3.0,"turns":3.0},{"damage":8.0,"enemies":"Looter","floor":4.0,"turns":3.0},{"damage":24.0,"enemies":"3 Sentries","floor":6.0,"turns":8.0},{"damage":7.0,"enemies":"Blue Slaver","floor":7.0,"turns":2.0},{"damage":10.0,"enemies":"Gremlin Nob","floor":8.0,"turns":4.0},{"damage":7.0,"enemies":"3 Sentries","floor":10.0,"turns":6.0},{"damage":0.0,"enemies":"Large Slime","floor":11.0,"turns":5.0},{"damage":20.0,"enemies":"Gremlin Nob","floor":12.0,"turns":4.0},{"damage":0.0,"enemies":"2 Fungi Beasts","floor":14.0,"turns":2.0},{"damage":51.0,"enemies":"The Guardian","floor":16.0,"turns":12.0},{"damage":9.0,"enemies":"conspire:FuzzyDice","floor":18.0,"turns":5.0},{"damage":4.0,"enemies":"Shell Parasite","floor":20.0,"turns":5.0},{"damage":6.0,"enemies":"conspire:HollyBat","floor":21.0,"turns":7.0},{"damage":19.0,"enemies":"Snecko","floor":24.0,"turns":4.0},{"damage":3.0,"enemies":"Snake Plant","floor":25.0,"turns":4.0},{"damage":10.0,"enemies":"Replay:Snechameleon","floor":28.0,"turns":5.0},{"damage":2.0,"enemies":"conspire:HollyBat","floor":29.0,"turns":6.0},{"damage":33.0,"enemies":"Collector","floor":33.0,"turns":8.0},{"damage":0.0,"enemies":"Orb Walker","floor":35.0,"turns":2.0},{"damage":26.0,"enemies":"2 Orb Walkers","floor":36.0,"turns":3.0},{"damage":0.0,"enemies":"3 Darklings","floor":38.0,"turns":3.0},{"damage":0.0,"enemies":"Jaw Worm Horde","floor":39.0,"turns":1.0},{"damage":0.0,"enemies":"Reptomancer","floor":40.0,"turns":3.0},{"damage":0.0,"enemies":"Transient","floor":41.0,"turns":5.0},{"damage":27.0,"enemies":"Nemesis","floor":42.0,"turns":5.0},{"damage":0.0,"enemies":"3 Darklings","floor":46.0,"turns":3.0},{"damage":3.0,"enemies":"Spire Growth","floor":47.0,"turns":3.0},{"damage":3.0,"enemies":"Giant Head","floor":48.0,"turns":4.0},{"damage":14.0,"enemies":"infinitespire:MassOfShapes","floor":50.0,"turns":7.0},{"damage":13,"enemies":"Shield and Spear","floor":54,"turns":3},{"damage":27,"enemies":"The Heart","floor":55,"turns":6}],"seed_played":"902872794912885553","potions_obtained":[{"floor":1.0,"key":"Block Potion"},{"floor":2.0,"key":"FearPotion"},{"floor":6.0,"key":"BlessingOfTheForge"},{"floor":35.0,"key":"FearPotion"},{"floor":38.0,"key":"Weak Potion"},{"floor":40.0,"key":"Fire Potion"},{"floor":42.0,"key":"Block Potion"},{"floor":46.0,"key":"BloodPotion"}],"is_trial":false,"path_per_floor":["M","M","M","M","?","E","M","E","T","E","M","E","R","M","R","B",null,"M","AVR","M","M","$","R","M","M","T","T","E","M","R","?","R","B",null,"M","?","$","M","M","E","M","E","T","?","R","M","M","E","R","B",null,"R","$","E","B",null],"character_chosen":"IRONCLAD","items_purchased":["Charon\u0027s Ashes","Feel No Pain","Paper Frog","Inflame","ReplayTheSpireMod:Muscle Training","Brutality","Toy Ornithopter","Spot Weakness"],"campfire_rested":1,"item_purchase_floors":[22,22,37,37,37,53,53,53],"current_hp_per_floor":[80,80,80,78,78,60,59,55,55,54,60,46,70,76,76,31,80,77,77,79,80,80,80,67,72,72,72,71,77,77,49,49,24,80,80,60,60,71,81,86,86,73,73,73,73,85,90,96,96,94,96,96,96,93,84],"gold":134,"neow_bonus":"TRANSFORM_TWO_CARDS","is_daily":false,"chose_seed":false,"campfire_upgraded":5,"win_rate":0.0,"timestamp":1612528088,"path_taken":["M","M","M","M","?","E","M","E","T","E","M","E","R","?","R","BOSS","M","AVR","M","M","$","R","M","M","T","?","E","M","R","?","R","BOSS","M","?","$","M","M","E","M","E","T","?","R","M","M","E","R","BOSS","R","$","E","BOSS"],"items_purchased_type":["Relic","Card","Relic","Card","Card","Card","Relic","Card"],"build_version":"2020-12-22","purchased_purges":1,"victory":true,"max_hp_per_floor":[80,80,80,80,80,80,80,80,80,80,80,80,80,80,80,80,80,80,80,80,80,80,80,80,80,80,80,80,80,80,80,80,80,80,80,80,80,83,83,86,86,90,90,90,90,90,90,96,96,96,96,96,96,96,96],"relic_stats":{"Centennial Puzzle":[48],"counters":[33,145],"Bird Faced Urn":[42],"Charon\u0027s Ashes":[363],"Art of War":[6],"War Paint":["Armaments","Defend_R"],"MawBank":72,"obtain_stats":[{"Lantern":15,"hubris:CrystalStatue":54,"StuffTheSpire:BottledHeartBeat":44,"StuffTheSpire:EmeraldSignet":19,"hubris:SlimyHat":48,"Burning Blood":0,"Replay:Bandana":6,"Centennial Puzzle":12,"Chameleon Ring":26,"Honey Jar":34,"Paper Frog":37,"Replay:Bottled Steam":43,"Gremlin Food":8,"hubris:Teleporter":42,"Charon\u0027s Ashes":22,"Replay:Kaleidoscope":19,"infinitespire:CheckeredPen":28,"War Paint":19,"MawBank":31,"Calling Bell":19,"Bird Faced Urn":36,"Art of War":19,"StrikeDummy":40,"infinitespire:PuzzleCube":10,"Abe\u0027s Treasure":17,"hubris:Potato":27,"Toy Ornithopter":53},{"Lantern":11,"hubris:CrystalStatue":32,"StuffTheSpire:BottledHeartBeat":27,"StuffTheSpire:EmeraldSignet":13,"hubris:SlimyHat":30,"Burning Blood":0,"Replay:Bandana":5,"Centennial Puzzle":10,"Chameleon Ring":17,"Honey Jar":20,"Paper Frog":22,"Replay:Bottled Steam":27,"Gremlin Food":7,"hubris:Teleporter":27,"Charon\u0027s Ashes":15,"Replay:Kaleidoscope":13,"infinitespire:CheckeredPen":18,"War Paint":13,"MawBank":19,"Calling Bell":13,"Bird Faced Urn":22,"Art of War":13,"StrikeDummy":25,"infinitespire:PuzzleCube":8,"Abe\u0027s Treasure":12,"hubris:Potato":17,"Toy Ornithopter":31},{"Lantern":41,"hubris:CrystalStatue":139,"StuffTheSpire:BottledHeartBeat":119,"StuffTheSpire:EmeraldSignet":58,"hubris:SlimyHat":129,"Burning Blood":0,"Replay:Bandana":18,"Centennial Puzzle":39,"Chameleon Ring":78,"Honey Jar":97,"Paper Frog":102,"Replay:Bottled Steam":119,"Gremlin Food":24,"hubris:Teleporter":119,"Charon\u0027s Ashes":70,"Replay:Kaleidoscope":58,"infinitespire:CheckeredPen":83,"War Paint":58,"MawBank":89,"Calling Bell":58,"Bird Faced Urn":102,"Art of War":58,"StrikeDummy":109,"infinitespire:PuzzleCube":30,"Abe\u0027s Treasure":53,"hubris:Potato":78,"Toy Ornithopter":136}],"Burning Blood":155,"Toy Ornithopter":5},"card_choices":[{"not_picked":["Reckless Charge","Thunderclap"],"picked":"Disarm","floor":1.0},{"not_picked":["Blood for Blood","Heavy Blade"],"picked":"hubris:ReadiedAction","floor":2.0},{"not_picked":["Perfected Strike","Havoc"],"picked":"Thunderclap","floor":3.0},{"not_picked":["Sword Boomerang","Run Through"],"picked":"Reckless Charge","floor":4.0},{"not_picked":["StuffTheSpire:Slingshot","Flex"],"picked":"Armaments","floor":6.0},{"not_picked":["Battle Trance","Body Slam"],"picked":"Disarm","floor":7.0},{"not_picked":["StuffTheSpire:RagingBull","infinitespire:OneForAll"],"picked":"Rupture","floor":8.0},{"not_picked":["Searing Blow","Fiend Fire"],"picked":"Shrug It Off","floor":10.0},{"not_picked":["Pummel","Clothesline"],"picked":"Ghostly Armor","floor":11.0},{"not_picked":["Heavy Blade","hubris:SharpeningStone"],"picked":"Hemokinesis","floor":12.0},{"not_picked":["StuffTheSpire:RockThrow","Eclipse"],"picked":"Wild Strike","floor":14.0},{"not_picked":["Replay:Many Hands","Hemogenesis"],"picked":"Offering","floor":16.0},{"not_picked":["Pommel Strike+1","ReplayReversal"],"picked":"ReplayTheSpireMod:Limb From Limb","floor":18.0},{"not_picked":["Twin Strike+1","StuffTheSpire:RockThrow"],"picked":"ReplayTheSpireMod:Muscle Training","floor":20.0},{"not_picked":["Iron Wave","Thunderclap"],"picked":"Body Slam","floor":21.0},{"not_picked":["True Grit","Cleave"],"picked":"Reaper","floor":24.0},{"not_picked":["Pommel Strike","True Grit"],"picked":"Reckless Charge+1","floor":25.0},{"not_picked":["StuffTheSpire:RagingBull","Warcry"],"picked":"Battle Trance","floor":28.0},{"not_picked":["Flex+1","hubris:CleavingFinish+1"],"picked":"Body Slam+1","floor":29.0},{"not_picked":["hubris:StunningStrike","Demonic Infusion"],"picked":"Feed","floor":33.0},{"not_picked":["True Grit+1","Shockwave+1","conspire:Charge"],"picked":"Headbutt+1","floor":35.0},{"not_picked":["Ghostly Armor+1","Replay:Undeath\u0027s Touch","Headbutt+1"],"picked":"StuffTheSpire:Incineration","floor":36.0},{"not_picked":["True Grit+1","Armaments","Run Through"],"picked":"StuffTheSpire:Slingshot+1","floor":38.0},{"not_picked":["Anger+1","Iron Wave","Flex"],"picked":"Disarm","floor":39.0},{"not_picked":["Feed","Twin Strike+1","Cleave+1"],"picked":"Entrench+1","floor":40.0},{"not_picked":["Cleave","hubris:ReadiedAction","Perfected Strike+1"],"picked":"Reckless Charge+1","floor":41.0},{"not_picked":["Blood for Blood+1","Massacre","Thunderclap"],"picked":"Disarm+1","floor":42.0},{"not_picked":["Ghostly Armor","Abandon+1","Clash"],"picked":"Flex","floor":46.0},{"not_picked":["StuffTheSpire:BloodClot+1","Massacre+1","Pommel Strike"],"picked":"Juggernaut","floor":47.0},{"not_picked":["Sentinel+1","Twin Strike+1","Pummel"],"picked":"Bloodletting","floor":48.0},{"not_picked":["Replay:Undeath\u0027s Touch","StuffTheSpire:RockThrow+1","ReplayTheSpireMod:LeadingStrike"],"picked":"True Grit+1","floor":54}],"player_experience":1829047,"relics_obtained":[{"floor":6.0,"key":"Replay:Bandana"},{"floor":8.0,"key":"Gremlin Food"},{"floor":10.0,"key":"infinitespire:PuzzleCube"},{"floor":12.0,"key":"Centennial Puzzle"},{"floor":15.0,"key":"Lantern"},{"floor":19.0,"key":"War Paint"},{"floor":19.0,"key":"StuffTheSpire:EmeraldSignet"},{"floor":19.0,"key":"Replay:Kaleidoscope"},{"floor":26.0,"key":"Chameleon Ring"},{"floor":27.0,"key":"hubris:Potato"},{"floor":28.0,"key":"infinitespire:CheckeredPen"},{"floor":36.0,"key":"Bird Faced Urn"},{"floor":40.0,"key":"StrikeDummy"},{"floor":42.0,"key":"hubris:Teleporter"},{"floor":43.0,"key":"Replay:Bottled Steam"},{"floor":48.0,"key":"hubris:SlimyHat"},{"floor":54,"key":"hubris:CrystalStatue"}],"event_choices":[{"damage_healed":0.0,"max_hp_gain":0.0,"max_hp_loss":0.0,"gold_gain":0.0,"event_name":"Upgrade Shrine","player_choice":"Upgraded","floor":5.0,"gold_loss":0.0,"damage_taken":0.0,"cards_upgraded":["Immolate"]},{"damage_healed":0.0,"max_hp_gain":0.0,"max_hp_loss":0.0,"gold_gain":0.0,"event_name":"betterSkull:BetterSkull","player_choice":"RE UP ","floor":31.0,"gold_loss":0.0,"damage_taken":32.0,"cards_upgraded":["Body Slam"],"relics_obtained":["MawBank"]},{"damage_healed":0.0,"max_hp_gain":0.0,"max_hp_loss":0.0,"gold_gain":0.0,"event_name":"Mysterious Sphere","player_choice":"Fight","floor":36.0,"gold_loss":0.0,"damage_taken":0.0},{"damage_healed":0.0,"max_hp_gain":0.0,"max_hp_loss":0.0,"gold_gain":0.0,"event_name":"WeMeetAgain","player_choice":"Gave Potion","floor":44.0,"gold_loss":0.0,"damage_taken":0.0,"relics_obtained":["StuffTheSpire:BottledHeartBeat"]}],"is_beta":false,"boss_relics":[{"not_picked":["Snecko Heart","Busted Crown"],"picked":"Abe\u0027s Treasure"},{"not_picked":["Pandora\u0027s Box","Replay:Bronze Core"],"picked":"Honey Jar"}],"items_purged_floors":[22],"is_endless":false,"potions_floor_spawned":[1,2,6,14,16,18,21,25,35,38,40,42,46],"ascension_level":1}}