{"host":"8is2j71l4wmybkoi","time":1612532574,"event":{"mods":["AchievementEnabler","BaseMod","Colored Map","Minty Spire (QoL Compilation)","Rare Cards Sparkle","StSLib","SuperFastMode"],"gold_per_floor":[118,118,118,73,91,91,123,142,142,142,160,189,202,232,232,306,306,318,1,51,70,70,70,105,105,105,105,105,105,115,145,145,145,145],"floor_reached":33,"language":"KOR","playtime":1045,"items_purged":["Strike_R"],"score":639,"play_id":"c2649af2-0234-4187-ae5e-de8cb8735995","local_time":"20210205224254","is_ascension_mode":true,"campfire_choices":[{"data":"Armaments","floor":6.0,"key":"SMITH"},{"data":"Flex","floor":10.0,"key":"SMITH"},{"data":"Bash","floor":15.0,"key":"SMITH"},{"data":"Blood for Blood","floor":23.0,"key":"SMITH"},{"floor":25.0,"key":"REST"},{"floor":29.0,"key":"REST"},{"data":"Inflame","floor":32,"key":"SMITH"}],"circlet_count":0,"master_deck":["AscendersBane","Defend_R","Defend_R","Defend_R","Defend_R","Bash+1","Sword Boomerang","Flex+1","Armaments+1","Rage","Blood for Blood+1","Feed","Panacea","Inflame+1","Necronomicurse","Bite","Bite","Bite","Bite","Bite","Bloodletting"],"relics":["Burning Blood","NeowsBlessing","White Beast Statue","Singing Bowl","Gremlin Horn","Nunchaku","Mark of Pain","Medical Kit","HornCleat","Shuriken","Necronomicon","CeramicFish"],"acts_visited":["Exordium","TheCity"],"potions_floor_usage":[31,33],"damage_taken":[{"damage":0.0,"enemies":"Cultist","floor":1.0,"turns":1.0},{"damage":0.0,"enemies":"Jaw Worm","floor":5.0,"turns":1.0},{"damage":0.0,"enemies":"3 Sentries","floor":7.0,"turns":2.0},{"damage":1.0,"enemies":"2 Louse","floor":8.0,"turns":3.0},{"damage":7.0,"enemies":"Looter","floor":11.0,"turns":4.0},{"damage":18.0,"enemies":"Gremlin Nob","floor":12.0,"turns":4.0},{"damage":8.0,"enemies":"3 Louse","floor":13.0,"turns":3.0},{"damage":32.0,"enemies":"3 Sentries","floor":14.0,"turns":7.0},{"damage":16.0,"enemies":"The Guardian","floor":16.0,"turns":13.0},{"damage":7.0,"enemies":"3 Byrds","floor":18.0,"turns":6.0},{"damage":12.0,"enemies":"Shell Parasite","floor":21.0,"turns":6.0},{"damage":46.0,"enemies":"Book of Stabbing","floor":24.0,"turns":5.0},{"damage":0.0,"enemies":"Snecko","floor":30.0,"turns":2.0},{"damage":0,"enemies":"Gremlin Leader","floor":31,"turns":5},{"damage":90,"enemies":"Collector","floor":33,"turns":7}],"seed_played":"1272899654403569776","potions_obtained":[{"floor":1.0,"key":"LiquidMemories"},{"floor":8.0,"key":"Energy Potion"},{"floor":12.0,"key":"Fruit Juice"},{"floor":13.0,"key":"Dexterity Potion"},{"floor":14.0,"key":"PowerPotion"},{"floor":16.0,"key":"Energy Potion"},{"floor":18.0,"key":"GamblersBrew"},{"floor":21.0,"key":"SneckoOil"},{"floor":24.0,"key":"SpeedPotion"},{"floor":30.0,"key":"FearPotion"},{"floor":31,"key":"Energy Potion"}],"is_trial":false,"path_per_floor":["M","?","?","$","M","R","E","M","T","R","M","E","M","E","R","B",null,"M","$","?","M","?","R","E","R","T","?","?","R","M","E","R","B"],"character_chosen":"IRONCLAD","items_purchased":["Flex","Medical Kit","Panacea"],"campfire_rested":2,"item_purchase_floors":[4,19,19],"current_hp_per_floor":[74,79,79,79,80,80,80,80,80,80,79,69,74,50,50,40,78,79,79,79,77,48,48,10,41,41,20,20,41,51,68,68,0,0],"gold":145,"neow_bonus":"THREE_ENEMY_KILL","is_daily":false,"chose_seed":false,"campfire_upgraded":5,"win_rate":0.0,"timestamp":1612532574,"path_taken":["M","?","?","$","M","R","E","M","T","R","M","E","?","E","R","BOSS","M","$","?","M","?","R","E","R","T","?","?","R","?","E","R","BOSS"],"items_purchased_type":["Card","Relic","Card"],"build_version":"2020-12-22","purchased_purges":1,"victory":false,"max_hp_per_floor":[75,80,80,80,80,80,80,80,80,80,80,82,89,91,91,91,91,93,93,93,97,102,102,104,104,104,104,72,72,72,77,77,77,77],"card_choices":[{"not_picked":["Thunderclap","Headbutt"],"picked":"Sword Boomerang","floor":1.0},{"not_picked":["Entrench","Anger"],"picked":"Armaments","floor":5.0},{"not_picked":["Sword Boomerang","Body Slam"],"picked":"Rage","floor":7.0},{"not_picked":["Twin Strike","Evolve","Clothesline"],"picked":"SKIP","floor":8.0},{"not_picked":["Ghostly Armor","True Grit"],"picked":"Blood for Blood","floor":11.0},{"not_picked":["Wild Strike","Twin Strike","Dropkick"],"picked":"Singing Bowl","floor":12.0},{"not_picked":["Rage","Juggernaut","Infernal Blade"],"picked":"Singing Bowl","floor":13.0},{"not_picked":["Thunderclap","Pummel","Perfected Strike"],"picked":"Singing Bowl","floor":14.0},{"not_picked":["Juggernaut","Corruption"],"picked":"Feed","floor":16.0},{"not_picked":["Heavy Blade","Pummel","Entrench"],"picked":"Singing Bowl","floor":18.0},{"not_picked":["True Grit+1","Flex+1"],"picked":"Inflame","floor":21.0},{"not_picked":["Carnage","Inflame","Dual Wield"],"picked":"Singing Bowl","floor":24.0},{"not_picked":["Clothesline","Havoc"],"picked":"Bloodletting","floor":30.0},{"not_picked":["Seeing Red","Headbutt","Feel No Pain"],"picked":"Singing Bowl","floor":31}],"player_experience":993112,"relics_obtained":[{"floor":7.0,"key":"White Beast Statue"},{"floor":9.0,"key":"Singing Bowl"},{"floor":12.0,"key":"Gremlin Horn"},{"floor":14.0,"key":"Nunchaku"},{"floor":24.0,"key":"HornCleat"},{"floor":26.0,"key":"Shuriken"},{"floor":27.0,"key":"Necronomicon"},{"floor":31,"key":"CeramicFish"}],"event_choices":[{"damage_healed":0.0,"max_hp_gain":5.0,"max_hp_loss":0.0,"gold_gain":0.0,"event_name":"Big Fish","player_choice":"Donut","floor":2.0,"gold_loss":0.0,"damage_taken":0.0},{"cards_removed":["Strike_R"],"damage_healed":0.0,"max_hp_gain":0.0,"max_hp_loss":0.0,"gold_gain":0.0,"event_name":"Purifier","player_choice":"Purged","floor":3.0,"gold_loss":0.0,"damage_taken":0.0},{"damage_healed":0.0,"max_hp_gain":0.0,"max_hp_loss":0.0,"gold_gain":50.0,"event_name":"Nest","player_choice":"Stole From Cult","floor":20.0,"gold_loss":0.0,"damage_taken":0.0},{"damage_healed":0.0,"max_hp_gain":5.0,"max_hp_loss":0.0,"gold_gain":0.0,"event_name":"Forgotten Altar","player_choice":"Shed Blood","floor":22.0,"gold_loss":0.0,"damage_taken":34.0},{"damage_healed":0.0,"max_hp_gain":0.0,"max_hp_loss":0.0,"gold_gain":0.0,"event_name":"Cursed Tome","player_choice":"Obtained Book","floor":27.0,"gold_loss":0.0,"damage_taken":21.0},{"damage_healed":0.0,"max_hp_gain":0.0,"max_hp_loss":32.0,"gold_gain":0.0,"event_name":"Vampires","player_choice":"Became a vampire","floor":28.0,"gold_loss":0.0,"damage_taken":0.0,"cards_obtained":["Bite","Bite","Bite","Bite","Bite"]}],"is_beta":false,"boss_relics":[{"not_picked":["Busted Crown","Philosopher\u0027s Stone"],"picked":"Mark of Pain"}],"items_purged_floors":[19],"is_endless":false,"potions_floor_spawned":[1,8,11,12,13,14,16,18,21,24,30,31],"killed_by":"Collector","ascension_level":15}}