{"host":"kjehzzhcyp0nyrrl","time":1612534606,"event":{"mods":["100% Spire Juice","AchievementEnabler","BaseMod","Hermit","Keyboard Shortcuts","Koishi","Minty Spire (QoL Compilation)","StSLib","SuperFastMode","The Dragon Tamer","everything is the same but u backflip on backflip"],"gold_per_floor":[113,127,77,96,96,96,110,124,148,148,161,185,185,198,198,198,198],"floor_reached":16,"language":"KOR","playtime":466,"items_purged":[],"score":127,"play_id":"806547e7-bed0-4b01-a546-af074e3c366b","local_time":"20210205231646","is_ascension_mode":true,"campfire_choices":[{"data":"Battle Trance","floor":6,"key":"SMITH"},{"data":"True Grit","floor":10,"key":"SMITH"},{"data":"Sword Boomerang","floor":15,"key":"SMITH"}],"circlet_count":0,"master_deck":["Strike_R","Strike_R","Strike_R","Strike_R","Defend_R","Defend_R","Defend_R","Bash+1","Battle Trance+1","Shrug It Off","True Grit+1","Sword Boomerang+1","Shrug It Off","Iron Wave"],"relics":["Burning Blood","Bronze Scales","Odd Mushroom"],"acts_visited":["Exordium"],"potions_floor_usage":[7,12],"damage_taken":[{"damage":7,"enemies":"Jaw Worm","floor":1,"turns":4},{"damage":6,"enemies":"2 Louse","floor":2,"turns":4},{"damage":6,"enemies":"Cultist","floor":4,"turns":4},{"damage":15,"enemies":"Large Slime","floor":7,"turns":9},{"damage":6,"enemies":"3 Louse","floor":8,"turns":5},{"damage":29,"enemies":"Exordium Thugs","floor":11,"turns":8},{"damage":16,"enemies":"The Mushroom Lair","floor":12,"turns":5},{"damage":0,"enemies":"Red Slaver","floor":14,"turns":4},{"damage":33,"enemies":"Slime Boss","floor":16,"turns":6}],"seed_played":"-4600540891863297908","potions_obtained":[{"floor":1,"key":"ColorlessPotion"},{"floor":2,"key":"Weak Potion"},{"floor":8,"key":"LiquidMemories"},{"floor":11,"key":"SpeedPotion"},{"floor":14,"key":"BloodPotion"}],"is_trial":false,"path_per_floor":["M","M","?","M","?","R","M","M","T","R","M","?","?","M","R","B"],"character_chosen":"IRONCLAD","items_purchased":[],"campfire_rested":0,"item_purchase_floors":[],"current_hp_per_floor":[71,71,71,71,71,71,62,62,62,62,39,29,29,35,35,2,2],"gold":198,"neow_bonus":"UPGRADE_CARD","is_daily":false,"chose_seed":false,"campfire_upgraded":3,"win_rate":0.0,"timestamp":1612534606,"path_taken":["M","M","?","M","?","R","M","M","T","R","?","?","?","?","R","BOSS"],"items_purchased_type":[],"build_version":"2020-12-22","purchased_purges":0,"victory":false,"max_hp_per_floor":[80,80,80,80,80,80,80,80,80,80,80,80,80,80,80,80,80],"card_choices":[{"not_picked":["Spot Weakness","Heavy Blade"],"picked":"Battle Trance","floor":1},{"not_picked":["Intimidate","Warcry","Body Slam"],"picked":"SKIP","floor":2},{"not_picked":["Heavy Blade","Pommel Strike"],"picked":"Shrug It Off","floor":4},{"not_picked":["Reckless Charge","Seeing Red"],"picked":"True Grit","floor":7},{"not_picked":["Cleave","Rupture"],"picked":"Sword Boomerang","floor":8},{"not_picked":["Burning Pact","Sever Soul","Cleave"],"picked":"SKIP","floor":11},{"not_picked":["Combust","Cleave"],"picked":"Shrug It Off","floor":12},{"not_picked":["Combust","Cleave"],"picked":"Iron Wave","floor":14}],"player_experience":391823,"relics_obtained":[{"floor":9,"key":"Bronze Scales"},{"floor":12,"key":"Odd Mushroom"}],"event_choices":[{"cards_removed":["Strike_R"],"damage_healed":0,"gold_gain":0,"player_choice":"Card Removal","damage_taken":0,"max_hp_gain":0,"max_hp_loss":0,"event_name":"The Cleric","floor":3,"gold_loss":50},{"cards_removed":["Defend_R"],"damage_healed":0,"gold_gain":0,"player_choice":"Purged","damage_taken":0,"max_hp_gain":0,"max_hp_loss":0,"event_name":"Purifier","floor":5,"gold_loss":0},{"damage_healed":0,"gold_gain":0,"player_choice":"Fought Mushrooms","damage_taken":0,"max_hp_gain":0,"max_hp_loss":0,"event_name":"Mushrooms","floor":12,"gold_loss":0},{"damage_healed":0,"gold_gain":0,"player_choice":"Bought 0 Potions","damage_taken":0,"max_hp_gain":0,"max_hp_loss":0,"event_name":"The Woman in Blue","floor":13,"gold_loss":0}],"is_beta":false,"boss_relics":[],"items_purged_floors":[],"is_endless":false,"potions_floor_spawned":[1,2,8,11,14],"killed_by":"Slime Boss","ascension_level":7}}