{"host":"8kd0mw0b4mjhs7vl","time":1612540491,"event":{"mods":["BaseMod","Colored Map","Conspire","Downfall","Friendly Minions","Minty Spire (QoL Compilation)","Replay The Spire","StSLib","SuperFastMode"],"gold_per_floor":[112,35,35,35,51,80,98,98,98,98,98],"floor_reached":10,"language":"ENG","playtime":423,"items_purged":[],"score":109,"play_id":"2479205c-1f3c-4ee0-9163-da35e4febf61","local_time":"20210205155451","is_ascension_mode":true,"campfire_choices":[{"floor":8,"key":"REST"}],"circlet_count":0,"master_deck":["AscendersBane","Strike_G","Strike_G","Strike_G","Strike_G","Defend_G","Defend_G","Defend_G","Defend_G","Defend_G","Survivor","Neutralize","Bullet Time","Draining Mist","Well Laid Plans","ReplayTheSpireMod:Speed Training","Fluid Movement","Cloak And Dagger"],"relics":["Ring of the Snake","GremlinMask","Sundial","Bottled Tornado"],"acts_visited":["Exordium"],"potions_floor_usage":[6,10],"damage_taken":[{"damage":1,"enemies":"2 Louse","floor":1,"turns":5},{"damage":3,"enemies":"Cultist","floor":5,"turns":4},{"damage":27,"enemies":"Lagavulin","floor":6,"turns":13},{"damage":16,"enemies":"Small Slimes","floor":7,"turns":6},{"damage":34,"enemies":"3 Sentries","floor":10,"turns":11}],"seed_played":"7202671760336988717","potions_obtained":[{"floor":1,"key":"Adrenaline Potion"},{"floor":5,"key":"Weak Potion"}],"is_trial":false,"path_per_floor":["M","$","?","?","M","E","M","R","T","E"],"character_chosen":"THE_SILENT","items_purchased":["Well Laid Plans"],"campfire_rested":1,"item_purchase_floors":[2],"current_hp_per_floor":[62,62,62,62,59,32,16,34,34,0,0],"gold":98,"neow_bonus":"THREE_RARE_CARDS","is_daily":false,"chose_seed":false,"campfire_upgraded":0,"win_rate":0.0,"timestamp":1612540491,"path_taken":["M","$","?","?","?","E","M","R","T","E"],"items_purchased_type":["Card"],"build_version":"2020-12-22","purchased_purges":0,"victory":false,"max_hp_per_floor":[63,63,63,63,63,63,63,63,63,63,63],"card_choices":[{"not_picked":["Poison Darts","Wraith Form v2"],"picked":"Bullet Time","floor":0},{"not_picked":["Dagger Spray","Acrobatics"],"picked":"Draining Mist","floor":1},{"not_picked":["Quick Slash","Cloak And Dagger"],"picked":"ReplayTheSpireMod:Speed Training","floor":5},{"not_picked":["Flying Knee","Concentrate"],"picked":"Fluid Movement","floor":6},{"not_picked":["Dagger Throw","Prepared"],"picked":"Cloak And Dagger","floor":7}],"player_experience":310848,"relics_obtained":[{"floor":6,"key":"Sundial"},{"floor":9,"key":"Bottled Tornado"}],"event_choices":[{"damage_healed":0,"gold_gain":0,"player_choice":"Trade","damage_taken":0,"relics_obtained":["GremlinMask"],"max_hp_gain":0,"max_hp_loss":0,"event_name":"FaceTrader","floor":4,"gold_loss":0}],"is_beta":false,"boss_relics":[],"items_purged_floors":[],"is_endless":false,"potions_floor_spawned":[1,5],"killed_by":"3 Sentries","ascension_level":13}}