{"host":"h7xtspmc2x3i8s2i","time":1612507233,"event":{"mods":["2.2 Compatiblity","AchievementEnabler","Act Like it!","AlwaysNeverKeys","Aspiration","Astrologer","BaseMod","Bestiary","Better Altar","Better Match","Better Note","Better Sensory Stone","Better Skull","Better Third Choice","Better Vampires","Better-Laid Plans","Colored Map","Colored Powertips","Conjunction","Curses Come First","Defuse TimeMaze Blight","Dio Mod","Disable Question Mark Monsters","Dota2Spire","Downfall","EXCEPTION","Emptier Cage","Energized Spire","Evolution","Friendly Minions","GifTheSpireLib","Gold Saver","Gremlin Skip","Halation","Hubris","Hyrulean Relics","Jedi Mod","Key Reminder","Marked Mod","Minty Spire (QoL Compilation)","Permanent Neow","Potion Indicator Mod","Quick Restart","Random Character Button","Random Character Mod","Rare Cards Sparkle","Relic Filter","Relic Stats","Reliquary","Replay The Spire","SacredBarkPlus","Shop Mod","Smile Girya","Somnambulant","Spicy Shops","Spikes Relics","Spire Birthday Party","StSLib","Steal the Spire","Stuff the Spire","SuperFastMode","The Awakened One except there are too many feathers","The Blue Laboratory","The Cursed","The Death Knight","The Edgeheg","The Problem Sleuth","The Runesmith","The Wild Card","Trackpad","Transform Curses","Uncapped","Unceasing Turn Reminder","Virulent Crown","Wide Potions","everything is the same but u backflip on backflip","slay the spire mod where everything is the same but ironclad has a cowboy hat"],"gold_per_floor":[175,192,29,29,48,48,48,48,64,49,69,83,114,131,142,244,244,44,64,64,64,80,80,104,133,148,183,194,211,111,111,121,217,217,217,230,248,248,267,267,267,267,267,123,139,114,114,144,163,163,163,196,47,47,47,47],"floor_reached":57,"language":"ENG","playtime":2816,"items_purged":["champ:Defend"],"score":1562,"play_id":"8cb141cc-d8d6-43d8-9694-5f3a000ab396","local_time":"20210205014033","is_ascension_mode":true,"campfire_choices":[{"floor":1,"key":"RECALL"},{"data":"champ:StanceDance","floor":18,"key":"SMITH"},{"data":"champ:StanceDance","floor":23,"key":"SMITH"},{"floor":30,"key":"REST"},{"data":"champ:StanceDance","floor":35,"key":"SMITH"},{"floor":40,"key":"REST"},{"data":"champ:FancyFootwork","floor":42,"key":"SMITH"},{"data":"champ:Improvising","floor":47,"key":"SMITH"},{"data":"Magnetism","floor":54,"key":"SMITH"}],"circlet_count":0,"master_deck":["champ:PreciseThrust","champ:PreciseThrust","champ:Strike","champ:Defend","champ:Defend","champ:Execute","champ:Taunt+1","champ:RageSigil+1","jedi:MakeshiftSword","champ:FlashCut","champ:BerserkerStyle","champ:GutPunch","champ:StanceDance+1","champ:StanceDance+1","champ:Improvising+1","champ:CalledShot+1","Magnetism+1","champ:StanceDance+1","champ:FanOfKnives","champ:FancyFootwork+1","champ:GutPunch","champ:FanOfKnives","champ:EnchantCrown","champ:FanOfKnives","champ:RageSigil+1","champ:FancyFootwork+1","champ:StanceDance","champ:Backstep","champ:FaceSlap","champ:RageSigil","champ:FaceSlap","champ:StrikeOfGenius"],"relics":["champ:ChampionCrown","EVO:Axolotl","MerchantsRug","StrikeDummy","StuffTheSpire:OldFever","hubris:ScarierMask","downfall:HeartBlessingRed","downfall:HeartBlessingGreen","Oddly Smooth Stone","PreservedInsect","Dota2Spire:MonkeyKingBar","Akabeko","downfall:HeartBlessingBlue","Thread and Needle","hubris:Towel","Vajra","Lantern","trackpad:Mousetrap","LugNut","Replay:Baseball"],"acts_visited":["Exordium","TheCity","TheBeyond","TheEnding"],"potions_floor_usage":[10,13,15,19,25,28,29,49,50,50],"damage_taken":[{"damage":15,"enemies":"Jaw Worm","floor":2,"turns":4},{"damage":20,"enemies":"downfall:FleeingMerchant","floor":3,"turns":4},{"damage":0,"enemies":"2 Louse","floor":5,"turns":3},{"damage":5,"enemies":"Cultist","floor":9,"turns":4},{"damage":11,"enemies":"downfall:FleeingMerchant","floor":10,"turns":4},{"damage":10,"enemies":"2 Fungi Beasts","floor":11,"turns":2},{"damage":17,"enemies":"Red Slaver","floor":12,"turns":3},{"damage":67,"enemies":"Lagavulin","floor":13,"turns":5},{"damage":7,"enemies":"Lots of Slimes","floor":14,"turns":2},{"damage":14,"enemies":"Large Slime","floor":15,"turns":4},{"damage":33,"enemies":"DF_ARCHETYPE_STREAMLINE","floor":16,"turns":9},{"damage":21,"enemies":"3 Byrds","floor":19,"turns":3},{"damage":20,"enemies":"Shell Parasite","floor":22,"turns":6},{"damage":0,"enemies":"Slavers","floor":25,"turns":3},{"damage":28,"enemies":"Centurion and Healer","floor":26,"turns":3},{"damage":15,"enemies":"Gremlin Leader","floor":27,"turns":3},{"damage":0,"enemies":"Snake Plant","floor":28,"turns":2},{"damage":0,"enemies":"Sentry and Sphere","floor":29,"turns":1},{"damage":0,"enemies":"3 Cultists","floor":32,"turns":3},{"damage":38,"enemies":"WA_ARCHETYPE_CALM","floor":33,"turns":8},{"damage":42,"enemies":"3 Shapes","floor":36,"turns":3},{"damage":7,"enemies":"3 Darklings","floor":37,"turns":3},{"damage":0,"enemies":"Sphere and 2 Shapes","floor":39,"turns":1},{"damage":20,"enemies":"downfall:FleeingMerchant","floor":44,"turns":4},{"damage":21,"enemies":"Writhing Mass","floor":45,"turns":5},{"damage":0,"enemies":"downfall:FleeingMerchant","floor":46,"turns":3},{"damage":10,"enemies":"Nemesis","floor":48,"turns":3},{"damage":23,"enemies":"4 Shapes","floor":49,"turns":2},{"damage":57,"enemies":"IC_BLOCK_ARCHETYPE","floor":50,"turns":7},{"damage":5,"enemies":"downfall:CharBossMerchant","floor":52,"turns":3},{"damage":63,"enemies":"downfall:NeowBoss","floor":55,"turns":11},{"damage":15,"enemies":"downfall:NeowBossFinal","floor":56,"turns":5}],"seed_played":"862010429374121458","potions_obtained":[{"floor":2,"key":"LifebloodPotion"},{"floor":12,"key":"blueLaboratory:BottledHope"},{"floor":13,"key":"jedi:holywater"},{"floor":14,"key":"SkillPotion"},{"floor":16,"key":"AttackPotion"},{"floor":22,"key":"blueLaboratory:HorrorPotion"},{"floor":25,"key":"FairyPotion"},{"floor":27,"key":"blueLaboratory:AbyssPotion"},{"floor":28,"key":"blueLaboratory:FruitPunch"},{"floor":45,"key":"Ancient Potion"},{"floor":48,"key":"GamblersBrew"},{"floor":49,"key":"Milkshake"}],"is_trial":false,"path_per_floor":["R_BF","M","$","?","M","?","T","?","M","$","M","M","E","M","M","B",null,"R","M","?","?","M","R","T","E","M","E","M","M","R","?","M","B",null,"R","M","M","?","M","R","T","R","?","$","M","$","R","E","M","B",null,"E","$","R","B","B",null],"character_chosen":"THE_CHAMP","items_purchased":["MerchantsRug","Vajra","champ:Backstep","champ:FaceSlap","Lantern","Replay:Baseball"],"campfire_rested":2,"item_purchase_floors":[3,44,46,46,46,53],"current_hp_per_floor":[90,90,90,90,90,73,73,73,73,82,82,82,56,56,49,40,90,90,90,90,70,70,70,70,70,42,42,42,44,84,84,84,78,102,102,67,67,67,67,97,97,97,97,89,80,80,80,80,64,59,102,102,102,102,91,91],"gold":47,"neow_bonus":"REMOVE_CARD","is_daily":false,"chose_seed":false,"campfire_upgraded":6,"win_rate":0.0,"timestamp":1612507233,"path_taken":["R_BF","M","$","?","M","?","T","?","?","?","?","M","E","M","M","BOSS","R","M","?","?","?","R","T","E","?","E","M","M","R","?","M","BOSS","R","M","M","?","M","R","T","R","?","$","?","$","R","E","M","BOSS","E","$","R","BOSS","BOSS"],"items_purchased_type":["Relic","Relic","Card","Card","Relic","Relic"],"build_version":"2020-12-22","purchased_purges":1,"victory":true,"max_hp_per_floor":[90,90,90,90,90,90,90,90,90,90,90,90,90,90,90,90,90,90,90,90,90,90,90,90,90,90,90,90,92,102,102,102,102,102,102,102,102,102,102,102,102,102,102,102,102,102,102,102,102,102,102,102,102,102,102,102],"relic_stats":{"counters":[32,126],"PreservedInsect":230,"obtain_stats":[{"MerchantsRug":3,"trackpad:Mousetrap":48,"Lantern":46,"downfall:HeartBlessingRed":18,"Oddly Smooth Stone":21,"Vajra":44,"champ:ChampionCrown":0,"downfall:HeartBlessingGreen":18,"Thread and Needle":41,"PreservedInsect":24,"EVO:Axolotl":0,"hubris:Towel":43,"Akabeko":27,"keyreminder:keyreminder":1,"Replay:Baseball":53,"downfall:HeartBlessingBlue":30,"hubris:ScarierMask":17,"StrikeDummy":6,"Dota2Spire:MonkeyKingBar":25,"StuffTheSpire:OldFever":13,"LugNut":52},{"MerchantsRug":2,"trackpad:Mousetrap":27,"Lantern":26,"downfall:HeartBlessingRed":11,"Oddly Smooth Stone":12,"Vajra":24,"champ:ChampionCrown":0,"downfall:HeartBlessingGreen":11,"Thread and Needle":23,"PreservedInsect":13,"EVO:Axolotl":0,"hubris:Towel":23,"Akabeko":16,"keyreminder:keyreminder":0,"Replay:Baseball":30,"downfall:HeartBlessingBlue":18,"hubris:ScarierMask":11,"StrikeDummy":3,"Dota2Spire:MonkeyKingBar":14,"StuffTheSpire:OldFever":8,"LugNut":30},{"MerchantsRug":8,"trackpad:Mousetrap":98,"Lantern":95,"downfall:HeartBlessingRed":44,"Oddly Smooth Stone":47,"Vajra":87,"champ:ChampionCrown":0,"downfall:HeartBlessingGreen":44,"Thread and Needle":83,"PreservedInsect":53,"EVO:Axolotl":0,"hubris:Towel":83,"Akabeko":62,"keyreminder:keyreminder":0,"Replay:Baseball":110,"downfall:HeartBlessingBlue":65,"hubris:ScarierMask":44,"StrikeDummy":11,"Dota2Spire:MonkeyKingBar":56,"StuffTheSpire:OldFever":29,"LugNut":110}]},"card_choices":[{"not_picked":["champ:ShieldSigil","champ:BerserkersShout","champ:HeartStrike"],"picked":"SKIP","floor":2},{"not_picked":["champ:BladeFlurry","champ:RapidStrikes","champ:TornadoPunch"],"picked":"SKIP","floor":3},{"not_picked":["champ:Endure","champ:Shatter"],"picked":"champ:RageSigil","floor":5},{"not_picked":["champ:HeartStrike","champ:Lariat"],"picked":"champ:FlashCut","floor":9},{"not_picked":["champ:HeavySlash","champ:Circumvent","champ:DefensiveShout"],"picked":"SKIP","floor":10},{"not_picked":["champ:BladeFlurry","champ:AdrenalArmor"],"picked":"champ:BerserkerStyle","floor":11},{"not_picked":["champ:TornadoPunch","champ:AdrenalArmor"],"picked":"champ:GutPunch","floor":12},{"not_picked":["champ:RapidStrikes","champ:ShieldSlam","champ:Haymaker"],"picked":"SKIP","floor":13},{"not_picked":["champ:GutPunch","champ:FocusedBerserking"],"picked":"champ:StanceDance","floor":14},{"not_picked":["champ:RisingSlash","champ:CrookedStrike"],"picked":"champ:StanceDance","floor":15},{"not_picked":["champ:TripleStrike","champ:SteelEdge"],"picked":"champ:Improvising","floor":16},{"not_picked":["champ:CrownThrow","champ:TornadoPunch"],"picked":"champ:CalledShot+1","floor":19},{"not_picked":["Replay:BasicMightCard","Feint"],"picked":"Magnetism","floor":20},{"not_picked":["champ:TornadoPunch+1","champ:RageSigil"],"picked":"champ:StanceDance","floor":22},{"not_picked":["champ:Circumvent","champ:RageSigil"],"picked":"champ:FanOfKnives","floor":25},{"not_picked":["champ:Circumvent","champ:BerserkersShout"],"picked":"champ:FancyFootwork","floor":26},{"not_picked":["champ:Endure","champ:EnGarde","champ:MurderStrike"],"picked":"SKIP","floor":27},{"not_picked":["champ:FalseCounter","champ:FaceSlap"],"picked":"champ:GutPunch","floor":28},{"not_picked":["champ:HeartStrike","champ:FalseCounter","champ:Parry"],"picked":"SKIP","floor":29},{"not_picked":["champ:PerfectedStrike","champ:FalseCounter"],"picked":"champ:FanOfKnives","floor":32},{"not_picked":["champ:CheapShot","champ:MurderStrike"],"picked":"champ:EnchantCrown","floor":33},{"not_picked":["champ:BerserkerStyle","champ:TornadoPunch+1","champ:RapidStrikes"],"picked":"SKIP","floor":36},{"not_picked":["champ:EnGarde","champ:RapidStrikes+1"],"picked":"champ:FanOfKnives","floor":37},{"not_picked":["champ:Parry+1","champ:DefensiveShout+1","champ:Shatter+1"],"picked":"SKIP","floor":39},{"not_picked":["champ:Encircle","champ:IronFortress+1"],"picked":"champ:RageSigil+1","floor":44},{"not_picked":["champ:DefensiveShout+1","champ:AdrenalArmor+1"],"picked":"champ:FancyFootwork+1","floor":45},{"not_picked":["champ:MurderStrike","champ:Circumvent"],"picked":"champ:StanceDance","floor":46},{"not_picked":["champ:FaceSlap","champ:ArenaPreparation+1"],"picked":"champ:RageSigil","floor":48},{"not_picked":["champ:RapidStrikes","champ:EnGarde"],"picked":"champ:FaceSlap","floor":49},{"not_picked":["champ:GladiatorStyle","champ:Encircle"],"picked":"champ:StrikeOfGenius","floor":52}],"player_experience":378237,"relics_obtained":[{"floor":13,"key":"StuffTheSpire:OldFever"},{"floor":24,"key":"PreservedInsect"},{"floor":25,"key":"Dota2Spire:MonkeyKingBar"},{"floor":27,"key":"Akabeko"},{"floor":41,"key":"Thread and Needle"},{"floor":48,"key":"trackpad:Mousetrap"},{"floor":52,"key":"LugNut"}],"event_choices":[{"damage_healed":0,"gold_gain":2,"player_choice":"1","damage_taken":0,"max_hp_gain":0,"max_hp_loss":0,"event_name":"betterStone:BetterStone","floor":20,"gold_loss":0},{"damage_healed":0,"gold_gain":0,"player_choice":"RE ","damage_taken":22,"relics_obtained":["Oddly Smooth Stone"],"max_hp_gain":0,"max_hp_loss":0,"event_name":"betterSkull:BetterSkull","floor":21,"gold_loss":0,"cards_upgraded":[]},{"cards_removed":["champ:Strike"],"damage_healed":0,"gold_gain":0,"player_choice":"Removed Attack","damage_taken":0,"max_hp_gain":0,"max_hp_loss":0,"event_name":"Falling","floor":38,"gold_loss":0}],"is_beta":false,"boss_relics":[{"not_picked":["halation:ForbiddenBikini","Replay:Ancient Bell"],"picked":"hubris:ScarierMask"},{"not_picked":["theSleuth:MegatonKey","jedi:battlestandard","halation:Risk"]}],"items_purged_floors":[46],"is_endless":false,"potions_floor_spawned":[2,12,13,14,16,22,25,27,28,45,48,49],"ascension_level":3}}