{"host":"4gr5irrdjh39ysed","time":1612487278,"event":{"mods":["AchievementEnabler","BaseMod","Colored Map","Downfall","Hermit","Minty Spire (QoL Compilation)","Random Character Button","StSLib","The Construct","The Cursed","The Disciple","The Hierophant","The Mystic","The Necromancer","The Runesmith"],"gold_per_floor":[99,119,138,63,73,23,23,123,143,155,168,202,32,42,59,162,162,12,25,25,41,112,62,114,149,168,182,32,51,65,85,105,206,206,56,67,81,44,94,44,118,144,144,170,170,200,110,145,162,162,162,196,16,16,16,16],"floor_reached":57,"language":"ENG","playtime":4904,"items_purged":["Slimebound:Defend_Slimebound+1","Slimebound:CorrosiveSpit"],"score":1494,"play_id":"669a947f-cd89-444f-93bb-2541705979d2","local_time":"20210204180758","is_ascension_mode":true,"campfire_choices":[{"floor":1,"key":"RECALL"},{"data":"Slimebound:Repurpose","floor":6,"key":"SMITH"},{"data":"Slimebound:SelfFormingGoo","floor":18,"key":"SMITH"},{"data":"Slimebound:OozeBath","floor":23,"key":"SMITH"},{"data":"Slimebound:TagTeam","floor":28,"key":"SMITH"},{"data":"Slimebound:PrepareCrush","floor":35,"key":"SMITH"},{"data":"Slimebound:SlimeBarrage","floor":40,"key":"SMITH"},{"data":"Slimebound:FirmFortitude","floor":54,"key":"SMITH"}],"circlet_count":0,"master_deck":["Slimebound:Tackle+1","Slimebound:Split+1","Slimebound:Repurpose+1","Slimebound:Teamwork","Slimebound:MegaLick","Slimebound:GrowthPunch+1","Slimebound:LevelUp+1","Slimebound:SelfFormingGoo+1","Slimebound:SplitSpecialist+1","Slimebound:PrepareCrush+1","Slimebound:TagTeam+1","Slimebound:SamplingLick","Slimebound:RainOfGoop","Slimebound:OozeBath+1","CurseOfTheBell","Slimebound:DivideAndConquer+1","Bite+1","Bite","Bite+1","Bite","Slimebound:SelfFormingGoo+1","Slimebound:GoopSpray+1","Slimebound:Replication+1","Slimebound:HungryTackle","Slimebound:Chomp","Slimebound:SlimeBarrage+1","Slimebound:Darklings","Slimebound:Prepare+1","Slimebound:OozeBath+1","Slimebound:FormOfPuddle+1","Slimebound:LeechEnergy+1","Slimebound:PressTheAttack+1","Slimebound:Darklings","Slimebound:LeechLife","Slimebound:SlimeBarrage","Slimebound:Repurpose+1","Slimebound:LevelUp","Slimebound:FirmFortitude+1"],"relics":["Slimebound:AbsorbEndCombat","Slimebound:GreedOozeRelic","Whetstone","construct:RocketBooster","Calling Bell","Kunai","Calipers","downfall:HeartBlessingRed","Bag of Marbles","Unceasing Top","downfall:HeartBlessingGreen","Astrolabe","downfall:HeartBlessingBlue","Gambling Chip","Singing Bowl","Akabeko","Ginger","Runesmith:Nanobots","Meat on the Bone","InkBottle"],"acts_visited":["Exordium","TheCity","TheBeyond","TheEnding"],"potions_floor_usage":[12,16,19,26,33,37,38,44,47,56],"damage_taken":[{"damage":19,"enemies":"Cultist","floor":2,"turns":4},{"damage":15,"enemies":"Jaw Worm","floor":3,"turns":3},{"damage":11,"enemies":"2 Louse","floor":5,"turns":2},{"damage":11,"enemies":"Blue Slaver","floor":9,"turns":3},{"damage":6,"enemies":"Exordium Wildlife","floor":10,"turns":3},{"damage":16,"enemies":"2 Fungi Beasts","floor":11,"turns":3},{"damage":19,"enemies":"3 Sentries","floor":12,"turns":4},{"damage":10,"enemies":"downfall:FleeingMerchant","floor":13,"turns":4},{"damage":21,"enemies":"Large Slime","floor":14,"turns":3},{"damage":6,"enemies":"Lots of Slimes","floor":15,"turns":3},{"damage":33,"enemies":"WA_ARCHETYPE_RETAIN","floor":16,"turns":7},{"damage":8,"enemies":"Chosen","floor":19,"turns":3},{"damage":44,"enemies":"3 Cultists","floor":21,"turns":5},{"damage":89,"enemies":"Gremlin Leader","floor":25,"turns":7},{"damage":71,"enemies":"Centurion and Healer","floor":26,"turns":7},{"damage":44,"enemies":"Snake Plant","floor":27,"turns":3},{"damage":1,"enemies":"Snecko","floor":29,"turns":3},{"damage":24,"enemies":"Centurion and Healer","floor":30,"turns":5},{"damage":15,"enemies":"Chosen and Byrds","floor":31,"turns":5},{"damage":61,"enemies":"Shelled Parasite and Fungi","floor":32,"turns":5},{"damage":73,"enemies":"IC_MUSHROOM_ARCHETYPE","floor":33,"turns":10},{"damage":38,"enemies":"Orb Walker","floor":36,"turns":4},{"damage":30,"enemies":"3 Darklings","floor":37,"turns":5},{"damage":18,"enemies":"downfall:FleeingMerchant","floor":38,"turns":4},{"damage":84,"enemies":"2 Orb Walkers","floor":39,"turns":5},{"damage":131,"enemies":"Reptomancer","floor":42,"turns":5},{"damage":127,"enemies":"Giant Head","floor":44,"turns":9},{"damage":65,"enemies":"Nemesis","floor":46,"turns":5},{"damage":23,"enemies":"downfall:FleeingMerchant","floor":47,"turns":4},{"damage":85,"enemies":"Reptomancer","floor":48,"turns":4},{"damage":32,"enemies":"Writhing Mass","floor":49,"turns":3},{"damage":204,"enemies":"DF_ARCHETYPE_ORBS","floor":50,"turns":8},{"damage":288,"enemies":"downfall:CharBossMerchant","floor":52,"turns":9},{"damage":110,"enemies":"downfall:NeowBoss","floor":55,"turns":13},{"damage":284,"enemies":"downfall:NeowBossFinal","floor":56,"turns":11}],"seed_played":"9087610028510466427","potions_obtained":[{"floor":2,"key":"Fire Potion"},{"floor":5,"key":"Guardian:BlockOnCardUsePotion"},{"floor":11,"key":"Strength Potion"},{"floor":12,"key":"SpeedPotion"},{"floor":16,"key":"bronze:BurnAndBuffPotion"},{"floor":19,"key":"Swift Potion"},{"floor":31,"key":"Swift Potion"},{"floor":36,"key":"Guardian:BlockOnCardUsePotion"},{"floor":42,"key":"Fire Potion"},{"floor":44,"key":"champ:CounterPotion"},{"floor":46,"key":"Weak Potion"},{"floor":52,"key":"SteroidPotion"}],"is_trial":false,"path_per_floor":["R","M","M","?","M","R","T","?","M","M","M","E","$","M","M","B",null,"R","M","?","M","T","R","T","E","M","M","R","M","M","M","M","B",null,"R","M","M","$","?","R","T","E","?","E","?","E","$","E","M","B",null,"E","$","R","B","B",null],"character_chosen":"SLIMEBOUND","items_purchased":["Slimebound:TagTeam","Slimebound:PressTheAttack","Slimebound:FirmFortitude"],"campfire_rested":0,"item_purchase_floors":[13,38,53],"current_hp_per_floor":[2065,2050,2037,2037,2028,2028,2028,2028,2019,2019,2007,1994,1986,1967,1969,1940,2065,2065,2063,2063,2023,2023,2023,2023,1946,1877,1837,1837,1842,1824,1815,1767,1707,2065,2075,2050,2032,2024,1953,1953,1953,1830,1830,1711,1711,1650,1633,1555,1529,1336,2079,1814,1814,1814,1715,1457],"gold":16,"neow_bonus":"ONE_RANDOM_RARE_CARD","is_daily":false,"chose_seed":false,"campfire_upgraded":7,"win_rate":0.0,"timestamp":1612487278,"path_taken":["R","M","?","?","M","R","T","?","M","M","M","E","$","M","M","BOSS","R","M","?","M","?","R","T","E","M","M","R","M","M","M","M","BOSS","R","M","M","$","?","R","T","E","?","E","?","E","$","E","M","BOSS","E","$","R","BOSS","BOSS"],"items_purchased_type":["Card","Card","Card"],"build_version":"2020-12-22","purchased_purges":2,"victory":true,"max_hp_per_floor":[2065,2065,2065,2065,2065,2065,2065,2065,2065,2065,2065,2065,2065,2065,2065,2065,2065,2065,2065,2065,2065,2065,2065,2065,2065,2065,2065,2065,2065,2065,2065,2065,2065,2065,2075,2075,2075,2075,2075,2075,2075,2077,2077,2077,2077,2077,2077,2079,2079,2079,2079,2081,2081,2081,2081,2081],"card_choices":[{"not_picked":["Slimebound:LivingWall","Slimebound:ComboTackle"],"picked":"Slimebound:Repurpose","floor":2},{"not_picked":["Slimebound:Prepare","Slimebound:SplitSpecialist"],"picked":"Slimebound:Teamwork","floor":3},{"not_picked":["Slimebound:ItLooksTasty","Slimebound:Schlurp"],"picked":"Slimebound:MegaLick","floor":5},{"not_picked":["Slimebound:LeechingTouch","Slimebound:GoopTackle"],"picked":"Slimebound:GrowthPunch","floor":9},{"not_picked":["Slimebound:ItLooksTasty","Slimebound:FinishingTackle"],"picked":"Slimebound:LevelUp","floor":10},{"not_picked":["Slimebound:DivideAndConquer","Slimebound:Nibble"],"picked":"Slimebound:SelfFormingGoo","floor":11},{"not_picked":["Slimebound:MegaLick","Slimebound:ItLooksTasty"],"picked":"Slimebound:SplitSpecialist","floor":12},{"not_picked":["Slimebound:HauntingLick","Slimebound:ItLooksTasty"],"picked":"Slimebound:PrepareCrush","floor":13},{"not_picked":["Slimebound:Gluttony","Slimebound:GoopTackle"],"picked":"Slimebound:SamplingLick","floor":14},{"not_picked":["Slimebound:FormOfPuddle","Slimebound:Dissolve"],"picked":"Slimebound:RainOfGoop","floor":15},{"not_picked":["Slimebound:MassFeed","Slimebound:CheckThePlaybook"],"picked":"Slimebound:OozeBath","floor":16},{"not_picked":["Slimebound:LeechingTouch","Slimebound:PressTheAttack"],"picked":"Slimebound:DivideAndConquer+1","floor":19},{"not_picked":["Slimebound:GoopTackle","Slimebound:SplitLeeching","Slimebound:Dissolve"],"picked":"SKIP","floor":21},{"not_picked":["Slimebound:SlimeTap","Slimebound:GoopTackle"],"picked":"Slimebound:SelfFormingGoo","floor":25},{"not_picked":["Slimebound:SamplingLick","Slimebound:SplitBruiser"],"picked":"Slimebound:GoopSpray+1","floor":26},{"not_picked":["Slimebound:LeechingTouch","Slimebound:RollThrough+1"],"picked":"Slimebound:Replication+1","floor":27},{"not_picked":["Slimebound:ItLooksTasty","Slimebound:SplitBruiser"],"picked":"Slimebound:HungryTackle","floor":29},{"not_picked":["Slimebound:GoopTackle","Slimebound:LeechEnergy"],"picked":"Slimebound:Chomp","floor":30},{"not_picked":["Slimebound:ItLooksTasty","Slimebound:ViciousTackle"],"picked":"Slimebound:SlimeBarrage","floor":31},{"not_picked":["Slimebound:FinishingTackle+1","Slimebound:Prepare+1","Slimebound:LeadByExample"],"picked":"SKIP","floor":32},{"not_picked":["Slimebound:DuplicatedForm","Slimebound:SelfFormingGoo"],"picked":"Slimebound:Darklings","floor":33},{"not_picked":["Slimebound:LeechingTouch+1","Slimebound:HungryTackle+1"],"picked":"Slimebound:LeechEnergy+1","floor":36},{"not_picked":["Slimebound:Prepare","Slimebound:Schlurp+1","Slimebound:HungryTackle+1"],"picked":"SKIP","floor":37},{"not_picked":["Slimebound:GoopTackle","Slimebound:RollThrough+1","Slimebound:BestDefense"],"picked":"SKIP","floor":38},{"not_picked":["Slimebound:LeechingTouch+1","Slimebound:SplitBruiser","Slimebound:ItLooksTasty"],"picked":"Singing Bowl","floor":42},{"not_picked":["Slimebound:SplitBruiser","Slimebound:GrowthPunch"],"picked":"Slimebound:LeechLife","floor":44},{"not_picked":["Slimebound:SplitSpecialist+1","Slimebound:SplitLeeching+1"],"picked":"Slimebound:SlimeBarrage","floor":46},{"not_picked":["Slimebound:MegaLick+1","Slimebound:LeechEnergy"],"picked":"Slimebound:Repurpose+1","floor":47},{"not_picked":["Slimebound:LeechingTouch+1","Slimebound:SamplingLick","Slimebound:AcidTongue"],"picked":"Singing Bowl","floor":48},{"not_picked":["Slimebound:SplitAcid+1","Slimebound:LeechEnergy"],"picked":"Slimebound:LevelUp","floor":49},{"not_picked":["Slimebound:HungryTackle","Slimebound:ItLooksTasty","Slimebound:Prepare"],"picked":"Singing Bowl","floor":52}],"player_experience":304905,"relics_obtained":[{"floor":7,"key":"Whetstone"},{"floor":12,"key":"construct:RocketBooster"},{"floor":17,"key":"Blood Vial"},{"floor":17,"key":"Kunai"},{"floor":17,"key":"Calipers"},{"floor":24,"key":"Bag of Marbles"},{"floor":25,"key":"Unceasing Top"},{"floor":39,"key":"Gambling Chip"},{"floor":41,"key":"Singing Bowl"},{"floor":42,"key":"Akabeko"},{"floor":44,"key":"Ginger"},{"floor":46,"key":"Runesmith:Nanobots"},{"floor":48,"key":"Meat on the Bone"},{"floor":52,"key":"InkBottle"}],"event_choices":[{"damage_healed":0,"gold_gain":0,"player_choice":"Became a vampire (Vial)","damage_taken":0,"max_hp_gain":0,"max_hp_loss":0,"event_name":"Vampires","floor":20,"relics_lost":["Blood Vial"],"gold_loss":0,"cards_obtained":["Bite","Bite","Bite","Bite","Bite"]},{"damage_healed":0,"gold_gain":0,"player_choice":"Fight","damage_taken":0,"max_hp_gain":0,"max_hp_loss":0,"event_name":"Mysterious Sphere","floor":39,"gold_loss":0},{"cards_removed":["Bite"],"damage_healed":0,"gold_gain":0,"player_choice":"Removed Attack","damage_taken":0,"max_hp_gain":0,"max_hp_loss":0,"event_name":"Falling","floor":45,"gold_loss":0}],"is_beta":false,"boss_relics":[{"not_picked":["Runic Pyramid","Cursed Key"],"picked":"Calling Bell"},{"not_picked":["Slimebound:AbsorbEndCombatUpgraded","Runesmith:UraniumAnvil"],"picked":"Astrolabe"}],"items_purged_floors":[47,53],"is_endless":false,"potions_floor_spawned":[2,5,11,12,16,19,21,25,31,32,36,42,44,46,52],"ascension_level":3}}