{"host":"gknpnudn4hog7rzv","time":1612509321,"event":{"mods":["BaseMod","BetterRewards","Downfall","Hermit","Minty Spire (QoL Compilation)","Robot Space Explorer","StSLib","The Bladedancer","The Bug Knight","The Necromancer"],"gold_per_floor":[118,118,136,156,5,5,5,5],"floor_reached":7,"language":"ENG","playtime":250,"items_purged":[],"score":41,"play_id":"80c646e4-fdf0-42ac-a152-ade04e3afdb2","local_time":"20210205001521","is_ascension_mode":false,"campfire_choices":[{"data":"RobotSpaceExplorer:PowerCollector","floor":6,"key":"SMITH"}],"circlet_count":0,"master_deck":["RobotSpaceExplorer:Strike","RobotSpaceExplorer:Strike","RobotSpaceExplorer:Strike","RobotSpaceExplorer:Strike+1","RobotSpaceExplorer:Defend","RobotSpaceExplorer:Defend","RobotSpaceExplorer:Defend","RobotSpaceExplorer:Scan","RobotSpaceExplorer:MiniLasers+1","RobotSpaceExplorer:JunkDive","RobotSpaceExplorer:ToxicBomb","RobotSpaceExplorer:PowerCollector+1","RobotSpaceExplorer:Reload"],"relics":["RobotSpaceExplorer:RoboCore","Whetstone"],"acts_visited":["Exordium"],"potions_floor_usage":[3,7],"damage_taken":[{"damage":5,"enemies":"2 Louse","floor":1,"turns":3},{"damage":1,"enemies":"Cultist","floor":3,"turns":4},{"damage":7,"enemies":"Jaw Worm","floor":4,"turns":5},{"damage":64,"enemies":"Lagavulin","floor":7,"turns":8}],"seed_played":"-5689967970463117155","potions_obtained":[{"floor":1,"key":"sneckomod:MuddlingPotion"},{"floor":4,"key":"BlessingOfTheForge"}],"is_trial":false,"path_per_floor":["M","?","M","M","$","R","E"],"character_chosen":"RobotSpaceExplorer","items_purchased":["Whetstone"],"campfire_rested":0,"item_purchase_floors":[5],"current_hp_per_floor":[70,70,69,62,62,62,0,0],"gold":5,"neow_bonus":"THREE_CARDS","is_daily":false,"chose_seed":false,"campfire_upgraded":1,"win_rate":0.0,"timestamp":1612509321,"path_taken":["M","?","?","?","$","R","E"],"items_purchased_type":["Relic"],"build_version":"2020-12-22","purchased_purges":0,"victory":false,"max_hp_per_floor":[75,75,75,75,75,75,75,75],"card_choices":[{"not_picked":["RobotSpaceExplorer:TurboDodge","RobotSpaceExplorer:Probe"],"picked":"RobotSpaceExplorer:JunkDive","floor":0},{"not_picked":["RobotSpaceExplorer:DualCore","RobotSpaceExplorer:FranticSearch"],"picked":"RobotSpaceExplorer:ToxicBomb","floor":1},{"not_picked":["RobotSpaceExplorer:TurboDodge","RobotSpaceExplorer:Pulsar"],"picked":"RobotSpaceExplorer:PowerCollector","floor":3},{"not_picked":["RobotSpaceExplorer:GlueShot","RobotSpaceExplorer:RigExplosive"],"picked":"RobotSpaceExplorer:Reload","floor":4}],"player_experience":368861,"relics_obtained":[],"event_choices":[{"cards_removed":["RobotSpaceExplorer:Defend"],"damage_healed":0,"gold_gain":0,"player_choice":"Purged","damage_taken":0,"max_hp_gain":0,"max_hp_loss":0,"event_name":"Purifier","floor":2,"gold_loss":0}],"is_beta":false,"boss_relics":[],"items_purged_floors":[],"is_endless":false,"potions_floor_spawned":[1,4],"killed_by":"Lagavulin","ascension_level":0}}