{"host":"5dk97cf2ubw2v967","time":1612512323,"event":{"mods":["AlwaysNeverKeys","BaseMod","Better Altar","Better Vampires","Block Reminder","Card Filter","Colored Powertips","Downfall","Googly Eyes","Highlight Path","Minty Spire (QoL Compilation)","Permanent Neow","Potion Indicator Mod","Quick Restart","Relic Filter","Relic Stats","Say the Spire","Spicy Shops","StSLib","Waifu the Spire","everything is the same but u backflip on backflip"],"gold_per_floor":[99,110,110,20,170,184,184,84,94,125,25,53,53,72,87,161,161,161,176,176,192,192,192,217,236,121,121,150,135,35,51,63,134,134,134,150,164,264,275,275,275,324,190,190,190,205,205,231,243,243,243,277,51,51,51,51],"floor_reached":57,"language":"ENG","playtime":3875,"items_purged":["Regret","Doubt","downfall:Malfunctioning","Guardian:Suspension"],"score":1981,"play_id":"45428ac6-6d6a-4c3c-8d8f-d9868ee6b04e","local_time":"20210205080523","is_ascension_mode":true,"campfire_choices":[{"data":"Apotheosis","floor":1,"key":"SMITH"},{"floor":8,"key":"RECALL"},{"floor":11,"key":"REST"},{"data":"Guardian:ChargeUp","floor":13,"key":"SMITH"},{"floor":18,"key":"REST"},{"floor":23,"key":"REST"},{"floor":30,"key":"REST"},{"floor":35,"key":"REST"},{"floor":40,"key":"REST"},{"floor":45,"key":"REST"},{"floor":47,"key":"REST"},{"floor":54,"key":"REST"}],"circlet_count":0,"master_deck":["AscendersBane","Guardian:Strike_Guardian","Guardian:Strike_Guardian","Guardian:Strike_Guardian","Guardian:Defend_Guardian","Guardian:Defend_Guardian","Guardian:Defend_Guardian","Guardian:Defend_Guardian","Guardian:CurlUp+1","Guardian:TwinSlam","Apotheosis+1","Guardian:Incinerate","Guardian:Recover","Guardian:ChargeUp+1","Guardian:Recover+1","Guardian:VentSteam","Guardian:StasisStrike","Guardian:Repulse","Guardian:BronzeOrb","Guardian:BronzeArmor","J.A.X.","Guardian:ExploitGems","Guardian:TemporalShield","Guardian:FierceBash","Guardian:Orbwalk","Guardian:TimeCapacitor","Guardian:BronzeOrb","Guardian:GatlingBeam","Swift Strike","Guardian:Clone","Guardian:BaubleBeam","Guardian:FuturePlans"],"relics":["Guardian:ModeShifter","StrikeDummy","downfall:HeartBlessingBlue","HornCleat","downfall:HeartBlessingRed","Odd Mushroom","Fusion Hammer","Meat on the Bone","Akabeko","War Paint","downfall:HeartBlessingGreen","Runic Pyramid","downfall:GremlinSack","Lantern","Bronze Scales","PreservedInsect","Happy Flower","Art of War"],"acts_visited":["Exordium","TheCity","TheBeyond","TheEnding"],"potions_floor_usage":[12,28,33,50,56],"damage_taken":[{"damage":0,"enemies":"Small Slimes","floor":2,"turns":3},{"damage":4,"enemies":"downfall:FleeingMerchant","floor":4,"turns":4},{"damage":2,"enemies":"Jaw Worm","floor":6,"turns":5},{"damage":0,"enemies":"2 Louse","floor":9,"turns":3},{"damage":12,"enemies":"3 Sentries","floor":10,"turns":9},{"damage":2,"enemies":"The Mushroom Lair","floor":12,"turns":5},{"damage":0,"enemies":"Blue Slaver","floor":14,"turns":3},{"damage":9,"enemies":"Exordium Thugs","floor":15,"turns":4},{"damage":12,"enemies":"SI_SHIV_ARCHETYPE","floor":16,"turns":7},{"damage":4,"enemies":"Chosen","floor":19,"turns":5},{"damage":0,"enemies":"Spheric Guardian","floor":21,"turns":4},{"damage":4,"enemies":"Shelled Parasite and Fungi","floor":25,"turns":5},{"damage":0,"enemies":"downfall:FleeingMerchant","floor":26,"turns":4},{"damage":6,"enemies":"Book of Stabbing","floor":28,"turns":4},{"damage":3,"enemies":"downfall:FleeingMerchant","floor":29,"turns":4},{"damage":9,"enemies":"Snake Plant","floor":31,"turns":3},{"damage":3,"enemies":"Chosen and Byrds","floor":32,"turns":4},{"damage":12,"enemies":"WA_ARCHETYPE_CALM","floor":33,"turns":8},{"damage":19,"enemies":"3 Darklings","floor":36,"turns":7},{"damage":3,"enemies":"Orb Walker","floor":37,"turns":3},{"damage":0,"enemies":"Orb Walker","floor":38,"turns":3},{"damage":3,"enemies":"Spire Growth","floor":39,"turns":4},{"damage":0,"enemies":"downfall:FleeingMerchant","floor":43,"turns":1},{"damage":0,"enemies":"3 Darklings","floor":46,"turns":5},{"damage":10,"enemies":"Reptomancer","floor":48,"turns":5},{"damage":12,"enemies":"Sphere and 2 Shapes","floor":49,"turns":5},{"damage":29,"enemies":"IC_BLOCK_ARCHETYPE","floor":50,"turns":7},{"damage":30,"enemies":"downfall:CharBossMerchant","floor":52,"turns":8},{"damage":12,"enemies":"downfall:NeowBoss","floor":55,"turns":13},{"damage":57,"enemies":"downfall:NeowBossFinal","floor":56,"turns":11}],"seed_played":"-2543028863462018552","potions_obtained":[{"floor":9,"key":"Block Potion"},{"floor":10,"key":"SpeedPotion"},{"floor":15,"key":"EssenceOfSteel"},{"floor":16,"key":"Energy Potion"},{"floor":19,"key":"bronze:BurnAndBuffPotion"},{"floor":28,"key":"Regen Potion"},{"floor":37,"key":"Explosive Potion"}],"is_trial":false,"path_per_floor":["R","M","?","$","?","M","T","R","M","E","R","?","R","M","M","B",null,"R","M","?","M","T","R","T","M","$","?","E","$","R","M","M","B",null,"R","M","M","?","M","R","T","T","$","?","R","M","R","E","M","B",null,"E","$","R","B","B",null],"character_chosen":"GUARDIAN","items_purchased":["SteroidPotion","Guardian:BaubleBeam","Art of War","SpeedPotion"],"campfire_rested":9,"item_purchase_floors":[43,43,53,53],"current_hp_per_floor":[65,65,65,61,61,59,59,69,69,57,75,73,73,73,64,52,69,75,71,71,71,71,75,75,71,71,71,65,62,75,66,63,51,69,75,56,53,53,50,72,72,72,72,72,75,75,75,65,53,39,66,48,48,70,58,13],"gold":51,"neow_bonus":"RANDOM_COLORLESS_2","is_daily":false,"chose_seed":false,"campfire_upgraded":2,"win_rate":0.0,"timestamp":1612512323,"path_taken":["R","M","?","$","?","M","T","R","?","E","R","?","R","M","M","BOSS","R","M","?","M","?","R","T","M","$","?","E","$","R","M","M","BOSS","R","M","M","?","?","R","T","?","$","?","R","?","R","E","M","BOSS","E","$","R","BOSS","BOSS"],"items_purchased_type":["Potion","Card","Relic","Potion"],"build_version":"2020-12-22","purchased_purges":4,"victory":true,"max_hp_per_floor":[65,65,65,65,65,65,65,75,75,75,75,75,75,75,75,75,75,75,75,75,75,75,75,75,75,75,75,75,75,75,75,75,75,75,75,75,75,75,75,75,75,75,75,75,75,75,75,75,75,75,75,75,75,75,75,75],"relic_stats":{"Happy Flower":[8],"counters":[30,156],"Bronze Scales":[85],"PreservedInsect":120,"Art of War":[4],"War Paint":["Guardian:Recover","Guardian:CurlUp"],"obtain_stats":[{"Lantern":41,"downfall:HeartBlessingRed":11,"Happy Flower":52,"Guardian:ModeShifter":0,"downfall:HeartBlessingGreen":30,"PreservedInsect":48,"Odd Mushroom":12,"War Paint":28,"Akabeko":24,"HornCleat":10,"downfall:GremlinSack":38,"downfall:HeartBlessingBlue":8,"Bronze Scales":42,"Fusion Hammer":17,"Art of War":53,"StrikeDummy":3,"Meat on the Bone":22,"Runic Pyramid":34},{"Lantern":22,"downfall:HeartBlessingRed":5,"Happy Flower":28,"Guardian:ModeShifter":0,"downfall:HeartBlessingGreen":15,"PreservedInsect":25,"Odd Mushroom":6,"War Paint":14,"Akabeko":11,"HornCleat":5,"downfall:GremlinSack":21,"downfall:HeartBlessingBlue":3,"Bronze Scales":22,"Fusion Hammer":9,"Art of War":28,"StrikeDummy":1,"Meat on the Bone":11,"Runic Pyramid":18},{"Lantern":101,"downfall:HeartBlessingRed":24,"Happy Flower":132,"Guardian:ModeShifter":0,"downfall:HeartBlessingGreen":69,"PreservedInsect":112,"Odd Mushroom":29,"War Paint":65,"Akabeko":52,"HornCleat":24,"downfall:GremlinSack":97,"downfall:HeartBlessingBlue":12,"Bronze Scales":101,"Fusion Hammer":43,"Art of War":132,"StrikeDummy":3,"Meat on the Bone":52,"Runic Pyramid":84}],"Meat on the Bone":24},"card_choices":[{"not_picked":["Chrysalis","Violence"],"picked":"Apotheosis","floor":0},{"not_picked":["Guardian:BodySlam","Guardian:Gem_Green"],"picked":"Guardian:Incinerate","floor":2},{"not_picked":["Guardian:BronzeOrb","Guardian:PiercingHide"],"picked":"Guardian:Gem_Cyan","floor":4},{"not_picked":["Guardian:Incinerate","Guardian:TemporalShield"],"picked":"Guardian:Recover","floor":6},{"not_picked":["Guardian:CrystalBeam","Guardian:VentSteam"],"picked":"Guardian:Gem_White","floor":9},{"not_picked":["Guardian:Gem_White","Guardian:SentryBeam"],"picked":"Guardian:Gem_Fragmented","floor":10},{"not_picked":["Guardian:HyperBeam_Guardian","Guardian:Reroute"],"picked":"Guardian:ChargeUp","floor":12},{"not_picked":["Guardian:Incinerate","Guardian:PiercingHide"],"picked":"Guardian:Recover","floor":14},{"not_picked":["Guardian:Gem_Green","Guardian:CrystalBeam"],"picked":"Guardian:VentSteam","floor":15},{"not_picked":["Guardian:GatlingBeam","Guardian:ConstructionForm"],"picked":"Guardian:StasisStrike","floor":16},{"not_picked":["Guardian:Gem_Red","Guardian:DonusPower"],"picked":"Guardian:Repulse","floor":19},{"not_picked":["Guardian:RefractedBeam","Guardian:PrimingBeam"],"picked":"Guardian:BronzeOrb","floor":21},{"not_picked":["Guardian:Gem_White","Guardian:TemporalStrike+1"],"picked":"Guardian:Gem_Fragmented","floor":25},{"not_picked":["Guardian:PiercingHide","Guardian:BodySlam"],"picked":"Guardian:BronzeArmor","floor":26},{"not_picked":["Guardian:Incinerate","Guardian:PrimingBeam+1"],"picked":"Guardian:Gem_Fragmented","floor":28},{"not_picked":["Guardian:Suspension","Guardian:Incinerate","Guardian:Gem_Green"],"picked":"SKIP","floor":29},{"not_picked":["Guardian:PrismaticBeam","Guardian:Gem_Green"],"picked":"Guardian:ExploitGems","floor":31},{"not_picked":["Guardian:Reroute","Guardian:Incinerate"],"picked":"Guardian:TemporalShield","floor":32},{"not_picked":["Guardian:SphericShield","Guardian:CompilePackage"],"picked":"Guardian:FierceBash","floor":33},{"not_picked":["Guardian:Planning","Guardian:ChargeCore"],"picked":"Guardian:Orbwalk","floor":36},{"not_picked":["Guardian:PiercingHide","Guardian:Gem_Lightblue"],"picked":"Guardian:TimeCapacitor","floor":37},{"not_picked":["Guardian:Planning","Guardian:ChargeCore"],"picked":"Guardian:BronzeOrb","floor":38},{"not_picked":["Guardian:Gem_Green","Guardian:FloatingOrbs"],"picked":"Guardian:Clone","floor":39},{"not_picked":["Guardian:Gem_Green","Guardian:Incinerate"],"picked":"Guardian:Gem_Fragmented","floor":43},{"not_picked":["Guardian:Reroute","Guardian:DonusPower","Guardian:EvasiveProtocol"],"picked":"SKIP","floor":46},{"not_picked":["Guardian:CrystalBeam","Guardian:Recover","Guardian:WalkerClaw"],"picked":"SKIP","floor":48},{"not_picked":["Guardian:WalkerClaw","Guardian:CrystalBeam+1"],"picked":"Guardian:FuturePlans","floor":49},{"not_picked":["Guardian:PiercingHide+1","Guardian:PrismaticBeam"],"picked":"Guardian:Gem_Yellow","floor":52}],"player_experience":1287658,"relics_obtained":[{"floor":10,"key":"HornCleat"},{"floor":12,"key":"Odd Mushroom"},{"floor":22,"key":"Meat on the Bone"},{"floor":24,"key":"Akabeko"},{"floor":28,"key":"War Paint"},{"floor":38,"key":"downfall:GremlinSack"},{"floor":41,"key":"Lantern"},{"floor":42,"key":"Bronze Scales"},{"floor":48,"key":"PreservedInsect"},{"floor":52,"key":"Happy Flower"}],"event_choices":[{"damage_healed":0,"gold_gain":0,"player_choice":"Box","damage_taken":0,"relics_obtained":["StrikeDummy"],"max_hp_gain":0,"max_hp_loss":0,"event_name":"Big Fish","floor":3,"gold_loss":0,"cards_obtained":["Regret"]},{"damage_healed":0,"gold_gain":0,"player_choice":"Fought Mushrooms","damage_taken":0,"max_hp_gain":0,"max_hp_loss":0,"event_name":"Mushrooms","floor":12,"gold_loss":0},{"damage_healed":0,"gold_gain":0,"player_choice":"Obtain J.A.X.","damage_taken":0,"max_hp_gain":0,"max_hp_loss":0,"event_name":"Drug Dealer","floor":27,"gold_loss":0,"cards_obtained":["J.A.X."]},{"cards_removed":["Guardian:Strike_Guardian"],"damage_healed":0,"gold_gain":0,"player_choice":"Removed Attack","damage_taken":0,"max_hp_gain":0,"max_hp_loss":0,"event_name":"Falling","floor":44,"gold_loss":0}],"is_beta":false,"boss_relics":[{"not_picked":["Calling Bell","Busted Crown"],"picked":"Fusion Hammer"},{"not_picked":["Coffee Dripper","Empty Cage"],"picked":"Runic Pyramid"}],"items_purged_floors":[4,26,43,43],"is_endless":false,"potions_floor_spawned":[9,10,15,16,19,28,31,32,37,46,48,49],"ascension_level":15}}