{"host":"2qv44oxt58ptq59r","time":1612552768,"event":{"mods":["AchievementEnabler","BaseMod","Colored Powertips","Highlight Path","Minty Spire (QoL Compilation)","Permanent Neow","StSLib"],"gold_per_floor":[110,110,110,123,123,123,27,40,40,63,63,63,116,146,146,276,276,308,37,56,56,90,90,118,118,118,146,170,199,227,142,142,276,348,377,397,421,35,0,53,29,29,29,29,29,58,58,82,82,82,82,82,9,9,9],"floor_reached":54,"language":"ENG","playtime":6431,"items_purged":["Strike_R"],"score":671,"play_id":"f768d93e-d719-4ab6-afc8-ca99461b4332","local_time":"20210205191928","is_ascension_mode":false,"campfire_choices":[{"floor":6.0,"key":"RECALL"},{"floor":15.0,"key":"REST"},{"data":"Inflame","floor":23.0,"key":"SMITH"},{"floor":25.0,"key":"REST"},{"floor":32.0,"key":"REST"},{"floor":42.0,"key":"REST"},{"data":"Metallicize","floor":44.0,"key":"SMITH"},{"data":"Metallicize","floor":47.0,"key":"SMITH"},{"floor":49,"key":"REST"},{"data":"Demon Form","floor":52,"key":"SMITH"}],"circlet_count":0,"master_deck":["Strike_R","Strike_R+1","Defend_R","Defend_R","Defend_R+1","Defend_R","Bash","Inflame+1","Shockwave","Blood for Blood","Carnage+1","Thunderclap","Impervious","Heavy Blade","Shrug It Off","Cleave","Feel No Pain","Seeing Red","Sword Boomerang+1","Demon Form+1","Metallicize+1","Feed","Armaments","Whirlwind+1","Thunderclap+1","Feel No Pain","Evolve+1","Metallicize+1","Pommel Strike+1","Sword Boomerang+1","Feel No Pain"],"relics":["Burning Blood","Golden Idol","Happy Flower","CeramicFish","Blue Candle","Runic Cube","Orichalcum","Vajra","Bag of Marbles","Tiny House","Nunchaku","Ancient Tea Set","Red Mask","Bird Faced Urn","Pantograph"],"acts_visited":["Exordium","TheCity","TheBeyond","TheEnding"],"potions_floor_usage":[50,54],"damage_taken":[{"damage":5.0,"enemies":"Small Slimes","floor":1.0,"turns":6.0},{"damage":0.0,"enemies":"2 Louse","floor":4.0,"turns":2.0},{"damage":3.0,"enemies":"Jaw Worm","floor":8.0,"turns":3.0},{"damage":7.0,"enemies":"Looter","floor":10.0,"turns":3.0},{"damage":22.0,"enemies":"3 Sentries","floor":13.0,"turns":10.0},{"damage":8.0,"enemies":"Large Slime","floor":14.0,"turns":5.0},{"damage":60.0,"enemies":"The Guardian","floor":16.0,"turns":9.0},{"damage":23.0,"enemies":"Shell Parasite","floor":18.0,"turns":6.0},{"damage":14.0,"enemies":"Spheric Guardian","floor":20.0,"turns":4.0},{"damage":16.0,"enemies":"Snake Plant","floor":22.0,"turns":2.0},{"damage":30.0,"enemies":"Shelled Parasite and Fungi","floor":24.0,"turns":6.0},{"damage":6.0,"enemies":"Cultist and Chosen","floor":27.0,"turns":6.0},{"damage":1.0,"enemies":"Chosen and Byrds","floor":28.0,"turns":6.0},{"damage":11.0,"enemies":"Snake Plant","floor":29.0,"turns":4.0},{"damage":12.0,"enemies":"Shelled Parasite and Fungi","floor":30.0,"turns":4.0},{"damage":54.0,"enemies":"Automaton","floor":33.0,"turns":7.0},{"damage":9.0,"enemies":"Orb Walker","floor":35.0,"turns":4.0},{"damage":0.0,"enemies":"3 Shapes","floor":36.0,"turns":1.0},{"damage":37.0,"enemies":"Spire Growth","floor":37.0,"turns":5.0},{"damage":94.0,"enemies":"Giant Head","floor":40.0,"turns":10.0},{"damage":33.0,"enemies":"Transient","floor":46.0,"turns":5.0},{"damage":20.0,"enemies":"Sphere and 2 Shapes","floor":48.0,"turns":6.0},{"damage":46,"enemies":"Time Eater","floor":50,"turns":12},{"damage":106,"enemies":"Shield and Spear","floor":54,"turns":6}],"seed_played":"-8910681639790178037","potions_obtained":[{"floor":1.0,"key":"FearPotion"},{"floor":4.0,"key":"Weak Potion"},{"floor":13.0,"key":"Fruit Juice"},{"floor":16.0,"key":"Fire Potion"},{"floor":20.0,"key":"Energy Potion"},{"floor":22.0,"key":"Swift Potion"},{"floor":28.0,"key":"FairyPotion"},{"floor":30.0,"key":"ColorlessPotion"},{"floor":34.0,"key":"HeartOfIron"},{"floor":36.0,"key":"Strength Potion"},{"floor":46.0,"key":"BlessingOfTheForge"},{"floor":48.0,"key":"Strength Potion"}],"is_trial":false,"path_per_floor":["M","?","?","M","?","R","$","M","T","M","?","?","E","M","R","B",null,"M","$","M","?","M","R","M","R","T","M","M","M","M","?","R","B",null,"M","M","M","$","?","E","$","R","T","R","T","M","R","M","R","B",null,"R","$","E"],"character_chosen":"IRONCLAD","items_purchased":["CultistPotion","Orichalcum","Shrug It Off","Nunchaku","Ancient Tea Set","Feel No Pain","PowerPotion","Metallicize","Block Potion","Feel No Pain"],"campfire_rested":5,"item_purchase_floors":[7,19,19,38,38,38,38,41,53,53],"current_hp_per_floor":[80,60,44,50,55,55,55,58,58,57,50,50,39,37,64,10,90,73,73,65,59,49,49,25,52,52,52,57,52,46,46,73,25,95,92,95,64,64,64,34,34,62,62,62,62,43,43,39,67,64,95,95,95,0,0],"gold":9,"neow_bonus":"REMOVE_CARD","is_daily":false,"chose_seed":false,"campfire_upgraded":4,"win_rate":0.0,"timestamp":1612552768,"path_taken":["M","?","?","M","?","R","$","M","T","?","?","?","E","M","R","BOSS","M","$","M","?","M","R","?","R","T","M","M","M","M","?","R","BOSS","M","M","M","$","?","E","$","R","T","R","?","?","R","?","R","BOSS","R","$","E"],"items_purchased_type":["Potion","Relic","Card","Relic","Relic","Card","Potion","Card","Potion","Card"],"build_version":"2020-12-22","purchased_purges":1,"victory":false,"max_hp_per_floor":[80,80,80,80,85,85,85,85,85,85,85,85,90,90,90,90,90,90,90,90,90,90,90,90,90,90,90,90,90,90,90,90,90,95,95,95,95,95,95,95,95,95,95,95,95,95,95,95,95,95,95,95,95,95,95],"card_choices":[{"not_picked":["Dual Wield","Shrug It Off"],"picked":"Inflame","floor":1.0},{"not_picked":["Cleave","Pommel Strike"],"picked":"Shockwave","floor":4.0},{"not_picked":["Headbutt","Wild Strike"],"picked":"Blood for Blood","floor":8.0},{"not_picked":["Clash","Anger","Warcry"],"picked":"SKIP","floor":10.0},{"not_picked":["Shrug It Off","Combust"],"picked":"Carnage","floor":13.0},{"not_picked":["Body Slam","Cleave"],"picked":"Thunderclap","floor":14.0},{"not_picked":["Berserk","Barricade"],"picked":"Impervious","floor":16.0},{"not_picked":["Uppercut","Warcry"],"picked":"Heavy Blade","floor":18.0},{"not_picked":["Iron Wave","Shrug It Off","Clash"],"picked":"SKIP","floor":20.0},{"not_picked":["Pommel Strike","Dual Wield"],"picked":"Cleave","floor":22.0},{"not_picked":["Bloodletting","Dropkick"],"picked":"Feel No Pain","floor":24.0},{"not_picked":["Infernal Blade","Disarm"],"picked":"Seeing Red","floor":27.0},{"not_picked":["Clothesline","Flame Barrier"],"picked":"Sword Boomerang+1","floor":28.0},{"not_picked":["True Grit","Perfected Strike"],"picked":"Demon Form","floor":29.0},{"not_picked":["Headbutt","Flex"],"picked":"Metallicize","floor":30.0},{"not_picked":["Impervious","Demon Form"],"picked":"Feed","floor":33.0},{"not_picked":["Body Slam","Twin Strike"],"picked":"Armaments","floor":34.0},{"not_picked":["Pummel","Anger"],"picked":"Whirlwind+1","floor":35.0},{"not_picked":["Bloodletting","Power Through+1","Twin Strike"],"picked":"SKIP","floor":36.0},{"not_picked":["Anger","Shrug It Off"],"picked":"Thunderclap+1","floor":37.0},{"not_picked":["Thunderclap","Cleave"],"picked":"Evolve+1","floor":40.0},{"not_picked":["Infernal Blade+1","Havoc"],"picked":"Pommel Strike+1","floor":46.0},{"not_picked":["Dark Embrace+1","Thunderclap+1"],"picked":"Sword Boomerang+1","floor":48.0}],"player_experience":5597251,"relics_obtained":[{"floor":9.0,"key":"Happy Flower"},{"floor":13.0,"key":"Blue Candle"},{"floor":26.0,"key":"Vajra"},{"floor":40.0,"key":"Bird Faced Urn"},{"floor":43.0,"key":"Pantograph"}],"event_choices":[{"damage_healed":0.0,"max_hp_gain":0.0,"max_hp_loss":0.0,"gold_gain":0.0,"event_name":"Golden Idol","player_choice":"Take Damage","floor":2.0,"gold_loss":0.0,"damage_taken":20.0,"relics_obtained":["Golden Idol"]},{"damage_healed":0.0,"max_hp_gain":0.0,"max_hp_loss":0.0,"gold_gain":0.0,"event_name":"Shining Light","player_choice":"Entered Light","floor":3.0,"gold_loss":0.0,"damage_taken":16.0,"cards_upgraded":["Defend_R","Strike_R"]},{"damage_healed":0.0,"max_hp_gain":5.0,"max_hp_loss":0.0,"gold_gain":0.0,"event_name":"Big Fish","player_choice":"Donut","floor":5.0,"gold_loss":0.0,"damage_taken":0.0},{"cards_removed":["Strike_R"],"damage_healed":0.0,"max_hp_gain":0.0,"max_hp_loss":0.0,"gold_gain":0.0,"event_name":"Golden Wing","player_choice":"Card Removal","floor":11.0,"gold_loss":0.0,"damage_taken":7.0},{"damage_healed":0.0,"max_hp_gain":0.0,"max_hp_loss":0.0,"gold_gain":0.0,"event_name":"Dead Adventurer","player_choice":"Searched \u00272\u0027 times","floor":12.0,"gold_loss":0.0,"damage_taken":0.0,"relics_obtained":["CeramicFish"]},{"damage_healed":0.0,"max_hp_gain":0.0,"max_hp_loss":0.0,"gold_gain":0.0,"event_name":"Knowing Skull","player_choice":"","floor":21.0,"potions_obtained":[],"gold_loss":0.0,"damage_taken":6.0,"cards_obtained":[]},{"damage_healed":0.0,"max_hp_gain":0.0,"max_hp_loss":0.0,"gold_gain":0.0,"event_name":"Addict","player_choice":"Obtained Relic","floor":31.0,"gold_loss":85.0,"damage_taken":0.0,"relics_obtained":["Bag of Marbles"]},{"damage_healed":0.0,"max_hp_gain":0.0,"max_hp_loss":0.0,"gold_gain":0.0,"event_name":"Tomb of Lord Red Mask","player_choice":"Paid","floor":39.0,"gold_loss":35.0,"damage_taken":0.0,"relics_obtained":["Red Mask"]}],"is_beta":false,"boss_relics":[{"not_picked":["Coffee Dripper","Snecko Eye"],"picked":"Runic Cube"},{"not_picked":["Fusion Hammer","Pandora\u0027s Box"],"picked":"Tiny House"}],"items_purged_floors":[19],"is_endless":false,"potions_floor_spawned":[1,4,13,16,20,22,28,30,36,46,48],"killed_by":"Shield and Spear","ascension_level":0}}