{"host":"kiehjq3lc4w5t4uc","time":1612522066,"event":{"mods":["AchievementEnabler","BaseMod","BetterRewards","Colored Map","Colored Powertips","DeckTracker","Good Game Mod","Minty Spire (QoL Compilation)","Quick Restart","Rare Cards Sparkle","Relic Stats","Shop Mod","Spicy Shops","StSLib","SuperFastMode"],"gold_per_floor":[109,123,139,150,167,193,205,223,249,274,274,308,320,350,350,449,449,467,467,566,584,484,484,484],"floor_reached":23,"language":"KOR","playtime":2798,"items_purged":["Strike_P","Judgement"],"score":248,"play_id":"56f10257-cad6-44c1-a125-bc3e2a66b11e","local_time":"20210205194746","is_ascension_mode":true,"campfire_choices":[{"data":"Adaptation","floor":11.0,"key":"SMITH"},{"floor":15.0,"key":"REST"}],"circlet_count":0,"master_deck":["Strike_P","Strike_P","Strike_P","Defend_P","Defend_P","Defend_P","Defend_P","Eruption","Vigilance","Adaptation+1","TalkToTheHand+1","TalkToTheHand","Halt","Omniscience","Meditate","ClearTheMind+1","Halt","LessonLearned+1","Tantrum","LikeWater+1","Vault","Necronomicurse"],"relics":["PureWater","REME:ComplimentaryCards","Sundial","StoneCalendar","Bag of Preparation","Damaru","Oddly Smooth Stone","Singing Bowl","Nunchaku","Strawberry","Sozu","Necronomicon"],"acts_visited":["Exordium","TheCity"],"potions_floor_usage":[23],"damage_taken":[{"damage":0.0,"enemies":"Cultist","floor":1.0,"turns":4.0},{"damage":2.0,"enemies":"2 Louse","floor":2.0,"turns":2.0},{"damage":4.0,"enemies":"Jaw Worm","floor":3.0,"turns":2.0},{"damage":2.0,"enemies":"Large Slime","floor":4.0,"turns":6.0},{"damage":13.0,"enemies":"Gremlin Gang","floor":5.0,"turns":5.0},{"damage":8.0,"enemies":"Gremlin Nob","floor":6.0,"turns":3.0},{"damage":1.0,"enemies":"2 Fungi Beasts","floor":7.0,"turns":2.0},{"damage":3.0,"enemies":"Looter","floor":8.0,"turns":3.0},{"damage":6.0,"enemies":"Lagavulin","floor":10.0,"turns":7.0},{"damage":4.0,"enemies":"Gremlin Nob","floor":12.0,"turns":4.0},{"damage":10.0,"enemies":"Blue Slaver","floor":13.0,"turns":6.0},{"damage":3.0,"enemies":"Lagavulin","floor":14.0,"turns":8.0},{"damage":1.0,"enemies":"Hexaghost","floor":16.0,"turns":10.0},{"damage":10.0,"enemies":"Spheric Guardian","floor":18.0,"turns":4.0},{"damage":0.0,"enemies":"Chosen","floor":21.0,"turns":5.0},{"damage":41,"enemies":"Gremlin Leader","floor":23,"turns":7}],"seed_played":"9105950452255596274","potions_obtained":[{"floor":2.0,"key":"BottledMiracle"},{"floor":3.0,"key":"SkillPotion"},{"floor":4.0,"key":"Weak Potion"},{"floor":10.0,"key":"BottledMiracle"},{"floor":14.0,"key":"Weak Potion"},{"floor":16.0,"key":"PowerPotion"}],"is_trial":false,"path_per_floor":["M","M","M","M","M","E","M","M","T","E","R","E","M","E","R","B",null,"M","?","?","M","$","E"],"character_chosen":"WATCHER","items_purchased":["Adaptation","Sundial","TalkToTheHand","Bag of Preparation"],"campfire_rested":1,"item_purchase_floors":[0,0,0,0],"current_hp_per_floor":[72,70,66,64,51,43,42,39,39,35,35,31,21,25,49,48,81,73,57,57,59,59,18,18],"gold":484,"neow_bonus":"","is_daily":false,"chose_seed":false,"campfire_upgraded":1,"win_rate":0.0,"timestamp":1612522066,"path_taken":["M","M","M","M","?","E","M","M","T","E","R","E","M","E","R","BOSS","M","?","?","M","$","E"],"items_purchased_type":["Card","Relic","Card","Relic"],"build_version":"2020-12-22","purchased_purges":2,"victory":false,"max_hp_per_floor":[72,72,72,72,72,72,72,72,72,74,74,74,74,81,81,81,81,83,83,83,85,85,85,85],"relic_stats":{"Sozu":1,"Nunchaku":[5],"Singing Bowl":6,"counters":[128,500],"Sundial":[12],"StoneCalendar":[104],"Bag of Preparation":[32],"Necronomicon":[3],"obtain_stats":[{"Whetstone":8,"Boot":5,"Blood Vial":42,"Sundial":3,"MealTicket":13,"Fusion Hammer":34,"HandDrill":0,"Necronomicon":19,"Kunai":7,"Runic Cube":34,"Pear":13,"Blue Candle":9,"Eternal Feather":41,"Pen Nib":7,"SlaversCollar":17,"Bird Faced Urn":44,"MutagenicStrength":31,"Pandora\u0027s Box":17,"StrikeDummy":20,"Unceasing Top":0,"Lantern":35,"Regal Pillow":26,"Torii":41,"Singing Bowl":0,"StoneCalendar":54,"Bag of Preparation":25,"Smiling Mask":23,"Burning Blood":0,"Matryoshka":31,"Chemical X":0,"InkBottle":43,"Paper Frog":10,"Lee\u0027s Waffle":22,"Golden Idol":0,"Damaru":6,"The Courier":0,"Omamori":38,"Frozen Egg 2":23,"MawBank":46,"Ornamental Fan":14,"Orrery":0,"Turnip":45,"Art of War":6,"Bottled Lightning":6,"Toy Ornithopter":18,"Ice Cream":0,"Calipers":0,"Gremlin Horn":36,"Vajra":24,"Sozu":17,"Lizard Tail":45,"Centennial Puzzle":46,"FaceOfCleric":3,"DollysMirror":47,"Strawberry":55,"Prayer Wheel":4,"Toxic Egg 2":9,"Girya":45,"Happy Flower":47,"Dead Branch":0,"Oddly Smooth Stone":30,"Letter Opener":10,"War Paint":29,"Question Card":45,"Du-Vu Doll":22,"Bottled Flame":27,"Shuriken":54,"Bronze Scales":55,"Molten Egg 2":25,"Black Star":0,"Meat on the Bone":30,"Pocketwatch":34,"Darkstone Periapt":44,"Juzu Bracelet":26,"ClockworkSouvenir":10,"Frozen Eye":0,"Nunchaku":47,"Mummified Hand":39,"Pantograph":13,"Gambling Chip":0,"Tiny Chest":1,"Red Skull":23,"Orichalcum":54,"Medical Kit":45,"White Beast Statue":14,"Mercury Hourglass":12,"Peace Pipe":8,"Calling Bell":34,"Cauldron":0,"Anchor":44,"CaptainsWheel":48,"REME:ComplimentaryCards":0,"Coffee Dripper":34,"Bag of Marbles":43,"Membership Card":0,"PureWater":0,"FossilizedHelix":6},{"Whetstone":7,"Boot":4,"Blood Vial":24,"Sundial":2,"MealTicket":8,"Fusion Hammer":50,"HandDrill":32,"Necronomicon":126,"Kunai":6,"Runic Cube":79,"Pear":8,"Blue Candle":7,"Eternal Feather":24,"Pen Nib":6,"SlaversCollar":40,"Bird Faced Urn":24,"MutagenicStrength":49,"Pandora\u0027s Box":96,"StrikeDummy":12,"Unceasing Top":32,"Lantern":21,"Regal Pillow":74,"Torii":24,"Singing Bowl":32,"StoneCalendar":60,"Bag of Preparation":15,"Smiling Mask":13,"Burning Blood":0,"Matryoshka":19,"Chemical X":32,"InkBottle":24,"Paper Frog":8,"Lee\u0027s Waffle":72,"Golden Idol":0,"Damaru":118,"The Courier":0,"Omamori":22,"Frozen Egg 2":45,"MawBank":26,"Ornamental Fan":9,"Orrery":32,"Turnip":84,"Art of War":65,"Bottled Lightning":5,"Toy Ornithopter":11,"Ice Cream":0,"Calipers":32,"Gremlin Horn":22,"Vajra":14,"Sozu":10,"Lizard Tail":25,"Centennial Puzzle":26,"FaceOfCleric":63,"DollysMirror":57,"Strawberry":31,"Prayer Wheel":3,"Toxic Egg 2":36,"Girya":56,"Happy Flower":27,"Dead Branch":88,"Oddly Smooth Stone":18,"Letter Opener":8,"War Paint":17,"Question Card":25,"Du-Vu Doll":12,"Bottled Flame":16,"Shuriken":30,"Bronze Scales":31,"Molten Egg 2":15,"Black Star":0,"Meat on the Bone":18,"Pocketwatch":106,"Darkstone Periapt":24,"Juzu Bracelet":47,"ClockworkSouvenir":36,"Frozen Eye":112,"Nunchaku":27,"Mummified Hand":23,"Pantograph":8,"Gambling Chip":32,"Tiny Chest":1,"Red Skull":13,"Orichalcum":30,"Medical Kit":84,"White Beast Statue":9,"Mercury Hourglass":8,"Peace Pipe":7,"Calling Bell":106,"Cauldron":88,"Anchor":24,"CaptainsWheel":28,"REME:ComplimentaryCards":0,"Coffee Dripper":20,"Bag of Marbles":24,"Membership Card":0,"PureWater":88,"FossilizedHelix":5},{"Whetstone":26,"Boot":10,"Blood Vial":75,"Sundial":5,"MealTicket":30,"Fusion Hammer":158,"HandDrill":97,"Necronomicon":488,"Kunai":21,"Runic Cube":292,"Pear":30,"Blue Candle":26,"Eternal Feather":75,"Pen Nib":21,"SlaversCollar":119,"Bird Faced Urn":75,"MutagenicStrength":151,"Pandora\u0027s Box":361,"StrikeDummy":45,"Unceasing Top":97,"Lantern":68,"Regal Pillow":261,"Torii":75,"Singing Bowl":97,"StoneCalendar":188,"Bag of Preparation":51,"Smiling Mask":47,"Burning Blood":0,"Matryoshka":62,"Chemical X":97,"InkBottle":75,"Paper Frog":30,"Lee\u0027s Waffle":253,"Golden Idol":0,"Damaru":444,"The Courier":0,"Omamori":69,"Frozen Egg 2":134,"MawBank":78,"Ornamental Fan":33,"Orrery":97,"Turnip":315,"Art of War":220,"Bottled Lightning":16,"Toy Ornithopter":41,"Ice Cream":0,"Calipers":97,"Gremlin Horn":69,"Vajra":49,"Sozu":39,"Lizard Tail":77,"Centennial Puzzle":78,"FaceOfCleric":200,"DollysMirror":179,"Strawberry":92,"Prayer Wheel":7,"Toxic Egg 2":105,"Girya":176,"Happy Flower":81,"Dead Branch":333,"Oddly Smooth Stone":60,"Letter Opener":30,"War Paint":56,"Question Card":77,"Du-Vu Doll":45,"Bottled Flame":53,"Shuriken":90,"Bronze Scales":92,"Molten Egg 2":51,"Black Star":0,"Meat on the Bone":60,"Pocketwatch":397,"Darkstone Periapt":75,"Juzu Bracelet":143,"ClockworkSouvenir":105,"Frozen Eye":422,"Nunchaku":81,"Mummified Hand":71,"Pantograph":30,"Gambling Chip":97,"Tiny Chest":2,"Red Skull":47,"Orichalcum":90,"Medical Kit":315,"White Beast Statue":33,"Mercury Hourglass":30,"Peace Pipe":26,"Calling Bell":397,"Cauldron":333,"Anchor":75,"CaptainsWheel":82,"REME:ComplimentaryCards":0,"Coffee Dripper":67,"Bag of Marbles":75,"Membership Card":0,"PureWater":333,"FossilizedHelix":16}]},"card_choices":[{"not_picked":["BowlingBash","Sanctity"],"picked":"TalkToTheHand","floor":1.0},{"not_picked":["ThirdEye","Meditate","FollowUp"],"picked":"SKIP","floor":2.0},{"not_picked":["SashWhip","FlurryOfBlows"],"picked":"Halt","floor":3.0},{"not_picked":["PathToVictory","Fasting2"],"picked":"Omniscience","floor":4.0},{"not_picked":["JustLucky","ThirdEye"],"picked":"Meditate","floor":5.0},{"not_picked":["FlurryOfBlows","Blasphemy"],"picked":"ClearTheMind","floor":6.0},{"not_picked":["EmptyFist","Crescendo"],"picked":"Halt","floor":7.0},{"not_picked":["Prostrate","ClearTheMind","EmptyMind"],"picked":"SKIP","floor":8.0},{"not_picked":["Evaluate","FollowUp","Halt"],"picked":"Singing Bowl","floor":10.0},{"not_picked":["Tantrum","Worship"],"picked":"LessonLearned","floor":12.0},{"not_picked":["EmptyFist","WindmillStrike"],"picked":"Tantrum","floor":13.0},{"not_picked":["EmptyFist","Evaluate"],"picked":"LikeWater","floor":14.0},{"not_picked":["Brilliance","Establishment"],"picked":"Vault","floor":16.0},{"not_picked":["Weave","FlyingSleeves","ThirdEye"],"picked":"Singing Bowl","floor":18.0},{"not_picked":["Indignation","ClearTheMind","Evaluate"],"picked":"Singing Bowl","floor":21.0}],"player_experience":152424,"relics_obtained":[{"floor":6.0,"key":"Damaru"},{"floor":9.0,"key":"Oddly Smooth Stone"},{"floor":10.0,"key":"Singing Bowl"},{"floor":12.0,"key":"Nunchaku"},{"floor":14.0,"key":"Strawberry"},{"floor":19.0,"key":"Necronomicon"}],"event_choices":[{"damage_healed":0.0,"max_hp_gain":0.0,"max_hp_loss":0.0,"gold_gain":0.0,"event_name":"Cursed Tome","player_choice":"Obtained Book","floor":19.0,"gold_loss":0.0,"damage_taken":16.0},{"damage_healed":0.0,"max_hp_gain":0.0,"max_hp_loss":0.0,"gold_gain":99.0,"event_name":"Nest","player_choice":"Stole From Cult","floor":20.0,"gold_loss":0.0,"damage_taken":0.0}],"is_beta":false,"boss_relics":[{"not_picked":["SlaversCollar","Black Star"],"picked":"Sozu"}],"items_purged_floors":[0,22],"is_endless":false,"potions_floor_spawned":[2,3,4,5,8,10,14,16,21],"killed_by":"Gremlin Leader","ascension_level":2}}