{"host":"bnpj5ln693dhfj4y","time":1612543022,"event":{"mods":["AchievementEnabler","BaseMod","Colored Map","Colored Powertips","DeckTracker","Minty Spire (QoL Compilation)"],"gold_per_floor":[211,64,75,75,92,126,126,137,192,207,235,247,247,0,0,95,95,105,125,142,155,155,155],"floor_reached":22,"language":"ENG","playtime":1717,"items_purged":[],"score":250,"play_id":"d0b5ce57-13c3-44fc-897f-76125b5f3e09","local_time":"20210205173702","is_ascension_mode":true,"campfire_choices":[{"data":"Armaments","floor":7,"key":"SMITH"},{"data":"Headbutt","floor":13,"key":"SMITH"},{"floor":15,"key":"REST"}],"circlet_count":0,"master_deck":["Strike_R","Strike_R","Strike_R","Strike_R","Strike_R","Defend_R","Defend_R","Defend_R","Defend_R","Bash+1","Thunderclap","Headbutt+1","Armaments+1","Reckless Charge","Ghostly Armor","Exhume","Intimidate","Shrug It Off","Juggernaut","Body Slam+1","Battle Trance+1","True Grit+1","Infernal Blade+1"],"relics":["Burning Blood","MealTicket","Ornamental Fan","Ancient Tea Set","Vajra","Toxic Egg 2","Snecko Eye"],"acts_visited":["Exordium","TheCity"],"potions_floor_usage":[6,10,11],"damage_taken":[{"damage":1.0,"enemies":"Cultist","floor":1.0,"turns":4.0},{"damage":8,"enemies":"Small Slimes","floor":3,"turns":3},{"damage":7,"enemies":"Jaw Worm","floor":5,"turns":5},{"damage":5,"enemies":"Gremlin Nob","floor":6,"turns":3},{"damage":5,"enemies":"3 Louse","floor":8,"turns":4},{"damage":44,"enemies":"Gremlin Gang","floor":10,"turns":6},{"damage":27,"enemies":"3 Sentries","floor":11,"turns":8},{"damage":3,"enemies":"Exordium Wildlife","floor":12,"turns":4},{"damage":42,"enemies":"Hexaghost","floor":16,"turns":14},{"damage":17,"enemies":"Chosen","floor":18,"turns":5},{"damage":13,"enemies":"Spheric Guardian","floor":19,"turns":4},{"damage":0,"enemies":"Snake Plant","floor":20,"turns":3},{"damage":37,"enemies":"Shelled Parasite and Fungi","floor":21,"turns":6},{"damage":24,"enemies":"Centurion and Healer","floor":22,"turns":3}],"seed_played":"-7283097743128475904","potions_obtained":[{"floor":1,"key":"Fire Potion"},{"floor":3,"key":"EssenceOfSteel"},{"floor":6,"key":"Strength Potion"},{"floor":12,"key":"Dexterity Potion"},{"floor":21,"key":"ElixirPotion"}],"is_trial":false,"path_per_floor":["M","$","M","?","M","E","R","M","T","M","E","M","R","$","R","B",null,"M","M","M","M","M"],"character_chosen":"IRONCLAD","items_purchased":["MealTicket","Toxic Egg 2"],"campfire_rested":1,"item_purchase_floors":[2,14],"current_hp_per_floor":[80,80,78,78,77,78,78,79,79,41,20,23,23,38,62,26,67,56,49,55,24,0,0],"gold":155,"neow_bonus":"HUNDRED_GOLD","is_daily":false,"chose_seed":false,"campfire_upgraded":2,"win_rate":0.0,"timestamp":1612543022,"path_taken":["M","$","M","?","M","E","R","M","T","M","E","M","R","$","R","BOSS","M","M","?","?","M"],"items_purchased_type":["Relic","Relic"],"build_version":"2020-12-22","purchased_purges":0,"victory":false,"max_hp_per_floor":[80,80,80,80,80,80,80,80,80,80,80,80,80,80,80,80,80,80,80,80,80,80,80],"card_choices":[{"not_picked":["Fire Breathing","Headbutt"],"picked":"Thunderclap","floor":1},{"not_picked":["Clash","Burning Pact"],"picked":"Headbutt","floor":3},{"not_picked":["Clothesline","Anger"],"picked":"Armaments","floor":5},{"not_picked":["Clash","Second Wind"],"picked":"Reckless Charge","floor":6},{"not_picked":["Dropkick","Havoc"],"picked":"Ghostly Armor","floor":8},{"not_picked":["Wild Strike","Havoc"],"picked":"Exhume","floor":10},{"not_picked":["Clash","Warcry"],"picked":"Intimidate","floor":11},{"not_picked":["Armaments","Clash"],"picked":"Shrug It Off","floor":12},{"not_picked":["Brutality","Offering+1"],"picked":"Juggernaut","floor":16},{"not_picked":["Flex+1","Pommel Strike+1"],"picked":"Body Slam+1","floor":18},{"not_picked":["Corruption","Cleave+1"],"picked":"Battle Trance+1","floor":19},{"not_picked":["Pummel","Intimidate+1"],"picked":"True Grit+1","floor":20},{"not_picked":["Body Slam","Clash"],"picked":"Infernal Blade+1","floor":21}],"player_experience":323373,"relics_obtained":[{"floor":6,"key":"Ornamental Fan"},{"floor":9,"key":"Ancient Tea Set"},{"floor":11,"key":"Vajra"}],"event_choices":[{"damage_healed":0,"gold_gain":0,"player_choice":"Upgraded","damage_taken":0,"max_hp_gain":0,"max_hp_loss":0,"event_name":"Upgrade Shrine","floor":4,"gold_loss":0,"cards_upgraded":["Bash"]}],"is_beta":false,"boss_relics":[{"not_picked":["Coffee Dripper","Cursed Key"],"picked":"Snecko Eye"}],"items_purged_floors":[],"is_endless":false,"potions_floor_spawned":[1,3,6,12,21],"killed_by":"Centurion and Healer","ascension_level":5}}