{"host":"rihxvzvzrfpivboj","time":1612555288,"event":{"mods":["Act Like it!","BaseMod","Better Third Choice","Block Reminder","Colored Map","Colored Powertips","Downfall","Gensokyo","GifTheSpireLib","Googly Eyes","Keyboard Shortcuts","Minty Spire (QoL Compilation)","Quick Restart","Relic Sorter","StSLib","SuperFastMode","Unceasing Turn Reminder","Waifu the Spire"],"gold_per_floor":[118,18,33,51,71,106,206,233,260,287,298,298,312,328,328,402,402,420,430,446,446,13,41,41,75,75,75,75],"floor_reached":27,"language":"ENG","playtime":1064,"items_purged":["Strike_R"],"score":530,"play_id":"8902dd28-f462-4fa9-9203-34db1a40b736","local_time":"20210205210128","is_ascension_mode":true,"campfire_choices":[{"data":"Shockwave","floor":12,"key":"SMITH"},{"floor":15,"key":"REST"},{"floor":24,"key":"REST"}],"circlet_count":0,"master_deck":["AscendersBane","Strike_R","Strike_R","Strike_R","Strike_R","Defend_R","Defend_R","Defend_R","Defend_R","Bash","Wild Strike","Perfected Strike","Wild Strike","Shockwave+1","Dropkick","Carnage","Evolve","Offering","Battle Trance","Fiend Fire","Heavy Blade","Sentinel","Power Through","Feel No Pain","Impervious"],"relics":["SacredBark","Mercury Hourglass","Akabeko","Bag of Preparation","Smiling Mask","Red Skull","Mark of Pain","Gensokyo:DirgeOfMelancholy","Shovel","Prayer Wheel","Magic Flower","InkBottle"],"acts_visited":["Exordium","Gensokyo:Gensokyo"],"potions_floor_usage":[6,8,16,19,23],"damage_taken":[{"damage":22,"enemies":"Gensokyo:Gryphon","floor":1,"turns":5},{"damage":3,"enemies":"Gensokyo:Python","floor":3,"turns":4},{"damage":0,"enemies":"Gensokyo:3_Fairies","floor":4,"turns":3},{"damage":1,"enemies":"Gensokyo:VengefulSpirit","floor":5,"turns":3},{"damage":35,"enemies":"Gensokyo:Cirno","floor":6,"turns":6},{"damage":0,"enemies":"Gensokyo:Aya","floor":8,"turns":3},{"damage":13,"enemies":"Gensokyo:Cirno","floor":10,"turns":5},{"damage":0,"enemies":"Gensokyo:3_Kodama","floor":11,"turns":2},{"damage":0,"enemies":"Gensokyo:2_Rabbits","floor":13,"turns":3},{"damage":13,"enemies":"Gensokyo:CorruptedTreant","floor":14,"turns":1},{"damage":39,"enemies":"Gensokyo:Kokoro","floor":16,"turns":6},{"damage":6,"enemies":"Gensokyo:CosmicMonolith","floor":18,"turns":4},{"damage":11,"enemies":"Gensokyo:3_Dogs","floor":19,"turns":3},{"damage":3,"enemies":"Gensokyo:Chomper_and_Gloop","floor":20,"turns":3},{"damage":18,"enemies":"Gensokyo:Tenshi","floor":23,"turns":3},{"damage":14,"enemies":"Gensokyo:Reisen","floor":25,"turns":5},{"damage":36,"enemies":"Gensokyo:Swordslinger","floor":27,"turns":2}],"seed_played":"-4998399085376412386","potions_obtained":[{"floor":4,"key":"Regen Potion"},{"floor":5,"key":"SkillPotion"},{"floor":6,"key":"LiquidBronze"},{"floor":8,"key":"sneckomod:MuddlingPotion"},{"floor":18,"key":"champ:CounterPotion"}],"is_trial":false,"path_per_floor":["M","?","M","M","M","E","?","E","T","E","M","R","M","M","R","B",null,"M","M","M","?","$","E","R","E","T","M"],"character_chosen":"IRONCLAD","items_purchased":["Feel No Pain","Shovel"],"campfire_rested":2,"item_purchase_floors":[22,22],"current_hp_per_floor":[46,46,43,43,42,47,47,47,47,34,34,34,34,21,43,4,57,51,40,37,37,37,19,41,27,27,0,0],"gold":75,"neow_bonus":"BOSS_RELIC","is_daily":false,"chose_seed":false,"campfire_upgraded":1,"win_rate":0.0,"timestamp":1612555288,"path_taken":["M","?","M","M","M","E","?","E","T","E","M","R","M","M","R","BOSS","M","M","M","?","?","E","R","E","T","M"],"items_purchased_type":["Card","Relic"],"build_version":"2020-12-22","purchased_purges":1,"victory":false,"max_hp_per_floor":[75,75,75,75,75,75,75,75,75,75,75,75,75,75,75,75,75,75,75,75,75,75,75,75,75,75,75,75],"card_choices":[{"not_picked":["True Grit","Power Through"],"picked":"Wild Strike","floor":1},{"not_picked":["Warcry","True Grit"],"picked":"Perfected Strike","floor":3},{"not_picked":["Heavy Blade","Rupture"],"picked":"Wild Strike","floor":4},{"not_picked":["Searing Blow","Wild Strike"],"picked":"Shockwave","floor":5},{"not_picked":["Clothesline","Iron Wave"],"picked":"Dropkick","floor":6},{"not_picked":["Bloodletting","Heavy Blade","Flex"],"picked":"SKIP","floor":8},{"not_picked":["Sword Boomerang","Entrench"],"picked":"Carnage","floor":10},{"not_picked":["Reckless Charge","Pommel Strike"],"picked":"Evolve","floor":11},{"not_picked":["Thunderclap","Intimidate"],"picked":"Offering","floor":13},{"not_picked":["Cleave","Sever Soul"],"picked":"Battle Trance","floor":14},{"not_picked":["Barricade","Bludgeon"],"picked":"Fiend Fire","floor":16},{"not_picked":["Iron Wave","Bloodletting"],"picked":"Heavy Blade","floor":18},{"not_picked":["Dark Embrace","Thunderclap"],"picked":"Sentinel","floor":19},{"not_picked":["Iron Wave+1","Disarm"],"picked":"Power Through","floor":20},{"not_picked":["Rage","Clash"],"picked":"Impervious","floor":23},{"not_picked":["Pommel Strike","Twin Strike","Pummel"],"picked":"SKIP","floor":25}],"player_experience":1127465,"relics_obtained":[{"floor":6,"key":"Akabeko"},{"floor":8,"key":"Bag of Preparation"},{"floor":9,"key":"Smiling Mask"},{"floor":10,"key":"Red Skull"},{"floor":23,"key":"Prayer Wheel"},{"floor":25,"key":"Magic Flower"},{"floor":26,"key":"InkBottle"}],"event_choices":[],"is_beta":false,"boss_relics":[{"not_picked":["Runic Pyramid","SlaversCollar"],"picked":"Mark of Pain"}],"items_purged_floors":[22],"is_endless":false,"potions_floor_spawned":[4,5,6,8,14,18],"killed_by":"Gensokyo:Swordslinger","ascension_level":20}}