{"host":"odhb85ppoyjrwi3n","time":1612561501,"event":{"mods":["BaseMod","Better Third Choice","BetterRewards","Bossed Relics","Minty Spire (QoL Compilation)","Quick Restart","StSLib"],"gold_per_floor":[113,132,132,132,132,132,152,175,175,175,12,12,81,121,121,245,245,283,283,308,308,308,308],"floor_reached":22,"language":"ENG","playtime":712,"items_purged":[],"score":194,"play_id":"c05e3fd2-e68b-4ba7-b812-a28b92a682d7","local_time":"20210205224501","is_ascension_mode":true,"campfire_choices":[{"floor":6,"key":"REST"},{"data":"Defragment","floor":10,"key":"SMITH"},{"data":"Dualcast","floor":12,"key":"SMITH"},{"floor":15,"key":"REST"}],"circlet_count":0,"master_deck":["Strike_B","Strike_B","Strike_B","Strike_B","Defend_B","Defend_B","Defend_B","Defend_B","Zap+1","Dualcast+1","Conserve Battery+1","Defragment+1","HandOfGreed+1","Echo Form","Ball Lightning+1","Storm"],"relics":["Cracked Core","Golden Idol","Molten Egg 2","Black Star","SsserpentHead"],"acts_visited":["Exordium","TheCity"],"potions_floor_usage":[16,16],"damage_taken":[{"damage":5,"enemies":"Small Slimes","floor":1,"turns":3},{"damage":4,"enemies":"2 Louse","floor":2,"turns":3},{"damage":0,"enemies":"Cultist","floor":7,"turns":3},{"damage":0,"enemies":"Large Slime","floor":8,"turns":5},{"damage":7,"enemies":"Exordium Wildlife","floor":13,"turns":3},{"damage":0,"enemies":"Gremlin Gang","floor":14,"turns":4},{"damage":17,"enemies":"The Guardian","floor":16,"turns":13},{"damage":22,"enemies":"Spheric Guardian","floor":18,"turns":5},{"damage":36,"enemies":"3 Byrds","floor":20,"turns":4},{"damage":27,"enemies":"Centurion and Healer","floor":22,"turns":3}],"seed_played":"1729713316506019736","potions_obtained":[{"floor":1,"key":"GamblersBrew"},{"floor":7,"key":"DuplicationPotion"},{"floor":18,"key":"Ancient Potion"}],"is_trial":false,"path_per_floor":["M","M","?","?","?","R","M","M","T","R","$","R","M","M","R","B",null,"M","?","M","?","M"],"character_chosen":"DEFECT","items_purchased":["HandOfGreed+1"],"campfire_rested":2,"item_purchase_floors":[11],"current_hp_per_floor":[70,66,66,48,48,70,70,70,70,70,70,70,63,63,75,58,75,53,53,17,17,0,0],"gold":308,"neow_bonus":"THREE_CARDS","is_daily":false,"chose_seed":false,"campfire_upgraded":2,"win_rate":0.0,"timestamp":1612561501,"path_taken":["M","M","?","?","?","R","M","M","T","R","$","R","?","M","R","BOSS","M","?","M","?","M"],"items_purchased_type":["Card"],"build_version":"2020-12-22","purchased_purges":0,"victory":false,"max_hp_per_floor":[75,75,75,75,75,75,75,75,75,75,75,75,75,75,75,75,75,75,75,75,75,75,75],"card_choices":[{"not_picked":["Coolheaded","Rebound"],"picked":"Conserve Battery","floor":0},{"not_picked":["BootSequence","Streamline","Steam Power"],"picked":"SKIP","floor":1},{"not_picked":["Conserve Battery","Leap","Gash"],"picked":"SKIP","floor":2},{"not_picked":["Blizzard","Streamline","Turbo"],"picked":"SKIP","floor":7},{"not_picked":["Rebound","Reprogram"],"picked":"Defragment","floor":8},{"not_picked":["Go for the Eyes+1","Compile Driver+1","Redo"],"picked":"SKIP","floor":13},{"not_picked":["Redo","Beam Cell+1","Capacitor"],"picked":"SKIP","floor":14},{"not_picked":["Fission","Meteor Strike+1"],"picked":"Echo Form","floor":16},{"not_picked":["Doom and Gloom+1","Conserve Battery"],"picked":"Ball Lightning+1","floor":18},{"not_picked":["Leap","Steam Power+1","Redo"],"picked":"SKIP","floor":20}],"player_experience":134046,"relics_obtained":[{"floor":9,"key":"Molten Egg 2"}],"event_choices":[{"damage_healed":0,"gold_gain":0,"player_choice":"Grow","damage_taken":0,"max_hp_gain":0,"max_hp_loss":0,"event_name":"Living Wall","floor":3,"gold_loss":0,"cards_upgraded":["Zap"]},{"damage_healed":0,"gold_gain":0,"player_choice":"Take Damage","damage_taken":18,"relics_obtained":["Golden Idol"],"max_hp_gain":0,"max_hp_loss":0,"event_name":"Golden Idol","floor":4,"gold_loss":0},{"damage_healed":0,"gold_gain":0,"player_choice":"Upgraded","damage_taken":0,"max_hp_gain":0,"max_hp_loss":0,"event_name":"Upgrade Shrine","floor":5,"gold_loss":0,"cards_upgraded":["Conserve Battery"]},{"damage_healed":0,"gold_gain":0,"player_choice":"Read","damage_taken":0,"max_hp_gain":0,"max_hp_loss":0,"event_name":"The Library","floor":19,"gold_loss":0,"cards_obtained":["Storm"]},{"damage_healed":0,"gold_gain":0,"player_choice":"Trade","damage_taken":0,"relics_obtained":["SsserpentHead"],"max_hp_gain":0,"max_hp_loss":0,"event_name":"FaceTrader","floor":21,"gold_loss":0}],"is_beta":false,"boss_relics":[{"not_picked":["Snecko Eye","Fusion Hammer"],"picked":"Black Star"}],"items_purged_floors":[],"is_endless":false,"potions_floor_spawned":[1,7,18],"killed_by":"Centurion and Healer","ascension_level":2}}