{"host":"b34lfm0pg36jv5no","time":1612566529,"event":{"mods":["BaseMod","Bestiary","Colored Map","Dark Map","Minty Spire (QoL Compilation)","Relic Stats","ojb\u0027s Info Mod"],"gold_per_floor":[20,36,36,51,69,69,102,102,102,137,137,179,206,247,247,360,360,349,274,319,319,289,328,347,376,401,401,418,453,9,31,31,135,135,161,178,178,197,212,240,240,277,286,320,332,358,376,403,403,403,403,403,90,125,125],"floor_reached":56,"language":"ENG","playtime":6653,"items_purged":["Strike_B","Strike_B"],"score":1800,"play_id":"216ea34e-1991-48c2-a69a-057993158a95","local_time":"20210205230849","is_ascension_mode":true,"campfire_choices":[{"data":"Hologram","floor":6,"key":"SMITH"},{"data":"Reinforced Body","floor":8,"key":"SMITH"},{"data":"Defragment","floor":15,"key":"SMITH"},{"data":"Defragment","floor":32,"key":"SMITH"},{"data":"Barrage","floor":41,"key":"SMITH"},{"floor":49,"key":"RECALL"},{"data":"Ghostly","floor":52,"key":"SMITH"}],"circlet_count":0,"master_deck":["Strike_B","Defend_B","Defend_B","Zap","Dualcast+1","Hologram+1","Glacier+1","Rainbow","Reinforced Body+1","Darkness+1","Hologram","Electrodynamics","Defragment+1","Recycle+1","Ghostly+1","Ghostly","Ghostly+1","Ghostly","Ghostly","Force Field+1","Defragment+1","Hologram+1","Echo Form","Chill+1","Barrage+1","White Noise+1","Decay","Coolheaded+1","Skim+1","Defragment"],"relics":["Cracked Core","Lantern","CeramicFish","StrikeDummy","TungstenRod","Anchor","Inserter","Ginger","Dead Branch","Toy Ornithopter","War Paint","Singing Bowl","Strange Spoon","Bag of Preparation","Cursed Key","Dream Catcher","InkBottle","Blood Vial","Pen Nib","Vajra"],"acts_visited":["Exordium","TheCity","TheBeyond","TheEnding"],"potions_floor_usage":[18,39,42,55,55,55],"damage_taken":[{"damage":9,"enemies":"Jaw Worm","floor":1,"turns":3},{"damage":0,"enemies":"Small Slimes","floor":2,"turns":2},{"damage":0,"enemies":"2 Louse","floor":4,"turns":3},{"damage":4,"enemies":"Looter","floor":5,"turns":3},{"damage":24,"enemies":"3 Sentries","floor":7,"turns":11},{"damage":4,"enemies":"Lagavulin","floor":10,"turns":6},{"damage":11,"enemies":"Gremlin Nob","floor":12,"turns":4},{"damage":0,"enemies":"2 Fungi Beasts","floor":13,"turns":3},{"damage":2,"enemies":"3 Sentries","floor":14,"turns":3},{"damage":19,"enemies":"The Guardian","floor":16,"turns":12},{"damage":14,"enemies":"2 Thieves","floor":18,"turns":4},{"damage":0,"enemies":"Slavers","floor":23,"turns":7},{"damage":0,"enemies":"Shell Parasite","floor":24,"turns":4},{"damage":0,"enemies":"Book of Stabbing","floor":25,"turns":7},{"damage":0,"enemies":"Centurion and Healer","floor":28,"turns":5},{"damage":0,"enemies":"Gremlin Leader","floor":29,"turns":6},{"damage":0,"enemies":"Chosen and Byrds","floor":31,"turns":5},{"damage":0,"enemies":"Champ","floor":33,"turns":10},{"damage":0,"enemies":"Orb Walker","floor":35,"turns":4},{"damage":0,"enemies":"3 Darklings","floor":36,"turns":5},{"damage":0,"enemies":"Sphere and 2 Shapes","floor":38,"turns":4},{"damage":0,"enemies":"Writhing Mass","floor":39,"turns":6},{"damage":0,"enemies":"Reptomancer","floor":40,"turns":7},{"damage":0,"enemies":"Giant Head","floor":42,"turns":8},{"damage":0,"enemies":"Reptomancer","floor":44,"turns":7},{"damage":0,"enemies":"3 Darklings","floor":45,"turns":7},{"damage":0,"enemies":"Maw","floor":46,"turns":7},{"damage":0,"enemies":"Jaw Worm Horde","floor":47,"turns":4},{"damage":0,"enemies":"Spire Growth","floor":48,"turns":5},{"damage":0,"enemies":"Donu and Deca","floor":50,"turns":8},{"damage":0,"enemies":"Shield and Spear","floor":54,"turns":8},{"damage":7,"enemies":"The Heart","floor":55,"turns":11}],"seed_played":"-9017504231784577818","potions_obtained":[{"floor":2,"key":"FairyPotion"},{"floor":7,"key":"LiquidMemories"},{"floor":10,"key":"Block Potion"},{"floor":13,"key":"PowerPotion"},{"floor":22,"key":"Ancient Potion"},{"floor":22,"key":"EssenceOfDarkness"},{"floor":39,"key":"Ancient Potion"},{"floor":44,"key":"Swift Potion"}],"is_trial":false,"path_per_floor":["M","M","?","M","M","R","E","R","T","E","?","E","M","E","R","B",null,"M","?","?","?","?","E","M","E","T","?","M","E","$","M","R","B",null,"M","M","?","M","M","E","R","E","T","E","M","M","M","M","R","B",null,"R","$","E","B",null],"character_chosen":"DEFECT","items_purchased":["Strange Spoon","Bag of Preparation","Defragment","Defragment","Pen Nib"],"campfire_rested":0,"item_purchase_floors":[30,30,30,53,53],"current_hp_per_floor":[66,66,66,66,62,62,38,38,38,34,19,8,8,6,6,22,75,61,61,37,37,37,37,37,37,37,34,34,36,36,36,36,36,44,44,46,46,46,48,50,50,50,50,52,54,54,56,56,56,56,56,56,56,58,56],"gold":125,"neow_bonus":"REMOVE_TWO","is_daily":false,"chose_seed":false,"campfire_upgraded":6,"win_rate":0.0,"timestamp":1612566529,"path_taken":["M","M","?","M","M","R","E","R","T","E","?","E","M","E","R","BOSS","M","?","?","?","?","E","?","E","T","?","M","E","$","M","R","BOSS","M","M","?","M","M","E","R","E","T","E","M","M","M","M","R","BOSS","R","$","E","BOSS"],"items_purchased_type":["Relic","Relic","Card","Card","Relic"],"build_version":"2020-12-22","purchased_purges":2,"victory":true,"max_hp_per_floor":[75,75,75,75,75,75,75,75,75,75,75,75,75,75,75,75,75,75,75,37,37,37,37,37,37,37,42,42,44,44,44,44,44,44,44,46,46,46,48,50,50,50,50,52,54,54,56,56,56,56,56,56,56,58,58],"relic_stats":{"Inserter":[68],"Singing Bowl":16,"counters":[32,189],"CeramicFish":198,"Dead Branch":[169],"Pen Nib":[1],"Bag of Preparation":[32],"Ginger":[18],"War Paint":["Dualcast","Ghostly"],"Cursed Key":1,"Blood Vial":0,"Strange Spoon":[79],"Dream Catcher":0,"obtain_stats":[{"Lantern":7,"Inserter":17,"Singing Bowl":29,"CeramicFish":9,"Dead Branch":23,"Vajra":54,"Pen Nib":53,"Bag of Preparation":30,"Ginger":21,"War Paint":26,"Cursed Key":34,"Blood Vial":44,"Strange Spoon":30,"Anchor":14,"Dream Catcher":40,"Cracked Core":0,"StrikeDummy":10,"TungstenRod":12,"Toy Ornithopter":25,"InkBottle":42},{"Lantern":5,"Inserter":10,"Singing Bowl":16,"CeramicFish":5,"Dead Branch":12,"Vajra":31,"Pen Nib":30,"Bag of Preparation":16,"Ginger":11,"War Paint":14,"Cursed Key":18,"Blood Vial":25,"Strange Spoon":16,"Anchor":9,"Dream Catcher":23,"Cracked Core":0,"StrikeDummy":6,"TungstenRod":7,"Toy Ornithopter":14,"InkBottle":24},{"Lantern":22,"Inserter":50,"Singing Bowl":83,"CeramicFish":22,"Dead Branch":61,"Vajra":178,"Pen Nib":170,"Bag of Preparation":83,"Ginger":54,"War Paint":72,"Cursed Key":98,"Blood Vial":139,"Strange Spoon":83,"Anchor":38,"Dream Catcher":124,"Cracked Core":0,"StrikeDummy":28,"TungstenRod":32,"Toy Ornithopter":72,"InkBottle":132}],"TungstenRod":59,"Toy Ornithopter":5,"InkBottle":[33]},"card_choices":[{"not_picked":["Leap","Hologram","Rebound"],"picked":"SKIP","floor":1},{"not_picked":["Leap","Hologram","Rebound"],"picked":"SKIP","floor":1},{"not_picked":["Leap","Rebound"],"picked":"Hologram","floor":1},{"not_picked":["Stack","Darkness"],"picked":"Glacier","floor":2},{"not_picked":["Consume","Glacier"],"picked":"Rainbow","floor":4},{"not_picked":["Coolheaded","Streamline","Rebound"],"picked":"SKIP","floor":5},{"not_picked":["Conserve Battery","Leap"],"picked":"Reinforced Body","floor":7},{"not_picked":["Turbo","Redo"],"picked":"Darkness","floor":10},{"not_picked":["Storm","Lockon"],"picked":"Hologram","floor":12},{"not_picked":["Sweeping Beam","Ball Lightning"],"picked":"Electrodynamics","floor":13},{"not_picked":["Compile Driver","Ball Lightning"],"picked":"Defragment","floor":14},{"not_picked":["Creative AI","Meteor Strike"],"picked":"Hyperbeam","floor":16},{"not_picked":["Go for the Eyes+1","Ball Lightning"],"picked":"Recycle+1","floor":18},{"not_picked":["Stack","Go for the Eyes"],"picked":"Force Field+1","floor":23},{"not_picked":["Turbo","Rebound","Redo"],"picked":"SKIP","floor":24},{"not_picked":["Turbo","Rebound","Redo"],"picked":"SKIP","floor":24},{"not_picked":["Rebound","Creative AI","Rip and Tear"],"picked":"SKIP","floor":25},{"not_picked":["Ball Lightning","Gash","Turbo"],"picked":"SKIP","floor":28},{"not_picked":["Ball Lightning","Gash","Turbo"],"picked":"SKIP","floor":28},{"not_picked":["Ball Lightning","Gash","Turbo"],"picked":"SKIP","floor":28},{"not_picked":["Turbo","Rebound+1","Cold Snap"],"picked":"Singing Bowl","floor":29},{"not_picked":["Conserve Battery+1","Sweeping Beam"],"picked":"Hologram+1","floor":31},{"not_picked":["Rainbow","Thunder Strike"],"picked":"Echo Form","floor":33},{"not_picked":["Gash","Conserve Battery"],"picked":"Chill+1","floor":35},{"not_picked":["Turbo+1","Beam Cell","Blizzard"],"picked":"Singing Bowl","floor":36},{"not_picked":["Scrape+1","Doom and Gloom"],"picked":"Barrage","floor":38},{"not_picked":["Static Discharge+1","Redo+1","Reinforced Body"],"picked":"Singing Bowl","floor":39},{"not_picked":["Redo+1","Stack","Leap+1"],"picked":"Singing Bowl","floor":40},{"not_picked":["Steam Power+1","Sweeping Beam"],"picked":"White Noise+1","floor":42},{"not_picked":["Gash","Reinforced Body+1","Creative AI"],"picked":"Singing Bowl","floor":44},{"not_picked":["Hologram","Streamline+1","Chaos"],"picked":"Singing Bowl","floor":45},{"not_picked":["Double Energy+1","Auto Shields"],"picked":"Coolheaded+1","floor":46},{"not_picked":["Aggregate","Turbo+1","Leap"],"picked":"Singing Bowl","floor":47},{"not_picked":["Rebound","Hologram+1"],"picked":"Skim+1","floor":48},{"not_picked":["Leap+1","Self Repair+1","Double Energy"],"picked":"Singing Bowl","floor":54}],"player_experience":2606046,"relics_obtained":[{"floor":7,"key":"Lantern"},{"floor":9,"key":"CeramicFish"},{"floor":10,"key":"StrikeDummy"},{"floor":12,"key":"TungstenRod"},{"floor":14,"key":"Anchor"},{"floor":23,"key":"Dead Branch"},{"floor":25,"key":"Toy Ornithopter"},{"floor":26,"key":"War Paint"},{"floor":29,"key":"Singing Bowl"},{"floor":40,"key":"Dream Catcher"},{"floor":42,"key":"InkBottle"},{"floor":44,"key":"Blood Vial"},{"floor":54,"key":"Vajra"}],"event_choices":[{"damage_healed":0,"gold_gain":0,"player_choice":"Ignored","damage_taken":0,"max_hp_gain":0,"max_hp_loss":0,"event_name":"Liars Game","floor":3,"gold_loss":0},{"damage_healed":0,"gold_gain":0,"player_choice":"Entered Light","damage_taken":15,"max_hp_gain":0,"max_hp_loss":0,"event_name":"Shining Light","floor":11,"gold_loss":0,"cards_upgraded":["Darkness","Glacier"]},{"cards_removed":["Strike_B"],"damage_healed":0,"gold_gain":0,"player_choice":"Gave Gold","damage_taken":0,"max_hp_gain":0,"max_hp_loss":0,"event_name":"Beggar","floor":19,"gold_loss":75},{"damage_healed":0,"gold_gain":0,"player_choice":"Became a Ghost","damage_taken":0,"max_hp_gain":0,"max_hp_loss":38,"event_name":"Ghosts","floor":20,"gold_loss":0,"cards_obtained":["Ghostly","Ghostly","Ghostly","Ghostly","Ghostly"]},{"damage_healed":0,"gold_gain":0,"player_choice":"Opened","damage_taken":0,"relics_obtained":["Ginger"],"max_hp_gain":0,"max_hp_loss":0,"event_name":"The Mausoleum","floor":21,"gold_loss":0},{"damage_healed":0,"gold_gain":0,"player_choice":"Bought 2 Potions","damage_taken":0,"max_hp_gain":0,"max_hp_loss":0,"event_name":"The Woman in Blue","floor":22,"gold_loss":0},{"damage_healed":0,"gold_gain":0,"player_choice":"Shed Blood","damage_taken":9,"max_hp_gain":5,"max_hp_loss":0,"event_name":"Forgotten Altar","floor":27,"gold_loss":0},{"cards_removed":["Hyperbeam"],"damage_healed":0,"gold_gain":0,"player_choice":"Removed Attack","damage_taken":0,"max_hp_gain":0,"max_hp_loss":0,"event_name":"Falling","floor":37,"gold_loss":0}],"is_beta":false,"boss_relics":[{"not_picked":["Ectoplasm","Astrolabe"],"picked":"Inserter"},{"not_picked":["Calling Bell","FrozenCore"],"picked":"Cursed Key"}],"items_purged_floors":[30,53],"is_endless":false,"potions_floor_spawned":[2,7,10,13,23,24,28,33,35,39,40,44,47],"ascension_level":3}}