{"host":"vumwfieg2b2mnrfl","time":1612500921,"event":{"mods":["AchievementEnabler","BaseMod","Minty Spire (QoL Compilation)","Rare Cards Sparkle","Relic Stats"],"gold_per_floor":[111,126,136,156,171,171,182,213,213,246,246,281,291,177,177,177,177],"floor_reached":16,"language":"ENG","playtime":530,"items_purged":["Strike_R"],"score":248,"play_id":"dba7d7ee-ffe1-4652-8c3b-64599db2240a","local_time":"20210204225521","is_ascension_mode":true,"campfire_choices":[{"data":"Armaments","floor":6,"key":"SMITH"},{"floor":11,"key":"REST"},{"data":"Armaments","floor":15,"key":"SMITH"}],"circlet_count":0,"master_deck":["AscendersBane","Strike_R","Strike_R","Strike_R","Strike_R","Defend_R","Defend_R","Defend_R","Defend_R","Bash","Bludgeon","Uppercut","Cleave","Armaments+1","Armaments+1","Inflame","Inflame"],"relics":["Burning Blood","Magic Flower","Torii","Toy Ornithopter","Sundial"],"acts_visited":["Exordium"],"potions_floor_usage":[7,8,10,12],"damage_taken":[{"damage":1,"enemies":"Cultist","floor":1,"turns":3},{"damage":11,"enemies":"Jaw Worm","floor":2,"turns":4},{"damage":3,"enemies":"Small Slimes","floor":3,"turns":2},{"damage":9,"enemies":"2 Fungi Beasts","floor":4,"turns":4},{"damage":26,"enemies":"Gremlin Gang","floor":5,"turns":5},{"damage":0,"enemies":"Lots of Slimes","floor":7,"turns":1},{"damage":23,"enemies":"3 Sentries","floor":8,"turns":11},{"damage":26,"enemies":"Gremlin Nob","floor":10,"turns":4},{"damage":27,"enemies":"Lagavulin","floor":12,"turns":6},{"damage":7,"enemies":"Looter","floor":13,"turns":3},{"damage":49,"enemies":"Slime Boss","floor":16,"turns":9}],"seed_played":"-3387080882599824425","potions_obtained":[{"floor":2,"key":"Weak Potion"},{"floor":5,"key":"SteroidPotion"},{"floor":7,"key":"SkillPotion"},{"floor":10,"key":"PowerPotion"}],"is_trial":false,"path_per_floor":["M","M","M","M","M","R","M","E","T","E","R","E","M","$","R","B"],"character_chosen":"IRONCLAD","items_purchased":["Inflame"],"campfire_rested":1,"item_purchase_floors":[14],"current_hp_per_floor":[73,68,71,68,48,48,54,37,37,20,42,32,34,34,34,0,0],"gold":177,"neow_bonus":"ONE_RANDOM_RARE_CARD","is_daily":false,"chose_seed":false,"campfire_upgraded":2,"win_rate":0.0,"timestamp":1612500921,"path_taken":["M","M","M","?","?","R","M","E","T","E","R","E","M","$","R","BOSS"],"items_purchased_type":["Card"],"build_version":"2020-12-22","purchased_purges":1,"victory":false,"max_hp_per_floor":[75,75,75,75,75,75,75,75,75,75,75,75,75,75,75,75,75],"relic_stats":{"Torii":2,"counters":[11,52],"Sundial":[0],"Magic Flower":[12],"obtain_stats":[{"Torii":9,"Sundial":12,"Magic Flower":8,"Burning Blood":0,"Toy Ornithopter":10},{"Torii":7,"Sundial":9,"Magic Flower":7,"Burning Blood":0,"Toy Ornithopter":8},{"Torii":30,"Sundial":40,"Magic Flower":30,"Burning Blood":0,"Toy Ornithopter":34}],"Burning Blood":69,"Toy Ornithopter":8},"card_choices":[{"not_picked":["Iron Wave","Pummel","Body Slam"],"picked":"SKIP","floor":1},{"not_picked":["Body Slam","Sword Boomerang"],"picked":"Uppercut","floor":2},{"not_picked":["Inflame","Body Slam"],"picked":"Cleave","floor":3},{"not_picked":["Twin Strike","Flex"],"picked":"Armaments","floor":4},{"not_picked":["Sever Soul","Seeing Red","Perfected Strike"],"picked":"SKIP","floor":5},{"not_picked":["Clothesline","Warcry"],"picked":"Armaments","floor":7},{"not_picked":["Uppercut","Combust","Feel No Pain"],"picked":"SKIP","floor":8},{"not_picked":["Cleave","Hemokinesis","Offering"],"picked":"SKIP","floor":10},{"not_picked":["Shockwave","Perfected Strike"],"picked":"Inflame","floor":12},{"not_picked":["Perfected Strike","Twin Strike","Wild Strike"],"picked":"SKIP","floor":13}],"player_experience":527269,"relics_obtained":[{"floor":8,"key":"Magic Flower"},{"floor":9,"key":"Torii"},{"floor":10,"key":"Toy Ornithopter"},{"floor":12,"key":"Sundial"}],"event_choices":[],"is_beta":false,"boss_relics":[],"items_purged_floors":[14],"is_endless":false,"potions_floor_spawned":[2,5,7,10],"killed_by":"Slime Boss","ascension_level":20}}