{"host":"7tqog9fnhs0gxmti","time":1612521053,"event":{"mods":["AchievementEnabler","Act Like it!","Astrologer","BaseMod","Beaked The Cultist","CapriCore","Colored Map","Colored Powertips","Downfall","Hermit","Highlight Path","Koishi","Marisa????????","Minty Spire (QoL Compilation)","Quick Restart","Random Character Button","Rare Cards Sparkle","Robot Space Explorer","Smile Girya","StSLib","The Bug Knight","The Construct","The Cursed","The Disciple","The Gatherer","The Hayseed","The Marked","everything is the same but u backflip on backflip"],"gold_per_floor":[110,110,130,148,148,179,145,161,161,161,161],"floor_reached":10,"language":"ENG","playtime":228,"items_purged":[],"score":95,"play_id":"b3b21790-fbb0-4faf-8ff0-d0663d7a86fc","local_time":"20210205183053","is_ascension_mode":true,"campfire_choices":[],"circlet_count":0,"master_deck":["Strike_B","Strike_B","Strike_B","Defend_B","Defend_B","Defend_B","Defend_B","Zap+1","Dualcast","Gash","Gash","Self Repair","Electrodynamics"],"relics":["Cracked Core","TheSimpletonMod:GardenGlove","Gremlin Horn"],"acts_visited":["Exordium"],"potions_floor_usage":[6,6],"damage_taken":[{"damage":0,"enemies":"Cultist","floor":1,"turns":3},{"damage":0,"enemies":"Small Slimes","floor":3,"turns":2},{"damage":0,"enemies":"2 Louse","floor":4,"turns":3},{"damage":20,"enemies":"Lagavulin","floor":6,"turns":6},{"damage":31,"enemies":"Exordium Thugs","floor":8,"turns":5},{"damage":33,"enemies":"Gremlin Nob","floor":10,"turns":3}],"seed_played":"735961067524340119","potions_obtained":[{"floor":3,"key":"DuplicationPotion"},{"floor":4,"key":"hexamod:SoulburnPotion"}],"is_trial":false,"path_per_floor":["M","?","M","M","?","E","$","M","T","E"],"character_chosen":"DEFECT","items_purchased":["Self Repair"],"campfire_rested":0,"item_purchase_floors":[7],"current_hp_per_floor":[68,68,68,68,73,53,53,29,29,0,0],"gold":161,"neow_bonus":"REMOVE_CARD","is_daily":false,"chose_seed":false,"campfire_upgraded":0,"win_rate":0.0,"timestamp":1612521053,"path_taken":["M","?","M","?","?","E","$","?","T","E"],"items_purchased_type":["Card"],"build_version":"2020-12-22","purchased_purges":0,"victory":false,"max_hp_per_floor":[75,75,75,75,75,75,75,75,75,75,75],"card_choices":[{"not_picked":["Compile Driver","Cold Snap"],"picked":"Gash","floor":1},{"not_picked":["Double Energy","Stack"],"picked":"Ball Lightning","floor":3},{"not_picked":["Scrape","Streamline"],"picked":"Gash","floor":4},{"not_picked":["Cold Snap","Blizzard","Genetic Algorithm"],"picked":"SKIP","floor":6},{"not_picked":["Recycle","Chaos"],"picked":"Electrodynamics","floor":8}],"player_experience":924988,"relics_obtained":[{"floor":6,"key":"TheSimpletonMod:GardenGlove"},{"floor":9,"key":"Gremlin Horn"}],"event_choices":[{"damage_healed":0,"gold_gain":0,"player_choice":"Upgraded","damage_taken":0,"max_hp_gain":0,"max_hp_loss":0,"event_name":"Upgrade Shrine","floor":2,"gold_loss":0,"cards_upgraded":["Zap"]},{"cards_removed":["Ball Lightning"],"damage_healed":5,"gold_gain":0,"player_choice":"Offered Common","damage_taken":0,"max_hp_gain":0,"max_hp_loss":0,"event_name":"Bonfire Elementals","floor":5,"gold_loss":0},{"cards_removed":["Ball Lightning"],"damage_healed":5,"gold_gain":0,"player_choice":"Offered Special","damage_taken":0,"max_hp_gain":0,"max_hp_loss":0,"event_name":"Bonfire Elementals","floor":5,"gold_loss":0}],"is_beta":false,"boss_relics":[],"items_purged_floors":[],"is_endless":false,"potions_floor_spawned":[3,4],"killed_by":"Gremlin Nob","ascension_level":8}}