{"host":"22ezjknwheybwqtz","time":1612554188,"event":{"mods":["BaseMod","Downfall","Minty Spire (QoL Compilation)","Replay The Spire","Shop Mod","StSLib"],"gold_per_floor":[99,99,99,99,99,99,99,121,31,45,45,30,30,30,49,147,147,147,158,158,176,61,79,79,79,106,106,118,148,148,165,165,165,165],"floor_reached":32,"language":"ENG","playtime":10326,"items_purged":["downfall:Malfunctioning","Delirium"],"score":264,"play_id":"bad82b5c-dfaf-4fdc-b9f1-52c13e85c283","local_time":"20210206034308","is_ascension_mode":false,"campfire_choices":[{"data":"bronze:Replicate","floor":1,"key":"SMITH"},{"data":"bronze:Spike","floor":11,"key":"SMITH"},{"data":"bronze:Flail","floor":13,"key":"SMITH"},{"floor":18,"key":"RECALL"},{"data":"bronze:CleanCode","floor":25,"key":"PURGE"}],"circlet_count":0,"master_deck":["bronze:Strike","bronze:Strike","bronze:Defend+1","bronze:Defend","bronze:Defend+1","bronze:Defend","bronze:Replicate+1","bronze:Goto+1","bronze:GetLatest+1","bronze:BuggyMess+1","bronze:Spike+1","bronze:Flail+1","bronze:DelayedSlice","bronze:Virus","bronze:AlphaBuild","bronze:ChosenStrike","bronze:Optimize","bronze:FineTuning","bronze:FineTuning","bronze:ItsAFeature","bronze:BugBarrage+1"],"relics":["bronze:BronzeCore","downfall:HeartsMalice","War Paint","Odd Mushroom","Replay:Multitool","Replay:Bronze Core","ReplayTheSpireMod:Ring of Addiction","Ring of Peace","Toy Ornithopter","Chameleon Ring","Molten Egg 2","Centennial Puzzle","bronze:CableSpool"],"acts_visited":["Exordium","TheCity"],"potions_floor_usage":[16,16,21,26,29,29,29],"damage_taken":[{"damage":0,"enemies":"Small Slimes","floor":2,"turns":1},{"damage":0,"enemies":"Small Slimes","floor":6,"turns":1},{"damage":0,"enemies":"The Mushroom Lair","floor":8,"turns":1},{"damage":2,"enemies":"downfall:FleeingMerchant","floor":9,"turns":4},{"damage":0,"enemies":"2 Louse","floor":10,"turns":1},{"damage":3,"enemies":"downfall:FleeingMerchant","floor":12,"turns":4},{"damage":11,"enemies":"Jaw Worm","floor":15,"turns":2},{"damage":36,"enemies":"WA_ARCHETYPE_RETAIN","floor":16,"turns":6},{"damage":0,"enemies":"3 Byrds","floor":19,"turns":4},{"damage":0,"enemies":"Chosen","floor":21,"turns":2},{"damage":12,"enemies":"downfall:FleeingMerchant","floor":22,"turns":5},{"damage":10,"enemies":"Sentry and Sphere","floor":23,"turns":5},{"damage":19,"enemies":"Slavers","floor":26,"turns":5},{"damage":21,"enemies":"3 Cultists","floor":28,"turns":5},{"damage":22,"enemies":"Gremlin Leader","floor":29,"turns":5},{"damage":2,"enemies":"Snecko","floor":31,"turns":4},{"damage":6,"enemies":"Snake Plant","floor":32,"turns":3}],"seed_played":"-8757503064830765052","potions_obtained":[{"floor":10,"key":"DistilledChaos"},{"floor":15,"key":"FearPotion"},{"floor":16,"key":"FearPotion"},{"floor":19,"key":"Guardian:BlockOnCardUsePotion"},{"floor":20,"key":"BlessingOfTheForge"},{"floor":20,"key":"Death Potion"},{"floor":21,"key":"DuplicationPotion"},{"floor":26,"key":"SteroidPotion"}],"is_trial":false,"path_per_floor":["R","M","?","?","?","?","T","?","$","M","R","$","R","T","M","B",null,"R","M","?","M","$","M","T","R","E","?","M","E","?","M","M"],"character_chosen":"THE_AUTOMATON","items_purchased":[],"campfire_rested":0,"item_purchase_floors":[],"current_hp_per_floor":[70,70,70,70,70,70,70,70,68,68,68,65,65,65,54,18,70,70,70,70,70,58,48,48,48,34,34,13,6,6,4,0,0,0],"gold":165,"neow_bonus":"THREE_ENEMY_KILL","is_daily":false,"chose_seed":false,"campfire_upgraded":3,"win_rate":0.0,"timestamp":1612554188,"path_taken":["R","M","?","?","?","?","T","?","$","M","R","?","R","?","M","BOSS","R","M","?","M","$","M","T","R","E","?","M","E","?","M","M"],"items_purchased_type":[],"build_version":"2020-12-22","purchased_purges":2,"victory":false,"max_hp_per_floor":[70,70,70,70,70,70,70,70,70,70,70,70,70,70,70,70,70,70,70,70,70,70,70,70,68,68,68,68,68,68,68,68,68,68],"card_choices":[{"not_picked":["bronze:Frontload","bronze:BugBarrage"],"picked":"bronze:GetLatest","floor":2},{"not_picked":[],"picked":"bronze:Spike","floor":6},{"not_picked":["bronze:Branch","bronze:MaxOutput"],"picked":"bronze:Flail","floor":6},{"not_picked":["bronze:BronzeArmor","bronze:FineTuning"],"picked":"bronze:DelayedSlice","floor":8},{"not_picked":["bronze:Shield","bronze:Overheat"],"picked":"bronze:CleanCode","floor":9},{"not_picked":["bronze:CutThrough","bronze:WhirlingStrike","bronze:ChildClass"],"picked":"SKIP","floor":10},{"not_picked":["bronze:Turbo","bronze:OilSpill","bronze:Repair"],"picked":"SKIP","floor":12},{"not_picked":["bronze:Deprecate","bronze:BronzeArmor"],"picked":"bronze:Virus","floor":15},{"not_picked":["bronze:HyperBeam","bronze:ShipIt"],"picked":"bronze:AlphaBuild","floor":16},{"not_picked":["bronze:CutThrough","bronze:WildBeam"],"picked":"bronze:ChosenStrike","floor":19},{"not_picked":["bronze:OilSpill+1","bronze:BuggyMess"],"picked":"bronze:Optimize","floor":21},{"not_picked":["bronze:CloningBeam","bronze:WhirlingStrike+1"],"picked":"bronze:FineTuning","floor":22},{"not_picked":["bronze:OilSpill+1","bronze:NullPointer+1","bronze:Invalidate"],"picked":"SKIP","floor":23},{"not_picked":["bronze:Backtrace+1","bronze:Overload"],"picked":"bronze:FineTuning","floor":26},{"not_picked":["bronze:Iterate+1","bronze:RecursiveStrike+1"],"picked":"bronze:ItsAFeature","floor":28},{"not_picked":["bronze:GetLatest+1","bronze:Deprecate"],"picked":"bronze:BugBarrage+1","floor":29},{"not_picked":["bronze:Branch+1","bronze:WhirlingStrike+1","bronze:DelayedGuard"],"picked":"SKIP","floor":31}],"player_experience":86426,"relics_obtained":[{"floor":7,"key":"War Paint"},{"floor":8,"key":"Odd Mushroom"},{"floor":14,"key":"Replay:Multitool"},{"floor":20,"key":"ReplayTheSpireMod:Ring of Addiction"},{"floor":20,"key":"Ring of Peace"},{"floor":20,"key":"Toy Ornithopter"},{"floor":20,"key":"Chameleon Ring"},{"floor":24,"key":"Molten Egg 2"},{"floor":26,"key":"Centennial Puzzle"},{"floor":29,"key":"bronze:CableSpool"}],"event_choices":[{"damage_healed":0,"gold_gain":0,"player_choice":"Fought Mushrooms","damage_taken":0,"max_hp_gain":0,"max_hp_loss":0,"event_name":"Mushrooms","floor":8,"gold_loss":0},{"damage_healed":0,"gold_gain":0,"player_choice":"Ignored","damage_taken":0,"max_hp_gain":0,"max_hp_loss":0,"event_name":"Ghosts","floor":27,"gold_loss":0},{"damage_healed":0,"gold_gain":0,"player_choice":"Ignored","damage_taken":0,"max_hp_gain":0,"max_hp_loss":0,"event_name":"Vampires","floor":30,"gold_loss":0}],"is_beta":false,"boss_relics":[{"not_picked":["Runic Dome","Replay:Drink Me"],"picked":"Replay:Bronze Core"}],"items_purged_floors":[9,22],"is_endless":false,"potions_floor_spawned":[10,15,16,19,21,23,26],"killed_by":"Snake Plant","ascension_level":0}}