{"host":"w97dq1whmpm6b2tc","time":1612543777,"event":{"mods":["BaseMod","Challenge The Spire","Downfall","Minty Spire (QoL Compilation)","Replay The Spire","StSLib"],"gold_per_floor":[99,99,99,99,99,126,126,161,161,161,71,81,81,91,102,200,200,200,200,285,195,195,95,95,120,312,112,112,127,153,153,153,153],"floor_reached":31,"language":"ENG","playtime":2273,"items_purged":["Guardian:Defend_Guardian"],"score":287,"play_id":"6c198dde-969f-4c3c-99ff-b9d6a903086c","local_time":"20210205184937","is_ascension_mode":true,"campfire_choices":[{"floor":1.0,"key":"RECALL"},{"data":"Guardian:Orbwalk","floor":9.0,"key":"SMITH"},{"floor":13.0,"key":"REST"},{"data":"Guardian:MultiBeam","floor":18.0,"key":"SMITH"},{"data":"Guardian:Suspension","floor":23.0,"key":"SMITH"},{"data":"Guardian:Clone","floor":27.0,"key":"SMITH"}],"circlet_count":0,"master_deck":["Guardian:Defend_Guardian","Guardian:Defend_Guardian","Guardian:CurlUp","Guardian:TwinSlam","Guardian:Orbwalk+1","Guardian:Reroute","Guardian:Clone+1","Guardian:FuturePlans","Guardian:Suspension+1","Guardian:FastForward","Guardian:MultiBeam+1","Guardian:TimeSifter","Guardian:TimeCapacitor+1","Guardian:Gem_Synthetic","Guardian:Planning+1"],"relics":["Guardian:ModeShifter","downfall:HeartsMalice","Blue Candle","InkBottle","Akabeko","Empty Cage","downfall:HeartBlessingRed","Bottled Lightning","Pen Nib","downfall:HeartBlessingBlue","downfall:HeartBlessingGreen","WingedGreaves"],"acts_visited":["Exordium","TheCity"],"potions_floor_usage":[30,30],"damage_taken":[{"damage":0.0,"enemies":"Cultist","floor":2.0,"turns":1.0},{"damage":0.0,"enemies":"Small Slimes","floor":3.0,"turns":1.0},{"damage":0.0,"enemies":"Jaw Worm","floor":5.0,"turns":1.0},{"damage":32.0,"enemies":"Lagavulin","floor":6.0,"turns":10.0},{"damage":26.0,"enemies":"3 Sentries","floor":8.0,"turns":9.0},{"damage":6.0,"enemies":"downfall:FleeingMerchant","floor":11.0,"turns":4.0},{"damage":8.0,"enemies":"Blue Slaver","floor":12.0,"turns":4.0},{"damage":5.0,"enemies":"3 Louse","floor":14.0,"turns":2.0},{"damage":1.0,"enemies":"2 Fungi Beasts","floor":15.0,"turns":2.0},{"damage":13.0,"enemies":"SI_SHIV_ARCHETYPE","floor":16.0,"turns":8.0},{"damage":10.0,"enemies":"downfall:FleeingMerchant","floor":21.0,"turns":4.0},{"damage":19.0,"enemies":"Slavers","floor":25.0,"turns":2.0},{"damage":4,"enemies":"Spheric Guardian","floor":29,"turns":3},{"damage":36,"enemies":"Replay:Snechameleon","floor":30,"turns":6},{"damage":7,"enemies":"Snake Plant","floor":31,"turns":1}],"seed_played":"8026178443415535449","potions_obtained":[{"floor":6.0,"key":"Milkshake"},{"floor":8.0,"key":"Elixir"},{"floor":12.0,"key":"Explosive Potion"},{"floor":14.0,"key":"Weak Potion"},{"floor":25.0,"key":"SneckoOil"},{"floor":29,"key":"Adrenaline Potion"}],"is_trial":false,"path_per_floor":["R","M","M","?","M","E","T","E","R","?","$","M","R","M","M","B",null,"R","?","?","$","?","R","T","E","?","R","?","M","E","M"],"character_chosen":"GUARDIAN","items_purchased":["Guardian:MultiBeam"],"campfire_rested":1,"item_purchase_floors":[11],"current_hp_per_floor":[80,80,80,75,75,43,43,17,17,17,11,3,27,22,21,8,80,80,80,64,54,54,54,54,35,35,45,45,41,5,0,0,0],"gold":153,"neow_bonus":"THREE_ENEMY_KILL","is_daily":false,"chose_seed":false,"campfire_upgraded":4,"win_rate":0.0,"timestamp":1612543777,"path_taken":["R","M","M","?","M","E","T","E","R","?","$","?","R","M","M","BOSS","R","?","?","$","?","R","T","E","?","R","?","M","E","?"],"items_purchased_type":["Card"],"build_version":"2020-12-22","purchased_purges":1,"victory":false,"max_hp_per_floor":[80,80,80,80,80,80,80,80,80,80,80,80,80,80,80,80,80,80,80,80,80,80,80,80,80,80,90,90,90,90,90,90,90],"card_choices":[{"not_picked":["Guardian:VentSteam","Guardian:ChargeCore"],"picked":"Guardian:Orbwalk","floor":2.0},{"not_picked":["Guardian:RollAttack","Guardian:PrimingBeam"],"picked":"Guardian:Reroute","floor":3.0},{"not_picked":["Guardian:TemporalShield","Guardian:FuturePlans"],"picked":"Guardian:Clone","floor":5.0},{"not_picked":["Guardian:PrimingBeam","Guardian:Gem_Fragmented"],"picked":"Guardian:FuturePlans","floor":6.0},{"not_picked":["Guardian:CrystalBeam","Guardian:Reroute"],"picked":"Guardian:Suspension","floor":8.0},{"not_picked":["Guardian:PolyBeam","Guardian:TemporalStrike"],"picked":"Guardian:FastForward","floor":11.0},{"not_picked":["Guardian:CrystalBeam","Guardian:BronzeArmor","Guardian:Preprogram"],"picked":"SKIP","floor":12.0},{"not_picked":["Guardian:ArmoredProtocol","Guardian:Orbwalk","Guardian:RollAttack"],"picked":"SKIP","floor":14.0},{"not_picked":["Guardian:Suspension","Guardian:FloatingOrbs","Guardian:WalkerClaw"],"picked":"SKIP","floor":15.0},{"not_picked":["Guardian:RevengeProtocol","Guardian:CompilePackage"],"picked":"Guardian:TimeSifter","floor":16.0},{"not_picked":["Guardian:Recover","Guardian:Planning","Guardian:RollAttack"],"picked":"SKIP","floor":21.0},{"not_picked":["Guardian:Orbwalk","Guardian:CrystalBeam+1","Guardian:Repulse"],"picked":"SKIP","floor":25.0},{"not_picked":["Guardian:Planning","Guardian:Emergency"],"picked":"Guardian:TimeCapacitor+1","floor":26.0},{"not_picked":["Guardian:Planning","Guardian:Recover"],"picked":"Guardian:Gem_Synthetic","floor":29},{"not_picked":["Guardian:Reroute","Guardian:Gem_Cyan"],"picked":"Guardian:Planning+1","floor":30}],"player_experience":3746663,"relics_obtained":[{"floor":6.0,"key":"InkBottle"},{"floor":8.0,"key":"Akabeko"},{"floor":24.0,"key":"Bottled Lightning"},{"floor":25.0,"key":"Pen Nib"},{"floor":30,"key":"WingedGreaves"}],"event_choices":[],"is_beta":false,"boss_relics":[{"not_picked":["Honey Jar","SlaversCollar"],"picked":"Empty Cage"}],"items_purged_floors":[21],"is_endless":false,"potions_floor_spawned":[6,8,12,14,25,29],"killed_by":"Snake Plant","ascension_level":1}}