{"host":"mw3dmj42qtkbha4b","time":1612533476,"event":{"mods":["BaseMod","Colored Map","Colored Powertips","DeckTracker","Minty Spire (QoL Compilation)","StSLib","SuperFastMode"],"gold_per_floor":[119,119,135,135,135,162,174,186,225,263,292,332,357,404,416,500,512,534,331,331,331,113,148,163,197,221,159,179,199,199,199,199],"floor_reached":31,"language":"KOR","playtime":743,"items_purged":["Strike_P","Defend_P"],"score":852,"play_id":"593b5b5e-6b21-430a-bf1e-932fa16777ba","local_time":"20210205225756","is_ascension_mode":true,"campfire_choices":[{"data":"ReachHeaven","floor":15.0,"key":"SMITH"}],"circlet_count":0,"master_deck":["AscendersBane","Strike_P","Strike_P","Strike_P","Defend_P","Defend_P","Eruption+1","Vigilance","ReachHeaven+1","Wallop","Indignation","FlurryOfBlows+1","RitualDagger"],"relics":["PureWater","NeowsBlessing","Shuriken","MawBank","PreservedInsect","MealTicket","StrikeDummy","Smiling Mask","Blood Vial","Mummified Hand","Sling","Torii","Shovel","Toy Ornithopter","Art of War"],"acts_visited":["Exordium","TheCity"],"potions_floor_usage":[],"damage_taken":[{"damage":0.0,"enemies":"Cultist","floor":1.0,"turns":1.0},{"damage":0.0,"enemies":"Jaw Worm","floor":3.0,"turns":1.0},{"damage":0.0,"enemies":"Lagavulin","floor":6.0,"turns":2.0},{"damage":20.0,"enemies":"3 Sentries","floor":10.0,"turns":4.0},{"damage":0.0,"enemies":"2 Louse","floor":11.0,"turns":1.0},{"damage":0.0,"enemies":"Lagavulin","floor":12.0,"turns":2.0},{"damage":9.0,"enemies":"Large Slime","floor":13.0,"turns":3.0},{"damage":0.0,"enemies":"3 Sentries","floor":14.0,"turns":3.0},{"damage":0.0,"enemies":"Slime Boss","floor":16.0,"turns":3.0},{"damage":9.0,"enemies":"2 Thieves","floor":18.0,"turns":4.0},{"damage":44.0,"enemies":"Gremlin Leader","floor":23.0,"turns":3.0},{"damage":23.0,"enemies":"Chosen","floor":24.0,"turns":4.0},{"damage":56.0,"enemies":"Book of Stabbing","floor":25.0,"turns":3.0},{"damage":15.0,"enemies":"Snecko","floor":28.0,"turns":4.0},{"damage":1.0,"enemies":"Centurion and Healer","floor":29.0,"turns":3.0},{"damage":10,"enemies":"Snake Plant","floor":31,"turns":2}],"seed_played":"173450315946782951","potions_obtained":[{"floor":1.0,"key":"LiquidMemories"},{"floor":13.0,"key":"BottledMiracle"},{"floor":14.0,"key":"SteroidPotion"},{"floor":23.0,"key":"FairyPotion"},{"floor":25.0,"key":"Fruit Juice"},{"floor":28.0,"key":"Energy Potion"}],"is_trial":false,"path_per_floor":["M","$","M","?","T","E","?","?","T","E","M","E","M","E","R","B",null,"M","$","?","T","$","E","M","E","T","?","M","M","?","M"],"character_chosen":"WATCHER","items_purchased":["Blood Vial","Sling"],"campfire_rested":0,"item_purchase_floors":[19,22],"current_hp_per_floor":[61,61,61,54,54,54,54,54,54,34,34,34,25,25,25,25,57,48,63,63,63,68,24,3,7,7,7,4,10,4,0,0],"gold":199,"neow_bonus":"THREE_ENEMY_KILL","is_daily":false,"chose_seed":false,"campfire_upgraded":1,"win_rate":0.0,"timestamp":1612533476,"path_taken":["M","$","?","?","?","E","?","?","T","E","M","E","M","E","R","BOSS","M","$","?","?","$","E","M","E","T","?","M","?","?","M"],"items_purchased_type":["Relic","Relic"],"build_version":"2020-12-22","purchased_purges":2,"victory":false,"max_hp_per_floor":[68,68,68,68,68,68,68,68,68,68,68,68,68,68,68,68,68,68,68,68,68,68,68,68,68,68,68,73,73,73,73,73],"card_choices":[{"not_picked":["SashWhip","CutThroughFate"],"picked":"ReachHeaven","floor":1.0},{"not_picked":["Sanctity","WheelKick","Evaluate"],"picked":"SKIP","floor":3.0},{"not_picked":["Protect","Consecrate","FlyingSleeves"],"picked":"SKIP","floor":6.0},{"not_picked":["Halt","JustLucky","FlyingSleeves"],"picked":"SKIP","floor":10.0},{"not_picked":["LikeWater","Protect"],"picked":"Wallop","floor":11.0},{"not_picked":["LikeWater","MasterReality","Study"],"picked":"SKIP","floor":12.0},{"not_picked":["Swivel","Pray","Sanctity"],"picked":"SKIP","floor":13.0},{"not_picked":["BowlingBash","LikeWater","WaveOfTheHand"],"picked":"SKIP","floor":14.0},{"not_picked":["Evaluate","EmptyBody","CutThroughFate"],"picked":"SKIP","floor":18.0},{"not_picked":["Perseverance","DeceiveReality","Protect"],"picked":"SKIP","floor":23.0},{"not_picked":["Evaluate","BowlingBash","Halt"],"picked":"SKIP","floor":24.0},{"not_picked":["Meditate+1","Wish","EmptyBody"],"picked":"SKIP","floor":25.0},{"not_picked":["CrushJoints","Protect"],"picked":"Indignation","floor":28.0},{"not_picked":["Weave","Pray"],"picked":"FlurryOfBlows+1","floor":29.0}],"player_experience":1802140,"relics_obtained":[{"floor":5.0,"key":"Shuriken"},{"floor":6.0,"key":"MawBank"},{"floor":9.0,"key":"PreservedInsect"},{"floor":10.0,"key":"MealTicket"},{"floor":12.0,"key":"StrikeDummy"},{"floor":14.0,"key":"Smiling Mask"},{"floor":21.0,"key":"Mummified Hand"},{"floor":23.0,"key":"Torii"},{"floor":25.0,"key":"Shovel"},{"floor":26.0,"key":"Toy Ornithopter"}],"event_choices":[{"cards_removed":["Defend_P"],"damage_healed":0.0,"max_hp_gain":0.0,"max_hp_loss":0.0,"gold_gain":0.0,"event_name":"Golden Wing","player_choice":"Card Removal","floor":4.0,"gold_loss":0.0,"damage_taken":7.0},{"damage_healed":0.0,"max_hp_gain":0.0,"max_hp_loss":0.0,"gold_gain":0.0,"event_name":"Living Wall","player_choice":"Grow","floor":7.0,"gold_loss":0.0,"damage_taken":0.0,"cards_upgraded":["Eruption"]},{"damage_healed":0.0,"max_hp_gain":0.0,"max_hp_loss":0.0,"gold_gain":0.0,"event_name":"Liars Game","player_choice":"Ignored","floor":8.0,"gold_loss":0.0,"damage_taken":0.0},{"damage_healed":0.0,"max_hp_gain":0.0,"max_hp_loss":0.0,"gold_gain":0.0,"event_name":"Ghosts","player_choice":"Ignored","floor":20.0,"gold_loss":0.0,"damage_taken":0.0},{"damage_healed":0.0,"max_hp_gain":0.0,"max_hp_loss":0.0,"gold_gain":0.0,"event_name":"WeMeetAgain","player_choice":"Paid Gold","floor":27.0,"gold_loss":62.0,"damage_taken":0.0,"relics_obtained":["Art of War"]},{"damage_healed":0.0,"max_hp_gain":0.0,"max_hp_loss":0.0,"gold_gain":0.0,"event_name":"Nest","player_choice":"Joined the Cult","floor":30.0,"gold_loss":0.0,"damage_taken":6.0,"cards_obtained":["RitualDagger"]}],"is_beta":false,"boss_relics":[{"not_picked":["Runic Dome","Fusion Hammer","Sozu"]}],"items_purged_floors":[19,22],"is_endless":false,"potions_floor_spawned":[1,13,14,23,25,28],"killed_by":"Snake Plant","ascension_level":20}}