{"host":"fxrgx7wt2cpkbhka","time":1612522655,"event":{"mods":["AchievementEnabler","BaseMod","Colored Powertips","Minty Spire (QoL Compilation)","Permanent Neow","Quick Restart","Slay-I","StSLib","Waifu the Spire"],"gold_per_floor":[109,109,34,50,225,225,251,267,291,301,301,334,17,17,17,90,90,110,110,25,25,25,25,54,74,124,150,150,250,250,349,349,349,349],"floor_reached":33,"language":"ENG","playtime":1050,"items_purged":[],"score":488,"play_id":"0566f5be-e4c9-42f1-909f-c823f79c1d60","local_time":"20210205025735","is_ascension_mode":true,"campfire_choices":[{"data":"Capacitor","floor":6,"key":"SMITH"},{"data":"Ball Lightning","floor":11,"key":"SMITH"},{"data":"Glacier","floor":15,"key":"SMITH"},{"data":"Cold Snap","floor":23,"key":"SMITH"},{"data":"Consume","floor":30,"key":"SMITH"},{"floor":32,"key":"REST"}],"circlet_count":0,"master_deck":["AscendersBane","Strike_B","Strike_B","Strike_B","Strike_B","Defend_B","Defend_B","Defend_B","Defend_B","Zap+1","Dualcast+1","Glacier+1","Capacitor+1","Doubt","Ball Lightning+1","Glacier+1","Cold Snap+1","Static Discharge+1","Electrodynamics+1","Shame","Coolheaded+1","Consume+1"],"relics":["Cracked Core","Pen Nib","DataDisk","Du-Vu Doll","Membership Card","Frozen Egg 2","Cursed Key","Pear","StrikeDummy","Mummified Hand","MealTicket","Akabeko","Prayer Wheel","Kunai"],"acts_visited":["Exordium","TheCity"],"potions_floor_usage":[27,27,29],"damage_taken":[{"damage":3,"enemies":"2 Louse","floor":1,"turns":2},{"damage":0,"enemies":"Cultist","floor":4,"turns":3},{"damage":25,"enemies":"Lagavulin","floor":7,"turns":11},{"damage":2,"enemies":"Jaw Worm","floor":8,"turns":4},{"damage":0,"enemies":"Looter","floor":10,"turns":4},{"damage":1,"enemies":"3 Sentries","floor":12,"turns":9},{"damage":6,"enemies":"Hexaghost","floor":16,"turns":9},{"damage":0,"enemies":"Spheric Guardian","floor":18,"turns":3},{"damage":17,"enemies":"Gremlin Leader","floor":24,"turns":5},{"damage":9,"enemies":"Shell Parasite","floor":25,"turns":4},{"damage":21,"enemies":"Book of Stabbing","floor":27,"turns":5},{"damage":30,"enemies":"Colosseum Slavers","floor":29,"turns":3},{"damage":2,"enemies":"Colosseum Nobs","floor":29,"turns":3},{"damage":55,"enemies":"Champ","floor":33,"turns":13}],"seed_played":"6821252173453969540","potions_obtained":[{"floor":4,"key":"SkillPotion"},{"floor":7,"key":"Block Potion"},{"floor":27,"key":"Fire Potion"}],"is_trial":false,"path_per_floor":["M","?","$","M","?","R","E","M","T","M","R","E","$","?","R","B",null,"M","?","?","$","?","R","E","M","T","E","?","?","R","?","R","B"],"character_chosen":"DEFECT","items_purchased":["Capacitor","Membership Card","Frozen Egg 2","Static Discharge+1"],"campfire_rested":1,"item_purchase_floors":[3,13,13,13],"current_hp_per_floor":[61,61,61,61,61,61,36,34,34,34,34,33,33,33,33,27,60,60,70,70,70,70,70,53,44,44,23,50,18,18,18,42,0,0],"gold":349,"neow_bonus":"UPGRADE_CARD","is_daily":false,"chose_seed":false,"campfire_upgraded":5,"win_rate":0.0,"timestamp":1612522655,"path_taken":["M","?","$","?","?","R","E","M","T","M","R","E","$","?","R","BOSS","M","?","?","$","?","R","E","M","T","E","?","?","R","?","R","BOSS"],"items_purchased_type":["Card","Relic","Relic","Card"],"build_version":"2020-12-22","purchased_purges":0,"victory":false,"max_hp_per_floor":[71,71,71,71,71,71,71,71,71,71,71,71,71,71,71,71,71,71,81,81,81,81,81,81,81,81,81,81,81,81,81,81,81,81],"card_choices":[{"not_picked":["Coolheaded","Hello World"],"picked":"Glacier","floor":1},{"not_picked":["Sweeping Beam","Steam","Beam Cell"],"picked":"SKIP","floor":4},{"not_picked":["Beam Cell","Go for the Eyes"],"picked":"Ball Lightning","floor":7},{"not_picked":["Gash","Chaos"],"picked":"Glacier","floor":8},{"not_picked":["Steam","Turbo"],"picked":"Cold Snap","floor":10},{"not_picked":["Redo","Force Field","Steam"],"picked":"SKIP","floor":12},{"not_picked":["Buffer+1","Machine Learning+1"],"picked":"Electrodynamics+1","floor":16},{"not_picked":["Tempest","Stack","Redo"],"picked":"SKIP","floor":18},{"not_picked":["Amplify","Genetic Algorithm","Barrage"],"picked":"SKIP","floor":24},{"not_picked":["Tempest","Gash","Coolheaded"],"picked":"SKIP","floor":25},{"not_picked":["Compile Driver","Aggregate"],"picked":"Coolheaded+1","floor":27},{"not_picked":["Genetic Algorithm","Go for the Eyes"],"picked":"Consume","floor":29}],"player_experience":745775,"relics_obtained":[{"floor":7,"key":"Pen Nib"},{"floor":9,"key":"DataDisk"},{"floor":12,"key":"Du-Vu Doll"},{"floor":24,"key":"Mummified Hand"},{"floor":26,"key":"MealTicket"},{"floor":27,"key":"Akabeko"},{"floor":29,"key":"Prayer Wheel"},{"floor":29,"key":"Kunai"}],"event_choices":[{"damage_healed":0,"gold_gain":0,"player_choice":"Forge","damage_taken":0,"max_hp_gain":0,"max_hp_loss":0,"event_name":"Accursed Blacksmith","floor":2,"gold_loss":0,"cards_upgraded":["Zap"]},{"damage_healed":0,"gold_gain":175,"player_choice":"AGREE","damage_taken":0,"max_hp_gain":0,"max_hp_loss":0,"event_name":"Liars Game","floor":5,"gold_loss":0,"cards_obtained":["Doubt"]},{"damage_healed":0,"gold_gain":0,"player_choice":"Grow","damage_taken":0,"max_hp_gain":0,"max_hp_loss":0,"event_name":"Living Wall","floor":14,"gold_loss":0,"cards_upgraded":["Glacier"]},{"damage_healed":0,"gold_gain":0,"player_choice":"Opened","damage_taken":0,"relics_obtained":["Pear"],"max_hp_gain":0,"max_hp_loss":0,"event_name":"The Mausoleum","floor":19,"gold_loss":0},{"damage_healed":0,"gold_gain":0,"player_choice":"Obtained Relic","damage_taken":0,"relics_obtained":["StrikeDummy"],"max_hp_gain":0,"max_hp_loss":0,"event_name":"Addict","floor":20,"gold_loss":85},{"damage_healed":0,"gold_gain":0,"player_choice":"Ignored","damage_taken":0,"max_hp_gain":0,"max_hp_loss":0,"event_name":"Vampires","floor":22,"gold_loss":0},{"damage_healed":27,"gold_gain":0,"player_choice":"Heal","damage_taken":0,"max_hp_gain":0,"max_hp_loss":0,"event_name":"The Library","floor":28,"gold_loss":0},{"damage_healed":0,"gold_gain":0,"player_choice":"Fight","damage_taken":0,"max_hp_gain":0,"max_hp_loss":0,"event_name":"Colosseum","floor":29,"gold_loss":0},{"damage_healed":0,"gold_gain":0,"player_choice":"Fought Nobs","damage_taken":0,"max_hp_gain":0,"max_hp_loss":0,"event_name":"Colosseum","floor":29,"gold_loss":0},{"damage_healed":0,"gold_gain":99,"player_choice":"Stole From Cult","damage_taken":0,"max_hp_gain":0,"max_hp_loss":0,"event_name":"Nest","floor":31,"gold_loss":0}],"is_beta":false,"boss_relics":[{"not_picked":["Fusion Hammer","Empty Cage"],"picked":"Cursed Key"}],"items_purged_floors":[],"is_endless":false,"potions_floor_spawned":[4,7,12,25,27],"killed_by":"Champ","ascension_level":14}}