{"host":"lktusdb9orijgc6z","time":1612540770,"event":{"mods":["BaseMod","Bestiary","Colored Map","Colored Powertips","Minty Spire (QoL Compilation)","Permanent Neow","Quick Restart","Relic Stats","StSLib","everything is the same but u backflip on backflip","slay the spire mod where everything is the same but ironclad has a cowboy hat"],"gold_per_floor":[111,122,132,132,144,144,172,172,197,230,247,257,257,276,276,276,276],"floor_reached":16,"language":"ENG","playtime":592,"items_purged":[],"score":328,"play_id":"28531331-76fb-4ed4-aba4-600f478b0855","local_time":"20210205165930","is_ascension_mode":true,"campfire_choices":[{"data":"All Out Attack","floor":6.0,"key":"SMITH"},{"floor":8,"key":"REST"},{"floor":13,"key":"REST"},{"data":"Crippling Poison","floor":15,"key":"SMITH"}],"circlet_count":0,"master_deck":["AscendersBane","Strike_G","Strike_G","Strike_G","Strike_G","Strike_G","Defend_G","Defend_G","Defend_G","Defend_G","Defend_G","Survivor","Neutralize","Poisoned Stab","All Out Attack+1","Poisoned Stab","Decay","Sucker Punch","Bouncing Flask","Blade Dance","Backflip","All Out Attack","Crippling Poison+1"],"relics":["Ring of the Snake","Strawberry","Dream Catcher","Blood Vial","Boot"],"acts_visited":["Exordium"],"potions_floor_usage":[7,7],"damage_taken":[{"damage":7.0,"enemies":"Small Slimes","floor":1.0,"turns":5.0},{"damage":1.0,"enemies":"Cultist","floor":2.0,"turns":4.0},{"damage":7.0,"enemies":"2 Louse","floor":3.0,"turns":2.0},{"damage":3.0,"enemies":"Looter","floor":5.0,"turns":4.0},{"damage":23,"enemies":"Lagavulin","floor":7,"turns":7},{"damage":26,"enemies":"3 Sentries","floor":10,"turns":7},{"damage":7,"enemies":"Red Slaver","floor":11,"turns":4},{"damage":11,"enemies":"Exordium Wildlife","floor":12,"turns":3},{"damage":6,"enemies":"Blue Slaver","floor":14,"turns":3},{"damage":32,"enemies":"Slime Boss","floor":16,"turns":5}],"seed_played":"7650626631723859303","potions_obtained":[{"floor":2.0,"key":"PowerPotion"},{"floor":3.0,"key":"BlessingOfTheForge"}],"is_trial":false,"path_per_floor":["M","M","M","?","M","R","E","R","T","E","M","M","R","M","R","B"],"character_chosen":"THE_SILENT","items_purchased":[],"campfire_rested":2,"item_purchase_floors":[],"current_hp_per_floor":[59,58,51,51,48,48,25,46,46,22,17,8,29,25,25,0,0],"gold":276,"neow_bonus":"RANDOM_COMMON_RELIC","is_daily":false,"chose_seed":false,"campfire_upgraded":2,"win_rate":0.0,"timestamp":1612540770,"path_taken":["M","M","M","?","M","R","E","R","T","E","M","M","R","?","R","BOSS"],"items_purchased_type":[],"build_version":"2020-12-22","purchased_purges":0,"victory":false,"max_hp_per_floor":[73,73,73,73,73,73,73,73,73,73,73,73,73,73,73,73,73],"relic_stats":{"Blood Vial":10,"Dream Catcher":2,"counters":[10,44],"Boot":[22],"obtain_stats":[{"Blood Vial":9,"Dream Catcher":7,"Strawberry":0,"Boot":10,"Ring of the Snake":0},{"Blood Vial":5,"Dream Catcher":5,"Strawberry":0,"Boot":6,"Ring of the Snake":0},{"Blood Vial":22,"Dream Catcher":22,"Strawberry":0,"Boot":29,"Ring of the Snake":0}],"Ring of the Snake":[20]},"card_choices":[{"not_picked":["Underhanded Strike","Infinite Blades"],"picked":"Poisoned Stab","floor":1.0},{"not_picked":["Blur","Prepared"],"picked":"All Out Attack","floor":2.0},{"not_picked":["Acrobatics","Cloak And Dagger"],"picked":"Poisoned Stab","floor":3.0},{"not_picked":["Well Laid Plans","Backflip"],"picked":"Sucker Punch","floor":5.0},{"not_picked":["Outmaneuver","Dagger Spray"],"picked":"Bouncing Flask","floor":7},{"not_picked":["Leg Sweep","Sucker Punch"],"picked":"Blade Dance","floor":8},{"not_picked":["Flying Knee","Concentrate"],"picked":"Backflip","floor":10},{"not_picked":["Slice","Deflect"],"picked":"All Out Attack","floor":11},{"not_picked":["Outmaneuver","Poisoned Stab","Grand Finale"],"picked":"SKIP","floor":12},{"not_picked":["Dagger Spray","Well Laid Plans"],"picked":"Crippling Poison","floor":14}],"player_experience":763961,"relics_obtained":[{"floor":7,"key":"Dream Catcher"},{"floor":9,"key":"Blood Vial"},{"floor":10,"key":"Boot"}],"event_choices":[{"damage_healed":0.0,"max_hp_gain":0.0,"max_hp_loss":0.0,"gold_gain":0.0,"event_name":"Wheel of Change","player_choice":"Cursed","floor":4.0,"gold_loss":0.0,"damage_taken":0.0,"cards_obtained":["Decay"]}],"is_beta":false,"boss_relics":[],"items_purged_floors":[],"is_endless":false,"potions_floor_spawned":[2,3,5],"killed_by":"Slime Boss","ascension_level":20}}