{"host":"usru02jcpe2a942d","time":1612503889,"event":{"mods":["ATMod(°¢èªMod)","Act Like it!","BaseMod","Better Note","Better Vampires","Challenge The Spire","Colored Powertips","Friendly Minions","GifTheSpireLib","Hermit","Highlight Path","Hubris","Infinite Spire","Jedi Mod","Minty Spire (QoL Compilation)","MostiFishMod","Pale of the Ancients","Quick Restart","Relic Stats","RumiaBox-Â¶Ã×æ«µÄÉñÃØºÐ×Ó","StSLib","[IsaacMod]ÒÔÈö¼âËþ","noobMod","¡¾ÒÅÎï¿¨ÅÆ¡¿REMEMod","óô»ðÖ¸ÄÏ"],"gold_per_floor":[115,135,19,38,38,38,81,7,33,59,83,109,149,226,226,391,391,410,425,425,462,512,546,583,659,730,818,818,842,849,849,677,887,887,911,1011,1011,1031,1071,708,784,784,784,824,824,846,910,838,838,963],"floor_reached":51,"language":"ZHS","playtime":7812,"items_purged":["hermit:Strike_Hermit","hermit:Strike_Hermit","hermit:Strike_Hermit","hermit:Defend_Hermit","hermit:Strike_Hermit","hermit:NoHoldsBarred","hermit:Snapshot"],"score":920,"play_id":"ade8a4fd-4f90-47ae-8c96-ed14fedf951e","local_time":"20210205134449","is_ascension_mode":false,"campfire_choices":[{"data":"AT_FamilyPortrait","floor":6.0,"key":"SMITH"},{"data":"hermit:GoldenBullet","floor":15.0,"key":"SMITH"}],"circlet_count":0,"master_deck":["hermit:Defend_Hermit+1","hermit:Defend_Hermit","hermit:Defend_Hermit","hermit:Covet","AT_FamilyPortrait+1","hermit:GoldenBullet+1","hermit:Virtue+1","hermit:GoldenBullet","hermit:GhostlyPresence","hermit:GoldenBullet","hermit:DeadOrAlive","hermit:EyeOfTheStorm+1","hermit:DeadMansHand+1","hermit:Gambit","hermit:RoundhouseKick","AT_EmpoweredMortalDraw","hermit:LuckOfTheDraw","hermit:EyeOfTheStorm+1","hermit:Glare"],"relics":["DaveBox","ice","REME_ComplimentaryCards","AT_ATBox","HushsDoor","ImprovedEquipment","SteamSale","jedi:paperlyon","SynthV:TestCard","DollysMirror","Golden Idol","DeadEye","War Paint","Bag of Marbles","Juzu Bracelet","Centennial Puzzle","SalivaCoin","GodSword1","hubris:ScarierMask","HowToJump","infinitespire:Lucky Rock","Bronze Scales","hermit:Spyglass","REME_PuzzleBoxRelic","FeatherPendant","PillsDrop","ChiXiaoBlade","AT_RabadonDeathcap","AT_MortalBlade","EdensBlessing","Boot","TimeFreeze","GuppysTail","AT_TheCollector","hubris:Icosahedron","Du-Vu Doll","Membership Card","AT_ChloranthyRing","AT_MibuBalloonWealth","hubris:EmptyBottle","LastBattle","BlankCard"],"acts_visited":["Exordium","TheCity","TheBeyond"],"potions_floor_usage":[],"damage_taken":[{"damage":12.0,"enemies":"infinitespire:Voidling","floor":1.0,"turns":4.0},{"damage":5.0,"enemies":"Small Slimes","floor":2.0,"turns":2.0},{"damage":0.0,"enemies":"Jaw Worm","floor":4.0,"turns":3.0},{"damage":8.0,"enemies":"Gremlin Nob","floor":7.0,"turns":3.0},{"damage":0.0,"enemies":"Exordium Wildlife","floor":11.0,"turns":2.0},{"damage":1.0,"enemies":"3 Sentries","floor":13.0,"turns":5.0},{"damage":11.0,"enemies":"Lagavulin Event","floor":14.0,"turns":4.0},{"damage":16.0,"enemies":"Hexaghost","floor":16.0,"turns":8.0},{"damage":0.0,"enemies":"2 Thieves","floor":18.0,"turns":2.0},{"damage":0.0,"enemies":"Spheric Guardian","floor":19.0,"turns":3.0},{"damage":5.0,"enemies":"Chosen and Byrds","floor":21.0,"turns":3.0},{"damage":0.0,"enemies":"3 Cultists","floor":22.0,"turns":2.0},{"damage":0.0,"enemies":"Book of Stabbing","floor":23.0,"turns":1.0},{"damage":14.0,"enemies":"Snecko","floor":24.0,"turns":4.0},{"damage":0.0,"enemies":"Slavers","floor":25.0,"turns":2.0},{"damage":18.0,"enemies":"Nightmare","floor":27.0,"turns":6.0},{"damage":0.0,"enemies":"Centurion and Healer","floor":29.0,"turns":1.0},{"damage":19,"enemies":"Champ","floor":33,"turns":4},{"damage":0,"enemies":"Orb Walker","floor":35,"turns":1},{"damage":0,"enemies":"3 Darklings","floor":38,"turns":1},{"damage":0,"enemies":"Spire Growth","floor":39,"turns":1},{"damage":0,"enemies":"Reptomancer","floor":41,"turns":2},{"damage":0,"enemies":"4 Shapes","floor":44,"turns":2},{"damage":5,"enemies":"Writhing Mass","floor":46,"turns":1},{"damage":0,"enemies":"2 Orb Walkers","floor":47,"turns":1},{"damage":0,"enemies":"hubris:GrandSnecko","floor":50,"turns":1}],"seed_played":"1707056690716274740","potions_obtained":[{"floor":4.0,"key":"SkillPotion"},{"floor":11.0,"key":"hermit:Tonic"},{"floor":13.0,"key":"LiquidBronze"},{"floor":21.0,"key":"jedi:StrikingPotion"},{"floor":25.0,"key":"PowerPotion"},{"floor":33,"key":"ColorlessPotion"}],"is_trial":false,"path_per_floor":["M","M","$","M","?","R","E","$","T","T","M","T","E","?","R","B",null,"M","M","AVR","M","M","E","M","E","T","NM","?","M","?","?","R","B",null,"M","?","AVR","M","M","R","E","?","T","M","?","M","?","$","R","B",null],"character_chosen":"HERMIT","items_purchased":["DollysMirror","War Paint","PillsDrop","hermit:RoundhouseKick","EdensBlessing","Boot","TimeFreeze","Membership Card","AT_ChloranthyRing","AT_MibuBalloonWealth","hubris:EmptyBottle","LastBattle","BlankCard","hermit:Glare"],"campfire_rested":0,"item_purchase_floors":[3,8,32,34,40,40,40,48,48,48,49,49,49,49],"current_hp_per_floor":[63,58,58,58,40,40,36,36,36,36,36,36,35,24,24,8,75,75,75,75,70,70,70,56,56,56,38,38,38,33,33,33,14,54,54,39,39,39,39,39,39,39,39,39,39,34,34,34,34,34],"gold":963,"neow_bonus":"BOSS_RELIC","is_daily":false,"chose_seed":false,"campfire_upgraded":2,"win_rate":0.0,"timestamp":1612503889,"path_taken":["M","M","$","?","?","R","E","?","T","?","M","?","E","?","R","BOSS","M","M","AVR","M","M","E","M","E","T","NM","?","M","?","?","R","BOSS","M","?","AVR","M","M","R","E","?","T","M","?","M","?","?","R","BOSS"],"items_purchased_type":["Relic","Relic","Relic","Card","Relic","Relic","Relic","Relic","Relic","Relic","Relic","Relic","Relic","Card"],"build_version":"2020-12-22","purchased_purges":7,"victory":true,"max_hp_per_floor":[75,75,75,75,75,75,75,75,75,75,75,75,75,75,75,75,75,75,75,75,75,75,75,75,75,75,75,57,57,57,57,57,57,54,54,54,54,54,54,54,49,49,49,49,49,49,44,44,44,44],"relic_stats":{"Centennial Puzzle":[24],"counters":[26,69],"Golden Idol":205,"Bronze Scales":[18],"Juzu Bracelet":5,"War Paint":["hermit:Defend_Hermit","hermit:Virtue"],"Boot":[0],"obtain_stats":[{"GuppysTail":41,"AT_ATBox":0,"DaveBox":0,"AT_MibuBalloonWealth":48,"ice":0,"Juzu Bracelet":10,"jedi:command_boss":28,"DeadEye":7,"hubris:EmptyBottle":49,"Boot":40,"Centennial Puzzle":12,"hubris:Icosahedron":45,"jedi:paperlyon":0,"DollysMirror":3,"PillsDrop":32,"hubris:ScarierMask":17,"hermit:Spyglass":26,"KeepersGift":0,"AT_ChloranthyRing":48,"AT_RabadonDeathcap":37,"HowToJump":20,"Golden Idol":5,"ImprovedEquipment":0,"AT_MortalBlade":37,"infinitespire:Lucky Rock":23,"War Paint":8,"LastBattle":49,"SteamSale":0,"TimeFreeze":40,"Du-Vu Doll":47,"SynthV:TestCard":1,"FeatherPendant":28,"AT_TheCollector":43,"Bronze Scales":25,"ChiXiaoBlade":34,"Bag of Marbles":9,"SalivaCoin":13,"Membership Card":48,"REME_PuzzleBoxRelic":27,"EdensBlessing":40,"BlankCard":49,"HushsDoor":0,"hermit:Momento":0,"REME_ComplimentaryCards":0,"GodSword1":14},{"GuppysTail":22,"AT_ATBox":0,"DaveBox":0,"AT_MibuBalloonWealth":25,"ice":0,"Juzu Bracelet":4,"jedi:command_boss":16,"DeadEye":4,"hubris:EmptyBottle":25,"Boot":21,"Centennial Puzzle":5,"hubris:Icosahedron":23,"jedi:paperlyon":0,"DollysMirror":2,"PillsDrop":17,"hubris:ScarierMask":8,"hermit:Spyglass":15,"KeepersGift":0,"AT_ChloranthyRing":25,"AT_RabadonDeathcap":19,"HowToJump":10,"Golden Idol":3,"ImprovedEquipment":0,"AT_MortalBlade":19,"infinitespire:Lucky Rock":13,"War Paint":4,"LastBattle":25,"SteamSale":0,"TimeFreeze":21,"Du-Vu Doll":25,"SynthV:TestCard":1,"FeatherPendant":16,"AT_TheCollector":22,"Bronze Scales":15,"ChiXiaoBlade":18,"Bag of Marbles":4,"SalivaCoin":6,"Membership Card":25,"REME_PuzzleBoxRelic":16,"EdensBlessing":21,"BlankCard":25,"HushsDoor":0,"hermit:Momento":0,"REME_ComplimentaryCards":0,"GodSword1":6},{"GuppysTail":64,"AT_ATBox":0,"DaveBox":0,"AT_MibuBalloonWealth":68,"ice":0,"Juzu Bracelet":12,"jedi:command_boss":54,"DeadEye":12,"hubris:EmptyBottle":68,"Boot":62,"Centennial Puzzle":14,"hubris:Icosahedron":66,"jedi:paperlyon":0,"DollysMirror":6,"PillsDrop":55,"hubris:ScarierMask":31,"hermit:Spyglass":48,"KeepersGift":0,"AT_ChloranthyRing":68,"AT_RabadonDeathcap":60,"HowToJump":36,"Golden Idol":9,"ImprovedEquipment":0,"AT_MortalBlade":60,"infinitespire:Lucky Rock":42,"War Paint":12,"LastBattle":68,"SteamSale":0,"TimeFreeze":62,"Du-Vu Doll":68,"SynthV:TestCard":4,"FeatherPendant":54,"AT_TheCollector":64,"Bronze Scales":48,"ChiXiaoBlade":59,"Bag of Marbles":12,"SalivaCoin":19,"Membership Card":68,"REME_PuzzleBoxRelic":54,"EdensBlessing":62,"BlankCard":68,"HushsDoor":0,"hermit:Momento":0,"REME_ComplimentaryCards":0,"GodSword1":19}]},"card_choices":[{"not_picked":["hermit:SprayPray","hermit:Showdown"],"picked":"hermit:GoldenBullet","floor":1.0},{"not_picked":["hermit:Coalescence","hermit:HoleUp","hermit:Desperado","hermit:PistolWhip"],"picked":"hermit:Virtue","floor":2.0},{"not_picked":["hermit:SprayPray","hermit:Vantage","hermit:Combo","hermit:WideOpen","hermit:HoleUp"],"picked":"SKIP","floor":4.0},{"not_picked":["hermit:Vantage","Bomb","hermit:WideOpen","hermit:Grudge"],"picked":"hermit:GhostlyPresence","floor":7.0},{"not_picked":["hermit:WideOpen","hermit:Coalescence","hermit:Ricochet","hermit:Glare","hermit:CalledShot"],"picked":"SKIP","floor":11.0},{"not_picked":["hermit:Horror","hermit:Desperado","hermit:FromBeyond","hermit:NoHoldsBarred","hermit:Midnight"],"picked":"SKIP","floor":13.0},{"not_picked":["hermit:HeroicBravado","hermit:Adapt","hermit:BlackWind","hermit:FromBeyond"],"picked":"hermit:DeadOrAlive","floor":16.0},{"not_picked":["hermit:Misfire","hermit:Grudge+1","hermit:Enervate+1","hermit:HoleUp","hermit:Spite+1"],"picked":"SKIP","floor":18.0},{"not_picked":["hermit:Roulette","hermit:PistolWhip","hermit:Deadeye","hermit:Spite","hermit:Dive"],"picked":"SKIP","floor":19.0},{"not_picked":["hermit:BodyArmor","hermit:Spite+1","hermit:Feint","hermit:Ricochet","hermit:FromBeyond"],"picked":"SKIP","floor":21.0},{"not_picked":["hermit:Desperado","hermit:LowProfile","hermit:Coalescence","hermit:Showdown"],"picked":"hermit:EyeOfTheStorm+1","floor":22.0},{"not_picked":["hermit:Feint","hermit:CalledShot","hermit:Showdown","hermit:Reprieve","hermit:GhostlyPresence"],"picked":"SKIP","floor":23.0},{"not_picked":["hermit:Dive","hermit:Manifest+1","hermit:Vantage","hermit:Desperado+1","hermit:Misfire"],"picked":"SKIP","floor":24.0},{"not_picked":["hermit:HeroicBravado","hermit:EyeOfTheStorm","hermit:LowProfile+1","hermit:Malice+1"],"picked":"hermit:DeadMansHand+1","floor":25.0},{"not_picked":["hermit:Midnight+1","hermit:Cheat","hermit:Dive+1","hermit:Coalescence","hermit:Horror"],"picked":"SKIP","floor":27.0},{"not_picked":["hermit:Glare","hermit:LowProfile","hermit:Virtue","hermit:WideOpen","hermit:Roulette+1"],"picked":"SKIP","floor":29.0},{"not_picked":["hermit:Reprieve","hermit:HighNoon","hermit:BlackWind","hermit:FinalCanter"],"picked":"hermit:Gambit","floor":33},{"not_picked":["hermit:DeadMansHand","hermit:Desperado+1","hermit:Shortfuse+1","hermit:Determination","hermit:Misfire+1"],"picked":"SKIP","floor":35},{"not_picked":["hermit:Dive","hermit:FatalDesire","hermit:HoleUp","hermit:Enervate"],"picked":"hermit:LuckOfTheDraw","floor":38},{"not_picked":["hermit:Manifest","hermit:ItchyTrigger+1","hermit:ShadowCloak+1","hermit:Roughhouse"],"picked":"hermit:EyeOfTheStorm+1","floor":39},{"not_picked":["hermit:Spite","hermit:Dissolve","hermit:Dive","hermit:Headshot","hermit:Coalescence+1"],"picked":"SKIP","floor":41},{"not_picked":["hermit:Feint","hermit:FullyLoaded+1","hermit:SprayPray","hermit:FlashPowder","hermit:Snipe+1"],"picked":"SKIP","floor":44},{"not_picked":["hermit:Manifest","hermit:GoldenBullet+1","hermit:HoleUp+1","hermit:Quickdraw","hermit:LowProfile+1"],"picked":"SKIP","floor":46},{"not_picked":["hermit:Feint","hermit:LowProfile+1","hermit:Quickdraw","hermit:LuckOfTheDraw"],"picked":"hermit:NoHoldsBarred","floor":47}],"player_experience":240688,"relics_obtained":[{"floor":1.0,"key":"SynthV:TestCard"},{"floor":7.0,"key":"DeadEye"},{"floor":9.0,"key":"Bag of Marbles"},{"floor":10.0,"key":"Juzu Bracelet"},{"floor":12.0,"key":"Centennial Puzzle"},{"floor":13.0,"key":"SalivaCoin"},{"floor":23.0,"key":"infinitespire:Lucky Rock"},{"floor":25.0,"key":"Bronze Scales"},{"floor":26.0,"key":"hermit:Spyglass"},{"floor":27.0,"key":"REME_PuzzleBoxRelic"},{"floor":41,"key":"GuppysTail"},{"floor":43,"key":"AT_TheCollector"},{"floor":47,"key":"Du-Vu Doll"}],"event_choices":[{"damage_healed":0.0,"max_hp_gain":0.0,"max_hp_loss":0.0,"gold_gain":0.0,"event_name":"Golden Idol","player_choice":"Take Damage","floor":5.0,"gold_loss":0.0,"damage_taken":18.0,"relics_obtained":["Golden Idol"]},{"damage_healed":0.0,"max_hp_gain":0.0,"max_hp_loss":0.0,"gold_gain":0.0,"event_name":"Dead Adventurer","player_choice":"Searched \u00272\u0027 times","floor":14.0,"gold_loss":0.0,"damage_taken":0.0,"relics_obtained":["GodSword1"]},{"damage_healed":0,"gold_gain":0,"player_choice":"Damaged","damage_taken":5,"max_hp_gain":0,"max_hp_loss":0,"event_name":"Wheel of Change","floor":30,"gold_loss":0},{"cards_removed":["hermit:Defend_Hermit"],"damage_healed":0,"gold_gain":0,"player_choice":"Give","damage_taken":0,"max_hp_gain":0,"max_hp_loss":0,"event_name":"betterNote:BetterNote","floor":31,"gold_loss":0,"cards_obtained":["None"]},{"damage_healed":0,"gold_gain":0,"player_choice":"Ignored","damage_taken":0,"max_hp_gain":0,"max_hp_loss":0,"event_name":"Tomb of Lord Red Mask","floor":42,"gold_loss":0},{"damage_healed":0,"gold_gain":0,"player_choice":"Fight","damage_taken":0,"max_hp_gain":0,"max_hp_loss":0,"event_name":"Mysterious Sphere","floor":47,"gold_loss":0}],"is_beta":false,"boss_relics":[{"not_picked":["Cursed Key","Transparent"],"picked":"hubris:ScarierMask"},{"not_picked":[]},{"not_picked":["Empty Cage","EasyGame_NEW"],"picked":"ChiXiaoBlade"},{"not_picked":[]}],"items_purged_floors":[3,20,32,37,40,48,49],"is_endless":true,"potions_floor_spawned":[4,11,13,21,22,25,33,35,46],"ascension_level":0}}