{"host":"9kesdg97wkrx2bva","time":1612553473,"event":{"mods":["AchievementEnabler","BaseMod","Colored Map","GifTheSpireLib","Infinite Spire","Minty Spire (QoL Compilation)","Replay The Spire","StSLib"],"gold_per_floor":[111,36,36,36,47,75,75,107,107,107,133,148,167,67,79,98,98,177,177,194,194,235,235,235,235,265,265,265,284,284,284],"floor_reached":30,"language":"ENG","playtime":2565,"items_purged":["Defend_G","Strike_G"],"score":506,"play_id":"24d225ca-4652-4397-a335-4acf617a1abe","local_time":"20210205133113","is_ascension_mode":true,"campfire_choices":[{"floor":7,"key":"REST"},{"data":"Deadly Poison","floor":17,"key":"SMITH"},{"data":"Phantasmal Killer","floor":25,"key":"SMITH"},{"data":"Footwork","floor":27,"key":"SMITH"}],"circlet_count":0,"master_deck":["AscendersBane","Strike_G","Strike_G","Strike_G","Defend_G","Defend_G","Defend_G","Survivor","Neutralize","Doppelganger","Masterful Stab","Underhanded Strike","Dagger Throw","Footwork+1","After Image","Dagger Spray","Deadly Poison+1","Underhanded Strike","Phantasmal Killer+1","Blade Dance","Leg Sweep+1"],"relics":["Ring of the Snake","Anchor","Strawberry","Replay:Rubber Ducky","Replay:Grab Bag","infinitespire:Cupcake","Coffee Dripper","SlaversCollar","infinitespire:FocusingShard","The Specimen","Toxic Egg 2","Replay:Bottled Steam"],"acts_visited":["Exordium","TheCity"],"potions_floor_usage":[6,8,18,18,26,29],"damage_taken":[{"damage":1,"enemies":"2 Louse","floor":1,"turns":4},{"damage":0,"enemies":"Small Slimes","floor":5,"turns":3},{"damage":48,"enemies":"Lagavulin","floor":6,"turns":8},{"damage":15,"enemies":"3 Sentries","floor":8,"turns":7},{"damage":0,"enemies":"Cultist","floor":12,"turns":3},{"damage":0,"enemies":"Large Slime","floor":13,"turns":5},{"damage":0,"enemies":"Blue Slaver","floor":15,"turns":4},{"damage":0,"enemies":"Looter","floor":16,"turns":4},{"damage":8,"enemies":"The Guardian","floor":18,"turns":11},{"damage":0,"enemies":"Shell Parasite","floor":20,"turns":3},{"damage":0,"enemies":"Replay:Snechameleon","floor":26,"turns":5},{"damage":10,"enemies":"Spheric Guardian","floor":29,"turns":4},{"damage":5,"enemies":"Chosen and Byrds","floor":30,"turns":4}],"seed_played":"-6961137351477997800","potions_obtained":[{"floor":1,"key":"SkillPotion"},{"floor":5,"key":"GamblersBrew"},{"floor":6,"key":"DuplicationPotion"},{"floor":15,"key":"Toxic Potion"},{"floor":20,"key":"Block Potion"},{"floor":22,"key":"LifebloodPotion"},{"floor":26,"key":"Milkshake"}],"is_trial":false,"path_per_floor":["M","$","?","?","M","E","R","E","PTL","PTL","T","M","M","$","M","M","R","B",null,"M","?","?","?","AVR","R","E","R","T","M","M"],"character_chosen":"THE_SILENT","items_purchased":[],"campfire_rested":1,"item_purchase_floors":[],"current_hp_per_floor":[58,58,58,60,60,12,30,22,22,22,22,22,22,22,22,22,22,14,54,54,36,13,13,13,13,13,13,13,3,0,0],"gold":284,"neow_bonus":"TRANSFORM_TWO_CARDS","is_daily":false,"chose_seed":false,"campfire_upgraded":3,"win_rate":0.0,"timestamp":1612553473,"path_taken":["M","$","?","?","M","E","R","E","PTL","PTL","T","?","M","$","M","M","R","BOSS","M","?","?","?","AVR","R","E","R","T","M","?"],"items_purchased_type":[],"build_version":"2020-12-22","purchased_purges":2,"victory":false,"max_hp_per_floor":[60,60,60,60,60,60,60,67,67,67,67,67,67,67,67,67,67,67,67,67,72,72,72,72,72,72,72,72,72,72,72],"card_choices":[{"not_picked":["Concentrate","Backstab"],"picked":"Masterful Stab","floor":1},{"not_picked":["ReplayTheSpireMod:The Works","Sucker Punch"],"picked":"Underhanded Strike","floor":5},{"not_picked":["Eviscerate","Outmaneuver"],"picked":"Dagger Throw","floor":6},{"not_picked":["Deadly Poison","Terror"],"picked":"Footwork","floor":8},{"not_picked":["Escape Plan","Blur"],"picked":"After Image","floor":12},{"not_picked":["Endless Agony","Reflex"],"picked":"Dagger Spray","floor":13},{"not_picked":["ReplayTheSpireMod:The Works","Infinite Blades"],"picked":"Deadly Poison","floor":15},{"not_picked":["Masterful Stab","Toxin Wave"],"picked":"Underhanded Strike","floor":16},{"not_picked":["Grand Finale","Die Die Die"],"picked":"Phantasmal Killer","floor":18},{"not_picked":["Cloak And Dagger","Well Laid Plans","Deflect"],"picked":"SKIP","floor":20},{"not_picked":["Dodge and Roll+1","Expertise"],"picked":"Blade Dance","floor":22},{"not_picked":["Bane","Acrobatics+1"],"picked":"Leg Sweep+1","floor":26},{"not_picked":["Flying Knee","Night Terror+1","PiercingWail+1"],"picked":"SKIP","floor":29}],"player_experience":1015555,"relics_obtained":[{"floor":6,"key":"Anchor"},{"floor":8,"key":"Strawberry"},{"floor":11,"key":"Replay:Rubber Ducky"},{"floor":22,"key":"infinitespire:FocusingShard"},{"floor":26,"key":"Toxic Egg 2"},{"floor":28,"key":"Replay:Bottled Steam"}],"event_choices":[{"cards_removed":["Distraction"],"damage_healed":2,"gold_gain":0,"player_choice":"Offered Uncommon","damage_taken":0,"max_hp_gain":0,"max_hp_loss":0,"event_name":"Bonfire Elementals","floor":4,"gold_loss":0},{"damage_healed":0,"gold_gain":0,"player_choice":"Shed Blood","damage_taken":23,"max_hp_gain":5,"max_hp_loss":0,"event_name":"Forgotten Altar","floor":21,"gold_loss":0},{"damage_healed":0,"gold_gain":0,"player_choice":"Got Potions","damage_taken":0,"max_hp_gain":0,"max_hp_loss":0,"event_name":"Lab","floor":23,"gold_loss":0}],"is_beta":false,"boss_relics":[{"not_picked":["Ectoplasm","ChewingGum"],"picked":"Replay:Grab Bag"},{"not_picked":["Fusion Hammer","ReplayTheSpireMod:DimensionalGlitch"],"picked":"infinitespire:Cupcake"},{"not_picked":["Velvet Choker","Abe\u0027s Treasure"],"picked":"Coffee Dripper"},{"not_picked":["ReplayTheSpireMod:SealedPack","Runic Pyramid"],"picked":"SlaversCollar"}],"items_purged_floors":[2,14],"is_endless":false,"potions_floor_spawned":[1,5,6,15,20,26],"killed_by":"Chosen and Byrds","ascension_level":16}}