{"host":"y1oqg7uy0jc6f5mb","time":1612519919,"event":{"mods":["AchievementEnabler","BaseMod","Better Altar","Better Match","Better Note","Better Sensory Stone","Better Skull","Better Third Choice","BetterRewards","Colored Map","Colored Powertips","Downfall","Highlight Path","Ironclad Rager","Minty Spire (QoL Compilation)","Permanent Neow","Quick Restart","Relic Stats","Replay The Spire","Shop Mod","Smile Girya","StSLib"],"gold_per_floor":[111,122,0,75,75,75,102,115,115,115,115,126,126,139,139,238,238,222,235,246,256,256,256,290,300,325,335,335,335],"floor_reached":28,"language":"ENG","playtime":1761,"items_purged":["Strike_B"],"score":380,"play_id":"4e949814-145a-474a-a088-38a316fd1609","local_time":"20210205181159","is_ascension_mode":true,"campfire_choices":[{"data":"Zap","floor":6.0,"key":"SMITH"},{"data":"BasicCrystalCard","floor":10.0,"key":"SMITH"},{"data":"Double Energy","floor":13.0,"key":"SMITH"},{"floor":15.0,"key":"REST"},{"floor":23,"key":"REST"}],"circlet_count":0,"master_deck":["Strike_B","Strike_B","Strike_B","Defend_B","Defend_B","Defend_B","Defend_B","Zap+1","Dualcast","Ball Lightning","Cold Snap","BasicCrystalCard+1","Self Repair","Sweeping Beam","Double Energy+1","Panic Button","Mirror Shield","Crystallizer","Sunder","Conserve Battery+1","Auto Shields","Fusion","ReplayTheSpireMod:System Scan+1"],"relics":["FrozenCore","Bird Faced Urn","Ancient Tea Set","Sundial","StoneCalendar","Replay:Arrowhead","Replay:Baseball"],"acts_visited":["Exordium","TheCity"],"potions_floor_usage":[24,24,24],"damage_taken":[{"damage":1.0,"enemies":"Cultist","floor":1.0,"turns":3.0},{"damage":2.0,"enemies":"Small Slimes","floor":2.0,"turns":3.0},{"damage":4.0,"enemies":"Gremlin Nob","floor":7.0,"turns":3.0},{"damage":7.0,"enemies":"2 Louse","floor":8.0,"turns":3.0},{"damage":11.0,"enemies":"Large Slime","floor":12.0,"turns":3.0},{"damage":17.0,"enemies":"3 Louse","floor":14.0,"turns":2.0},{"damage":0.0,"enemies":"The Guardian","floor":16.0,"turns":12.0},{"damage":26.0,"enemies":"2 Thieves","floor":18.0,"turns":4.0},{"damage":18,"enemies":"Chosen","floor":19,"turns":7},{"damage":31,"enemies":"Snake Plant","floor":20,"turns":4},{"damage":20,"enemies":"Centurion and Healer","floor":21,"turns":7},{"damage":13,"enemies":"Book of Stabbing","floor":24,"turns":5},{"damage":31,"enemies":"Snecko","floor":25,"turns":7},{"damage":14,"enemies":"Chosen and Byrds","floor":27,"turns":7},{"damage":34,"enemies":"Cultist and Chosen","floor":28,"turns":6}],"seed_played":"3491950645351713172","potions_obtained":[{"floor":7.0,"key":"Elixir"},{"floor":8.0,"key":"bronze:BurnAndBuffPotion"},{"floor":12.0,"key":"Ancient Potion"},{"floor":14.0,"key":"ColorlessPotion"},{"floor":20,"key":"Reflective Coating"},{"floor":21,"key":"ColorlessPotion"}],"is_trial":false,"path_per_floor":["M","M","$","?","?","R","E","M","T","R","?","M","R","M","R","B",null,"M","M","M","M","?","R","E","M","T","M","M"],"character_chosen":"DEFECT","items_purchased":["BasicCrystalCard"],"campfire_rested":2,"item_purchase_floors":[3],"current_hp_per_floor":[74,72,72,61,49,49,45,47,47,47,47,45,45,37,61,72,80,63,56,36,27,27,51,52,32,32,29,0,0],"gold":335,"neow_bonus":"TEN_PERCENT_HP_BONUS","is_daily":false,"chose_seed":false,"campfire_upgraded":3,"win_rate":0.0,"timestamp":1612519919,"path_taken":["M","M","$","?","?","R","E","M","T","R","?","M","R","?","R","BOSS","M","M","M","M","?","R","E","M","T","M","M"],"items_purchased_type":["Card"],"build_version":"2020-12-22","purchased_purges":1,"victory":false,"max_hp_per_floor":[82,82,82,82,82,82,82,82,82,82,82,82,82,82,82,82,82,82,82,82,82,82,82,82,82,82,82,82,82],"relic_stats":{"counters":[15,76],"Sundial":[10],"Bird Faced Urn":[40],"StoneCalendar":[146],"obtain_stats":[{"Replay:Baseball":26,"Sundial":9,"Bird Faced Urn":5,"StoneCalendar":11,"Cracked Core":0,"Ancient Tea Set":7,"Replay:Arrowhead":24,"FrozenCore":17},{"Replay:Baseball":13,"Sundial":4,"Bird Faced Urn":2,"StoneCalendar":4,"Cracked Core":0,"Ancient Tea Set":3,"Replay:Arrowhead":12,"FrozenCore":7},{"Replay:Baseball":63,"Sundial":12,"Bird Faced Urn":6,"StoneCalendar":12,"Cracked Core":0,"Ancient Tea Set":9,"Replay:Arrowhead":56,"FrozenCore":29}],"FrozenCore":[15]},"card_choices":[{"not_picked":["Storm","ReplaySort"],"picked":"Ball Lightning","floor":1.0},{"not_picked":["Steam Power","Turbo"],"picked":"Cold Snap","floor":2.0},{"not_picked":["Thunder Strike","Reinforced Body"],"picked":"Self Repair","floor":7.0},{"not_picked":["Ball Lightning","Darkness"],"picked":"Sweeping Beam","floor":8.0},{"not_picked":["Ball Lightning","Rip and Tear"],"picked":"Double Energy","floor":12.0},{"not_picked":["Redo","Compile Driver"],"picked":"Panic Button","floor":14.0},{"not_picked":["Buffer","ReplayRNGCard"],"picked":"Mirror Shield","floor":16.0},{"not_picked":["Ball Lightning+1","Coolheaded"],"picked":"Crystallizer","floor":18.0},{"not_picked":["Lockon+1","Genetic Algorithm"],"picked":"Sunder","floor":19},{"not_picked":["Barrage","Sweeping Beam"],"picked":"Conserve Battery+1","floor":20},{"not_picked":["Beam Cell","Cold Snap"],"picked":"Auto Shields","floor":21},{"not_picked":["Barrage","Aggregate+1"],"picked":"Fusion","floor":24},{"not_picked":["Coolheaded","ReplaySolidLightProjector","Ball Lightning"],"picked":"SKIP","floor":25},{"not_picked":["Go for the Eyes","ReplayRNGCard"],"picked":"ReplayTheSpireMod:System Scan+1","floor":27}],"player_experience":369949,"relics_obtained":[{"floor":7.0,"key":"Ancient Tea Set"},{"floor":9.0,"key":"Sundial"},{"floor":24,"key":"Replay:Arrowhead"},{"floor":26,"key":"Replay:Baseball"}],"event_choices":[{"damage_healed":0.0,"max_hp_gain":0.0,"max_hp_loss":0.0,"gold_gain":75.0,"event_name":"betterThird:BetterGoop","player_choice":"Gold","floor":4.0,"gold_loss":0.0,"damage_taken":11.0},{"damage_healed":0.0,"max_hp_gain":0.0,"max_hp_loss":0.0,"gold_gain":0.0,"event_name":"betterThird:BetterScrap","player_choice":"Relic ","floor":5.0,"gold_loss":0.0,"damage_taken":12.0,"cards_obtained":["Wraith Form v2"]},{"damage_healed":0.0,"max_hp_gain":0.0,"max_hp_loss":0.0,"gold_gain":0.0,"event_name":"WeMeetAgain","player_choice":"Gave Potion","floor":11.0,"gold_loss":0.0,"damage_taken":0.0,"relics_obtained":["StoneCalendar"]},{"damage_healed":0,"gold_gain":0,"player_choice":"Ignored","damage_taken":0,"max_hp_gain":0,"max_hp_loss":0,"event_name":"Vampires","floor":22,"gold_loss":0}],"is_beta":false,"boss_relics":[{"not_picked":["Ectoplasm","Empty Cage"],"picked":"FrozenCore"}],"items_purged_floors":[3],"is_endless":false,"potions_floor_spawned":[7,8,12,14,20,21],"killed_by":"Cultist and Chosen","ascension_level":6}}