{"host":"928gv66myv2vlnsd","time":1612492457,"event":{"mods":["BaseMod","Highlight Path","Minty Spire (QoL Compilation)","StSLib"],"gold_per_floor":[118,136,147,147,147,178,232,263,263,282,282,262,11,29,29,29,29],"floor_reached":16,"language":"ENG","playtime":1029,"items_purged":[],"score":220,"play_id":"4243ba37-02ad-4cc6-823f-b2825d3c787f","local_time":"20210204213417","is_ascension_mode":true,"campfire_choices":[{"floor":15,"key":"REST"}],"circlet_count":0,"master_deck":["AscendersBane","Strike_R","Strike_R","Strike_R","Strike_R","Defend_R","Defend_R","Defend_R","Defend_R","Bash","Corruption","Pummel","Spot Weakness","Metallicize","Headbutt","Flame Barrier","Feed+1","Feed+1","Shockwave","Offering"],"relics":["Burning Blood","Lantern","Bag of Preparation","Sundial","Peace Pipe","DollysMirror"],"acts_visited":["Exordium"],"potions_floor_usage":[6,16],"damage_taken":[{"damage":5,"enemies":"2 Louse","floor":1,"turns":4},{"damage":14,"enemies":"Small Slimes","floor":2,"turns":4},{"damage":4,"enemies":"Jaw Worm","floor":3,"turns":4},{"damage":27,"enemies":"3 Sentries","floor":6,"turns":11},{"damage":33,"enemies":"Gremlin Nob","floor":8,"turns":4},{"damage":3,"enemies":"Looter","floor":10,"turns":3},{"damage":7,"enemies":"3 Louse","floor":14,"turns":2},{"damage":60,"enemies":"Slime Boss","floor":16,"turns":10}],"seed_played":"-992075175312878792","potions_obtained":[{"floor":2,"key":"Explosive Potion"},{"floor":10,"key":"SpeedPotion"},{"floor":12,"key":"SmokeBomb"}],"is_trial":false,"path_per_floor":["M","M","M","?","?","E","T","E","T","M","?","?","$","M","R","B"],"character_chosen":"IRONCLAD","items_purchased":["DollysMirror","Shockwave"],"campfire_rested":1,"item_purchase_floors":[13,13],"current_hp_per_floor":[69,61,63,68,61,40,40,13,13,16,16,16,16,23,49,0,0],"gold":29,"neow_bonus":"ONE_RANDOM_RARE_CARD","is_daily":false,"chose_seed":false,"campfire_upgraded":0,"win_rate":0.0,"timestamp":1612492457,"path_taken":["M","M","M","?","?","E","?","E","T","M","?","?","$","M","R","BOSS"],"items_purchased_type":["Relic","Card"],"build_version":"2020-12-22","purchased_purges":0,"victory":false,"max_hp_per_floor":[75,75,75,80,80,80,80,80,80,80,80,80,80,88,88,92,92],"card_choices":[{"not_picked":["Warcry","Havoc"],"picked":"Pummel","floor":1},{"not_picked":["Sword Boomerang","Flex"],"picked":"Spot Weakness","floor":2},{"not_picked":["Iron Wave","Shrug It Off"],"picked":"Metallicize","floor":3},{"not_picked":["Fire Breathing","Wild Strike"],"picked":"Headbutt","floor":6},{"not_picked":["Entrench","Feel No Pain"],"picked":"Flame Barrier","floor":8},{"not_picked":["Headbutt","True Grit"],"picked":"Feed","floor":10},{"not_picked":["Shrug It Off","Iron Wave"],"picked":"Offering","floor":14}],"player_experience":1459971,"relics_obtained":[{"floor":6,"key":"Lantern"},{"floor":7,"key":"Bag of Preparation"},{"floor":8,"key":"Sundial"},{"floor":9,"key":"Peace Pipe"}],"event_choices":[{"damage_healed":0,"gold_gain":0,"player_choice":"Donut","damage_taken":0,"max_hp_gain":5,"max_hp_loss":0,"event_name":"Big Fish","floor":4,"gold_loss":0},{"cards_removed":["Strike_R"],"damage_healed":0,"gold_gain":0,"player_choice":"Card Removal","damage_taken":7,"max_hp_gain":0,"max_hp_loss":0,"event_name":"Golden Wing","floor":5,"gold_loss":0},{"damage_healed":0,"gold_gain":0,"player_choice":"Grow","damage_taken":0,"max_hp_gain":0,"max_hp_loss":0,"event_name":"Living Wall","floor":11,"gold_loss":0,"cards_upgraded":["Feed"]},{"damage_healed":0,"gold_gain":0,"player_choice":"Bought 1 Potion","damage_taken":0,"max_hp_gain":0,"max_hp_loss":0,"event_name":"The Woman in Blue","floor":12,"gold_loss":0}],"is_beta":false,"boss_relics":[],"items_purged_floors":[],"is_endless":false,"potions_floor_spawned":[2,10],"killed_by":"Slime Boss","ascension_level":20}}