{"host":"zsnmfqgcm92hlreo","time":1612505663,"event":{"mods":["AchievementEnabler","BaseMod","Bestiary","Block Reminder","Colored Map","Colored Powertips","Minty Spire (QoL Compilation)","Permanent Neow","Quick Restart","Relic Stats","StSLib","Weighted Paths"],"gold_per_floor":[113,113,71,71,91,127,49,83,108,120,132,182,219,231,243,354,366,398,335,347,375,412,458,470,482,519,531,578,16,34,34,34],"floor_reached":31,"language":"ENG","playtime":1147,"items_purged":["Strike_P","Weave"],"score":728,"play_id":"b4b58f3c-bdcd-4aab-bd9c-dc170780a48d","local_time":"20210205001423","is_ascension_mode":true,"campfire_choices":[{"floor":11.0,"key":"REST"},{"floor":15.0,"key":"REST"},{"floor":27.0,"key":"REST"}],"circlet_count":0,"master_deck":["AscendersBane","Strike_P","Strike_P","Defend_P","Defend_P","Defend_P","Defend_P","Eruption","Vigilance","BowlingBash","BattleHymn","Conclude","Protect","WheelKick","Omniscience","ThirdEye","Fasting2","ThirdEye","Ragnarok","TalkToTheHand","DeusExMachina"],"relics":["Fusion Hammer","Golden Idol","Smiling Mask","Centennial Puzzle","MawBank","Ornamental Fan","Snecko Eye","Dream Catcher","Bottled Tornado","Akabeko","Toy Ornithopter","OrangePellets"],"acts_visited":["Exordium","TheCity"],"potions_floor_usage":[],"damage_taken":[{"damage":5.0,"enemies":"Small Slimes","floor":1.0,"turns":2.0},{"damage":0.0,"enemies":"2 Louse","floor":5.0,"turns":3.0},{"damage":12.0,"enemies":"Lagavulin","floor":6.0,"turns":6.0},{"damage":17.0,"enemies":"3 Sentries","floor":8.0,"turns":5.0},{"damage":0.0,"enemies":"Lagavulin","floor":12.0,"turns":4.0},{"damage":2.0,"enemies":"Jaw Worm","floor":13.0,"turns":3.0},{"damage":0.0,"enemies":"Slime Boss","floor":16.0,"turns":4.0},{"damage":1.0,"enemies":"Chosen","floor":18.0,"turns":4.0},{"damage":0.0,"enemies":"3 Byrds","floor":21.0,"turns":4.0},{"damage":9.0,"enemies":"Snake Plant","floor":22.0,"turns":4.0},{"damage":51.0,"enemies":"Book of Stabbing","floor":23.0,"turns":6.0},{"damage":33.0,"enemies":"Slavers","floor":28.0,"turns":6.0},{"damage":4.0,"enemies":"Centurion and Healer","floor":30.0,"turns":4.0},{"damage":14,"enemies":"Shelled Parasite and Fungi","floor":31,"turns":1}],"seed_played":"-1871968920399412811","potions_obtained":[{"floor":1.0,"key":"ColorlessPotion"},{"floor":6.0,"key":"EntropicBrew"},{"floor":30.0,"key":"Energy Potion"}],"is_trial":false,"path_per_floor":["M","?","$","?","M","E","$","E","T","$","R","E","M","?","R","B",null,"M","?","?","M","M","E","T","$","T","R","E","$","M","M"],"character_chosen":"WATCHER","items_purchased":["Weave","Protect","OrangePellets","TalkToTheHand","DuplicationPotion","Energy Potion","DeusExMachina"],"campfire_rested":3,"item_purchase_floors":[3,7,29,29,29,29,29],"current_hp_per_floor":[56,49,49,49,49,37,37,20,20,20,38,38,36,41,61,61,66,65,65,65,65,56,5,5,5,5,25,7,7,8,0,0],"gold":34,"neow_bonus":"BOSS_RELIC","is_daily":false,"chose_seed":false,"campfire_upgraded":0,"win_rate":0.0,"timestamp":1612505663,"path_taken":["M","?","$","?","M","E","$","E","T","?","R","E","M","?","R","BOSS","M","?","?","M","M","E","?","$","T","R","E","$","M","M"],"items_purchased_type":["Card","Card","Relic","Card","Potion","Potion","Card"],"build_version":"2020-12-22","purchased_purges":2,"victory":false,"max_hp_per_floor":[68,68,68,62,62,62,62,62,62,62,62,62,62,67,67,67,67,67,67,67,67,67,67,67,67,67,67,67,67,67,67,67],"relic_stats":{"OrangePellets":[3],"Centennial Puzzle":[18],"Dream Catcher":1,"counters":[14,56],"Golden Idol":81,"Ornamental Fan":[80],"Snecko Eye":[56,52,48,46],"Smiling Mask":75,"MawBank":240,"obtain_stats":[{"Golden Idol":4,"Bottled Tornado":24,"Smiling Mask":6,"MawBank":9,"Akabeko":26,"OrangePellets":29,"Centennial Puzzle":8,"Dream Catcher":23,"Ornamental Fan":12,"Snecko Eye":17,"Fusion Hammer":0,"PureWater":0,"Toy Ornithopter":28},{"Golden Idol":1,"Bottled Tornado":11,"Smiling Mask":3,"MawBank":4,"Akabeko":11,"OrangePellets":12,"Centennial Puzzle":4,"Dream Catcher":11,"Ornamental Fan":5,"Snecko Eye":7,"Fusion Hammer":0,"PureWater":0,"Toy Ornithopter":12},{"Golden Idol":2,"Bottled Tornado":45,"Smiling Mask":11,"MawBank":16,"Akabeko":45,"OrangePellets":51,"Centennial Puzzle":16,"Dream Catcher":45,"Ornamental Fan":20,"Snecko Eye":27,"Fusion Hammer":0,"PureWater":0,"Toy Ornithopter":51}],"Toy Ornithopter":5},"card_choices":[{"not_picked":["Study","Collect"],"picked":"BowlingBash","floor":1.0},{"not_picked":["PathToVictory","Meditate"],"picked":"BattleHymn","floor":5.0},{"not_picked":["BowlingBash","Protect"],"picked":"Conclude","floor":6.0},{"not_picked":["ForeignInfluence","Halt"],"picked":"WheelKick","floor":8.0},{"not_picked":["Perseverance","Protect","WindmillStrike"],"picked":"SKIP","floor":12.0},{"not_picked":["Crescendo","Prostrate"],"picked":"Consecrate","floor":13.0},{"not_picked":["Alpha","Devotion"],"picked":"Omniscience","floor":16.0},{"not_picked":["CutThroughFate","Consecrate","Crescendo"],"picked":"SKIP","floor":18.0},{"not_picked":["CrushJoints","Adaptation","ThirdEye"],"picked":"SKIP","floor":21.0},{"not_picked":["CrushJoints","Adaptation"],"picked":"ThirdEye","floor":21.0},{"not_picked":["SashWhip","ThirdEye","CutThroughFate+1"],"picked":"SKIP","floor":22.0},{"not_picked":["Blasphemy","Pray"],"picked":"Fasting2","floor":23.0},{"not_picked":["BowlingBash","FlurryOfBlows"],"picked":"ThirdEye","floor":27.0},{"not_picked":["WaveOfTheHand","CutThroughFate"],"picked":"Ragnarok","floor":28.0},{"not_picked":["Meditate","EmptyBody+1","Consecrate"],"picked":"SKIP","floor":30.0}],"player_experience":1022378,"relics_obtained":[{"floor":6.0,"key":"Smiling Mask"},{"floor":8.0,"key":"Centennial Puzzle"},{"floor":9.0,"key":"MawBank"},{"floor":12.0,"key":"Ornamental Fan"},{"floor":23.0,"key":"Dream Catcher"},{"floor":24.0,"key":"Bottled Tornado"},{"floor":26.0,"key":"Akabeko"},{"floor":28.0,"key":"Toy Ornithopter"}],"event_choices":[{"cards_removed":["Strike_P"],"damage_healed":0.0,"max_hp_gain":0.0,"max_hp_loss":0.0,"gold_gain":0.0,"event_name":"Golden Wing","player_choice":"Card Removal","floor":2.0,"gold_loss":0.0,"damage_taken":7.0},{"damage_healed":0.0,"max_hp_gain":0.0,"max_hp_loss":6.0,"gold_gain":0.0,"event_name":"Golden Idol","player_choice":"Lose Max HP","floor":4.0,"gold_loss":0.0,"damage_taken":0.0,"relics_obtained":["Golden Idol"]},{"damage_healed":0.0,"max_hp_gain":5.0,"max_hp_loss":0.0,"gold_gain":0.0,"event_name":"Big Fish","player_choice":"Donut","floor":14.0,"gold_loss":0.0,"damage_taken":0.0},{"cards_removed":["Consecrate"],"damage_healed":0.0,"max_hp_gain":0.0,"max_hp_loss":0.0,"gold_gain":0.0,"event_name":"Beggar","player_choice":"Gave Gold","floor":19.0,"gold_loss":75.0,"damage_taken":0.0},{"damage_healed":0.0,"max_hp_gain":0.0,"max_hp_loss":0.0,"gold_gain":0.0,"event_name":"Ghosts","player_choice":"Ignored","floor":20.0,"gold_loss":0.0,"damage_taken":0.0}],"is_beta":false,"boss_relics":[{"not_picked":["Black Star","Ectoplasm"],"picked":"Snecko Eye"}],"items_purged_floors":[7,29],"is_endless":false,"potions_floor_spawned":[1,6,16,22,23,30],"killed_by":"Shelled Parasite and Fungi","ascension_level":20}}