{"host":"0ntunplbxyg40l63","time":1612553821,"event":{"mods":["BaseMod","Colored Powertips","Downfall","Minty Spire (QoL Compilation)","StSLib"],"gold_per_floor":[0,13,29,129,129,140,140,40,25,51,51,51,51,61,71,172,172,172,186,90,90,1,1,24,24,37,52,52,52,52],"floor_reached":28,"language":"ENG","playtime":1246,"items_purged":[],"score":266,"play_id":"0b2300f1-4df8-4239-95b5-6ba8ede80a6a","local_time":"20210205193701","is_ascension_mode":false,"campfire_choices":[{"floor":1,"key":"RECALL"},{"data":"Guardian:WalkerClaw","floor":8,"key":"SMITH"},{"data":"Guardian:WalkerClaw","floor":11,"key":"SMITH"},{"data":"Guardian:SpikerProtocol","floor":13,"key":"SMITH"},{"data":"Guardian:StasisField","floor":18,"key":"SMITH"},{"data":"Guardian:ConstructionForm","floor":25,"key":"SMITH"}],"circlet_count":0,"master_deck":["Guardian:Defend_Guardian","Guardian:Defend_Guardian","Guardian:Defend_Guardian+1","Guardian:Defend_Guardian+1","Guardian:CurlUp","Guardian:TwinSlam","Guardian:ConstructionForm+1","Guardian:RollAttack","Guardian:SpikerProtocol+1","Guardian:WalkerClaw+1","Guardian:WalkerClaw+1","Guardian:ExploitGems","Guardian:StasisField+1","Guardian:Emergency","Guardian:ShieldCharger","Guardian:ConstructionForm+1","Guardian:Orbwalk","Slimebound:Tackle+1","Slimebound:Tackle+1","Slimebound:Tackle+1","Guardian:Orbwalk","Guardian:Gem_Purple","Guardian:PiercingHide","Guardian:ShieldSpikes+1","Guardian:PiercingHide"],"relics":["Guardian:ModeShifter","Prayer Wheel","downfall:HeartBlessingRed","Anchor","War Paint","SacredBark"],"acts_visited":["Exordium","TheCity"],"potions_floor_usage":[15,16,19,28,28],"damage_taken":[{"damage":4,"enemies":"Cultist","floor":2,"turns":4},{"damage":0,"enemies":"Small Slimes","floor":3,"turns":3},{"damage":0,"enemies":"Jaw Worm","floor":6,"turns":4},{"damage":0,"enemies":"downfall:FleeingMerchant","floor":9,"turns":4},{"damage":18,"enemies":"3 Sentries","floor":10,"turns":7},{"damage":2,"enemies":"Blue Slaver","floor":14,"turns":3},{"damage":0,"enemies":"Exordium Thugs","floor":15,"turns":3},{"damage":0,"enemies":"SI_SHIV_ARCHETYPE","floor":16,"turns":6},{"damage":0,"enemies":"Spheric Guardian","floor":19,"turns":5},{"damage":0,"enemies":"downfall:FleeingMerchant","floor":20,"turns":4},{"damage":10,"enemies":"downfall:FleeingMerchant","floor":22,"turns":4},{"damage":4,"enemies":"Shell Parasite","floor":26,"turns":7},{"damage":0,"enemies":"Centurion and Healer","floor":27,"turns":8},{"damage":67,"enemies":"Slavers","floor":28,"turns":10}],"seed_played":"7570563226407803203","potions_obtained":[{"floor":10,"key":"ColorlessPotion"},{"floor":14,"key":"Guardian:DefensiveModePotion"},{"floor":15,"key":"SneckoOil"},{"floor":19,"key":"sneckomod:MuddlingPotion"},{"floor":27,"key":"PowerPotion"}],"is_trial":false,"path_per_floor":["R","M","M","?","?","M","T","R","$","E","R","T","R","M","M","B",null,"R","M","$","?","$","?","T","R","M","M","E"],"character_chosen":"GUARDIAN","items_purchased":["Guardian:Orbwalk","Guardian:Orbwalk"],"campfire_rested":0,"item_purchase_floors":[20,22],"current_hp_per_floor":[80,76,76,76,76,76,76,76,76,58,58,58,58,56,56,56,80,80,80,80,80,70,70,70,70,66,66,0,0,0],"gold":52,"neow_bonus":"THREE_RARE_CARDS","is_daily":false,"chose_seed":false,"campfire_upgraded":5,"win_rate":0.0,"timestamp":1612553821,"path_taken":["R","M","?","?","?","M","T","R","$","E","R","?","R","M","M","BOSS","R","M","$","?","$","?","T","R","M","M","E"],"items_purchased_type":["Card","Card"],"build_version":"2020-12-22","purchased_purges":0,"victory":false,"max_hp_per_floor":[80,80,80,80,80,80,80,80,80,80,80,80,80,80,80,80,80,80,80,80,80,80,80,80,80,80,80,80,80,80],"card_choices":[{"not_picked":["Guardian:Gem_Synthetic","Guardian:Gem_Orange"],"picked":"Guardian:ConstructionForm","floor":0},{"not_picked":["Guardian:Planning","Guardian:ChargeCore"],"picked":"Guardian:RollAttack","floor":2},{"not_picked":["Guardian:PrismaticBeam","Guardian:Gem_Crimson"],"picked":"Guardian:SpikerProtocol","floor":3},{"not_picked":["Guardian:ShieldCharger","Guardian:CrystalBeam"],"picked":"Guardian:WalkerClaw","floor":6},{"not_picked":["Guardian:CrystalBeam","Guardian:EvasiveProtocol"],"picked":"Guardian:WalkerClaw","floor":9},{"not_picked":["Guardian:PolyBeam","Guardian:PiercingHide"],"picked":"Guardian:Gem_Blue","floor":10},{"not_picked":["Guardian:PrimingBeam","Guardian:ShieldCharger"],"picked":"Guardian:Gem_Red","floor":14},{"not_picked":["Guardian:GuardianWhirl","Guardian:Planning"],"picked":"Guardian:Gem_Green","floor":14},{"not_picked":["Guardian:VentSteam","Guardian:BronzeOrb"],"picked":"Guardian:ExploitGems","floor":15},{"not_picked":["Guardian:ShieldSpikes","Guardian:Gem_Green"],"picked":"Guardian:Gem_Lightblue","floor":15},{"not_picked":["Guardian:GatlingBeam","Guardian:TimeSifter"],"picked":"Guardian:StasisField","floor":16},{"not_picked":["Guardian:Planning","Guardian:BronzeOrb"],"picked":"Guardian:Emergency","floor":19},{"not_picked":["Guardian:BronzeOrb","Guardian:Planning+1"],"picked":"Guardian:ShieldCharger","floor":19},{"not_picked":["Guardian:BronzeArmor","Guardian:Gem_Green"],"picked":"Guardian:ConstructionForm","floor":20},{"not_picked":["Guardian:TimeBomb","Guardian:DecasProtection"],"picked":"Guardian:Gem_Purple","floor":22},{"not_picked":["Guardian:FloatingOrbs","Guardian:Gem_Cyan"],"picked":"Guardian:Gem_Purple","floor":26},{"not_picked":["Guardian:TemporalStrike","Guardian:Recover"],"picked":"Guardian:PiercingHide","floor":26},{"not_picked":["Guardian:WalkerClaw","Guardian:ShieldCharger"],"picked":"Guardian:ShieldSpikes+1","floor":27},{"not_picked":["Guardian:Clone+1","Guardian:TemporalStrike"],"picked":"Guardian:PiercingHide","floor":27}],"player_experience":50701,"relics_obtained":[{"floor":7,"key":"Prayer Wheel"},{"floor":10,"key":"Anchor"},{"floor":12,"key":"War Paint"}],"event_choices":[{"damage_healed":0,"gold_gain":0,"player_choice":"Grow","damage_taken":0,"max_hp_gain":0,"max_hp_loss":0,"event_name":"Living Wall","floor":5,"gold_loss":0,"cards_upgraded":["Guardian:ConstructionForm"]},{"damage_healed":0,"gold_gain":0,"player_choice":"Ignored","damage_taken":0,"max_hp_gain":0,"max_hp_loss":0,"event_name":"Vampires","floor":23,"gold_loss":0}],"is_beta":false,"boss_relics":[{"not_picked":["Astrolabe","Tiny House"],"picked":"SacredBark"}],"items_purged_floors":[],"is_endless":false,"potions_floor_spawned":[10,14,15,19,27],"killed_by":"Slavers","ascension_level":0}}