{"host":"v4tuy5ykrbdcm9o9","time":1612546594,"event":{"mods":["BaseMod","Duelist Mod","Minty Spire (QoL Compilation)","Replay The Spire","StSLib"],"gold_per_floor":[15,15,26,43,61,91,106,139,139,139,173,173,190,254,254,349,349,361,373,430,449,468,502,521,552,627,653,653,678,692,706,706,809,809,819,513,527,527,541,541,572,583,583,19,45,62,62,62],"floor_reached":47,"language":"ENG","playtime":4076,"items_purged":[],"score":1167,"play_id":"ebcfce73-80fa-493a-aacf-0e0e0c51abd5","local_time":"20210205123634","is_ascension_mode":true,"campfire_choices":[{"floor":10,"key":"REST"},{"floor":15,"key":"REST"},{"floor":32,"key":"RECALL"},{"data":"Armaments","floor":40,"key":"SMITH"}],"circlet_count":0,"master_deck":["Strike_R+1","Strike_R+1","Strike_R+1","Strike_R+1","Strike_R+1","Defend_R","Defend_R","Defend_R","Bash+1","Hemogenesis+1","Flex","ReplayReversal","Pommel Strike+1","Armaments+1","Headbutt+1","Perfected Strike","Cleave+1","ReplayReversal","Wild Strike+1","Bludgeon+1","Body Slam+1","Flex+1","ReplayTheSpireMod:Splinters","Clash+1","Searing Blow+1","Combust","Cleave+1","Reaper+1","Perfected Strike+1","ReplayTheSpireMod:LeadingStrike+1","Hemogenesis+1","Rage","ReplayTheSpireMod:LeadingStrike+1","Perfected Strike+1","Hemogenesis+1","Thunderclap+1","Iron Wave+1","Pommel Strike+1","Body Slam+1","Thunderclap+1","Run Through+1","Whirlwind+1","Hemokinesis+1","Offering","Double Tap","Replay:Undeath\u0027s Touch+1"],"relics":["Burning Blood","Bag of Marbles","Molten Egg 2","Replay:Bottled Eggs","Ooze Armor","Whetstone","Replay:Bottled Steam","Blue Doll","Onion Ring","PreservedInsect","Orichalcum","Electric Blood","Ancient Tea Set","Art of War","Smiling Mask","Bottled Flame","Shuriken"],"acts_visited":["Exordium","TheCity","TheBeyond"],"potions_floor_usage":[3,8,11,13,21,22,23,25,27,33,39,39,39,45,45],"damage_taken":[{"damage":13,"enemies":"Cultist","floor":1,"turns":6},{"damage":2,"enemies":"2 Louse","floor":3,"turns":3},{"damage":10,"enemies":"Small Slimes","floor":4,"turns":3},{"damage":12,"enemies":"Looter","floor":5,"turns":3},{"damage":36,"enemies":"Replay:BlueRogue","floor":6,"turns":8},{"damage":4,"enemies":"Red Slaver","floor":7,"turns":4},{"damage":35,"enemies":"3 Sentries","floor":8,"turns":8},{"damage":11,"enemies":"Replay:BlueRogue","floor":11,"turns":3},{"damage":0,"enemies":"Large Slime","floor":13,"turns":1},{"damage":0,"enemies":"Slime Boss","floor":16,"turns":8},{"damage":12,"enemies":"Spheric Guardian","floor":18,"turns":4},{"damage":2,"enemies":"Chosen","floor":19,"turns":3},{"damage":24,"enemies":"Centurion and Healer","floor":21,"turns":5},{"damage":13,"enemies":"Cultist and Chosen","floor":22,"turns":4},{"damage":39,"enemies":"Slavers","floor":23,"turns":6},{"damage":0,"enemies":"Snake Plant","floor":24,"turns":1},{"damage":9,"enemies":"Replay:Snechameleon","floor":25,"turns":5},{"damage":14,"enemies":"theDuelist:KaibaA2","floor":27,"turns":2},{"damage":6,"enemies":"Gremlin Leader","floor":29,"turns":4},{"damage":9,"enemies":"Sentry and Sphere","floor":30,"turns":3},{"damage":5,"enemies":"Centurion and Healer","floor":31,"turns":3},{"damage":24,"enemies":"Pondfish","floor":33,"turns":6},{"damage":4,"enemies":"3 Darklings","floor":35,"turns":2},{"damage":7,"enemies":"3 Shapes","floor":37,"turns":1},{"damage":23,"enemies":"Transient","floor":39,"turns":5},{"damage":27,"enemies":"Giant Head","floor":41,"turns":5},{"damage":30,"enemies":"Maw","floor":42,"turns":5},{"damage":8,"enemies":"Nemesis","floor":45,"turns":1},{"damage":95,"enemies":"Writhing Mass","floor":46,"turns":4},{"damage":15,"enemies":"Jaw Worm Horde","floor":47,"turns":1}],"seed_played":"-1747066577992023404","potions_obtained":[{"floor":1,"key":"SkillPotion"},{"floor":7,"key":"Explosive Potion"},{"floor":8,"key":"Fire Potion"},{"floor":11,"key":"Energy Potion"},{"floor":16,"key":"Dexterity Potion"},{"floor":20,"key":"Milkshake"},{"floor":20,"key":"Energy Potion"},{"floor":22,"key":"SkillPotion"},{"floor":23,"key":"Block Potion"},{"floor":25,"key":"FearPotion"},{"floor":30,"key":"PowerPotion"},{"floor":33,"key":"Elixir"},{"floor":39,"key":"Elixir"}],"is_trial":false,"path_per_floor":["M","?","M","M","M","E","M","E","T","R","E","?","M","?","R","B",null,"M","M","?","M","M","E","M","E","T","E","?","E","M","M","R","B",null,"M","$","M","?","M","R","E","M","T","$","E","M","M"],"character_chosen":"IRONCLAD","items_purchased":["EntropicBrew","Iron Wave+1","Pommel Strike+1","Ancient Tea Set","Hemokinesis+1","Offering","BlessingOfTheForge","Bottled Flame","Swift Potion"],"campfire_rested":2,"item_purchase_floors":[36,36,36,36,44,44,44,44,44],"current_hp_per_floor":[65,70,79,75,69,39,41,12,12,37,32,15,21,21,46,60,79,81,85,85,75,68,43,49,60,60,52,52,68,65,75,75,85,85,85,85,85,85,85,85,80,68,68,68,85,13,0,0],"gold":62,"neow_bonus":"THREE_RARE_CARDS","is_daily":false,"chose_seed":false,"campfire_upgraded":1,"win_rate":0.0,"timestamp":1612546594,"path_taken":["M","?","M","M","M","E","M","E","T","R","E","?","M","?","R","BOSS","M","M","?","M","?","E","M","E","T","E","?","E","M","M","R","BOSS","M","?","M","?","M","R","E","M","T","$","E","M","M"],"items_purchased_type":["Potion","Card","Card","Relic","Card","Card","Potion","Relic","Potion"],"build_version":"2020-12-22","purchased_purges":0,"victory":false,"max_hp_per_floor":[80,85,85,85,85,85,85,85,85,85,85,85,85,85,85,85,85,85,85,85,85,85,85,85,85,85,85,85,85,85,85,85,85,85,85,85,85,85,85,85,85,85,85,85,85,85,85,85],"card_choices":[{"not_picked":["Berserk","Corruption"],"picked":"Hemogenesis","floor":0},{"not_picked":["Flame Barrier","Second Wind"],"picked":"Flex","floor":1},{"not_picked":["Replay:Undeath\u0027s Touch","Body Slam"],"picked":"ReplayReversal","floor":3},{"not_picked":["True Grit","Replay:Many Hands"],"picked":"Pommel Strike","floor":4},{"not_picked":["Run Through","Sever Soul"],"picked":"Armaments","floor":5},{"not_picked":["Battle Trance","Body Slam"],"picked":"Headbutt","floor":6},{"not_picked":["Intimidate","Replay:Undeath\u0027s Touch"],"picked":"Perfected Strike","floor":7},{"not_picked":["Ghostly Armor","Inflame"],"picked":"Cleave+1","floor":8},{"not_picked":["Entrench","Massacre+1"],"picked":"ReplayReversal","floor":11},{"not_picked":["Sever Soul+1","Battle Trance"],"picked":"Wild Strike+1","floor":13},{"not_picked":["Corruption","Demonic Infusion"],"picked":"Bludgeon+1","floor":16},{"not_picked":["Defy Death","ReplayTheSpireMod:Strike From Hell+1"],"picked":"Body Slam+1","floor":18},{"not_picked":["Body Slam+1","Life Link"],"picked":"Flex+1","floor":19},{"not_picked":["Sword Boomerang+1","Shrug It Off"],"picked":"Clash+1","floor":20},{"not_picked":["Defy Death","Sword Boomerang+1"],"picked":"Searing Blow+1","floor":21},{"not_picked":["Armaments","Flex"],"picked":"Combust","floor":22},{"not_picked":["Sword Boomerang+1","Whirlwind+1"],"picked":"Cleave+1","floor":23},{"not_picked":["Power Through","Clash+1"],"picked":"Reaper+1","floor":24},{"not_picked":["Run Through+1","Thunderclap+1"],"picked":"Perfected Strike+1","floor":25},{"not_picked":["Second Wind","Uppercut+1"],"picked":"ReplayTheSpireMod:LeadingStrike+1","floor":27},{"not_picked":["Iron Wave+1","Headbutt+1"],"picked":"Rage","floor":29},{"not_picked":["Body Slam+1","Inflame"],"picked":"ReplayTheSpireMod:LeadingStrike+1","floor":30},{"not_picked":["Havoc","Hemogenesis+1"],"picked":"Perfected Strike+1","floor":31},{"not_picked":["Exhume","Demon Form"],"picked":"Hemogenesis+1","floor":33},{"not_picked":["Flex","Anger+1"],"picked":"Thunderclap+1","floor":35},{"not_picked":["True Grit","Sword Boomerang+1"],"picked":"Body Slam+1","floor":37},{"not_picked":["Life Link","Headbutt+1"],"picked":"Thunderclap+1","floor":39},{"not_picked":["Havoc","Twin Strike+1"],"picked":"Run Through+1","floor":41},{"not_picked":["Thunderclap+1","Havoc+1"],"picked":"Whirlwind+1","floor":42},{"not_picked":["Body Slam+1","Spot Weakness+1"],"picked":"Double Tap","floor":45},{"not_picked":["ReplayReversal+1","Ghostly Armor"],"picked":"Replay:Undeath\u0027s Touch+1","floor":46}],"player_experience":783628,"relics_obtained":[{"floor":6,"key":"Bag of Marbles"},{"floor":8,"key":"Molten Egg 2"},{"floor":11,"key":"Replay:Bottled Eggs"},{"floor":20,"key":"Whetstone"},{"floor":23,"key":"Replay:Bottled Steam"},{"floor":25,"key":"Blue Doll"},{"floor":26,"key":"Onion Ring"},{"floor":27,"key":"PreservedInsect"},{"floor":29,"key":"Orichalcum"},{"floor":41,"key":"Art of War"},{"floor":43,"key":"Smiling Mask"},{"floor":45,"key":"Shuriken"}],"event_choices":[{"damage_healed":0,"gold_gain":0,"player_choice":"Donut","damage_taken":0,"max_hp_gain":5,"max_hp_loss":0,"event_name":"Big Fish","floor":2,"gold_loss":0},{"damage_healed":0,"gold_gain":0,"player_choice":"Entered Light","damage_taken":17,"max_hp_gain":0,"max_hp_loss":0,"event_name":"Shining Light","floor":12,"gold_loss":0,"cards_upgraded":["Hemogenesis","Bash"]},{"damage_healed":0,"gold_gain":64,"player_choice":"Gained Gold","damage_taken":0,"max_hp_gain":0,"max_hp_loss":0,"event_name":"Golden Wing","floor":14,"gold_loss":0},{"damage_healed":0,"gold_gain":0,"player_choice":"Copied","damage_taken":0,"max_hp_gain":0,"max_hp_loss":0,"event_name":"Duplicator","floor":28,"gold_loss":0,"cards_obtained":["Hemogenesis"]},{"cards_removed":["Defend_R"],"damage_healed":0,"gold_gain":0,"player_choice":"Removed Skill","damage_taken":0,"max_hp_gain":0,"max_hp_loss":0,"event_name":"Falling","floor":38,"gold_loss":0}],"is_beta":false,"boss_relics":[{"not_picked":["Astrolabe","Sozu"],"picked":"Ooze Armor"},{"not_picked":["Honey Jar","Ring of Chaos"],"picked":"Electric Blood"}],"items_purged_floors":[],"is_endless":false,"potions_floor_spawned":[1,7,8,11,16,22,23,25,30,33,37,39],"killed_by":"Jaw Worm Horde","ascension_level":8}}