{"host":"22ezjknwheybwqtz","time":1612521035,"event":{"mods":["BaseMod","Beaked The Cultist","Minty Spire (QoL Compilation)","Replay The Spire","Shop Mod","StSLib"],"gold_per_floor":[109,109,109,109,109,109,129,160,183,213,223,55,65,65,65,170,170,136,136,136,88,186,186,212,212,238,252,252,252],"floor_reached":28,"language":"ENG","playtime":996,"items_purged":["beaked:ShadowFade"],"score":292,"play_id":"1279ead3-a328-4353-a2d3-d4a9c263ef2d","local_time":"20210205183035","is_ascension_mode":false,"campfire_choices":[{"data":"beaked:VigorBurst","floor":6,"key":"SMITH"},{"data":"beaked:CrazyRituals","floor":15,"key":"SMITH"},{"data":"beaked:Evade","floor":23,"key":"SMITH"},{"data":"beaked:Ceremony","floor":25,"key":"SMITH"}],"circlet_count":0,"master_deck":["beaked:Defend_Y","beaked:Defend_Y","beaked:Defend_Y","beaked:Ceremony+1","beaked:Ceremony","beaked:VigorBurst+1","beaked:CrazyRituals+1","beaked:Evade+1","Finesse","CurseOfTheBell","Bite","Bite","Bite","Bite","Bite","beaked:Tweet","beaked:RitualOfBody","beaked:BraceForImpact+1","beaked:MimicMachine+1","beaked:Poke+1"],"relics":["beaked:MendingPlumage","NeowsBlessing","Vajra","ReplayTheSpireMod:Ninjato","Calling Bell","Toy Ornithopter","Replay:Ringing Soul","FossilizedHelix","Omamori","Orichalcum"],"acts_visited":["Exordium","TheCity"],"potions_floor_usage":[16,16,16],"damage_taken":[{"damage":0,"enemies":"2 Louse","floor":1,"turns":1},{"damage":0,"enemies":"Cultist","floor":7,"turns":1},{"damage":9,"enemies":"3 Sentries","floor":8,"turns":3},{"damage":18,"enemies":"Lagavulin","floor":10,"turns":7},{"damage":16,"enemies":"Jaw Worm","floor":11,"turns":4},{"damage":29,"enemies":"Red Slaver","floor":13,"turns":5},{"damage":24,"enemies":"Hexaghost","floor":16,"turns":8},{"damage":47,"enemies":"2 Thieves","floor":18,"turns":5},{"damage":65,"enemies":"Gremlin Leader","floor":24,"turns":9},{"damage":28,"enemies":"3 Byrds","floor":27,"turns":5},{"damage":102,"enemies":"Slavers","floor":28,"turns":5}],"seed_played":"1235775456088224742","potions_obtained":[{"floor":1,"key":"beaked:MendingBrew"},{"floor":7,"key":"EssenceOfSteel"},{"floor":11,"key":"PowerPotion"},{"floor":13,"key":"Strength Potion"},{"floor":27,"key":"SpeedPotion"}],"is_trial":false,"path_per_floor":["M","?","$","?","$","R","M","E","T","E","M","$","M","?","R","B",null,"M","?","?","$","?","R","E","R","T","M","E"],"character_chosen":"BEAKED_THE_CULTIST","items_purchased":["Finesse","beaked:Tweet"],"campfire_rested":0,"item_purchase_floors":[12,21],"current_hp_per_floor":[55,55,55,50,50,50,51,55,55,54,52,52,42,42,42,55,55,36,39,39,42,45,45,55,55,55,60,0,0],"gold":252,"neow_bonus":"THREE_ENEMY_KILL","is_daily":false,"chose_seed":false,"campfire_upgraded":4,"win_rate":0.0,"timestamp":1612521035,"path_taken":["M","?","?","?","$","R","M","E","T","E","?","$","M","?","R","BOSS","M","?","?","$","?","R","E","R","T","M","E"],"items_purchased_type":["Card","Card"],"build_version":"2020-12-22","purchased_purges":1,"victory":false,"max_hp_per_floor":[55,55,55,55,55,55,55,55,55,55,55,55,55,55,55,55,55,55,58,58,61,64,64,67,67,67,67,67,67],"card_choices":[{"not_picked":["beaked:Evade","beaked:BounceBack"],"picked":"beaked:VigorBurst","floor":1},{"not_picked":["beaked:Resilience","beaked:Roost"],"picked":"beaked:CrazyRituals","floor":7},{"not_picked":["beaked:DigDeep","beaked:WarriorEssence","beaked:Struggle"],"picked":"SKIP","floor":8},{"not_picked":["beaked:Daydream","beaked:Brace"],"picked":"beaked:Evade","floor":10},{"not_picked":["beaked:Resilience","beaked:DigDeep","beaked:SacrificialDive"],"picked":"SKIP","floor":11},{"not_picked":["beaked:Tradeoff","beaked:BounceBack","beaked:Insight"],"picked":"SKIP","floor":13},{"not_picked":["beaked:DigDeep+1","beaked:Cower","beaked:Molting"],"picked":"SKIP","floor":18},{"not_picked":["beaked:FeelMyPain+1","beaked:Daydream+1"],"picked":"beaked:RitualOfBody","floor":22},{"not_picked":["beaked:StickSmack","beaked:MimicHuntress"],"picked":"beaked:BraceForImpact+1","floor":22},{"not_picked":["beaked:RuinSticks","beaked:Caw"],"picked":"beaked:MimicMachine+1","floor":22},{"not_picked":["beaked:Foresight","beaked:BloodForTheGods"],"picked":"beaked:Poke+1","floor":24},{"not_picked":["beaked:DigDeep","beaked:WarriorEssence","beaked:Redirect"],"picked":"SKIP","floor":27}],"player_experience":76016,"relics_obtained":[{"floor":8,"key":"Blood Vial"},{"floor":9,"key":"Vajra"},{"floor":10,"key":"ReplayTheSpireMod:Ninjato"},{"floor":17,"key":"Toy Ornithopter"},{"floor":17,"key":"Replay:Ringing Soul"},{"floor":17,"key":"FossilizedHelix"},{"floor":24,"key":"Omamori"},{"floor":26,"key":"Orichalcum"}],"event_choices":[{"damage_healed":0,"gold_gain":0,"cards_transformed":["beaked:Strike_Y"],"player_choice":"Transformed","damage_taken":0,"max_hp_gain":0,"max_hp_loss":0,"event_name":"Transmorgrifier","floor":2,"gold_loss":0,"cards_obtained":["beaked:ShadowFade"]},{"damage_healed":0,"gold_gain":0,"player_choice":"Damaged","damage_taken":5,"max_hp_gain":0,"max_hp_loss":0,"event_name":"Wheel of Change","floor":4,"gold_loss":0},{"cards_removed":["beaked:Ceremony"],"damage_healed":0,"gold_gain":0,"player_choice":"Offered Basic","damage_taken":0,"max_hp_gain":0,"max_hp_loss":0,"event_name":"Bonfire Elementals","floor":14,"gold_loss":0},{"damage_healed":0,"gold_gain":0,"player_choice":"Became a vampire (Vial)","damage_taken":0,"max_hp_gain":0,"max_hp_loss":0,"event_name":"Vampires","floor":19,"relics_lost":["Blood Vial"],"gold_loss":0,"cards_obtained":["Bite","Bite","Bite","Bite","Bite"]},{"cards_removed":["beaked:Defend_Y"],"damage_healed":0,"gold_gain":0,"player_choice":"Elegance","damage_taken":0,"max_hp_gain":0,"max_hp_loss":0,"event_name":"Back to Basics","floor":20,"gold_loss":0}],"is_beta":false,"boss_relics":[{"not_picked":["Coffee Dripper","Empty Cage"],"picked":"Calling Bell"}],"items_purged_floors":[12],"is_endless":false,"potions_floor_spawned":[1,7,11,13,27],"killed_by":"Slavers","ascension_level":0}}