{"host":"x205naxbihvu3p76","time":1612534812,"event":{"mods":["AchievementEnabler","BaseMod","Minty Spire (QoL Compilation)","StSLib","SuperFastMode"],"gold_per_floor":[114,130,110,124,141,169,169,180,180,154,154,154],"floor_reached":11,"language":"KOR","playtime":218,"items_purged":[],"score":146,"play_id":"cf1b2255-756e-4ca0-9d68-b7f343561a94","local_time":"20210205232012","is_ascension_mode":true,"campfire_choices":[{"data":"Double Tap","floor":7,"key":"SMITH"}],"circlet_count":0,"master_deck":["AscendersBane","Strike_R","Strike_R","Strike_R","Strike_R","Strike_R","Defend_R","Defend_R","Defend_R","Defend_R","Bash","Feed","Shrug It Off","Cleave","Double Tap+1","Power Through","Carnage"],"relics":["Burning Blood","Blue Candle","Sundial"],"acts_visited":["Exordium"],"potions_floor_usage":[6,6,11],"damage_taken":[{"damage":11,"enemies":"2 Louse","floor":1,"turns":3},{"damage":0,"enemies":"Cultist","floor":2,"turns":3},{"damage":19,"enemies":"Small Slimes","floor":4,"turns":4},{"damage":8,"enemies":"Blue Slaver","floor":5,"turns":5},{"damage":27,"enemies":"Gremlin Nob","floor":6,"turns":4},{"damage":11,"enemies":"3 Louse","floor":8,"turns":3},{"damage":11,"enemies":"Exordium Thugs","floor":10,"turns":4},{"damage":25,"enemies":"Lagavulin","floor":11,"turns":6}],"seed_played":"6244684999304121099","potions_obtained":[{"floor":3,"key":"LiquidMemories"},{"floor":4,"key":"Weak Potion"},{"floor":8,"key":"Weak Potion"}],"is_trial":false,"path_per_floor":["M","M","?","M","M","E","R","M","T","M","E"],"character_chosen":"IRONCLAD","items_purchased":[],"campfire_rested":0,"item_purchase_floors":[],"current_hp_per_floor":[48,57,57,47,48,27,27,25,25,20,0,0],"gold":154,"neow_bonus":"THREE_RARE_CARDS","is_daily":false,"chose_seed":false,"campfire_upgraded":1,"win_rate":0.0,"timestamp":1612534812,"path_taken":["M","M","?","M","M","E","R","?","T","M","E"],"items_purchased_type":[],"build_version":"2020-12-22","purchased_purges":0,"victory":false,"max_hp_per_floor":[78,81,81,84,87,87,87,90,90,90,90,90],"card_choices":[{"not_picked":["Reaper","Barricade"],"picked":"Feed","floor":0},{"not_picked":["Clothesline","Whirlwind"],"picked":"Shrug It Off","floor":1},{"not_picked":["Reckless Charge","Sword Boomerang","Thunderclap"],"picked":"SKIP","floor":2},{"not_picked":["Pummel","Iron Wave"],"picked":"Cleave","floor":4},{"not_picked":["True Grit","Intimidate"],"picked":"Double Tap","floor":5},{"not_picked":["Dual Wield","Rupture"],"picked":"Power Through","floor":6},{"not_picked":["Rupture","Metallicize","Pummel"],"picked":"SKIP","floor":8},{"not_picked":["Clash","Clothesline"],"picked":"Carnage","floor":10}],"player_experience":1027776,"relics_obtained":[{"floor":6,"key":"Blue Candle"},{"floor":9,"key":"Sundial"}],"event_choices":[{"damage_healed":0,"gold_gain":0,"player_choice":"Bought 1 Potion","damage_taken":0,"max_hp_gain":0,"max_hp_loss":0,"event_name":"The Woman in Blue","floor":3,"gold_loss":0}],"is_beta":false,"boss_relics":[],"items_purged_floors":[],"is_endless":false,"potions_floor_spawned":[4,8],"killed_by":"Lagavulin","ascension_level":18}}