{"host":"1ooxfz79hmpvpehx","time":1612495096,"event":{"mods":["BaseMod","Minty Spire (QoL Compilation)","Quick Restart","Replay The Spire","StSLib","SuperFastMode"],"gold_per_floor":[113,113,113,38,58,58,84,84,111,111,138,138,138,138,138,138,138],"floor_reached":16,"language":"ENG","playtime":201,"items_purged":["Pain"],"score":129,"play_id":"346cc4ad-5ce5-447a-ac50-fa2d53e3e418","local_time":"20210205001816","is_ascension_mode":false,"campfire_choices":[{"data":"Storm","floor":6,"key":"SMITH"},{"data":"Redo","floor":8,"key":"SMITH"},{"data":"Zap","floor":10,"key":"SMITH"},{"data":"Amplify","floor":12,"key":"SMITH"},{"data":"Regret","floor":15,"key":"PURGE"}],"circlet_count":0,"master_deck":["Strike_B","Strike_B","Strike_B","Strike_B","Defend_B","Defend_B","Defend_B","Zap+1","Dualcast","Double Energy+1","Storm+1","Redo+1","Amplify+1","Amnesia"],"relics":["Cracked Core","NeowsBlessing","Bottled Lightning","Blue Doll","Replay:Multitool","ReplayTheSpireMod:Ring of Exchange","Ring of Peace","FossilizedHelix"],"acts_visited":["Exordium"],"potions_floor_usage":[16],"damage_taken":[{"damage":0,"enemies":"Cultist","floor":1,"turns":1},{"damage":0,"enemies":"2 Louse","floor":5,"turns":1},{"damage":0,"enemies":"Lagavulin","floor":7,"turns":1},{"damage":18,"enemies":"Gremlin Nob","floor":11,"turns":3},{"damage":0,"enemies":"Slime Boss","floor":16,"turns":6}],"seed_played":"-3706329511379909334","potions_obtained":[{"floor":7,"key":"Fire Potion"}],"is_trial":false,"path_per_floor":["M","?","?","$","M","R","E","R","T","R","E","R","?","?","R","B"],"character_chosen":"DEFECT","items_purchased":[],"campfire_rested":0,"item_purchase_floors":[],"current_hp_per_floor":[75,75,75,75,75,75,75,75,75,75,57,57,57,57,57,57,57],"gold":138,"neow_bonus":"THREE_ENEMY_KILL","is_daily":false,"chose_seed":false,"campfire_upgraded":4,"win_rate":0.0,"timestamp":1612495096,"path_taken":["M","?","?","$","?","R","E","R","T","R","E","R","?","?","R","BOSS"],"items_purchased_type":[],"build_version":"2020-12-22","purchased_purges":1,"victory":false,"max_hp_per_floor":[75,75,75,75,75,75,75,75,75,75,75,75,75,75,75,75,75],"card_choices":[{"not_picked":["Streamline","Coolheaded","Glacier"],"picked":"SKIP","floor":1},{"not_picked":["Genetic Algorithm","Gash"],"picked":"Storm","floor":5},{"not_picked":["Conserve Battery","Sweeping Beam"],"picked":"Redo","floor":7},{"not_picked":["Ball Lightning","ReplayTheSpireMod:System Scan"],"picked":"Amplify","floor":11}],"player_experience":14398,"relics_obtained":[{"floor":7,"key":"Bottled Lightning"},{"floor":9,"key":"Blue Doll"},{"floor":11,"key":"Replay:Multitool"},{"floor":13,"key":"ReplayTheSpireMod:Ring of Exchange"},{"floor":13,"key":"Ring of Peace"}],"event_choices":[{"damage_healed":0,"gold_gain":0,"player_choice":"1 cards matched","damage_taken":0,"max_hp_gain":0,"max_hp_loss":0,"event_name":"Match and Keep!","floor":3,"gold_loss":0,"cards_obtained":["Pain"]},{"damage_healed":0,"gold_gain":0,"player_choice":"Box","damage_taken":0,"relics_obtained":["FossilizedHelix"],"max_hp_gain":0,"max_hp_loss":0,"event_name":"Big Fish","floor":14,"gold_loss":0,"cards_obtained":["Regret"]}],"is_beta":false,"boss_relics":[],"items_purged_floors":[4],"is_endless":false,"potions_floor_spawned":[7],"killed_by":"Slime Boss","ascension_level":0}}