{"host":"fhyqvp7txwl2j5aw","time":1612537900,"event":{"mods":["AchievementEnabler","BaseMod","Better Altar","Better Match","Better Note","Better Sensory Stone","Better Skull","Better Third Choice","Card Forge","Colored Map","Colored Powertips","Highlight Path","Minty Spire (QoL Compilation)","Rare Cards Sparkle","Relic Filter Mod","StSLib","Transform Curses"],"gold_per_floor":[215,233,200,57,74,74,74,74,74,105,122,132,164,175,175,277,277,297,297,315,330,330,341,368,397,397,397,397,397,431,445,445,549,549,567,577,627,640,640,665,625,652,652,681,693,705,746,772,784,796],"floor_reached":51,"language":"JPN","playtime":2866,"items_purged":[],"score":1174,"play_id":"a61316b6-2ecd-4088-b488-7eae60e0b71c","local_time":"20210206001140","is_ascension_mode":true,"campfire_choices":[{"data":"Searing Blow+1","floor":6,"key":"SMITH"},{"data":"Searing Blow+4","floor":15,"key":"SMITH"},{"data":"Searing Blow+5","floor":27,"key":"SMITH"},{"data":"Searing Blow+8","floor":32,"key":"SMITH"},{"data":"Searing Blow+10","floor":46,"key":"SMITH"},{"data":"Searing Blow+11","floor":49,"key":"SMITH"}],"circlet_count":0,"master_deck":["Rampage+1","Pommel Strike+1","Inflame+1","Shrug It Off+1","Searing Blow+20","Seeing Red+1","Feed+1","Evolve+1","Seeing Red+1","Thinking Ahead+1"],"relics":["Burning Blood","Hammer of Thor","Seething Fire","Anvil of the Gods","betterThird:SlimedRelic","Membership Card","Blood Vial","InkBottle","Potion Belt","Orichalcum","Coffee Dripper","MealTicket","Vajra","Omamori","Darkstone Periapt","Bronze Scales","Black Star","FossilizedHelix","PreservedInsect","Sundial","Regal Pillow","Strawberry","MawBank","Ancient Tea Set","Nunchaku"],"acts_visited":["Exordium","TheCity","TheBeyond"],"potions_floor_usage":[25,30,50],"damage_taken":[{"damage":4,"enemies":"Small Slimes","floor":1,"turns":4},{"damage":0,"enemies":"2 Louse","floor":2,"turns":2},{"damage":0,"enemies":"Cultist","floor":5,"turns":2},{"damage":10,"enemies":"3 Sentries","floor":10,"turns":4},{"damage":2,"enemies":"Exordium Thugs","floor":11,"turns":3},{"damage":0,"enemies":"2 Fungi Beasts","floor":12,"turns":1},{"damage":0,"enemies":"Lagavulin","floor":13,"turns":4},{"damage":1,"enemies":"Large Slime","floor":14,"turns":2},{"damage":25,"enemies":"Hexaghost","floor":16,"turns":5},{"damage":6,"enemies":"Chosen","floor":18,"turns":2},{"damage":0,"enemies":"3 Byrds","floor":20,"turns":3},{"damage":0,"enemies":"3 Cultists","floor":21,"turns":3},{"damage":0,"enemies":"Centurion and Healer","floor":23,"turns":2},{"damage":12,"enemies":"Gremlin Leader","floor":25,"turns":2},{"damage":0,"enemies":"Slavers","floor":30,"turns":4},{"damage":0,"enemies":"Snecko","floor":31,"turns":2},{"damage":0,"enemies":"Automaton","floor":33,"turns":3},{"damage":0,"enemies":"Orb Walker","floor":35,"turns":2},{"damage":0,"enemies":"3 Darklings","floor":36,"turns":3},{"damage":0,"enemies":"Mind Bloom Boss Battle","floor":37,"turns":2},{"damage":0,"enemies":"Jaw Worm Horde","floor":38,"turns":2},{"damage":2,"enemies":"Giant Head","floor":40,"turns":4},{"damage":0,"enemies":"Nemesis","floor":42,"turns":1},{"damage":0,"enemies":"Transient","floor":44,"turns":5},{"damage":0,"enemies":"Reptomancer","floor":47,"turns":2},{"damage":0,"enemies":"Spire Growth","floor":48,"turns":2},{"damage":7,"enemies":"Time Eater","floor":50,"turns":2}],"seed_played":"-2836366623623590475","potions_obtained":[{"floor":1,"key":"LiquidMemories"},{"floor":14,"key":"Swift Potion"},{"floor":16,"key":"BloodPotion"},{"floor":18,"key":"LiquidBronze"},{"floor":23,"key":"ColorlessPotion"},{"floor":25,"key":"Weak Potion"},{"floor":36,"key":"SmokeBomb"},{"floor":37,"key":"BlessingOfTheForge"},{"floor":48,"key":"ColorlessPotion"}],"is_trial":false,"path_per_floor":["M","M","?","$","M","R","?","$","T","E","M","M","E","M","R","B",null,"M","?","M","M","?","M","T","E","T","R","?","?","E","M","R","B",null,"M","M","?","M","?","E","?","E","T","M","$","R","E","M","R","B",null],"character_chosen":"IRONCLAD","items_purchased":["Membership Card"],"campfire_rested":0,"item_purchase_floors":[4],"current_hp_per_floor":[80,80,69,69,75,75,75,75,75,73,82,87,91,95,95,80,99,103,103,107,111,111,115,115,113,113,113,113,113,123,127,127,127,127,131,135,139,143,143,147,147,154,154,158,158,158,158,162,162,161],"gold":808,"neow_bonus":"HUNDRED_GOLD","is_daily":false,"chose_seed":false,"campfire_upgraded":6,"win_rate":0.0,"timestamp":1612537900,"path_taken":["M","M","?","$","M","R","?","$","T","E","M","M","E","M","R","BOSS","M","?","M","M","?","?","?","E","T","R","?","?","E","?","R","BOSS","M","M","?","M","?","E","?","E","T","?","?","R","E","M","R","BOSS"],"items_purchased_type":["Relic"],"build_version":"2020-12-22","purchased_purges":0,"victory":true,"max_hp_per_floor":[80,80,80,80,80,80,80,80,80,80,83,87,91,95,95,99,99,103,103,107,111,111,115,115,119,119,119,119,119,123,127,127,127,127,131,135,139,143,143,147,147,154,154,158,158,158,158,162,162,162],"card_choices":[{"not_picked":["Body Slam","Wild Strike"],"picked":"Carnage","floor":1},{"not_picked":["Burning Pact","Rage"],"picked":"Inflame","floor":2},{"not_picked":["Rupture","Heavy Blade","Pommel Strike"],"picked":"SKIP","floor":5},{"not_picked":["Perfected Strike","Rage"],"picked":"Feed","floor":10},{"not_picked":["Blood for Blood","Searing Blow","Thunderclap"],"picked":"SKIP","floor":11},{"not_picked":["Heavy Blade","Battle Trance","Sever Soul"],"picked":"SKIP","floor":12},{"not_picked":["Clothesline","Cleave","Heavy Blade"],"picked":"SKIP","floor":13},{"not_picked":["Second Wind","Whirlwind","Entrench"],"picked":"SKIP","floor":14},{"not_picked":["Infernal Blade","Ghostly Armor+1","Rampage"],"picked":"SKIP","floor":18},{"not_picked":["Secret Technique","Bandage Up"],"picked":"Thinking Ahead","floor":19},{"not_picked":["Warcry+1","Sword Boomerang+1","Clash+1"],"picked":"SKIP","floor":20},{"not_picked":["Heavy Blade+1","Headbutt","Flex"],"picked":"SKIP","floor":21},{"not_picked":["Disarm","Armaments","Reckless Charge"],"picked":"SKIP","floor":23},{"not_picked":["Intimidate","Rage","Body Slam"],"picked":"SKIP","floor":25},{"not_picked":["Warcry","Brutality","Body Slam"],"picked":"SKIP","floor":30},{"not_picked":["Flex","True Grit","Warcry"],"picked":"SKIP","floor":31},{"not_picked":["Armaments+1","Wild Strike","True Grit"],"picked":"SKIP","floor":35},{"not_picked":["Perfected Strike+1","Combust","Clothesline"],"picked":"SKIP","floor":36},{"not_picked":["Wild Strike","Rampage+1","Corruption"],"picked":"SKIP","floor":38},{"not_picked":["Clash","Clothesline","Searing Blow+1"],"picked":"SKIP","floor":40},{"not_picked":["Dual Wield+1","Shockwave+1","Wild Strike"],"picked":"SKIP","floor":42},{"not_picked":["Hemokinesis","Armaments","Thunderclap+1"],"picked":"SKIP","floor":44},{"not_picked":["Inflame+1","Heavy Blade+1","Wild Strike+1"],"picked":"SKIP","floor":47},{"not_picked":["Infernal Blade","Thunderclap","Flame Barrier"],"picked":"SKIP","floor":48}],"player_experience":10999,"relics_obtained":[{"floor":9,"key":"InkBottle"},{"floor":10,"key":"Potion Belt"},{"floor":13,"key":"Orichalcum"},{"floor":24,"key":"Vajra"},{"floor":25,"key":"Omamori"},{"floor":26,"key":"Darkstone Periapt"},{"floor":30,"key":"Bronze Scales"},{"floor":37,"key":"FossilizedHelix"},{"floor":40,"key":"PreservedInsect"},{"floor":40,"key":"Sundial"},{"floor":42,"key":"Regal Pillow"},{"floor":42,"key":"Strawberry"},{"floor":43,"key":"MawBank"},{"floor":47,"key":"Ancient Tea Set"},{"floor":47,"key":"Nunchaku"}],"event_choices":[{"damage_healed":0,"gold_gain":0,"player_choice":"Slimed","damage_taken":11,"max_hp_gain":0,"max_hp_loss":0,"event_name":"betterThird:BetterGoop","floor":3,"gold_loss":33},{"damage_healed":0,"gold_gain":0,"player_choice":"Box","damage_taken":0,"relics_obtained":["Blood Vial"],"max_hp_gain":0,"max_hp_loss":0,"event_name":"Big Fish","floor":7,"gold_loss":0,"cards_obtained":["Regret"]},{"damage_healed":0,"gold_gain":2,"player_choice":"1","damage_taken":0,"max_hp_gain":0,"max_hp_loss":0,"event_name":"betterStone:BetterStone","floor":19,"gold_loss":0},{"damage_healed":0,"gold_gain":0,"player_choice":"Gave Potion","damage_taken":0,"relics_obtained":["MealTicket"],"max_hp_gain":0,"max_hp_loss":0,"event_name":"WeMeetAgain","floor":22,"gold_loss":0},{"damage_healed":0,"gold_gain":0,"player_choice":"Ignored","damage_taken":0,"max_hp_gain":0,"max_hp_loss":0,"event_name":"Ghosts","floor":28,"gold_loss":0},{"damage_healed":0,"gold_gain":0,"player_choice":"Upgraded","damage_taken":0,"max_hp_gain":0,"max_hp_loss":0,"event_name":"Upgrade Shrine","floor":29,"gold_loss":0,"cards_upgraded":["Searing Blow"]},{"damage_healed":0,"gold_gain":0,"player_choice":"Fight","damage_taken":0,"max_hp_gain":0,"max_hp_loss":0,"event_name":"MindBloom","floor":37,"gold_loss":0},{"damage_healed":36,"gold_gain":0,"player_choice":"Writhe","damage_taken":0,"max_hp_gain":0,"max_hp_loss":0,"event_name":"Winding Halls","floor":39,"gold_loss":0,"cards_obtained":["Writhe"]},{"damage_healed":0,"gold_gain":0,"player_choice":"Upgrade","damage_taken":0,"max_hp_gain":0,"max_hp_loss":0,"event_name":"Designer","floor":41,"gold_loss":40,"cards_upgraded":["Searing Blow"]}],"is_beta":false,"boss_relics":[{"not_picked":["Mark of Pain","Cursed Key"],"picked":"Coffee Dripper"},{"not_picked":["Runic Pyramid","Black Blood"],"picked":"Black Star"}],"items_purged_floors":[],"is_endless":false,"potions_floor_spawned":[1,14,16,18,23,25,36,37,47,48],"ascension_level":3}}