{"host":"z94nnvkgi5lm5f4m","time":1612563113,"event":{"mods":["AchievementEnabler","BaseMod","Colored Map","Colored Powertips","Minty Spire (QoL Compilation)"],"gold_per_floor":[11,11,30,40,51,3,14,43,69,69,80,80,80,105,105,207,207,223,223,28,43,63,63,63,63,63],"floor_reached":25,"language":"ENG","playtime":1265,"items_purged":[],"score":238,"play_id":"216392eb-040f-4991-9b2f-09659693a4ef","local_time":"20210205141153","is_ascension_mode":false,"campfire_choices":[{"floor":10,"key":"REST"},{"data":"Dualcast","floor":13,"key":"SMITH"},{"floor":15,"key":"REST"},{"data":"Buffer","floor":23,"key":"SMITH"}],"circlet_count":0,"master_deck":["Strike_B","Strike_B","Strike_B","Strike_B","Defend_B","Defend_B","Defend_B","Defend_B","Zap+1","Dualcast+1","Sweeping Beam","Beam Cell","Beam Cell","Auto Shields","Buffer+1","Rip and Tear","Go for the Eyes","Go for the Eyes","Coolheaded+1","Writhe"],"relics":["Cracked Core","Dead Branch","Pen Nib","Blood Vial","Coffee Dripper","Sling","Smiling Mask"],"acts_visited":["Exordium","TheCity"],"potions_floor_usage":[16],"damage_taken":[{"damage":5,"enemies":"Jaw Worm","floor":1,"turns":4},{"damage":1,"enemies":"Cultist","floor":3,"turns":3},{"damage":8,"enemies":"Small Slimes","floor":4,"turns":2},{"damage":5,"enemies":"Exordium Thugs","floor":5,"turns":4},{"damage":5,"enemies":"Large Slime","floor":7,"turns":6},{"damage":23,"enemies":"Gremlin Nob","floor":8,"turns":4},{"damage":5,"enemies":"Looter","floor":11,"turns":3},{"damage":12,"enemies":"3 Sentries","floor":14,"turns":6},{"damage":73,"enemies":"Hexaghost","floor":16,"turns":10},{"damage":0,"enemies":"Chosen","floor":18,"turns":4},{"damage":13,"enemies":"Shell Parasite","floor":21,"turns":4},{"damage":30,"enemies":"Centurion and Healer","floor":22,"turns":5},{"damage":40,"enemies":"Slavers","floor":25,"turns":3}],"seed_played":"4716662823635725381","potions_obtained":[{"floor":4,"key":"Ancient Potion"},{"floor":5,"key":"PotionOfCapacity"},{"floor":8,"key":"Strength Potion"},{"floor":21,"key":"PotionOfCapacity"},{"floor":22,"key":"ColorlessPotion"}],"is_trial":false,"path_per_floor":["M","?","M","M","M","$","M","E","T","R","M","?","R","E","R","B",null,"M","?","$","M","M","R","?","E"],"character_chosen":"DEFECT","items_purchased":["Beam Cell","Go for the Eyes","Sling"],"campfire_rested":2,"item_purchase_floors":[6,20,20],"current_hp_per_floor":[84,89,88,80,75,75,70,47,47,73,68,68,68,56,82,11,89,89,72,72,61,33,33,33,0,0],"gold":63,"neow_bonus":"TWENTY_PERCENT_HP_BONUS","is_daily":false,"chose_seed":false,"campfire_upgraded":2,"win_rate":0.0,"timestamp":1612563113,"path_taken":["M","?","?","M","?","$","M","E","T","R","M","?","R","E","R","BOSS","M","?","$","M","M","R","?","E"],"items_purchased_type":["Card","Card","Relic"],"build_version":"2020-12-22","purchased_purges":0,"victory":false,"max_hp_per_floor":[89,89,89,89,89,89,89,89,89,89,89,89,89,89,89,89,89,89,94,94,94,94,94,94,94,94],"card_choices":[{"not_picked":["Loop","Cold Snap"],"picked":"Sweeping Beam","floor":1},{"not_picked":["Hologram","Barrage","Compile Driver"],"picked":"SKIP","floor":3},{"not_picked":["Force Field","Electrodynamics","Barrage"],"picked":"SKIP","floor":4},{"not_picked":["Skim","Chaos","Force Field"],"picked":"SKIP","floor":5},{"not_picked":["Double Energy","Compile Driver"],"picked":"Beam Cell","floor":7},{"not_picked":["White Noise","Cold Snap","Machine Learning"],"picked":"SKIP","floor":8},{"not_picked":["Darkness","Compile Driver"],"picked":"Auto Shields","floor":11},{"not_picked":["Rebound","Melter","Steam Power"],"picked":"SKIP","floor":14},{"not_picked":["Amplify","Thunder Strike"],"picked":"Buffer","floor":16},{"not_picked":["Reprogram","Tempest"],"picked":"Rip and Tear","floor":18},{"not_picked":["Ball Lightning","Streamline"],"picked":"Go for the Eyes","floor":21},{"not_picked":["Reprogram","Double Energy"],"picked":"Coolheaded+1","floor":22}],"player_experience":80990,"relics_obtained":[{"floor":8,"key":"Dead Branch"},{"floor":9,"key":"Pen Nib"},{"floor":14,"key":"Blood Vial"}],"event_choices":[{"damage_healed":5,"gold_gain":0,"player_choice":"Full Heal","damage_taken":0,"max_hp_gain":0,"max_hp_loss":0,"event_name":"Wheel of Change","floor":2,"gold_loss":0},{"damage_healed":0,"gold_gain":0,"player_choice":"Upgraded","damage_taken":0,"max_hp_gain":0,"max_hp_loss":0,"event_name":"Upgrade Shrine","floor":12,"gold_loss":0,"cards_upgraded":["Zap"]},{"damage_healed":0,"gold_gain":0,"player_choice":"Shed Blood","damage_taken":22,"max_hp_gain":5,"max_hp_loss":0,"event_name":"Forgotten Altar","floor":19,"gold_loss":0},{"damage_healed":0,"gold_gain":0,"player_choice":"Opened","damage_taken":0,"relics_obtained":["Smiling Mask"],"max_hp_gain":0,"max_hp_loss":0,"event_name":"The Mausoleum","floor":24,"gold_loss":0,"cards_obtained":["Writhe"]}],"is_beta":false,"boss_relics":[{"not_picked":["Empty Cage","SacredBark"],"picked":"Coffee Dripper"}],"items_purged_floors":[],"is_endless":false,"potions_floor_spawned":[4,5,8,21,22],"killed_by":"Slavers","ascension_level":0}}