{"host":"ymw71f7rc9ndansy","time":1612495692,"event":{"mods":["ATMod(阿瑾Mod)","Act Like it!","Arknights","Aspiration","BaseMod","DeckTracker","Hubris","Library of Ruina","Library of Ruina Extra","Minty Spire (QoL Compilation)","MostiFishMod","Relic Filter Mod","Remove Card Discount Mod","Replay The Spire","RumiaBox-露米娅的神秘盒子","StSLib","TestMod","【功能Mod】精心准备","【遗物卡牌】REMEMod"],"gold_per_floor":[115,125,225,236,253,278,278,307,307,340,356,356,367,8,8,103,103,117,137,155,172,190,219,143,176,176,206,206,206,206,218,218,314,314,314],"floor_reached":34,"language":"ZHS","playtime":636,"items_purged":["AT_EssenceShift","ats:Strike V","ats:Strike S","ats:Strike C","ats:Defend","ats:Defend","ats:Sword Rain","ats:Strike G","ats:Armor Crushing Shot"],"score":844,"play_id":"e0df7452-f704-43f5-9a69-82d87e89b33e","local_time":"20210205112812","is_ascension_mode":true,"campfire_choices":[{"data":"testmod-CardIndex","floor":7,"key":"SMITH"},{"floor":12,"key":"DIG"},{"floor":15,"key":"DIG"},{"data":"testmod-Reflect","floor":28,"key":"SMITH"},{"data":"ats:Emotion Absorption","floor":32,"key":"SMITH"}],"circlet_count":0,"master_deck":["ats:Defend","ats:Defend","ats:Emotion Absorption+1","testmod-CardIndex+1","ats:Poison Spread","ats:Red Shift","ats:Closed Bolt Burst Fire","ats:Sashimi Platter+1","testmod-Reflect+1","MostiFishMod:KingOfFree","ats:Calcification"],"relics":["DaveBox","REME_ComplimentaryCards","AT_ATBox","Civilization","testmod-Fortitude","FeatherPendant","PatriotShield","SynthV:TestCard","ats:Originium","testmod-ArcanaOfDestiny","testmod-LifeArmor","Replay:Multitool","testmod-FatalChain","BionicSphere","SSSystem","HornCleat","Replay:Grab Bag","Runic Dome","Coffee Dripper","REME_LowDesire","ReplayFunnel","Dream Catcher","hubris:Metronome","Orichalcum","ats:Remnant Ash","hubris:Towel","testmod-SaigiyounoYou"],"acts_visited":["Exordium","TheCity","TheBeyond"],"potions_floor_usage":[27],"damage_taken":[{"damage":0.0,"enemies":"2 Louse","floor":1.0,"turns":2.0},{"damage":0.0,"enemies":"Cultist","floor":2.0,"turns":1.0},{"damage":0.0,"enemies":"Small Slimes","floor":4.0,"turns":1.0},{"damage":0.0,"enemies":"Blue Slaver","floor":5.0,"turns":2.0},{"damage":0,"enemies":"Gremlin Nob","floor":6,"turns":2},{"damage":0,"enemies":"3 Sentries","floor":8,"turns":2},{"damage":0,"enemies":"Lagavulin","floor":10,"turns":1},{"damage":0,"enemies":"Red Slaver","floor":11,"turns":1},{"damage":0,"enemies":"Large Slime","floor":13,"turns":1},{"damage":0,"enemies":"Fading Forest","floor":16,"turns":3},{"damage":0,"enemies":"Chosen","floor":18,"turns":1},{"damage":0,"enemies":"Shell Parasite","floor":19,"turns":1},{"damage":0,"enemies":"Snake Plant","floor":20,"turns":1},{"damage":0,"enemies":"Cultist and Chosen","floor":21,"turns":1},{"damage":0,"enemies":"Centurion and Healer","floor":22,"turns":1},{"damage":0,"enemies":"Slavers","floor":23,"turns":1},{"damage":0,"enemies":"Gremlin Leader","floor":25,"turns":1},{"damage":0,"enemies":"Book of Stabbing","floor":27,"turns":1},{"damage":0,"enemies":"Snake Plant","floor":31,"turns":1},{"damage":0,"enemies":"Champ","floor":33,"turns":2}],"seed_played":"-3184486420587127711","potions_obtained":[{"floor":1.0,"key":"Explosive Potion"},{"floor":2.0,"key":"Explosive Potion"},{"floor":10,"key":"FearPotion"},{"floor":20,"key":"Strength Potion"},{"floor":27,"key":"BlessingOfTheForge"},{"floor":31,"key":"BlessingOfTheForge"}],"is_trial":false,"path_per_floor":["M","M","?","M","M","E","R","E","T","E","M","R","M","$","R","B",null,"M","M","M","M","M","E","$","E","T","E","R","?","?","M","R","B",null],"character_chosen":"DOCTOR_CLASS","items_purchased":["MostiFishMod:ForestofLight","SSSystem","testmod-SpacePotion"],"campfire_rested":0,"item_purchase_floors":[14,14,24],"current_hp_per_floor":[74,77,77,82,87,92,92,97,97,102,107,107,112,112,112,117,117,122,127,132,137,142,147,147,152,152,157,157,157,157,162,162,167,167,167],"gold":314,"neow_bonus":"BOSS_RELIC","is_daily":false,"chose_seed":false,"campfire_upgraded":3,"win_rate":0.0,"timestamp":1612495692,"path_taken":["M","M","?","M","M","E","R","E","T","E","M","R","?","$","R","BOSS","M","M","M","M","M","E","$","E","T","E","R","?","?","?","R","BOSS"],"items_purchased_type":["Card","Relic","Potion"],"build_version":"2020-12-22","purchased_purges":9,"victory":false,"max_hp_per_floor":[74,77,77,82,87,92,92,97,97,102,107,107,112,112,112,117,117,122,127,132,137,142,147,147,152,152,157,157,157,157,162,162,167,167,167],"card_choices":[{"not_picked":["ats:Phantom","ats:Revitalization"],"picked":"ats:Sword Rain","floor":1.0},{"not_picked":["ats:Shell Defense","ats:Hammer On","ats:Flame Of Heaven","ats:Healing Drone"],"picked":"ats:Poison Spread","floor":2.0},{"not_picked":["ats:Thermite Blade","ats:Cat Scratch","ats:Explosion Area Strengthen","ats:Composite Medical Shells","ats:Consecutive Shot Auto"],"picked":"SKIP","floor":4.0},{"not_picked":["ats:Flexible Camouflage","ats:Ignite","ats:Sword Rain","ats:Explosion Area Strengthen"],"picked":"ats:Red Shift","floor":5.0},{"not_picked":["ats:Explosion Area Strengthen","ats:Part Time Job","ats:Shell Defense","ats:Guardian Obelisk","ats:Consecutive Shot Auto"],"picked":"SKIP","floor":6},{"not_picked":["ats:Sashimi Platter","ats:Spore Proliferation","ats:Explosion Area Strengthen","ats:Shell Defense","ats:Flame Of Heaven"],"picked":"SKIP","floor":8},{"not_picked":["ats:Guard Mode","ats:Consecutive Shot Auto","ats:Poison Spread","ats:Disruption Kick","ats:Absolute Focus"],"picked":"SKIP","floor":10},{"not_picked":["ats:Defend Order","ats:Powerful Strike","ats:Beaten Up","ats:Very Hot Blade","ats:Blood Oath"],"picked":"SKIP","floor":11},{"not_picked":["ats:Shadow Raid","ats:Apocalypse","ats:Collapsing Strike","ats:Soul Absorption"],"picked":"ats:Closed Bolt Burst Fire","floor":13},{"not_picked":["ats:Echo Reverb","ats:Mental Burst+1","ats:Leaping Hammer+1","ats:Serious Mode+1","testmod-AutoReboundSystem"],"picked":"ats:Sashimi Platter+1","floor":20},{"not_picked":["ats:Curse Doll","ats:Apocalypse","ats:Poison Spread","ats:Blood Oath","ats:Sashimi Platter"],"picked":"testmod-Reflect","floor":22},{"not_picked":["ats:Revitalization","ats:Closed Bolt Burst Fire","ats:Burning Ground","ats:Dogmatic Field","ats:Consecutive Shot Auto"],"picked":"MostiFishMod:KingOfFree","floor":23},{"not_picked":["ats:Ambush","ats:Nebulous Foxfire","ats:Echo Reverb","ats:True Silver Slash","Blind+1"],"picked":"ats:Calcification","floor":33}],"player_experience":1078920,"relics_obtained":[{"floor":1.0,"key":"SynthV:TestCard"},{"floor":6,"key":"ats:Originium"},{"floor":6,"key":"testmod-ArcanaOfDestiny"},{"floor":8,"key":"ats:Originium"},{"floor":8,"key":"testmod-LifeArmor"},{"floor":9,"key":"Replay:Multitool"},{"floor":10,"key":"ats:Originium"},{"floor":10,"key":"testmod-FatalChain"},{"floor":12,"key":"BionicSphere"},{"floor":15,"key":"HornCleat"},{"floor":17,"key":"ReplayFunnel"},{"floor":17,"key":"Dream Catcher"},{"floor":23,"key":"ats:Originium"},{"floor":23,"key":"hubris:Metronome"},{"floor":25,"key":"Orichalcum"},{"floor":27,"key":"ats:Remnant Ash"}],"event_choices":[{"damage_healed":0.0,"max_hp_gain":0.0,"max_hp_loss":0.0,"gold_gain":100.0,"event_name":"Golden Shrine","player_choice":"Pray","floor":3.0,"gold_loss":0.0,"damage_taken":0.0},{"cards_removed":["MostiFishMod:ForestofLight"],"damage_healed":0,"gold_gain":0,"player_choice":"Purged","damage_taken":0,"max_hp_gain":0,"max_hp_loss":0,"event_name":"Purifier","floor":30,"gold_loss":0}],"is_beta":false,"boss_relics":[{"not_picked":["testmod-IncinerationGenerator","testmod-Temperance"],"picked":"Replay:Grab Bag"},{"not_picked":["Cursed Key","Fusion Hammer"],"picked":"Runic Dome"},{"not_picked":["Sozu","Philosopher\u0027s Stone"],"picked":"Coffee Dripper"},{"not_picked":["testmod-KeyOfTheVoid","FeatherPendant"],"picked":"REME_LowDesire"},{"not_picked":["Snecko Heart","testmod-GoldenSoul"],"picked":"testmod-SaigiyounoYou"}],"items_purged_floors":[14,14,14,14,14,14,14,24,24],"is_endless":false,"potions_floor_spawned":[1,2,10,16,18,20,23,27,31],"ascension_level":1}}