{"host":"i0avyit1s6jb1siw","time":1612548765,"event":{"mods":["BaseMod","DeckTracker","Dota2Spire","Highlight Path","Minty Spire (QoL Compilation)","Quick Restart","StSLib","SuperFastMode"],"gold_per_floor":[113,113,130,144,162,162,181,181,214,240,240,240,240,110,130,162,172,172,172,250,250,267,281,35,35,35,35,65,65,65,65,88,119,145,157,1,12,12,12,12,12],"floor_reached":40,"language":"ENG","playtime":804,"items_purged":["Searing Blow","Shockwave"],"score":714,"play_id":"9b768845-27a6-42f4-b165-e87b4c364bf5","local_time":"20210205191245","is_ascension_mode":true,"campfire_choices":[{"data":"Shockwave","floor":6.0,"key":"SMITH"},{"data":"Blood for Blood","floor":8.0,"key":"SMITH"},{"data":"Hemokinesis","floor":12.0,"key":"SMITH"},{"data":"Dark Embrace","floor":18.0,"key":"SMITH"},{"data":"Armaments","floor":19.0,"key":"SMITH"},{"data":"Corruption","floor":27.0,"key":"SMITH"},{"data":"Entrench","floor":38,"key":"SMITH"},{"floor":39,"key":"REST"}],"circlet_count":0,"master_deck":["AscendersBane","Bash","Blood for Blood+1","Armaments+1","Shockwave+1","Hemokinesis+1","Shrug It Off","Dark Embrace+1","Offering","Double Tap","True Grit","Shockwave","Cleave","Armaments","Body Slam","Entrench+1","Corruption+1","Sentinel","Shrug It Off","Shrug It Off","Power Through"],"relics":["Burning Blood","Nunchaku","MealTicket","Juzu Bracelet","Charon\u0027s Ashes","Dota2Spire:UrnOfShadows","Dota2Spire:MagicBottle","Pandora\u0027s Box","OrangePellets","Ginger","InkBottle","Mango","Red Mask"],"acts_visited":["TheCity"],"potions_floor_usage":[34],"damage_taken":[{"damage":6.0,"enemies":"Cultist","floor":1.0,"turns":3.0},{"damage":14.0,"enemies":"2 Louse","floor":3.0,"turns":3.0},{"damage":5.0,"enemies":"Small Slimes","floor":4.0,"turns":3.0},{"damage":16.0,"enemies":"Blue Slaver","floor":5.0,"turns":4.0},{"damage":16.0,"enemies":"Exordium Wildlife","floor":7.0,"turns":6.0},{"damage":10.0,"enemies":"Gremlin Nob","floor":9.0,"turns":3.0},{"damage":3.0,"enemies":"Large Slime","floor":15.0,"turns":3.0},{"damage":4.0,"enemies":"Lagavulin","floor":16.0,"turns":4.0},{"damage":3.0,"enemies":"3 Louse","floor":17.0,"turns":3.0},{"damage":34.0,"enemies":"The Guardian","floor":20.0,"turns":12.0},{"damage":24.0,"enemies":"Spheric Guardian","floor":22.0,"turns":4.0},{"damage":10.0,"enemies":"Chosen","floor":23.0,"turns":3.0},{"damage":26.0,"enemies":"Gremlin Leader","floor":28.0,"turns":3.0},{"damage":35.0,"enemies":"Slavers","floor":33.0,"turns":2.0},{"damage":1,"enemies":"Masked Bandits","floor":34,"turns":3},{"damage":31,"enemies":"Shelled Parasite and Fungi","floor":35,"turns":3},{"damage":9,"enemies":"Centurion and Healer","floor":37,"turns":3},{"damage":80,"enemies":"Champ","floor":40,"turns":6}],"seed_played":"-8594360081295417471","potions_obtained":[{"floor":1.0,"key":"Energy Potion"},{"floor":3.0,"key":"Energy Potion"},{"floor":16.0,"key":"PowerPotion"},{"floor":20.0,"key":"BlessingOfTheForge"},{"floor":37,"key":"DuplicationPotion"}],"is_trial":false,"path_per_floor":["M","?","M","M","M","R","M","R","E","T","T","R","?","$","M","E","M","R","R","B",null,"M","M","$","?","?","R","E","$","?","T","T","E","?","M","$","M","R","R","B"],"character_chosen":"IRONCLAD","items_purchased":["Shrug It Off","Corruption","OrangePellets","Shrug It Off"],"campfire_rested":1,"item_purchase_floors":[14,24,24,36],"current_hp_per_floor":[68,68,60,61,51,51,41,41,37,37,37,37,32,47,50,52,55,55,55,27,63,45,41,56,56,56,56,36,51,51,51,51,36,47,25,40,37,37,63,0,0],"gold":12,"neow_bonus":"RANDOM_COMMON_RELIC","is_daily":false,"chose_seed":false,"campfire_upgraded":7,"win_rate":0.0,"timestamp":1612548765,"path_taken":["M","?","M","?","M","R","M","R","E","T","T","R","?","$","M","E","M","R","R","BOSS","M","M","$","?","?","R","E","?","?","T","T","E","?","M","$","M","R","R","BOSS"],"items_purchased_type":["Card","Card","Relic","Card"],"build_version":"2020-12-22","purchased_purges":2,"victory":false,"max_hp_per_floor":[75,75,75,75,75,75,75,75,75,75,75,75,75,75,75,75,75,75,75,75,75,75,75,75,75,75,75,75,75,75,75,75,89,89,89,89,89,89,89,89,89],"card_choices":[{"not_picked":["Anger","Burning Pact"],"picked":"Blood for Blood","floor":1.0},{"not_picked":["Heavy Blade","Sword Boomerang","Anger"],"picked":"SKIP","floor":3.0},{"not_picked":["Pommel Strike","Pummel"],"picked":"Armaments","floor":4.0},{"not_picked":["Searing Blow","Warcry"],"picked":"Shockwave","floor":5.0},{"not_picked":["Searing Blow","Clothesline"],"picked":"Hemokinesis","floor":7.0},{"not_picked":["Fire Breathing","Dark Embrace","Heavy Blade"],"picked":"SKIP","floor":9.0},{"not_picked":["Metallicize","Pommel Strike","Headbutt"],"picked":"SKIP","floor":15.0},{"not_picked":["Anger","Sword Boomerang"],"picked":"Dark Embrace","floor":16.0},{"not_picked":["Perfected Strike","Iron Wave","Twin Strike"],"picked":"SKIP","floor":17.0},{"not_picked":["Immolate","Fiend Fire"],"picked":"Offering","floor":20.0},{"not_picked":["Combust","Thunderclap","Havoc"],"picked":"SKIP","floor":22.0},{"not_picked":["Clash","Clothesline+1","Wild Strike"],"picked":"SKIP","floor":23.0},{"not_picked":["Reckless Charge","Inflame","Juggernaut"],"picked":"SKIP","floor":28.0},{"not_picked":["Body Slam","Warcry","Dark Embrace"],"picked":"SKIP","floor":33.0},{"not_picked":["Iron Wave","Offering"],"picked":"Shrug It Off","floor":35},{"not_picked":["Clash","Sentinel+1"],"picked":"Power Through","floor":37}],"player_experience":2412925,"relics_obtained":[{"floor":9.0,"key":"MealTicket"},{"floor":10.0,"key":"Juzu Bracelet"},{"floor":11.0,"key":"Charon\u0027s Ashes"},{"floor":16.0,"key":"Dota2Spire:MagicBottle"},{"floor":28.0,"key":"Ginger"},{"floor":31.0,"key":"InkBottle"},{"floor":33.0,"key":"Mango"},{"floor":34,"key":"Red Mask"}],"event_choices":[{"damage_healed":0.0,"max_hp_gain":0.0,"max_hp_loss":0.0,"gold_gain":0.0,"cards_transformed":["Strike_R"],"event_name":"Transmorgrifier","player_choice":"Transformed","floor":2.0,"gold_loss":0.0,"damage_taken":0.0,"cards_obtained":["Searing Blow"]},{"damage_healed":0.0,"max_hp_gain":0.0,"max_hp_loss":0.0,"gold_gain":0.0,"event_name":"Scrap Ooze","player_choice":"Success","floor":13.0,"gold_loss":0.0,"damage_taken":5.0,"relics_obtained":["Dota2Spire:UrnOfShadows"]},{"damage_healed":0.0,"max_hp_gain":0.0,"max_hp_loss":0.0,"gold_gain":0.0,"event_name":"The Library","player_choice":"Read","floor":25.0,"gold_loss":0.0,"damage_taken":0.0,"cards_obtained":["Sentinel"]},{"damage_healed":0.0,"max_hp_gain":0.0,"max_hp_loss":0.0,"gold_gain":0.0,"event_name":"The Mausoleum","player_choice":"Ignored","floor":30.0,"gold_loss":0.0,"damage_taken":0.0},{"damage_healed":0,"gold_gain":0,"player_choice":"Fought Bandits","damage_taken":0,"max_hp_gain":0,"max_hp_loss":0,"event_name":"Masked Bandits","floor":34,"gold_loss":0}],"is_beta":false,"boss_relics":[{"not_picked":["Runic Cube","Runic Dome"],"picked":"Pandora\u0027s Box"}],"items_purged_floors":[14,36],"is_endless":false,"potions_floor_spawned":[1,3,4,16,17,20,22,23,37],"killed_by":"Champ","ascension_level":20}}