{"host":"xgnmnr8f8w1a0eo3","time":1612488231,"event":{"mods":["BaseMod","Downfall","Highlight Path","Minty Spire (QoL Compilation)","Permanent Neow","Relic Stats","StSLib","everything is the same but u backflip on backflip"],"gold_per_floor":[99,116,128,128,128,155,155,101,119,139,174,189,246,246,260,355,355,355,369,389,400,400,415,438,58,76,103,103,129,149,159,178,274,274,274,288,118,138,138,138,138,166,144,244,272,0,14,41,51,51,51,76,76,76,76,76],"floor_reached":57,"language":"ENG","playtime":22816,"items_purged":["downfall:Malfunctioning","Pain","hexamod:Strike"],"score":1947,"play_id":"04c30d75-083a-48eb-9785-7729e3cf4836","local_time":"20210204172351","is_ascension_mode":true,"campfire_choices":[{"data":"hexamod:Float","floor":1.0,"key":"SMITH"},{"data":"hexamod:SoulSteal","floor":18.0,"key":"SMITH"},{"data":"hexamod:UnlimitedPower","floor":28.0,"key":"SMITH"},{"floor":35,"key":"RECALL"},{"data":"hexamod:VolcanoVisage","floor":40,"key":"SMITH"},{"data":"hexamod:Sear","floor":46,"key":"SMITH"},{"data":"hexamod:StepThrough","floor":54,"key":"SMITH"}],"circlet_count":0,"master_deck":["hexamod:Strike+1","hexamod:Defend","hexamod:Defend","hexamod:Defend","hexamod:Defend","hexamod:Sear+1","hexamod:Float+1","hexamod:NecessarySacrifice","hexamod:BurningTouch","hexamod:HauntingEcho","hexamod:SoulSteal+1","hexamod:Incineration+1","hexamod:FlamesFromBeyond","hexamod:AdvancingGuard","hexamod:SkipABeat","hexamod:FastForward+1","hexamod:SkipABeat+1","hexamod:AdvancingGuard","hexamod:UnlimitedPower+1","hexamod:NightmareGuise","hexamod:ThermalTransfer+1","hexamod:HeatMetal","hexamod:StepThrough+1","hexamod:ExtraCrispy+1","hexamod:WildfireWeapon","hexamod:VolcanoVisage+1","hexamod:EmpoweredFlame","hexamod:GhostflameBarrier+1","Master of Strategy"],"relics":["hexamod:SpiritBrand","Guardian:PocketSentry","Pear","Incense Burner","Dream Catcher","FossilizedHelix","Snecko Eye","WarpedTongs","Omamori","Whetstone","Lee\u0027s Waffle","Calipers","Bag of Preparation","Calling Bell","Centennial Puzzle","Shuriken","Thread and Needle","hexamod:MatchstickCase","hexamod:InflammatoryLetter","Ginger","Boot","hexamod:JarOfFuel","Lizard Tail","Mercury Hourglass","White Beast Statue","Letter Opener","downfall:HeartBlessingRed","downfall:HeartBlessingGreen","downfall:HeartBlessingBlue","Strawberry","Oddly Smooth Stone"],"acts_visited":["Exordium","TheCity","TheBeyond","TheEnding"],"potions_floor_usage":[],"damage_taken":[{"damage":0.0,"enemies":"Jaw Worm","floor":2.0,"turns":3.0},{"damage":0.0,"enemies":"Small Slimes","floor":3.0,"turns":3.0},{"damage":0.0,"enemies":"Lagavulin","floor":6.0,"turns":4.0},{"damage":0.0,"enemies":"downfall:FleeingMerchant","floor":8.0,"turns":4.0},{"damage":0.0,"enemies":"Cultist","floor":9.0,"turns":3.0},{"damage":8.0,"enemies":"Blue Slaver","floor":10.0,"turns":3.0},{"damage":0.0,"enemies":"3 Sentries","floor":11.0,"turns":3.0},{"damage":0.0,"enemies":"2 Fungi Beasts","floor":12.0,"turns":2.0},{"damage":0.0,"enemies":"3 Sentries","floor":13.0,"turns":3.0},{"damage":12.0,"enemies":"Gremlin Gang","floor":15.0,"turns":3.0},{"damage":6.0,"enemies":"SI_SHIV_ARCHETYPE","floor":16.0,"turns":6.0},{"damage":0.0,"enemies":"Shell Parasite","floor":19.0,"turns":3.0},{"damage":5.0,"enemies":"Centurion and Healer","floor":20.0,"turns":3.0},{"damage":4.0,"enemies":"Snake Plant","floor":21.0,"turns":3.0},{"damage":4.0,"enemies":"Chosen and Byrds","floor":23.0,"turns":4.0},{"damage":9.0,"enemies":"downfall:FleeingMerchant","floor":25.0,"turns":4.0},{"damage":2.0,"enemies":"3 Cultists","floor":26.0,"turns":3.0},{"damage":1.0,"enemies":"Book of Stabbing","floor":27.0,"turns":3.0},{"damage":3.0,"enemies":"Slavers","floor":29.0,"turns":3.0},{"damage":2.0,"enemies":"Shelled Parasite and Fungi","floor":30.0,"turns":3.0},{"damage":0.0,"enemies":"Sentry and Sphere","floor":31.0,"turns":3.0},{"damage":7,"enemies":"Snake Plant","floor":32,"turns":3},{"damage":44,"enemies":"WA_ARCHETYPE_CALM","floor":33,"turns":9},{"damage":0,"enemies":"3 Darklings","floor":36,"turns":3},{"damage":6,"enemies":"downfall:FleeingMerchant","floor":37,"turns":3},{"damage":0,"enemies":"3 Shapes","floor":38,"turns":5},{"damage":0,"enemies":"Reptomancer","floor":42,"turns":6},{"damage":0,"enemies":"downfall:LadyInBlue","floor":44,"turns":6},{"damage":0,"enemies":"Nemesis","floor":45,"turns":5},{"damage":0,"enemies":"Jaw Worm Horde","floor":47,"turns":3},{"damage":0,"enemies":"Reptomancer","floor":48,"turns":3},{"damage":0,"enemies":"Writhing Mass","floor":49,"turns":3},{"damage":8,"enemies":"IC_BLOCK_ARCHETYPE","floor":50,"turns":6},{"damage":11,"enemies":"downfall:CharBossMerchant","floor":52,"turns":6},{"damage":0,"enemies":"downfall:NeowBoss","floor":55,"turns":18},{"damage":27,"enemies":"downfall:NeowBossFinal","floor":56,"turns":9}],"seed_played":"-6771861788245492271","potions_obtained":[{"floor":2.0,"key":"SneckoOil"},{"floor":9.0,"key":"BlessingOfTheForge"},{"floor":11.0,"key":"Explosive Potion"},{"floor":12.0,"key":"Ancient Potion"},{"floor":19.0,"key":"Energy Potion"},{"floor":29.0,"key":"FairyPotion"}],"is_trial":false,"path_per_floor":["R","M","M","?","?","E","T","$","M","M","E","M","?","?","M","B",null,"R","M","M","M","?","M","T","$","M","E","R","E","M","M","M","B",null,"R","M","$","M","?","R","T","E","$","?","E","R","M","E","M","B",null,"E","$","R","B","B",null],"character_chosen":"THE_SPIRIT","items_purchased":["hexamod:Incineration","Whetstone","Lee\u0027s Waffle","hexamod:MatchstickCase","hexamod:InflammatoryLetter","hexamod:JarOfFuel","Lizard Tail","Mercury Hourglass","Master of Strategy"],"campfire_rested":0,"item_purchase_floors":[8,25,25,37,37,43,43,43,43],"current_hp_per_floor":[63,63,63,63,63,73,73,73,73,65,65,65,65,65,53,47,72,72,72,67,63,63,59,59,87,85,84,84,81,79,79,72,28,72,72,72,66,66,66,66,66,66,66,66,66,76,76,83,83,75,97,86,86,86,86,59],"gold":76,"neow_bonus":"RANDOM_COMMON_RELIC","is_daily":false,"chose_seed":false,"campfire_upgraded":6,"win_rate":0.0,"timestamp":1612488231,"path_taken":["R","M","M","?","?","E","T","?","?","M","E","M","?","?","M","BOSS","R","M","M","M","?","M","T","$","M","E","R","E","M","?","M","BOSS","R","M","$","M","?","R","T","E","?","?","E","R","M","E","M","BOSS","E","$","R","BOSS","BOSS"],"items_purchased_type":["Card","Relic","Relic","Relic","Relic","Relic","Relic","Relic","Card"],"build_version":"2020-12-22","purchased_purges":3,"victory":true,"max_hp_per_floor":[70,70,70,70,70,80,80,80,80,80,80,80,80,80,80,80,80,80,80,80,80,80,80,80,87,87,87,87,87,87,87,87,87,87,87,87,87,87,87,87,87,87,87,87,87,97,97,104,104,104,104,104,104,104,104,104],"relic_stats":{"Lee\u0027s Waffle":37,"counters":[36,155],"Bag of Preparation":[34],"Whetstone":["hexamod:ThermalTransfer","hexamod:Incineration"],"Ginger":[37],"Letter Opener":[124],"Boot":[37],"WarpedTongs":[103],"Mercury Hourglass":[100],"Dream Catcher":0,"Centennial Puzzle":[12],"Lizard Tail":0,"Shuriken":[9],"Snecko Eye":[219,219,230,205],"obtain_stats":[{"hexamod:JarOfFuel":43,"Calipers":27,"downfall:HeartBlessingGreen":46,"Incense Burner":7,"Bag of Preparation":29,"Whetstone":25,"Ginger":41,"Boot":42,"Dream Catcher":11,"Centennial Puzzle":34,"Lizard Tail":43,"downfall:HeartBlessingBlue":46,"Strawberry":48,"hexamod:SpiritBrand":0,"Lee\u0027s Waffle":25,"Pear":6,"downfall:HeartBlessingRed":46,"Oddly Smooth Stone":52,"Thread and Needle":34,"hexamod:InflammatoryLetter":37,"Guardian:PocketSentry":0,"Omamori":24,"Letter Opener":45,"White Beast Statue":44,"WarpedTongs":22,"hexamod:MatchstickCase":37,"Mercury Hourglass":43,"Calling Bell":34,"Shuriken":34,"Snecko Eye":17,"FossilizedHelix":13},{"hexamod:JarOfFuel":27,"Calipers":18,"downfall:HeartBlessingGreen":29,"Incense Burner":3,"Bag of Preparation":19,"Whetstone":16,"Ginger":26,"Boot":27,"Dream Catcher":7,"Centennial Puzzle":23,"Lizard Tail":27,"downfall:HeartBlessingBlue":29,"Strawberry":31,"hexamod:SpiritBrand":0,"Lee\u0027s Waffle":16,"Pear":3,"downfall:HeartBlessingRed":29,"Oddly Smooth Stone":34,"Thread and Needle":23,"hexamod:InflammatoryLetter":25,"Guardian:PocketSentry":0,"Omamori":15,"Letter Opener":29,"White Beast Statue":28,"WarpedTongs":14,"hexamod:MatchstickCase":25,"Mercury Hourglass":27,"Calling Bell":23,"Shuriken":23,"Snecko Eye":11,"FossilizedHelix":8},{"hexamod:JarOfFuel":96,"Calipers":59,"downfall:HeartBlessingGreen":107,"Incense Burner":9,"Bag of Preparation":62,"Whetstone":53,"Ginger":90,"Boot":96,"Dream Catcher":22,"Centennial Puzzle":80,"Lizard Tail":96,"downfall:HeartBlessingBlue":107,"Strawberry":113,"hexamod:SpiritBrand":0,"Lee\u0027s Waffle":53,"Pear":9,"downfall:HeartBlessingRed":107,"Oddly Smooth Stone":128,"Thread and Needle":80,"hexamod:InflammatoryLetter":86,"Guardian:PocketSentry":0,"Omamori":49,"Letter Opener":107,"White Beast Statue":102,"WarpedTongs":45,"hexamod:MatchstickCase":86,"Mercury Hourglass":96,"Calling Bell":80,"Shuriken":80,"Snecko Eye":36,"FossilizedHelix":24}]},"card_choices":[{"not_picked":["hexamod:FourthSeal","hexamod:Hexaguard"],"picked":"hexamod:NecessarySacrifice","floor":2.0},{"not_picked":["hexamod:ShieldOfDarkness","hexamod:AdvancingGuard"],"picked":"hexamod:BurningTouch","floor":3.0},{"not_picked":["hexamod:EtherealExpedition","hexamod:ApocalypseNow"],"picked":"hexamod:HauntingEcho","floor":6.0},{"not_picked":["hexamod:FastForward","hexamod:AdvancingGuard"],"picked":"hexamod:SoulSteal","floor":8.0},{"not_picked":["hexamod:NightmareGuise","hexamod:Firestarter"],"picked":"hexamod:FlamesFromBeyond","floor":9.0},{"not_picked":["hexamod:ShieldOfDarkness","hexamod:GhostShield"],"picked":"hexamod:AdvancingGuard","floor":10.0},{"not_picked":["hexamod:ShieldOfDarkness","hexamod:PhantomFireball"],"picked":"hexamod:SkipABeat","floor":11.0},{"not_picked":["hexamod:PowerFromBeyond","hexamod:NightmareGuise"],"picked":"hexamod:FastForward","floor":12.0},{"not_picked":["hexamod:SuperheatedStrike","hexamod:HexaLevel"],"picked":"hexamod:SkipABeat","floor":13.0},{"not_picked":["hexamod:SpectralAdrenaline","hexamod:NightmareGuise"],"picked":"hexamod:AdvancingGuard","floor":15.0},{"not_picked":["hexamod:GhostflameInferno","hexamod:VolcanoVisage"],"picked":"hexamod:UnlimitedPower","floor":16.0},{"not_picked":["hexamod:GhostOfSpirePast+1","hexamod:RainOfEmbers"],"picked":"hexamod:NightmareGuise","floor":19.0},{"not_picked":["hexamod:BacktrackSmack+1","hexamod:ThirdSeal"],"picked":"hexamod:ThermalTransfer","floor":20.0},{"not_picked":["hexamod:SuperheatedStrike+1","hexamod:ThermalTransfer","hexamod:Incineration+1"],"picked":"SKIP","floor":21.0},{"not_picked":["hexamod:GhostShield","hexamod:SuperheatedStrike","hexamod:BurningTouch"],"picked":"SKIP","floor":23.0},{"not_picked":["hexamod:HauntingEcho","hexamod:SpectersWail","hexamod:GhostflameInferno"],"picked":"SKIP","floor":25.0},{"not_picked":["hexamod:InspiringFlames+1","hexamod:NightmareStrike","hexamod:ThermalTransfer"],"picked":"SKIP","floor":26.0},{"not_picked":["hexamod:NightmareGuise","hexamod:GhostLash"],"picked":"hexamod:HeatMetal","floor":27.0},{"not_picked":["hexamod:Haunt","hexamod:FastForward+1"],"picked":"hexamod:StepThrough","floor":29.0},{"not_picked":["hexamod:RecurringNightmare","hexamod:HeatShield"],"picked":"hexamod:ExtraCrispy+1","floor":30.0},{"not_picked":["hexamod:RainOfEmbers+1","hexamod:Incineration","hexamod:HeatMetal"],"picked":"SKIP","floor":31.0},{"not_picked":["hexamod:BacktrackSmack","hexamod:BurningTouch","hexamod:HauntingEcho"],"picked":"SKIP","floor":32},{"not_picked":["hexamod:ParanormalForm","hexamod:Toasty"],"picked":"hexamod:WildfireWeapon","floor":33},{"not_picked":["hexamod:SpectersWail","hexamod:PowerFromBeyond","hexamod:ShieldOfDarkness"],"picked":"SKIP","floor":36},{"not_picked":["hexamod:InspiringFlames+1","hexamod:CatchUp+1"],"picked":"hexamod:VolcanoVisage","floor":37},{"not_picked":["hexamod:SuperheatedStrike+1","hexamod:Incineration"],"picked":"hexamod:EmpoweredFlame","floor":38},{"not_picked":["hexamod:FourthSeal","hexamod:SpectralSpark+1"],"picked":"hexamod:GhostflameBarrier+1","floor":42},{"not_picked":["hexamod:InspiringFlames","hexamod:PowerFromBeyond+1","hexamod:FifthSeal"],"picked":"SKIP","floor":45},{"not_picked":["hexamod:Hexaguard","hexamod:InspiringFlames+1","hexamod:HeatCrush"],"picked":"SKIP","floor":47},{"not_picked":["hexamod:Hexaguard","hexamod:NightmareStrike+1","hexamod:HauntingEcho+1"],"picked":"SKIP","floor":48},{"not_picked":["hexamod:SwordOfDarkness","hexamod:SpectersWail+1","hexamod:HauntingEcho+1"],"picked":"SKIP","floor":49},{"not_picked":["hexamod:HeatCrush","hexamod:Again+1","hexamod:AdvancingGuard+1"],"picked":"SKIP","floor":52}],"player_experience":1210551,"relics_obtained":[{"floor":6.0,"key":"Pear"},{"floor":7.0,"key":"Incense Burner"},{"floor":11.0,"key":"Dream Catcher"},{"floor":24.0,"key":"Omamori"},{"floor":27.0,"key":"Calipers"},{"floor":29.0,"key":"Bag of Preparation"},{"floor":34,"key":"Centennial Puzzle"},{"floor":34,"key":"Shuriken"},{"floor":34,"key":"Thread and Needle"},{"floor":41,"key":"Ginger"},{"floor":42,"key":"Boot"},{"floor":44,"key":"White Beast Statue"},{"floor":45,"key":"Letter Opener"},{"floor":48,"key":"Strawberry"},{"floor":52,"key":"Oddly Smooth Stone"}],"event_choices":[{"cards_removed":["hexamod:Strike"],"damage_healed":0.0,"max_hp_gain":0.0,"max_hp_loss":0.0,"gold_gain":0.0,"event_name":"The Cleric","player_choice":"Card Removal","floor":4.0,"gold_loss":0.0,"damage_taken":0.0},{"damage_healed":0.0,"max_hp_gain":0.0,"max_hp_loss":0.0,"gold_gain":0.0,"event_name":"Accursed Blacksmith","player_choice":"Rummage","floor":22.0,"gold_loss":0.0,"damage_taken":0.0,"relics_obtained":["WarpedTongs"],"cards_obtained":["Pain"]}],"is_beta":false,"boss_relics":[{"not_picked":["SacredBark","Coffee Dripper"],"picked":"Snecko Eye"},{"not_picked":["Sozu","Astrolabe"],"picked":"Calling Bell"}],"items_purged_floors":[25,37,43],"is_endless":false,"potions_floor_spawned":[2,9,11,12,15,19,26,29,30,32,33,38,45,47,48,49,52],"ascension_level":7}}