{"host":"7jl4uf745pjtflnx","time":1612521431,"event":{"mods":["BaseMod","BetterRewards","Hubris","Minty Spire (QoL Compilation)","Reliquary","Replay The Spire","StSLib","SuperFastMode","The Construct"],"gold_per_floor":[117,131,149,162,162,162,188,188,212,244,37,68,68,103,115,199,211,237,263,286,315,338,350,390,402,414,376,420,432,432],"floor_reached":29,"language":"ENG","playtime":914,"items_purged":[],"score":604,"play_id":"f28b7752-490f-487e-9ddd-4fbfce7f3b24","local_time":"20210205053711","is_ascension_mode":true,"campfire_choices":[{"data":"Cloak And Dagger","floor":6,"key":"SMITH"},{"data":"Cloak And Dagger","floor":8,"key":"SMITH"},{"floor":15,"key":"REST"},{"floor":23,"key":"REST"},{"floor":25,"key":"REST"}],"circlet_count":0,"master_deck":["AscendersBane","Strike_G","Strike_G","Strike_G","Strike_G","Strike_G","Defend_G","Defend_G","Defend_G","Defend_G","Defend_G+1","Survivor","Neutralize","Deadly Poison","Cloak And Dagger+1","Cloak And Dagger+1","Masterful Stab","Terror","Adrenaline","Sadistic Nature","Replay:Poison Smokescreen","Glass Knife","Catalyst","A Thousand Cuts","Accuracy","Replay:Poison Smokescreen","ReplayTheSpireMod:Speed Training","PiercingWail","Infinite Blades","Deflect"],"relics":["Ring of the Snake","NeowsBlessing","Bronze Scales","Vajra","reliquary:Boomerang","Replay:Mystery Machine","MawBank","Runic Pyramid","Replay:Bottled Steam","Bottled Lightning","reliquary:Aerogel"],"acts_visited":["Exordium","TheCity"],"potions_floor_usage":[7,7,14,24,24],"damage_taken":[{"damage":0,"enemies":"2 Louse","floor":1,"turns":1},{"damage":0,"enemies":"Jaw Worm","floor":2,"turns":1},{"damage":0,"enemies":"Cultist","floor":3,"turns":1},{"damage":12,"enemies":"3 Louse","floor":4,"turns":6},{"damage":5,"enemies":"Replay:BlueRogue","floor":7,"turns":5},{"damage":2,"enemies":"Gremlin Nob","floor":10,"turns":3},{"damage":5,"enemies":"3 Sentries","floor":12,"turns":7},{"damage":0,"enemies":"Replay:BlueRogue","floor":14,"turns":4},{"damage":14,"enemies":"Hexaghost","floor":16,"turns":7},{"damage":0,"enemies":"Chosen","floor":18,"turns":4},{"damage":12,"enemies":"Shell Parasite","floor":19,"turns":4},{"damage":15,"enemies":"Snake Plant","floor":20,"turns":4},{"damage":3,"enemies":"Chosen and Byrds","floor":21,"turns":7},{"damage":3,"enemies":"Cultist and Chosen","floor":22,"turns":7},{"damage":34,"enemies":"Book of Stabbing","floor":24,"turns":5},{"damage":25,"enemies":"Replay:Snechameleon","floor":28,"turns":6},{"damage":7,"enemies":"Snake Plant","floor":29,"turns":3}],"seed_played":"-1982810470525963257","potions_obtained":[{"floor":3,"key":"SteroidPotion"},{"floor":4,"key":"FearPotion"},{"floor":12,"key":"PowerPotion"},{"floor":14,"key":"Reflective Coating"},{"floor":16,"key":"PowerPotion"},{"floor":19,"key":"GamblersBrew"},{"floor":20,"key":"PowerPotion"}],"is_trial":false,"path_per_floor":["M","M","M","M","?","R","E","R","T","E","$","E","?","E","R","B",null,"M","M","M","M","M","R","E","R","T","?","E","M"],"character_chosen":"THE_SILENT","items_purchased":["Sadistic Nature"],"campfire_rested":3,"item_purchase_floors":[11],"current_hp_per_floor":[59,59,59,47,47,47,42,42,42,40,40,35,35,35,54,40,60,60,48,33,30,27,46,12,31,31,31,6,0,0],"gold":432,"neow_bonus":"THREE_ENEMY_KILL","is_daily":false,"chose_seed":false,"campfire_upgraded":2,"win_rate":0.0,"timestamp":1612521431,"path_taken":["M","M","M","M","?","R","E","R","T","E","$","E","?","E","R","BOSS","M","M","M","?","M","R","E","R","T","?","E","?"],"items_purchased_type":["Card"],"build_version":"2020-12-22","purchased_purges":0,"victory":false,"max_hp_per_floor":[66,66,66,66,66,66,66,66,66,66,66,66,66,66,66,66,66,66,66,66,66,66,66,66,66,66,66,66,66,66],"card_choices":[{"not_picked":["hubris:TrickCloak","Deflect"],"picked":"Deadly Poison","floor":1},{"not_picked":["Acrobatics","Masterful Stab"],"picked":"Cloak And Dagger","floor":2},{"not_picked":["Slice","hubris:Counter"],"picked":"Cloak And Dagger","floor":3},{"not_picked":["Quick Slash","Bane"],"picked":"Masterful Stab","floor":4},{"not_picked":["Venomology","Outmaneuver"],"picked":"Terror","floor":7},{"not_picked":["ReplayTheSpireMod:Shiv Toss","hubris:SlightOfHand"],"picked":"Adrenaline","floor":10},{"not_picked":["Cloak And Dagger","Backflip"],"picked":"Replay:Poison Smokescreen","floor":12},{"not_picked":["Acrobatics","Leg Sweep"],"picked":"Catalyst","floor":14},{"not_picked":["Phantasmal Killer","Venomology"],"picked":"A Thousand Cuts","floor":16},{"not_picked":["Slice","Bane"],"picked":"Accuracy","floor":18},{"not_picked":["ReplayTheSpireMod:The Works","Acrobatics"],"picked":"Replay:Poison Smokescreen","floor":19},{"not_picked":["Flying Knee","Sucker Punch"],"picked":"ReplayTheSpireMod:Speed Training","floor":20},{"not_picked":["Sucker Punch","Flechettes"],"picked":"PiercingWail","floor":21},{"not_picked":["Underhanded Strike","Predator"],"picked":"Infinite Blades","floor":22},{"not_picked":["Outmaneuver","Masterful Stab","Blur"],"picked":"SKIP","floor":24},{"not_picked":["Hidden Blade","Bane"],"picked":"Deflect","floor":28}],"player_experience":767658,"relics_obtained":[{"floor":7,"key":"Bronze Scales"},{"floor":9,"key":"Vajra"},{"floor":10,"key":"reliquary:Boomerang"},{"floor":12,"key":"Replay:Mystery Machine"},{"floor":14,"key":"MawBank"},{"floor":24,"key":"Replay:Bottled Steam"},{"floor":26,"key":"Bottled Lightning"},{"floor":28,"key":"reliquary:Aerogel"}],"event_choices":[{"damage_healed":0,"gold_gain":0,"player_choice":"1 cards matched","damage_taken":0,"max_hp_gain":0,"max_hp_loss":0,"event_name":"Match and Keep!","floor":13,"gold_loss":0,"cards_obtained":["Glass Knife"]},{"damage_healed":0,"gold_gain":0,"player_choice":"Bet on Owner","damage_taken":0,"max_hp_gain":0,"max_hp_loss":0,"event_name":"The Joust","floor":27,"gold_loss":50}],"is_beta":false,"boss_relics":[{"not_picked":["SacredBark","hubris:HollowSoul"],"picked":"Runic Pyramid"}],"items_purged_floors":[],"is_endless":false,"potions_floor_spawned":[3,4,12,14,16,19,20,21],"killed_by":"Snake Plant","ascension_level":18}}