{"host":"x8s7139x96bc3le0","time":1612563851,"event":{"mods":["AchievementEnabler","BaseMod","Bestiary","Minty Spire (QoL Compilation)","Relic Stats","ojb\u0027s Better Paths Mod","ojb\u0027s Info Mod"],"gold_per_floor":[13,26,26,45,69,69,103,115,127,180,42,85,104,122,122,251,251,275,200,200,200,170,170,170,170,170,208,249,249,287,301,301,427,427,440,453,472,487,56,56,90,90,90,312,380,398,439,57,57,57],"floor_reached":51,"language":"ENG","playtime":4005,"items_purged":["Strike_G","Strike_G","Strike_G"],"score":998,"play_id":"0bea9490-73e4-47cf-9f43-8c538f3b21f9","local_time":"20210205232411","is_ascension_mode":true,"campfire_choices":[{"data":"Neutralize","floor":6.0,"key":"SMITH"},{"data":"Flechettes","floor":8.0,"key":"SMITH"},{"floor":15.0,"key":"REST"},{"floor":23.0,"key":"REST"},{"data":"Backflip","floor":25.0,"key":"SMITH"},{"data":"Venomology","floor":29.0,"key":"SMITH"},{"floor":32.0,"key":"REST"},{"data":"Venomology","floor":40.0,"key":"SMITH"},{"floor":42,"key":"REST"},{"floor":49,"key":"REST"}],"circlet_count":0,"master_deck":["Strike_G","Defend_G","Defend_G","Defend_G","Defend_G","Defend_G","Survivor","Neutralize+1","Bane","Dagger Throw","Underhanded Strike","Flechettes+1","Cloak And Dagger","Backflip+1","Reflex","Backstab","Venomology+1","Dodge and Roll+1","Necronomicurse","Poisoned Stab","Writhe","Writhe","Leg Sweep","Terror","Acrobatics","Venomology+1","Acrobatics","Predator","Dash+1","Corpse Explosion","Regret","Leg Sweep","Escape Plan+1","After Image+1"],"relics":["Ring of the Snake","WingedGreaves","Golden Idol","MawBank","Darkstone Periapt","Mango","StoneCalendar","Cursed Key","Necronomicon","Blood Vial","Bottled Lightning","Pear","Red Mask","Du-Vu Doll","SacredBark","Blue Candle","Boot","Frozen Egg 2","Tingsha","Smiling Mask","Oddly Smooth Stone"],"acts_visited":["Exordium","TheCity","TheBeyond"],"potions_floor_usage":[41,41,41,45,46,46,47,47,47,50,50,50,50,50],"damage_taken":[{"damage":1.0,"enemies":"Small Slimes","floor":1.0,"turns":3.0},{"damage":0.0,"enemies":"Jaw Worm","floor":2.0,"turns":4.0},{"damage":0.0,"enemies":"2 Louse","floor":4.0,"turns":3.0},{"damage":4.0,"enemies":"Large Slime","floor":5.0,"turns":5.0},{"damage":0.0,"enemies":"Gremlin Nob","floor":7.0,"turns":2.0},{"damage":29.0,"enemies":"3 Sentries","floor":10.0,"turns":9.0},{"damage":20.0,"enemies":"Gremlin Nob","floor":12.0,"turns":4.0},{"damage":0.0,"enemies":"Looter","floor":13.0,"turns":4.0},{"damage":2.0,"enemies":"Blue Slaver","floor":14.0,"turns":3.0},{"damage":14.0,"enemies":"Hexaghost","floor":16.0,"turns":8.0},{"damage":11.0,"enemies":"Chosen","floor":18.0,"turns":5.0},{"damage":29.0,"enemies":"2 Thieves","floor":22.0,"turns":5.0},{"damage":36.0,"enemies":"Book of Stabbing","floor":27.0,"turns":7.0},{"damage":0.0,"enemies":"Masked Bandits","floor":28.0,"turns":3.0},{"damage":41.0,"enemies":"Slavers","floor":30.0,"turns":7.0},{"damage":6.0,"enemies":"Snake Plant","floor":31.0,"turns":4.0},{"damage":47.0,"enemies":"Champ","floor":33.0,"turns":11.0},{"damage":4.0,"enemies":"3 Darklings","floor":35.0,"turns":4.0},{"damage":0.0,"enemies":"3 Shapes","floor":36.0,"turns":3.0},{"damage":0.0,"enemies":"Sphere and 2 Shapes","floor":37.0,"turns":3.0},{"damage":26.0,"enemies":"Jaw Worm Horde","floor":38.0,"turns":7.0},{"damage":75,"enemies":"Reptomancer","floor":41,"turns":4},{"damage":0,"enemies":"2 Orb Walkers","floor":45,"turns":2},{"damage":3,"enemies":"Writhing Mass","floor":46,"turns":4},{"damage":13,"enemies":"Nemesis","floor":47,"turns":3},{"damage":32,"enemies":"Time Eater","floor":50,"turns":12}],"seed_played":"-531425135456353528","potions_obtained":[{"floor":1.0,"key":"SteroidPotion"},{"floor":5.0,"key":"DuplicationPotion"},{"floor":12.0,"key":"ColorlessPotion"},{"floor":14.0,"key":"FearPotion"},{"floor":22.0,"key":"Weak Potion"},{"floor":27.0,"key":"FairyPotion"},{"floor":30.0,"key":"Energy Potion"},{"floor":31.0,"key":"SpeedPotion"},{"floor":33.0,"key":"SteroidPotion"},{"floor":36.0,"key":"Dexterity Potion"},{"floor":45,"key":"SpeedPotion"},{"floor":46,"key":"Poison Potion"}],"is_trial":false,"path_per_floor":["M","M","?","M","M","R","E","R","T","E","$","E","M","M","R","B",null,"M","?","?","$","M","R","?","R","T","E","?","R","E","M","R","B",null,"M","M","M","M","$","R","E","R","T","?","?","M","E","$","R","B",null],"character_chosen":"THE_SILENT","items_purchased":["Reflex","Blue Candle","Corpse Explosion","After Image+1","SteroidPotion","Dexterity Potion","Oddly Smooth Stone"],"campfire_rested":5,"item_purchase_floors":[11,39,39,48,48,48,48],"current_hp_per_floor":[69,69,65,65,61,61,61,61,61,46,46,26,26,24,47,33,68,57,57,47,47,18,43,49,49,55,31,33,33,26,22,54,9,83,81,83,85,101,101,101,28,60,66,66,68,67,56,56,89,59],"gold":57,"neow_bonus":"ONE_RARE_RELIC","is_daily":false,"chose_seed":false,"campfire_upgraded":5,"win_rate":0.0,"timestamp":1612563851,"path_taken":["M","M","?","M","M","R","E","R","T","E","$","E","M","M","R","BOSS","M","?","?","$","M","R","?","R","T","E","?","R","E","M","R","BOSS","M","M","M","M","$","R","E","R","T","?","?","M","E","$","R","BOSS"],"items_purchased_type":["Card","Relic","Card","Card","Potion","Potion","Relic"],"build_version":"2020-12-22","purchased_purges":3,"victory":true,"max_hp_per_floor":[70,70,65,65,65,65,65,65,65,79,79,79,79,79,79,79,79,79,79,85,85,85,85,91,91,97,107,107,107,107,107,107,107,107,107,107,107,107,107,107,107,107,113,113,113,113,113,113,113,113],"relic_stats":{"Darkstone Periapt":24,"counters":[26,129],"Golden Idol":198,"Blue Candle":[4],"StoneCalendar":[201],"Tingsha":[28],"MawBank":48,"Cursed Key":2,"Boot":[8],"Smiling Mask":75,"Blood Vial":28,"Necronomicon":[27],"obtain_stats":[{"Darkstone Periapt":9,"Pear":27,"Golden Idol":3,"SacredBark":34,"Blue Candle":39,"Oddly Smooth Stone":48,"Mango":10,"StoneCalendar":12,"Tingsha":45,"Frozen Egg 2":43,"MawBank":7,"Cursed Key":17,"Boot":41,"Smiling Mask":47,"Blood Vial":24,"Du-Vu Doll":30,"WingedGreaves":0,"Necronomicon":20,"Red Mask":28,"Bottled Lightning":26,"Ring of the Snake":0},{"Darkstone Periapt":5,"Pear":13,"Golden Idol":2,"SacredBark":17,"Blue Candle":21,"Oddly Smooth Stone":25,"Mango":6,"StoneCalendar":7,"Tingsha":23,"Frozen Egg 2":22,"MawBank":5,"Cursed Key":10,"Boot":22,"Smiling Mask":25,"Blood Vial":12,"Du-Vu Doll":15,"WingedGreaves":0,"Necronomicon":11,"Red Mask":14,"Bottled Lightning":12,"Ring of the Snake":0},{"Darkstone Periapt":17,"Pear":62,"Golden Idol":7,"SacredBark":87,"Blue Candle":104,"Oddly Smooth Stone":117,"Mango":26,"StoneCalendar":30,"Tingsha":110,"Frozen Egg 2":108,"MawBank":17,"Cursed Key":45,"Boot":108,"Smiling Mask":117,"Blood Vial":55,"Du-Vu Doll":72,"WingedGreaves":0,"Necronomicon":50,"Red Mask":65,"Bottled Lightning":55,"Ring of the Snake":0}],"Ring of the Snake":[52]},"card_choices":[{"not_picked":["Tactician","Dodge and Roll"],"picked":"Bane","floor":1.0},{"not_picked":["Prepared","Flying Knee"],"picked":"Dagger Throw","floor":2.0},{"not_picked":["Escape Plan","Dagger Spray"],"picked":"Underhanded Strike","floor":4.0},{"not_picked":["Prepared","Dodge and Roll"],"picked":"Flechettes","floor":5.0},{"not_picked":["Night Terror","Tools of the Trade"],"picked":"Cloak And Dagger","floor":7.0},{"not_picked":["Bane","Accuracy"],"picked":"Backflip","floor":10.0},{"not_picked":["Night Terror","Finisher","Envenom"],"picked":"SKIP","floor":12.0},{"not_picked":["Heel Hook","Riddle With Holes","Prepared"],"picked":"SKIP","floor":13.0},{"not_picked":["Distraction","Blur"],"picked":"Backstab","floor":14.0},{"not_picked":["Tools of the Trade","Glass Knife"],"picked":"Venomology","floor":16.0},{"not_picked":["PiercingWail+1","Endless Agony"],"picked":"Dodge and Roll+1","floor":18.0},{"not_picked":["Flying Knee","Deflect"],"picked":"Poisoned Stab","floor":22.0},{"not_picked":["Dagger Spray","Accuracy"],"picked":"Leg Sweep","floor":27.0},{"not_picked":["Dagger Spray","Crippling Poison"],"picked":"Terror","floor":28.0},{"not_picked":["Catalyst","Caltrops+1","Sucker Punch+1"],"picked":"SKIP","floor":30.0},{"not_picked":["Sucker Punch","Deadly Poison"],"picked":"Acrobatics","floor":31.0},{"not_picked":["Phantasmal Killer","Unload"],"picked":"Venomology","floor":33.0},{"not_picked":["Finisher+1","Sucker Punch+1"],"picked":"Acrobatics","floor":35.0},{"not_picked":["Outmaneuver+1","Distraction"],"picked":"Predator","floor":36.0},{"not_picked":["Footwork","Outmaneuver","Accuracy"],"picked":"SKIP","floor":37.0},{"not_picked":["Cloak And Dagger+1","Dagger Throw+1"],"picked":"Dash+1","floor":38.0},{"not_picked":["Finisher","Flying Knee","Terror+1"],"picked":"SKIP","floor":41},{"not_picked":["Tactician+1","PiercingWail"],"picked":"Leg Sweep","floor":45},{"not_picked":["Cloak And Dagger+1","Flying Knee+1"],"picked":"Escape Plan+1","floor":46},{"not_picked":["Burst","Outmaneuver","Dash"],"picked":"SKIP","floor":47}],"player_experience":830123,"relics_obtained":[{"floor":7.0,"key":"MawBank"},{"floor":9.0,"key":"Darkstone Periapt"},{"floor":10.0,"key":"Mango"},{"floor":12.0,"key":"StoneCalendar"},{"floor":20.0,"key":"Necronomicon"},{"floor":26.0,"key":"Bottled Lightning"},{"floor":27.0,"key":"Pear"},{"floor":28.0,"key":"Red Mask"},{"floor":30.0,"key":"Du-Vu Doll"},{"floor":41,"key":"Boot"},{"floor":43,"key":"Frozen Egg 2"},{"floor":45,"key":"Tingsha"},{"floor":47,"key":"Smiling Mask"}],"event_choices":[{"damage_healed":0.0,"max_hp_gain":0.0,"max_hp_loss":5.0,"gold_gain":0.0,"event_name":"Golden Idol","player_choice":"Lose Max HP","floor":3.0,"gold_loss":0.0,"damage_taken":0.0,"relics_obtained":["Golden Idol"]},{"cards_removed":["Strike_G"],"damage_healed":0.0,"max_hp_gain":0.0,"max_hp_loss":0.0,"gold_gain":0.0,"event_name":"Beggar","player_choice":"Gave Gold","floor":19.0,"gold_loss":75.0,"damage_taken":0.0},{"damage_healed":0.0,"max_hp_gain":0.0,"max_hp_loss":0.0,"gold_gain":0.0,"event_name":"Cursed Tome","player_choice":"Obtained Book","floor":20.0,"gold_loss":0.0,"damage_taken":16.0},{"damage_healed":0.0,"max_hp_gain":0.0,"max_hp_loss":0.0,"gold_gain":0.0,"event_name":"The Mausoleum","player_choice":"Opened","floor":24.0,"gold_loss":0.0,"damage_taken":0.0,"relics_obtained":["Blood Vial"],"cards_obtained":["Writhe"]},{"damage_healed":0.0,"max_hp_gain":0.0,"max_hp_loss":0.0,"gold_gain":0.0,"event_name":"Masked Bandits","player_choice":"Fought Bandits","floor":28.0,"gold_loss":0.0,"damage_taken":0.0},{"damage_healed":0,"gold_gain":222,"player_choice":"Wore Mask","damage_taken":0,"max_hp_gain":0,"max_hp_loss":0,"event_name":"Tomb of Lord Red Mask","floor":44,"gold_loss":0},{"damage_healed":0,"gold_gain":0,"player_choice":"Fight","damage_taken":0,"max_hp_gain":0,"max_hp_loss":0,"event_name":"Mysterious Sphere","floor":45,"gold_loss":0}],"is_beta":false,"boss_relics":[{"not_picked":["SlaversCollar","Black Star"],"picked":"Cursed Key"},{"not_picked":["Runic Pyramid","Sozu"],"picked":"SacredBark"}],"items_purged_floors":[11,39,48],"is_endless":false,"potions_floor_spawned":[1,5,12,14,22,27,30,31,33,35,36,45,46],"ascension_level":5}}