{"host":"qdfumeom6htv8yxl","time":1612540596,"event":{"mods":["AchievementEnabler","BaseMod","Bestiary","Block Reminder","Colored Powertips","Highlight Path","Minty Spire (QoL Compilation)","Quick Restart","Relic Stats"],"gold_per_floor":[37,73,111,111,144,144,500,500,500,500,178,222,257,257,257,334,334,348,363,15,15,15,15,15],"floor_reached":23,"language":"ENG","playtime":1451,"items_purged":["Strike_B","Strike_B"],"score":398,"play_id":"2fee1941-0feb-48de-82fd-ef6e1949f615","local_time":"20210205095636","is_ascension_mode":true,"campfire_choices":[{"data":"HandOfGreed","floor":6.0,"key":"SMITH"},{"data":"Beam Cell","floor":8.0,"key":"SMITH"},{"floor":15.0,"key":"REST"}],"circlet_count":0,"master_deck":["AscendersBane","Strike_B+1","Strike_B+1","Defend_B+1","Defend_B+1","Defend_B+1","Defend_B+1","Zap","Dualcast","HandOfGreed+1","Beam Cell+1","Rebound","Electrodynamics","Ball Lightning","Defragment+1","Cold Snap","Seek","Fusion","Conserve Battery","Loop"],"relics":["Cracked Core","Old Coin","WingedGreaves","Unceasing Top","OrangePellets","Tiny Chest","Inserter","Blood Vial"],"acts_visited":["Exordium","TheCity"],"potions_floor_usage":[],"damage_taken":[{"damage":1.0,"enemies":"Cultist","floor":1.0,"turns":4.0},{"damage":0.0,"enemies":"2 Louse","floor":2.0,"turns":2.0},{"damage":5.0,"enemies":"Small Slimes","floor":3.0,"turns":4.0},{"damage":1.0,"enemies":"2 Fungi Beasts","floor":5.0,"turns":3.0},{"damage":15.0,"enemies":"3 Sentries","floor":7.0,"turns":4.0},{"damage":6.0,"enemies":"Blue Slaver","floor":12.0,"turns":3.0},{"damage":25.0,"enemies":"Gremlin Nob","floor":13.0,"turns":4.0},{"damage":2.0,"enemies":"Slime Boss","floor":16.0,"turns":4.0},{"damage":2.0,"enemies":"Spheric Guardian","floor":18.0,"turns":3.0},{"damage":12,"enemies":"Chosen","floor":19,"turns":3},{"damage":49,"enemies":"Book of Stabbing","floor":23,"turns":5}],"seed_played":"7444050855523714924","potions_obtained":[{"floor":1.0,"key":"Block Potion"},{"floor":2.0,"key":"EntropicBrew"},{"floor":7.0,"key":"GamblersBrew"},{"floor":13.0,"key":"PowerPotion"}],"is_trial":false,"path_per_floor":["M","M","M","?","M","R","E","R","T","?","$","M","E","?","R","B",null,"M","M","$","?","?","E"],"character_chosen":"DEFECT","items_purchased":["OrangePellets","Defragment","Loop","Blood Vial"],"campfire_rested":1,"item_purchase_floors":[11,11,20,20],"current_hp_per_floor":[63,63,58,63,62,62,47,47,47,47,47,41,16,16,38,36,66,64,52,52,52,52,5,5],"gold":15,"neow_bonus":"RANDOM_COLORLESS_2","is_daily":false,"chose_seed":false,"campfire_upgraded":2,"win_rate":0.0,"timestamp":1612540596,"path_taken":["M","M","?","?","M","R","E","R","T","?","$","M","E","?","R","BOSS","M","M","$","?","?","E"],"items_purchased_type":["Relic","Card","Card","Relic"],"build_version":"2020-12-22","purchased_purges":2,"victory":false,"max_hp_per_floor":[71,71,71,76,76,76,76,76,76,76,76,76,76,76,76,76,76,76,76,76,76,76,76,76],"relic_stats":{"Blood Vial":2,"OrangePellets":[1],"Inserter":[5],"counters":[11,39],"Tiny Chest":0,"obtain_stats":[{"Blood Vial":20,"OrangePellets":11,"Inserter":17,"Tiny Chest":13,"WingedGreaves":9,"Cracked Core":0,"Unceasing Top":10,"Old Coin":7},{"Blood Vial":10,"OrangePellets":5,"Inserter":8,"Tiny Chest":7,"WingedGreaves":5,"Cracked Core":0,"Unceasing Top":5,"Old Coin":5},{"Blood Vial":34,"OrangePellets":17,"Inserter":28,"Tiny Chest":24,"WingedGreaves":17,"Cracked Core":0,"Unceasing Top":17,"Old Coin":17}],"Unceasing Top":[0]},"card_choices":[{"not_picked":["Violence","Secret Weapon"],"picked":"HandOfGreed","floor":0.0},{"not_picked":["FTL","Stack"],"picked":"Beam Cell","floor":1.0},{"not_picked":["Capacitor","Ball Lightning"],"picked":"Rebound","floor":2.0},{"not_picked":["Force Field","Compile Driver","Stack"],"picked":"SKIP","floor":3.0},{"not_picked":["Blizzard","Recycle"],"picked":"Electrodynamics","floor":5.0},{"not_picked":["Skim","Recycle"],"picked":"Ball Lightning","floor":7.0},{"not_picked":["Barrage","Beam Cell"],"picked":"Cold Snap","floor":12.0},{"not_picked":["Reprogram","Steam Power","Compile Driver"],"picked":"SKIP","floor":13.0},{"not_picked":["Electrodynamics","Hyperbeam"],"picked":"Seek","floor":16.0},{"not_picked":["Turbo","Steam"],"picked":"Fusion","floor":18},{"not_picked":["Turbo","Leap"],"picked":"Conserve Battery","floor":19}],"player_experience":2044314,"relics_obtained":[{"floor":7.0,"key":"Old Coin"},{"floor":9.0,"key":"WingedGreaves"},{"floor":13.0,"key":"Tiny Chest"}],"event_choices":[{"damage_healed":0.0,"max_hp_gain":5.0,"max_hp_loss":0.0,"gold_gain":0.0,"event_name":"Big Fish","player_choice":"Donut","floor":4.0,"gold_loss":0.0,"damage_taken":0.0},{"damage_healed":0.0,"max_hp_gain":0.0,"max_hp_loss":0.0,"gold_gain":0.0,"event_name":"Dead Adventurer","player_choice":"Searched \u00271\u0027 times","floor":10.0,"gold_loss":0.0,"damage_taken":0.0,"relics_obtained":["Unceasing Top"]},{"damage_healed":0.0,"max_hp_gain":0.0,"max_hp_loss":0.0,"gold_gain":0.0,"event_name":"Living Wall","player_choice":"Grow","floor":14.0,"gold_loss":0.0,"damage_taken":0.0,"cards_upgraded":["Defragment"]},{"damage_healed":0,"gold_gain":0,"player_choice":"Ignored","damage_taken":0,"max_hp_gain":0,"max_hp_loss":0,"event_name":"Vampires","floor":21,"gold_loss":0},{"damage_healed":0,"gold_gain":0,"player_choice":"Simplicity","damage_taken":0,"max_hp_gain":0,"max_hp_loss":0,"event_name":"Back to Basics","floor":22,"gold_loss":0,"cards_upgraded":["Strike_B","Strike_B","Defend_B","Defend_B","Defend_B","Defend_B"]}],"is_beta":false,"boss_relics":[{"not_picked":["Philosopher\u0027s Stone","Empty Cage"],"picked":"Inserter"}],"items_purged_floors":[11,20],"is_endless":false,"potions_floor_spawned":[1,2,7,13],"killed_by":"Book of Stabbing","ascension_level":20}}