{"host":"p0hktren06injwdf","time":1612543318,"event":{"mods":["AchievementEnabler","BaseMod","Colored Map","DeckTracker","Minty Spire (QoL Compilation)","Permanent Neow","StSLib","SuperFastMode"],"gold_per_floor":[113,129,144,144,144,182,182,225,277,277,295,310,235,261,261,354,354,370,370,390,315,334,334,373,373,428,446,446,466,486,0,0,93,93,109,474,487,507,302,335,335,354,377,392,392,413,393,409,409,409,409,409],"floor_reached":51,"language":"KOR","playtime":1229,"items_purged":["Strike_P","Strike_P","Defend_P"],"score":1647,"play_id":"2b61e8f7-de37-4c71-a4ac-02ae499f6ae8","local_time":"20210206014158","is_ascension_mode":true,"campfire_choices":[{"data":"Eruption","floor":7.0,"key":"SMITH"},{"data":"Scrawl","floor":10.0,"key":"SMITH"},{"floor":15.0,"key":"REST"},{"data":"TalkToTheHand","floor":23.0,"key":"SMITH"},{"data":"Fasting2","floor":28.0,"key":"SMITH"},{"floor":32.0,"key":"REST"},{"floor":45.0,"key":"REST"},{"floor":49.0,"key":"RECALL"}],"circlet_count":0,"master_deck":["AscendersBane","Strike_P","Strike_P","Defend_P","Defend_P","Eruption+1","Vigilance","TalkToTheHand+1","CutThroughFate","BowlingBash","Consecrate","Scrawl+1","FlurryOfBlows","Fasting2+1","Vault+1","Tantrum","EmptyBody","Halt","DeusExMachina","Study","Purity","InnerPeace+1"],"relics":["PureWater","Golden Idol","Pantograph","Omamori","Happy Flower","Odd Mushroom","VioletLotus","Blue Candle","Dream Catcher","Pen Nib","PreservedInsect","Akabeko","Cursed Key","Old Coin","StrikeDummy"],"acts_visited":["Exordium","TheCity","TheBeyond"],"potions_floor_usage":[],"damage_taken":[{"damage":0.0,"enemies":"Small Slimes","floor":1.0,"turns":2.0},{"damage":10.0,"enemies":"2 Louse","floor":2.0,"turns":3.0},{"damage":2.0,"enemies":"Jaw Worm","floor":3.0,"turns":3.0},{"damage":5.0,"enemies":"Lagavulin","floor":6.0,"turns":5.0},{"damage":10.0,"enemies":"Gremlin Nob","floor":8.0,"turns":3.0},{"damage":19.0,"enemies":"Exordium Thugs","floor":11.0,"turns":4.0},{"damage":9.0,"enemies":"Exordium Wildlife","floor":12.0,"turns":3.0},{"damage":0.0,"enemies":"The Mushroom Lair","floor":14.0,"turns":3.0},{"damage":0.0,"enemies":"Slime Boss","floor":16.0,"turns":5.0},{"damage":26.0,"enemies":"Shell Parasite","floor":18.0,"turns":8.0},{"damage":0.0,"enemies":"Chosen","floor":20.0,"turns":3.0},{"damage":0.0,"enemies":"3 Cultists","floor":22.0,"turns":3.0},{"damage":0.0,"enemies":"Gremlin Leader","floor":24.0,"turns":4.0},{"damage":0.0,"enemies":"Centurion and Healer","floor":27.0,"turns":3.0},{"damage":0.0,"enemies":"Sentry and Sphere","floor":29.0,"turns":3.0},{"damage":8.0,"enemies":"Shelled Parasite and Fungi","floor":30.0,"turns":5.0},{"damage":0.0,"enemies":"Automaton","floor":33.0,"turns":6.0},{"damage":0.0,"enemies":"3 Darklings","floor":35.0,"turns":3.0},{"damage":0.0,"enemies":"2 Orb Walkers","floor":36.0,"turns":2.0},{"damage":2.0,"enemies":"Orb Walker","floor":37.0,"turns":3.0},{"damage":7.0,"enemies":"4 Shapes","floor":38.0,"turns":3.0},{"damage":35.0,"enemies":"Reptomancer","floor":40.0,"turns":4.0},{"damage":0.0,"enemies":"Transient","floor":42.0,"turns":7.0},{"damage":0.0,"enemies":"Spire Growth","floor":44.0,"turns":3.0},{"damage":8.0,"enemies":"Writhing Mass","floor":46.0,"turns":5.0},{"damage":0.0,"enemies":"Maw","floor":48.0,"turns":4.0},{"damage":47.0,"enemies":"Donu and Deca","floor":50.0,"turns":7.0},{"damage":31,"enemies":"Time Eater","floor":51,"turns":2}],"seed_played":"-9004033582136999775","potions_obtained":[{"floor":1.0,"key":"SteroidPotion"},{"floor":8.0,"key":"Dexterity Potion"},{"floor":12.0,"key":"SpeedPotion"},{"floor":16.0,"key":"ColorlessPotion"},{"floor":20.0,"key":"CultistPotion"},{"floor":36.0,"key":"Ancient Potion"},{"floor":40.0,"key":"SmokeBomb"}],"is_trial":false,"path_per_floor":["M","M","M","?","?","E","R","E","T","R","M","M","?","?","R","B",null,"M","?","M","$","M","R","E","?","T","M","R","M","M","$","R","B",null,"M","?","M","M","$","E","?","M","T","M","R","M","?","M","R","B","B"],"character_chosen":"WATCHER","items_purchased":["PreservedInsect","SteroidPotion","Akabeko","Study"],"campfire_rested":3,"item_purchase_floors":[31,31,31,39],"current_hp_per_floor":[61,51,49,49,49,44,44,34,34,34,15,6,6,6,24,49,59,33,33,33,33,33,33,33,33,33,33,33,33,25,25,43,62,62,62,62,60,53,53,18,18,18,18,18,36,28,28,28,28,6,0,0],"gold":409,"neow_bonus":"THREE_CARDS","is_daily":false,"chose_seed":false,"campfire_upgraded":4,"win_rate":0.0,"timestamp":1612543318,"path_taken":["M","M","M","?","?","E","R","E","T","R","M","M","?","?","R","BOSS","M","?","M","?","?","R","E","?","T","?","R","M","M","$","R","BOSS","M","?","M","M","$","E","?","M","T","M","R","M","?","M","R","BOSS","BOSS"],"items_purchased_type":["Relic","Potion","Relic","Card"],"build_version":"2020-12-22","purchased_purges":3,"victory":false,"max_hp_per_floor":[68,68,68,68,62,62,62,62,62,62,62,62,62,62,62,62,62,62,62,62,62,62,62,62,62,62,62,62,62,62,62,62,62,62,62,62,62,62,62,62,62,62,62,62,62,62,62,62,62,62,62,62],"card_choices":[{"not_picked":["Sanctity","BowlingBash"],"picked":"TalkToTheHand","floor":0.0},{"not_picked":["DeceiveReality","Prostrate","Evaluate"],"picked":"SKIP","floor":1.0},{"not_picked":["DeceiveReality","ClearTheMind"],"picked":"CutThroughFate","floor":2.0},{"not_picked":["EmptyFist","Halt"],"picked":"BowlingBash","floor":3.0},{"not_picked":["WreathOfFlame","FlyingSleeves"],"picked":"Consecrate","floor":6.0},{"not_picked":["CrushJoints","Wireheading"],"picked":"Scrawl","floor":8.0},{"not_picked":["TalkToTheHand","CarveReality"],"picked":"FlurryOfBlows","floor":11.0},{"not_picked":["ClearTheMind","SashWhip","WindmillStrike"],"picked":"SKIP","floor":12.0},{"not_picked":["SashWhip","BattleHymn"],"picked":"Fasting2","floor":14.0},{"not_picked":["Brilliance","Devotion"],"picked":"Vault","floor":16.0},{"not_picked":["EmptyMind","LikeWater","ThirdEye"],"picked":"SKIP","floor":18.0},{"not_picked":["Perseverance","ClearTheMind+1"],"picked":"Tantrum","floor":20.0},{"not_picked":["PathToVictory+1","WindmillStrike"],"picked":"EmptyBody","floor":22.0},{"not_picked":["SashWhip","BowlingBash+1","Evaluate"],"picked":"SKIP","floor":24.0},{"not_picked":["Crescendo","BowlingBash","FollowUp"],"picked":"SKIP","floor":27.0},{"not_picked":["BowlingBash","Alpha"],"picked":"Halt","floor":29.0},{"not_picked":["Evaluate","Prostrate","BowlingBash"],"picked":"SKIP","floor":30.0},{"not_picked":["MasterReality","Vault"],"picked":"DeusExMachina","floor":33.0},{"not_picked":["FlurryOfBlows","SandsOfTime","Evaluate+1"],"picked":"SKIP","floor":35.0},{"not_picked":["ClearTheMind","BattleHymn+1","Perseverance+1"],"picked":"SKIP","floor":37.0},{"not_picked":["Consecrate","ThirdEye","ForeignInfluence"],"picked":"SKIP","floor":38.0},{"not_picked":["FollowUp","Indignation","ClearTheMind"],"picked":"SKIP","floor":40.0},{"not_picked":["Swift Strike","Blind"],"picked":"Purity","floor":41.0},{"not_picked":["Perseverance","Prostrate","WheelKick"],"picked":"SKIP","floor":42.0},{"not_picked":["Evaluate","FlurryOfBlows+1","CrushJoints"],"picked":"SKIP","floor":44.0},{"not_picked":["Evaluate+1","ThirdEye+1","Conclude"],"picked":"SKIP","floor":46.0},{"not_picked":["Evaluate","PathToVictory"],"picked":"InnerPeace+1","floor":48.0}],"player_experience":1012679,"relics_obtained":[{"floor":6.0,"key":"Pantograph"},{"floor":8.0,"key":"Omamori"},{"floor":9.0,"key":"Happy Flower"},{"floor":14.0,"key":"Odd Mushroom"},{"floor":24.0,"key":"Blue Candle"},{"floor":26.0,"key":"Pen Nib"},{"floor":36.0,"key":"Old Coin"},{"floor":40.0,"key":"StrikeDummy"}],"event_choices":[{"damage_healed":0.0,"max_hp_gain":0.0,"max_hp_loss":0.0,"gold_gain":0.0,"event_name":"Scrap Ooze","player_choice":"Fled","floor":4.0,"gold_loss":0.0,"damage_taken":0.0},{"damage_healed":0.0,"max_hp_gain":0.0,"max_hp_loss":6.0,"gold_gain":0.0,"event_name":"Golden Idol","player_choice":"Lose Max HP","floor":5.0,"gold_loss":0.0,"damage_taken":0.0,"relics_obtained":["Golden Idol"]},{"cards_removed":["Defend_P"],"damage_healed":0.0,"max_hp_gain":0.0,"max_hp_loss":0.0,"gold_gain":0.0,"event_name":"The Cleric","player_choice":"Card Removal","floor":13.0,"gold_loss":75.0,"damage_taken":0.0},{"damage_healed":0.0,"max_hp_gain":0.0,"max_hp_loss":0.0,"gold_gain":0.0,"event_name":"Mushrooms","player_choice":"Fought Mushrooms","floor":14.0,"gold_loss":0.0,"damage_taken":0.0},{"damage_healed":0.0,"max_hp_gain":0.0,"max_hp_loss":0.0,"gold_gain":0.0,"event_name":"Accursed Blacksmith","player_choice":"Forge","floor":19.0,"gold_loss":0.0,"damage_taken":0.0,"cards_upgraded":["Vault"]},{"damage_healed":0.0,"max_hp_gain":0.0,"max_hp_loss":0.0,"gold_gain":0.0,"event_name":"WeMeetAgain","player_choice":"Gave Potion","floor":25.0,"gold_loss":0.0,"damage_taken":0.0,"relics_obtained":["Dream Catcher"]},{"damage_healed":0.0,"max_hp_gain":0.0,"max_hp_loss":0.0,"gold_gain":0.0,"event_name":"Mysterious Sphere","player_choice":"Fight","floor":36.0,"gold_loss":0.0,"damage_taken":0.0},{"damage_healed":0.0,"max_hp_gain":0.0,"max_hp_loss":0.0,"gold_gain":0.0,"event_name":"SensoryStone","player_choice":"Memory 1","floor":41.0,"gold_loss":0.0,"damage_taken":0.0},{"damage_healed":0.0,"max_hp_gain":0.0,"max_hp_loss":0.0,"gold_gain":0.0,"event_name":"The Woman in Blue","player_choice":"Bought 1 Potion","floor":47.0,"gold_loss":0.0,"damage_taken":0.0}],"is_beta":false,"boss_relics":[{"not_picked":["Snecko Eye","Busted Crown"],"picked":"VioletLotus"},{"not_picked":["Empty Cage","Runic Dome"],"picked":"Cursed Key"}],"items_purged_floors":[21,31,39],"is_endless":false,"potions_floor_spawned":[1,8,12,16,20,24,33,36,37,40,44],"killed_by":"Time Eater","ascension_level":20}}