{"host":"j5shy70asow5koz5","time":1612500793,"event":{"mods":["2.2 Compatiblity","Arknights","BaseMod","Colored Map","Marisa£¨Ùöéë¡¡Øª×âÞÞ£©","Minty Spire (QoL Compilation)","Prisma Mod","StSLib","SuperFastMode","Td1madao Mod","The Disciple","The Gatherer","The Servant 0.9.4","Waifu the Spire"],"gold_per_floor":[412,487,487,22,42,67,67,87,87,98,113,113,131,156,156,156,156],"floor_reached":16,"language":"KOR","playtime":379,"items_purged":["Strike_R"],"score":137,"play_id":"b611d4f2-a195-45d9-9bc3-44e917476598","local_time":"20210205135313","is_ascension_mode":false,"campfire_choices":[{"data":"Fiend Fire","floor":7.0,"key":"SMITH"},{"data":"Power Through","floor":12,"key":"SMITH"},{"data":"Armaments","floor":15,"key":"SMITH"}],"circlet_count":0,"master_deck":["Strike_R","Strike_R","Strike_R","Strike_R","Defend_R","Defend_R","Defend_R","Defend_R","Bash","Fiend Fire+1","Power Through+1","Dropkick","Power Through","Feel No Pain","Shrug It Off","Armaments+1"],"relics":["Burning Blood","Old Coin","Meat on the Bone","TheAbacus","Nunchaku","Darkstone Periapt","Sundial"],"acts_visited":["Exordium"],"potions_floor_usage":[16],"damage_taken":[{"damage":5.0,"enemies":"2 Louse","floor":1.0,"turns":3.0},{"damage":8.0,"enemies":"Small Slimes","floor":5.0,"turns":2.0},{"damage":30.0,"enemies":"Lagavulin","floor":6.0,"turns":7.0},{"damage":11.0,"enemies":"Jaw Worm","floor":8.0,"turns":2.0},{"damage":11.0,"enemies":"Lots of Slimes","floor":10.0,"turns":5.0},{"damage":0,"enemies":"Red Slaver","floor":11,"turns":1},{"damage":0,"enemies":"2 Fungi Beasts","floor":13,"turns":3},{"damage":0,"enemies":"Gremlin Nob","floor":14,"turns":5},{"damage":0,"enemies":"Hexaghost","floor":16,"turns":7}],"seed_played":"-8547505310691221093","potions_obtained":[{"floor":5.0,"key":"SneckoOil"},{"floor":8.0,"key":"Regen Potion"},{"floor":14,"key":"ColorlessPotion"}],"is_trial":false,"path_per_floor":["M","?","?","$","M","E","R","M","T","M","M","R","M","E","R","B"],"character_chosen":"IRONCLAD","items_purchased":["Fiend Fire","Power Through","TheAbacus"],"campfire_rested":0,"item_purchase_floors":[4,4,4],"current_hp_per_floor":[57,46,43,43,53,41,41,48,48,57,63,63,69,75,75,75,75],"gold":156,"neow_bonus":"ONE_RARE_RELIC","is_daily":false,"chose_seed":false,"campfire_upgraded":3,"win_rate":0.0,"timestamp":1612500793,"path_taken":["M","?","?","$","M","E","R","M","T","M","M","R","M","E","R","BOSS"],"items_purchased_type":["Card","Card","Relic"],"build_version":"2020-12-22","purchased_purges":1,"victory":false,"max_hp_per_floor":[80,80,80,80,80,80,80,80,80,80,80,80,80,80,80,80,80],"card_choices":[{"not_picked":["Sword Boomerang","Power Through","True Grit"],"picked":"SKIP","floor":1.0},{"not_picked":["Thunderclap","Perfected Strike","Iron Wave"],"picked":"SKIP","floor":5.0},{"not_picked":["Rampage","Combust"],"picked":"Dropkick","floor":6.0},{"not_picked":["Body Slam","Flex"],"picked":"Power Through","floor":8.0},{"not_picked":["Warcry","Clothesline"],"picked":"Feel No Pain","floor":10.0},{"not_picked":["Thunderclap","Twin Strike"],"picked":"Shrug It Off","floor":11},{"not_picked":["True Grit","Headbutt"],"picked":"Armaments","floor":13},{"not_picked":["Cleave","Corruption","True Grit"],"picked":"SKIP","floor":14}],"player_experience":74266,"relics_obtained":[{"floor":6.0,"key":"Nunchaku"},{"floor":9.0,"key":"Darkstone Periapt"},{"floor":14,"key":"Sundial"}],"event_choices":[{"damage_healed":0.0,"max_hp_gain":0.0,"max_hp_loss":0.0,"gold_gain":75.0,"event_name":"World of Goop","player_choice":"Gather Gold","floor":2.0,"gold_loss":0.0,"damage_taken":11.0},{"damage_healed":0.0,"max_hp_gain":0.0,"max_hp_loss":0.0,"gold_gain":0.0,"event_name":"Scrap Ooze","player_choice":"Success","floor":3.0,"gold_loss":0.0,"damage_taken":3.0,"relics_obtained":["Meat on the Bone"]}],"is_beta":false,"boss_relics":[],"items_purged_floors":[4],"is_endless":false,"potions_floor_spawned":[5,8,14],"killed_by":"Hexaghost","ascension_level":0}}