{"host":"x5w9zppki4gdwvc7","time":1612550555,"event":{"mods":["AchievementEnabler","BaseMod","DeckTracker","Minty Spire (QoL Compilation)"],"gold_per_floor":[109,128,140,150,168,168,203,203,203,203,203,215,242,258,258,258,258],"floor_reached":16,"language":"ENG","playtime":1286,"items_purged":[],"score":114,"play_id":"1104f020-3d0b-4eed-a3a5-367cfc894ead","local_time":"20210205194235","is_ascension_mode":false,"campfire_choices":[{"data":"Strike_R","floor":6,"key":"PURGE"},{"data":"Whirlwind","floor":8,"key":"SMITH"},{"data":"Rampage","floor":10,"key":"SMITH"},{"floor":15,"key":"REST"}],"circlet_count":0,"master_deck":["Strike_R","Strike_R","Strike_R","Strike_R","Defend_R","Defend_R","Defend_R","Defend_R","Bash","Clumsy","Pommel Strike","Feel No Pain","Whirlwind+1","Shrug It Off","Anger","Rampage+1","Dual Wield"],"relics":["Burning Blood","Peace Pipe","Anchor","Prayer Wheel","Gremlin Horn"],"acts_visited":["Exordium"],"potions_floor_usage":[7,13,16],"damage_taken":[{"damage":6,"enemies":"Cultist","floor":1,"turns":3},{"damage":6,"enemies":"Jaw Worm","floor":2,"turns":3},{"damage":2,"enemies":"Small Slimes","floor":3,"turns":4},{"damage":11,"enemies":"Gremlin Gang","floor":4,"turns":2},{"damage":27,"enemies":"Exordium Thugs","floor":5,"turns":6},{"damage":28,"enemies":"Lagavulin","floor":7,"turns":7},{"damage":7,"enemies":"Large Slime","floor":12,"turns":5},{"damage":36,"enemies":"Gremlin Nob","floor":13,"turns":4},{"damage":7,"enemies":"Blue Slaver","floor":14,"turns":3},{"damage":45,"enemies":"Slime Boss","floor":16,"turns":8}],"seed_played":"-2233261926004959604","potions_obtained":[{"floor":3,"key":"Regen Potion"},{"floor":4,"key":"ElixirPotion"},{"floor":5,"key":"Explosive Potion"},{"floor":12,"key":"GamblersBrew"},{"floor":14,"key":"Dexterity Potion"}],"is_trial":false,"path_per_floor":["M","M","M","M","M","R","E","R","T","R","?","M","E","M","R","B"],"character_chosen":"IRONCLAD","items_purchased":[],"campfire_rested":1,"item_purchase_floors":[],"current_hp_per_floor":[80,80,80,75,54,54,44,44,44,44,49,48,18,17,42,0,0],"gold":258,"neow_bonus":"ONE_RARE_RELIC","is_daily":false,"chose_seed":false,"campfire_upgraded":2,"win_rate":0.0,"timestamp":1612550555,"path_taken":["M","M","M","M","?","R","E","R","T","R","?","M","E","M","R","BOSS"],"items_purchased_type":[],"build_version":"2020-12-22","purchased_purges":0,"victory":false,"max_hp_per_floor":[80,80,80,80,80,80,80,80,80,80,85,85,85,85,85,85,85],"card_choices":[{"not_picked":["Thunderclap","Battle Trance"],"picked":"Pommel Strike","floor":1},{"not_picked":["Inflame","Second Wind"],"picked":"Feel No Pain","floor":2},{"not_picked":["Feel No Pain","Rupture"],"picked":"Whirlwind","floor":3},{"not_picked":["Thunderclap","Iron Wave"],"picked":"Shrug It Off","floor":4},{"not_picked":["Clash","Second Wind"],"picked":"Anger","floor":5},{"not_picked":["Anger","Wild Strike"],"picked":"Rampage","floor":7},{"not_picked":["Entrench","Carnage"],"picked":"Dual Wield","floor":12},{"not_picked":["True Grit","Clothesline","Heavy Blade"],"picked":"SKIP","floor":12},{"not_picked":["Pommel Strike","Armaments","Bloodletting"],"picked":"SKIP","floor":13},{"not_picked":["Corruption","True Grit","Blood for Blood"],"picked":"SKIP","floor":14},{"not_picked":["Evolve","Flame Barrier","Inflame"],"picked":"SKIP","floor":14}],"player_experience":501170,"relics_obtained":[{"floor":7,"key":"Anchor"},{"floor":9,"key":"Prayer Wheel"},{"floor":13,"key":"Gremlin Horn"}],"event_choices":[{"damage_healed":0,"gold_gain":0,"player_choice":"Donut","damage_taken":0,"max_hp_gain":5,"max_hp_loss":0,"event_name":"Big Fish","floor":11,"gold_loss":0}],"is_beta":false,"boss_relics":[],"items_purged_floors":[],"is_endless":false,"potions_floor_spawned":[3,4,5,12,14],"killed_by":"Slime Boss","ascension_level":0}}