{"host":"usru02jcpe2a942d","time":1612493408,"event":{"mods":["ATMod(°¢èªMod)","Act Like it!","BaseMod","Better Note","Better Vampires","Challenge The Spire","Colored Powertips","Friendly Minions","GifTheSpireLib","Highlight Path","Hubris","Infinite Spire","Jedi Mod","Minty Spire (QoL Compilation)","MostiFishMod","Pale of the Ancients","Quick Restart","Relic Stats","RumiaBox-Â¶Ã×æ«µÄÉñÃØºÐ×Ó","StSLib","Yohane!","[IsaacMod]ÒÔÈö¼âËþ","noobMod","¡¾ÒÅÎï¿¨ÅÆ¡¿REMEMod","óô»ðÖ¸ÄÏ"],"gold_per_floor":[118,134,59,59,72,72,82,97,176,176,203,203,203,19,19,19,19],"floor_reached":16,"language":"ZHS","playtime":566,"items_purged":["Yohane:Livestream_Donation","Yohane:Strike_Grey"],"score":125,"play_id":"54354609-1413-492c-a7a0-299b242cee46","local_time":"20210205105008","is_ascension_mode":false,"campfire_choices":[{"data":"Yohane:Little_Demon_Lily","floor":6.0,"key":"SMITH"},{"data":"Yohane:Adept_Technology","floor":10.0,"key":"SMITH"},{"data":"Yohane:Little_Demon_Mari","floor":13.0,"key":"SMITH"},{"data":"MostiFishMod:ButterFly","floor":15.0,"key":"SMITH"}],"circlet_count":0,"master_deck":["Yohane:Strike_Grey","Yohane:Strike_Grey","Yohane:Strike_Grey","Yohane:Defend_Grey","Yohane:Defend_Grey","Yohane:Defend_Grey","Yohane:Little_Demon_Lily+1","Yohane:Well_Laid_Ambush","Madness+1","Yohane:Livestream_Donation","Yohane:Little_Demon_Support","Yohane:Adept_Technology+1","Yohane:Little_Demon_Mari+1","MostiFishMod:ButterFly+1"],"relics":["Yohane:AngelWings","DaveBox","ice","REME_ComplimentaryCards","SynthV","SynthV:TestCard","hubris:CrystalStatue","SSSystem"],"acts_visited":["Exordium"],"potions_floor_usage":[],"damage_taken":[{"damage":0.0,"enemies":"Jaw Worm","floor":1.0,"turns":6.0},{"damage":0.0,"enemies":"Cultist","floor":2.0,"turns":4.0},{"damage":0.0,"enemies":"Small Slimes","floor":5.0,"turns":5.0},{"damage":1.0,"enemies":"Gremlin Gang","floor":7.0,"turns":5.0},{"damage":2.0,"enemies":"3 Louse","floor":8.0,"turns":5.0},{"damage":0.0,"enemies":"Gremlin Nob","floor":11.0,"turns":4.0},{"damage":0,"enemies":"Hexaghost","floor":16,"turns":1}],"seed_played":"-1409891470002396237","potions_obtained":[{"floor":1.0,"key":"Regen Potion"},{"floor":7.0,"key":"SteroidPotion"}],"is_trial":false,"path_per_floor":["M","M","$","?","M","R","M","M","T","R","E","?","R","$","R","B"],"character_chosen":"FallenAngel","items_purchased":["MostiFishMod:ButterFly"],"campfire_rested":0,"item_purchase_floors":[14],"current_hp_per_floor":[66,66,66,66,66,66,65,63,63,63,63,63,63,63,63,63,63],"gold":19,"neow_bonus":"TEN_PERCENT_HP_BONUS","is_daily":false,"chose_seed":false,"campfire_upgraded":4,"win_rate":0.0,"timestamp":1612493408,"path_taken":["M","M","$","?","M","R","?","M","T","R","E","?","R","$","R","BOSS"],"items_purchased_type":["Card"],"build_version":"2020-12-22","purchased_purges":2,"victory":false,"max_hp_per_floor":[66,66,66,66,66,66,66,66,66,66,66,66,66,66,66,66,66],"relic_stats":{"counters":[7,30],"obtain_stats":[{"SynthV:TestCard":1,"hubris:CrystalStatue":9,"DaveBox":0,"SynthV":0,"SSSystem":11,"ice":0,"Yohane:AngelWings":0,"REME_ComplimentaryCards":0},{"SynthV:TestCard":1,"hubris:CrystalStatue":5,"DaveBox":0,"SynthV":0,"SSSystem":6,"ice":0,"Yohane:AngelWings":0,"REME_ComplimentaryCards":0},{"SynthV:TestCard":6,"hubris:CrystalStatue":25,"DaveBox":0,"SynthV":0,"SSSystem":29,"ice":0,"Yohane:AngelWings":0,"REME_ComplimentaryCards":0}]},"card_choices":[{"not_picked":["Yohane:Culinary_Genius","Yohane:Sloth"],"picked":"Yohane:Livestream_Donation","floor":1.0},{"not_picked":["Yohane:Miracle_Wave","Yohane:Impressive_Display","Yohane:Little_Demon_Hanamaru","Yohane:Ice_Cream_Assault"],"picked":"Yohane:Livestream_Donation","floor":2.0},{"not_picked":["Yohane:Scorn","Yohane:Sloth","Yohane:Modore","Yohane:Accelerator","Yohane:Miracle_Wave"],"picked":"SKIP","floor":5.0},{"not_picked":["Yohane:Ice_Cream_Assault","Yohane:Lailapse","Yohane:Misfortune","Yohane:Perfection"],"picked":"Yohane:Little_Demon_Support","floor":7.0},{"not_picked":["Yohane:Excitement","Yohane:Miracle_Wave","Yohane:Gluttony","Yohane:Energy_Change"],"picked":"Yohane:Adept_Technology","floor":8.0},{"not_picked":["Yohane:Inspiration","Yohane:Misfortune","Yohane:Grand_Entrance","Yohane:Little_Demon_Recruit"],"picked":"Yohane:Little_Demon_Mari","floor":11.0}],"player_experience":237922,"relics_obtained":[{"floor":1.0,"key":"SynthV:TestCard"},{"floor":9.0,"key":"hubris:CrystalStatue"},{"floor":11.0,"key":"SSSystem"}],"event_choices":[{"damage_healed":0.0,"max_hp_gain":0.0,"max_hp_loss":0.0,"gold_gain":0.0,"event_name":"Upgrade Shrine","player_choice":"Upgraded","floor":4.0,"gold_loss":0.0,"damage_taken":0.0,"cards_upgraded":["PrismaMod:ChloeCarnivalDefend"]},{"cards_removed":["Yohane:Defend_Grey"],"damage_healed":0.0,"max_hp_gain":0.0,"max_hp_loss":0.0,"gold_gain":0.0,"event_name":"Purifier","player_choice":"Purged","floor":12.0,"gold_loss":0.0,"damage_taken":0.0}],"is_beta":false,"boss_relics":[],"items_purged_floors":[3,14],"is_endless":false,"potions_floor_spawned":[1,7],"killed_by":"Hexaghost","ascension_level":0}}