{"host":"rspt8ghchagqewrq","time":1612544191,"event":{"mods":["AchievementEnabler","BaseMod","Colored Map","Colored Powertips","Minty Spire (QoL Compilation)","Quick Restart"],"gold_per_floor":[115,115,127,127,137,137,168,168,168,13,13,27,27,60,60,155,155,174,185,195,195,214,242,255,265,265,282,296,296,315,347,347,446,446,456,456,471,488,260,260,290,290,313,313,329,329,347,54,54,54],"floor_reached":51,"language":"FRA","playtime":1994,"items_purged":[],"score":818,"play_id":"ece7c7c7-66b0-4dfa-901e-16e1b2681cb0","local_time":"20210205175631","is_ascension_mode":true,"campfire_choices":[{"data":"Seeing Red","floor":6.0,"key":"SMITH"},{"data":"Spot Weakness","floor":8.0,"key":"SMITH"},{"data":"Rampage","floor":11.0,"key":"SMITH"},{"data":"Swift Strike","floor":13.0,"key":"SMITH"},{"data":"Rage","floor":15.0,"key":"SMITH"},{"data":"Heavy Blade","floor":29.0,"key":"SMITH"},{"data":"Flex","floor":32.0,"key":"SMITH"},{"data":"Searing Blow","floor":40,"key":"SMITH"},{"data":"Searing Blow+1","floor":44,"key":"SMITH"},{"data":"Searing Blow+2","floor":49,"key":"SMITH"}],"circlet_count":0,"master_deck":["Strike_R","Strike_R","Strike_R","Strike_R","Strike_R","Defend_R","Defend_R+1","Defend_R","Defend_R+1","Bash","Armaments","Swift Strike+1","Seeing Red+1","Rampage+1","Spot Weakness+1","Dropkick","Bludgeon","Rage+1","Limit Break","Pommel Strike","Clash","Sword Boomerang+1","Flex+1","Anger+1","Heavy Blade+1","Flex+1","Inflame","Clash+1","Searing Blow+3","Heavy Blade+1","Bandage Up"],"relics":["Burning Blood","Orichalcum","Mercury Hourglass","War Paint","ClockworkSouvenir","Vajra","Coffee Dripper","Lantern","Toy Ornithopter","Kunai","Black Star","PreservedInsect","StoneCalendar","Self Forming Clay","Anchor","Unceasing Top"],"acts_visited":["Exordium","TheCity","TheBeyond"],"potions_floor_usage":[33,35,47,50],"damage_taken":[{"damage":5.0,"enemies":"Jaw Worm","floor":1.0,"turns":4.0},{"damage":0.0,"enemies":"Cultist","floor":3.0,"turns":3.0},{"damage":5.0,"enemies":"Small Slimes","floor":5.0,"turns":3.0},{"damage":25.0,"enemies":"3 Sentries","floor":7.0,"turns":8.0},{"damage":8.0,"enemies":"Red Slaver","floor":12.0,"turns":2.0},{"damage":0.0,"enemies":"Gremlin Nob","floor":14.0,"turns":3.0},{"damage":34.0,"enemies":"Hexaghost","floor":16.0,"turns":8.0},{"damage":0.0,"enemies":"Spheric Guardian","floor":18.0,"turns":3.0},{"damage":4.0,"enemies":"Shell Parasite","floor":19.0,"turns":3.0},{"damage":11.0,"enemies":"Centurion and Healer","floor":20.0,"turns":4.0},{"damage":13.0,"enemies":"Snake Plant","floor":22.0,"turns":2.0},{"damage":31.0,"enemies":"Slavers","floor":23.0,"turns":6.0},{"damage":7.0,"enemies":"Snecko","floor":24.0,"turns":3.0},{"damage":0.0,"enemies":"Centurion and Healer","floor":25.0,"turns":4.0},{"damage":4.0,"enemies":"Sentry and Sphere","floor":27.0,"turns":3.0},{"damage":18.0,"enemies":"Snake Plant","floor":28.0,"turns":5.0},{"damage":0.0,"enemies":"Snecko","floor":30.0,"turns":2.0},{"damage":8.0,"enemies":"Gremlin Leader","floor":31.0,"turns":4.0},{"damage":18,"enemies":"Automaton","floor":33,"turns":6},{"damage":31,"enemies":"3 Darklings","floor":35,"turns":4},{"damage":15,"enemies":"3 Shapes","floor":37,"turns":3},{"damage":0,"enemies":"Sphere and 2 Shapes","floor":38,"turns":3},{"damage":12,"enemies":"Giant Head","floor":41,"turns":5},{"damage":10,"enemies":"4 Shapes","floor":45,"turns":3},{"damage":0,"enemies":"Spire Growth","floor":47,"turns":3},{"damage":75,"enemies":"Donu and Deca","floor":50,"turns":6}],"seed_played":"7959700025113355047","potions_obtained":[{"floor":12.0,"key":"SkillPotion"},{"floor":14.0,"key":"BlessingOfTheForge"},{"floor":19.0,"key":"Explosive Potion"},{"floor":20.0,"key":"Explosive Potion"},{"floor":25.0,"key":"SkillPotion"},{"floor":31.0,"key":"Explosive Potion"},{"floor":35,"key":"SmokeBomb"},{"floor":37,"key":"Strength Potion"},{"floor":41,"key":"Regen Potion"}],"is_trial":false,"path_per_floor":["M","?","M","?","M","R","E","R","T","$","R","M","R","E","R","B",null,"M","M","M","?","M","E","M","M","T","M","M","R","M","E","R","B",null,"M","?","M","M","$","R","E","?","T","R","M","?","M","$","R","B",null],"character_chosen":"IRONCLAD","items_purchased":["ClockworkSouvenir","PreservedInsect","Searing Blow","Unceasing Top"],"campfire_rested":0,"item_purchase_floors":[10,39,39,48],"current_hp_per_floor":[80,80,80,80,80,80,61,61,61,61,61,59,59,65,65,37,80,80,80,75,75,68,43,42,48,48,50,43,43,49,52,52,45,80,60,60,51,57,57,57,51,51,51,51,47,47,71,71,71,7],"gold":54,"neow_bonus":"RANDOM_COMMON_RELIC","is_daily":false,"chose_seed":false,"campfire_upgraded":10,"win_rate":0.0,"timestamp":1612544191,"path_taken":["M","?","?","?","M","R","E","R","T","$","R","M","R","E","R","BOSS","M","M","M","?","M","E","?","M","T","M","M","R","M","E","R","BOSS","M","?","M","M","$","R","E","?","T","R","M","?","M","?","R","BOSS"],"items_purchased_type":["Relic","Relic","Card","Relic"],"build_version":"2020-12-22","purchased_purges":0,"victory":true,"max_hp_per_floor":[80,80,80,80,80,80,80,80,80,80,80,80,80,80,80,80,80,80,80,80,80,80,80,80,80,80,80,80,80,80,80,80,80,80,80,80,80,80,80,80,80,76,76,76,76,76,76,76,76,76],"card_choices":[{"not_picked":["True Grit","Second Wind"],"picked":"Armaments","floor":1.0},{"not_picked":["Battle Trance","True Grit"],"picked":"Rampage","floor":3.0},{"not_picked":["Iron Wave","Sword Boomerang"],"picked":"Spot Weakness","floor":5.0},{"not_picked":["Wild Strike","Seeing Red"],"picked":"Dropkick","floor":7.0},{"not_picked":["Clothesline","Burning Pact"],"picked":"Bludgeon","floor":12.0},{"not_picked":["Reaper","Clothesline"],"picked":"Rage","floor":14.0},{"not_picked":["Demon Form","Impervious"],"picked":"Limit Break","floor":16.0},{"not_picked":["Second Wind+1","Perfected Strike"],"picked":"Pommel Strike","floor":18.0},{"not_picked":["Iron Wave","Warcry","Flame Barrier"],"picked":"SKIP","floor":19.0},{"not_picked":["Combust","Wild Strike+1"],"picked":"Seeing Red","floor":20.0},{"not_picked":["Clothesline","Seeing Red"],"picked":"Clash","floor":22.0},{"not_picked":["Shrug It Off","Second Wind+1"],"picked":"Sword Boomerang+1","floor":23.0},{"not_picked":["Thunderclap","Bloodletting","Armaments+1"],"picked":"SKIP","floor":24.0},{"not_picked":["Twin Strike","Sever Soul"],"picked":"Flex","floor":25.0},{"not_picked":["Havoc","Rage+1"],"picked":"Anger+1","floor":27.0},{"not_picked":["Perfected Strike","Immolate"],"picked":"Heavy Blade","floor":28.0},{"not_picked":["Warcry+1","Armaments"],"picked":"Flex+1","floor":30.0},{"not_picked":["Clash","Shockwave"],"picked":"Inflame","floor":31.0},{"not_picked":["Anger","Sword Boomerang"],"picked":"Clash+1","floor":35},{"not_picked":["Anger","Clothesline","Rage"],"picked":"SKIP","floor":37},{"not_picked":["Bloodletting+1","Headbutt","Cleave+1"],"picked":"SKIP","floor":38},{"not_picked":["Inflame","Uppercut"],"picked":"Heavy Blade+1","floor":41},{"not_picked":["Hemokinesis+1","Bludgeon","Twin Strike+1"],"picked":"SKIP","floor":45},{"not_picked":["Violence","Madness"],"picked":"Bandage Up","floor":46},{"not_picked":["Iron Wave+1","Sentinel","Dropkick"],"picked":"SKIP","floor":47}],"player_experience":80958,"relics_obtained":[{"floor":7.0,"key":"Mercury Hourglass"},{"floor":9.0,"key":"War Paint"},{"floor":14.0,"key":"Vajra"},{"floor":23.0,"key":"Lantern"},{"floor":26.0,"key":"Toy Ornithopter"},{"floor":31.0,"key":"Kunai"},{"floor":41,"key":"StoneCalendar"},{"floor":41,"key":"Self Forming Clay"},{"floor":43,"key":"Anchor"}],"event_choices":[{"damage_healed":0.0,"max_hp_gain":0.0,"max_hp_loss":0.0,"gold_gain":0.0,"event_name":"Match and Keep!","player_choice":"2 cards matched","floor":2.0,"gold_loss":0.0,"damage_taken":0.0,"cards_obtained":["Swift Strike","Seeing Red"]},{"damage_healed":0.0,"max_hp_gain":0.0,"max_hp_loss":0.0,"gold_gain":0.0,"event_name":"The Cleric","player_choice":"Leave","floor":4.0,"gold_loss":0.0,"damage_taken":0.0},{"damage_healed":0.0,"max_hp_gain":0.0,"max_hp_loss":0.0,"gold_gain":0.0,"event_name":"Purifier","player_choice":"Ignored","floor":21.0,"gold_loss":0.0,"damage_taken":0.0},{"cards_removed":["Seeing Red"],"damage_healed":0,"gold_gain":0,"player_choice":"Removed Skill","damage_taken":0,"max_hp_gain":0,"max_hp_loss":0,"event_name":"Falling","floor":36,"gold_loss":0},{"damage_healed":0,"gold_gain":0,"player_choice":"Max HP","damage_taken":0,"max_hp_gain":0,"max_hp_loss":4,"event_name":"Winding Halls","floor":42,"gold_loss":0},{"damage_healed":0,"gold_gain":0,"player_choice":"Memory 1","damage_taken":0,"max_hp_gain":0,"max_hp_loss":0,"event_name":"SensoryStone","floor":46,"gold_loss":0}],"is_beta":false,"boss_relics":[{"not_picked":["Sozu","SlaversCollar"],"picked":"Coffee Dripper"},{"not_picked":["Astrolabe","Philosopher\u0027s Stone"],"picked":"Black Star"}],"items_purged_floors":[],"is_endless":false,"potions_floor_spawned":[12,14,19,20,25,27,31,35,37,41,45],"ascension_level":1}}