{"host":"fxiazw3i8037yqwx","time":1612484444,"event":{"mods":["BaseMod","Colored Powertips","Downfall","Minty Spire (QoL Compilation)","Quick Restart","StSLib","The IronCluck"],"gold_per_floor":[99,111,120,120,39,39,66,87,87,112,132,232,232,261,289,402,402,302,330,350,350,372,372,372,407,307,329,329,354,354,378,392,500,500,500,528,542,551,551,591,614,632,646,662,662,348,348,12,35,35],"floor_reached":51,"language":"ENG","playtime":7271,"items_purged":["Regret","downfall:Aged"],"score":691,"play_id":"83fff235-20a6-4c22-b229-93eaf02201dc","local_time":"20210205002044","is_ascension_mode":false,"campfire_choices":[{"data":"Guardian:TwinSlam","floor":1.0,"key":"SMITH"},{"data":"Guardian:DecasProtection","floor":9.0,"key":"SMITH"},{"floor":13.0,"key":"RECALL"},{"data":"Guardian:MultiBeam","floor":18.0,"key":"SMITH"},{"data":"Guardian:ShieldSpikes","floor":23.0,"key":"SMITH"},{"data":"Guardian:CurlUp","floor":26.0,"key":"SMITH"},{"floor":30.0,"key":"REST"},{"floor":35.0,"key":"REST"},{"floor":45,"key":"REST"},{"floor":47,"key":"REST"}],"circlet_count":0,"master_deck":["Guardian:Strike_Guardian","Guardian:Strike_Guardian","Guardian:Strike_Guardian","Guardian:Defend_Guardian","Guardian:Defend_Guardian","Guardian:Defend_Guardian","Guardian:Defend_Guardian","Guardian:CurlUp+1","Guardian:TwinSlam+1","Guardian:DecasProtection+1","Guardian:SpikerProtocol","Guardian:AncientConstruct","Guardian:GuardianWhirl","Guardian:Recover","Guardian:MultiBeam+1","Guardian:BronzeOrb+1","Guardian:RollAttack+1","Guardian:ShieldSpikes+1","Guardian:DonusPower","Guardian:DonusPower","Guardian:ShieldCharger","Guardian:RevengeProtocol","Guardian:ShieldCharger+1","Guardian:RefractedBeam+1","expansioncontent:HyperBeam","expansioncontent:YouAreMine","Guardian:Clone+1","Guardian:DonusPower","expansioncontent:QuickStudy","Guardian:SentryBeam","Guardian:BodySlam"],"relics":["Guardian:ModeShifter","CeramicFish","Happy Flower","Snecko Eye","downfall:HeartBlessingRed","Enchiridion","Matryoshka","Bronze Scales","downfall:HeartBlessingGreen","Ornamental Fan","Fusion Hammer","Guardian:StasisEgg","CaptainsWheel","Anchor","Smiling Mask","Kunai","Bottled Tornado"],"acts_visited":["Exordium","TheCity","TheBeyond"],"potions_floor_usage":[40,48,48],"damage_taken":[{"damage":1.0,"enemies":"Jaw Worm","floor":2.0,"turns":4.0},{"damage":7.0,"enemies":"downfall:FleeingMerchant","floor":5.0,"turns":4.0},{"damage":8.0,"enemies":"Small Slimes","floor":8.0,"turns":5.0},{"damage":7.0,"enemies":"2 Louse","floor":10.0,"turns":3.0},{"damage":0.0,"enemies":"2 Fungi Beasts","floor":11.0,"turns":2.0},{"damage":11.0,"enemies":"Gremlin Gang","floor":14.0,"turns":4.0},{"damage":0.0,"enemies":"3 Louse","floor":15.0,"turns":1.0},{"damage":32.0,"enemies":"IC_STATUS_ARCHETYPE","floor":16.0,"turns":10.0},{"damage":0.0,"enemies":"Spheric Guardian","floor":19.0,"turns":5.0},{"damage":18.0,"enemies":"Cultist and Chosen","floor":20.0,"turns":7.0},{"damage":0.0,"enemies":"Snake Plant","floor":22.0,"turns":5.0},{"damage":0.0,"enemies":"Gremlin Leader","floor":25.0,"turns":5.0},{"damage":0.0,"enemies":"Centurion and Healer","floor":27.0,"turns":5.0},{"damage":5.0,"enemies":"Shelled Parasite and Fungi","floor":29.0,"turns":3.0},{"damage":9.0,"enemies":"Snake Plant","floor":31.0,"turns":4.0},{"damage":0.0,"enemies":"Snecko","floor":32.0,"turns":4.0},{"damage":27.0,"enemies":"DF_ARCHETYPE_CLAW","floor":33.0,"turns":8.0},{"damage":0.0,"enemies":"Orb Walker","floor":36.0,"turns":4.0},{"damage":1.0,"enemies":"3 Shapes","floor":37.0,"turns":5.0},{"damage":1,"enemies":"Reptomancer","floor":40,"turns":5},{"damage":24,"enemies":"Transient","floor":43,"turns":5},{"damage":0,"enemies":"4 Shapes","floor":44,"turns":3},{"damage":0,"enemies":"downfall:FleeingMerchant","floor":46,"turns":4},{"damage":0,"enemies":"downfall:FleeingMerchant","floor":48,"turns":3},{"damage":0,"enemies":"Sphere and 2 Shapes","floor":49,"turns":2},{"damage":39,"enemies":"WA_ARCHETYPE_DIVINITY","floor":50,"turns":11}],"seed_played":"3754301479972606328","potions_obtained":[{"floor":2.0,"key":"Strength Potion"},{"floor":8.0,"key":"Explosive Potion"},{"floor":10.0,"key":"SneckoOil"},{"floor":14.0,"key":"Block Potion"},{"floor":20.0,"key":"Block Potion"},{"floor":25.0,"key":"GamblersBrew"},{"floor":29.0,"key":"AttackPotion"},{"floor":33.0,"key":"Ancient Potion"},{"floor":37.0,"key":"DuplicationPotion"},{"floor":43,"key":"Energy Potion"}],"is_trial":false,"path_per_floor":["R","M","?","?","$","?","T","M","R","M","M","?","R","M","M","B",null,"R","M","M","?","M","R","T","E","R","M","?","M","R","M","M","B",null,"R","M","M","?","?","E","T","?","M","M","R","$","R","$","M","B",null],"character_chosen":"GUARDIAN","items_purchased":["Kunai","Bottled Tornado","Fruit Juice","expansioncontent:QuickStudy","DuplicationPotion","Guardian:SentryBeam"],"campfire_rested":4,"item_purchase_floors":[46,48,48,48,48,48],"current_hp_per_floor":[88,87,87,87,80,80,80,72,72,65,65,65,65,54,54,22,88,88,88,70,54,54,54,54,54,54,54,54,49,75,66,66,39,88,88,88,87,87,87,86,86,81,57,57,83,83,88,93,93,54],"gold":35,"neow_bonus":"TEN_PERCENT_HP_BONUS","is_daily":false,"chose_seed":false,"campfire_upgraded":5,"win_rate":0.0,"timestamp":1612484444,"path_taken":["R","M","?","?","$","?","T","M","R","M","M","?","R","M","M","BOSS","R","?","M","?","M","R","T","E","R","M","?","M","R","M","M","BOSS","R","M","M","?","?","E","T","?","M","M","R","$","R","$","M","BOSS"],"items_purchased_type":["Relic","Relic","Potion","Card","Potion","Card"],"build_version":"2020-12-22","purchased_purges":2,"victory":true,"max_hp_per_floor":[88,88,88,88,88,88,88,88,88,88,88,88,88,88,88,88,88,88,88,88,88,88,88,88,88,88,88,88,88,88,88,88,88,88,88,88,88,88,88,88,88,88,88,88,88,88,88,93,93,93],"card_choices":[{"not_picked":["Guardian:RefractedBeam","Guardian:MultiBeam"],"picked":"Guardian:Gem_Red","floor":2.0},{"not_picked":["Guardian:Recover","Guardian:RollAttack"],"picked":"Guardian:DecasProtection","floor":5.0},{"not_picked":["Guardian:TemporalStrike","Guardian:CrystalBeam"],"picked":"Guardian:SpikerProtocol","floor":8.0},{"not_picked":["Guardian:SentryBeam","Guardian:PiercingHide"],"picked":"Guardian:AncientConstruct","floor":10.0},{"not_picked":["Guardian:PrismaticBeam","Guardian:PrimingBeam"],"picked":"Guardian:GuardianWhirl","floor":11.0},{"not_picked":["Guardian:CrystalBeam","Guardian:Incinerate"],"picked":"Guardian:Recover","floor":14.0},{"not_picked":["Guardian:ShieldCharger","Guardian:Gem_Fragmented"],"picked":"Guardian:MultiBeam","floor":15.0},{"not_picked":["Guardian:TimeSifter","Guardian:ExploitGems"],"picked":"Guardian:Gem_Synthetic","floor":16.0},{"not_picked":["Guardian:TimeCapacitor+1","Guardian:Gem_Green"],"picked":"Guardian:BronzeOrb+1","floor":19.0},{"not_picked":["Guardian:PrimingBeam+1","Guardian:Gem_Fragmented"],"picked":"Guardian:RollAttack+1","floor":20.0},{"not_picked":["Guardian:Gem_Red","Guardian:BodySlam"],"picked":"Guardian:ShieldSpikes","floor":22.0},{"not_picked":["Guardian:TimeBomb","Guardian:Recover+1"],"picked":"Guardian:DonusPower","floor":25.0},{"not_picked":["Guardian:ChargeCore","Guardian:EvasiveProtocol"],"picked":"Guardian:Gem_Cyan","floor":27.0},{"not_picked":["Guardian:StasisField","Guardian:Gem_Cyan"],"picked":"Guardian:DonusPower","floor":29.0},{"not_picked":["Guardian:PrismaticBeam","Guardian:Incinerate"],"picked":"Guardian:ShieldCharger","floor":31.0},{"not_picked":["Guardian:AncientConstruct","Guardian:RefractedBeam","Guardian:Emergency"],"picked":"SKIP","floor":32.0},{"not_picked":["Guardian:AncientConstruct","Guardian:ExploitGems"],"picked":"Guardian:RevengeProtocol","floor":33.0},{"not_picked":["Guardian:ChargeCore","Guardian:TimeBomb+1"],"picked":"Guardian:ShieldCharger+1","floor":36.0},{"not_picked":["Guardian:TemporalStrike+1","Guardian:RollAttack+1","Guardian:BronzeArmor+1"],"picked":"SKIP","floor":37.0},{"not_picked":["Guardian:TemporalStrike+1","Guardian:Clone"],"picked":"Guardian:RefractedBeam+1","floor":40},{"not_picked":["expansioncontent:LastStand","expansioncontent:InvincibleStrength"],"picked":"expansioncontent:HyperBeam","floor":42},{"not_picked":["expansioncontent:Chronoboost","expansioncontent:InvincibleStrength"],"picked":"expansioncontent:YouAreMine","floor":42},{"not_picked":["Guardian:PrimingBeam+1","Guardian:GuardianWhirl+1","Guardian:RefractedBeam"],"picked":"SKIP","floor":43},{"not_picked":["Guardian:Harden","Guardian:PrismaticBarrier+1","Guardian:Suspension"],"picked":"SKIP","floor":44},{"not_picked":["Guardian:Reroute","Guardian:ChargeCore+1"],"picked":"Guardian:Clone+1","floor":46},{"not_picked":["Guardian:TimeBomb+1","Guardian:ArmoredProtocol"],"picked":"Guardian:DonusPower","floor":48},{"not_picked":["Guardian:RollAttack","Guardian:TemporalShield"],"picked":"Guardian:BodySlam","floor":49}],"player_experience":792362,"relics_obtained":[{"floor":7.0,"key":"Happy Flower"},{"floor":21.0,"key":"Enchiridion"},{"floor":24.0,"key":"Matryoshka"},{"floor":25.0,"key":"Bronze Scales"},{"floor":40,"key":"CaptainsWheel"},{"floor":41,"key":"Anchor"},{"floor":41,"key":"Smiling Mask"}],"event_choices":[{"damage_healed":0.0,"max_hp_gain":0.0,"max_hp_loss":0.0,"gold_gain":0.0,"event_name":"Big Fish","player_choice":"Box","floor":3.0,"gold_loss":0.0,"damage_taken":0.0,"relics_obtained":["CeramicFish"],"cards_obtained":["Regret"]}],"is_beta":false,"boss_relics":[{"not_picked":["Coffee Dripper","SlaversCollar"],"picked":"Snecko Eye"},{"not_picked":["Runic Pyramid","Sozu"],"picked":"Fusion Hammer"}],"items_purged_floors":[5,46],"is_endless":false,"potions_floor_spawned":[2,8,10,14,20,25,29,31,33,37,43,44,49],"ascension_level":0}}