{"host":"mw3dmj42qtkbha4b","time":1612534127,"event":{"mods":["BaseMod","Colored Map","Colored Powertips","DeckTracker","Minty Spire (QoL Compilation)","StSLib","SuperFastMode"],"gold_per_floor":[18,18,38,51,51,51,83,83,165,165,165,192,3,153,153,231,231,251,151,162,172,172,172],"floor_reached":22,"language":"KOR","playtime":543,"items_purged":["Strike_P","Doubt"],"score":484,"play_id":"21fbd5d7-ef30-4d47-969f-e69ab2197ec1","local_time":"20210205230847","is_ascension_mode":true,"campfire_choices":[{"data":"Eruption","floor":6.0,"key":"SMITH"},{"data":"ReachHeaven","floor":8.0,"key":"SMITH"},{"data":"Vigilance","floor":11.0,"key":"SMITH"},{"data":"Strike_P","floor":15.0,"key":"SMITH"}],"circlet_count":0,"master_deck":["AscendersBane","Strike_P","Strike_P+1","Strike_P+1","Defend_P","Defend_P","Defend_P+1","Eruption+1","Vigilance+1","ReachHeaven+1","DevaForm"],"relics":["PureWater","Oddly Smooth Stone","Vajra","Busted Crown"],"acts_visited":["Exordium","TheCity"],"potions_floor_usage":[22],"damage_taken":[{"damage":6.0,"enemies":"Small Slimes","floor":1.0,"turns":4.0},{"damage":0.0,"enemies":"Cultist","floor":3.0,"turns":2.0},{"damage":4.0,"enemies":"2 Louse","floor":4.0,"turns":2.0},{"damage":0.0,"enemies":"Lagavulin","floor":7.0,"turns":2.0},{"damage":0.0,"enemies":"Gremlin Nob","floor":12.0,"turns":2.0},{"damage":14.0,"enemies":"The Guardian","floor":16.0,"turns":11.0},{"damage":7.0,"enemies":"Shell Parasite","floor":18.0,"turns":5.0},{"damage":23.0,"enemies":"2 Thieves","floor":20.0,"turns":4.0},{"damage":18.0,"enemies":"Centurion and Healer","floor":21.0,"turns":5.0},{"damage":24,"enemies":"Snake Plant","floor":22,"turns":1}],"seed_played":"-5936244680763207312","potions_obtained":[{"floor":1.0,"key":"Swift Potion"},{"floor":4.0,"key":"FearPotion"},{"floor":21.0,"key":"Dexterity Potion"}],"is_trial":false,"path_per_floor":["M","?","M","M","$","R","E","R","T","?","R","E","$","?","R","B",null,"M","$","M","M","M"],"character_chosen":"WATCHER","items_purchased":["CultistPotion"],"campfire_rested":0,"item_purchase_floors":[13],"current_hp_per_floor":[67,67,67,63,63,63,63,63,63,39,39,39,39,39,39,25,66,59,59,36,18,0,0],"gold":172,"neow_bonus":"TWENTY_PERCENT_HP_BONUS","is_daily":false,"chose_seed":false,"campfire_upgraded":4,"win_rate":0.0,"timestamp":1612534127,"path_taken":["M","?","?","M","$","R","E","R","T","?","R","E","?","?","R","BOSS","M","$","M","M","M"],"items_purchased_type":["Potion"],"build_version":"2020-12-22","purchased_purges":2,"victory":false,"max_hp_per_floor":[80,80,80,80,80,80,80,80,80,80,80,80,80,80,80,80,80,80,80,80,80,80,80],"card_choices":[{"not_picked":["Pray","EmptyFist"],"picked":"ReachHeaven","floor":1.0},{"not_picked":["SashWhip","Consecrate","CrushJoints"],"picked":"SKIP","floor":3.0},{"not_picked":["FollowUp","MentalFortress","DeceiveReality"],"picked":"SKIP","floor":4.0},{"not_picked":["EmptyFist","Meditate","CutThroughFate"],"picked":"SKIP","floor":7.0},{"not_picked":["Worship","Omniscience","Perseverance"],"picked":"SKIP","floor":12.0},{"not_picked":["SpiritShield","Alpha"],"picked":"DevaForm","floor":16.0},{"not_picked":["Consecrate"],"picked":"SKIP","floor":18.0},{"not_picked":["Meditate"],"picked":"SKIP","floor":20.0},{"not_picked":["JustLucky"],"picked":"SKIP","floor":21.0}],"player_experience":1802883,"relics_obtained":[{"floor":7.0,"key":"Oddly Smooth Stone"},{"floor":12.0,"key":"Vajra"}],"event_choices":[{"cards_removed":["Defend_P"],"damage_healed":0.0,"max_hp_gain":0.0,"max_hp_loss":0.0,"gold_gain":0.0,"event_name":"Purifier","player_choice":"Purged","floor":2.0,"gold_loss":0.0,"damage_taken":0.0},{"damage_healed":0.0,"max_hp_gain":0.0,"max_hp_loss":0.0,"gold_gain":0.0,"event_name":"Shining Light","player_choice":"Entered Light","floor":10.0,"gold_loss":0.0,"damage_taken":24.0,"cards_upgraded":["Strike_P","Defend_P"]},{"damage_healed":0.0,"max_hp_gain":0.0,"max_hp_loss":0.0,"gold_gain":150.0,"event_name":"Liars Game","player_choice":"AGREE","floor":14.0,"gold_loss":0.0,"damage_taken":0.0,"cards_obtained":["Doubt"]}],"is_beta":false,"boss_relics":[{"not_picked":["HolyWater","Runic Pyramid"],"picked":"Busted Crown"}],"items_purged_floors":[13,19],"is_endless":false,"potions_floor_spawned":[1,4,21],"killed_by":"Snake Plant","ascension_level":20}}