{"host":"23qk1co0p3p8qz56","time":1612512433,"event":{"mods":["100% Spire Juice","AchievementEnabler","Act Like it!","Arknights","BaseMod","Better Note","Better Third Choice","BetterRewards","CapriCore","Chen","Colored Map","Gold Saver","Koishi","Lobotomy","LobotomyExtend","Marisa（霧雨　魔理沙）","Minty Spire (QoL Compilation)","Prisma Mod","Reimu（博??梦）","StSLib","The Alterego","The Animator","The Immortal","The Senshi","Waifu the Spire","Yakumo Yukari mod"],"gold_per_floor":[306,319,334,115,93,127,137,137,162,162,162,162],"floor_reached":11,"language":"ENG","playtime":979,"items_purged":[],"score":73,"play_id":"d1617f49-cadc-4c19-b3d5-ec4f77236af2","local_time":"20210205010713","is_ascension_mode":false,"campfire_choices":[{"floor":8,"key":"REST"}],"circlet_count":0,"master_deck":["AT_purpleEX","AT_purpleEX","AT_purpleEX","AT_purpleEX","Defend_purpleEX","Defend_purpleEX","Defend_purpleEX","Defend_purpleEX","Observe_purple_1","Observe_purple_2+1","StateErode_purple","MNeedle_purple","MetroBOOM_purple","OmniscientAndOmnipotent_Monster_purple","Shallow_ocean_purpleEX","Yakumo_Ran_purple","Boundary_of_Extermination_purpleEX","SfantasyHide_purple","SharpContractionReality_purple","MeetDecomposer_purple","PanicButton"],"relics":["Boundary_crack","Memoryfragments_purpleEX","LetterFromLob","Strawberry","Nunchaku"],"acts_visited":["Exordium"],"potions_floor_usage":[],"damage_taken":[{"damage":3,"enemies":"2 Louse","floor":1,"turns":4},{"damage":3,"enemies":"Jaw Worm","floor":2,"turns":4},{"damage":1,"enemies":"Cultist","floor":3,"turns":5},{"damage":46,"enemies":"Lagavulin","floor":6,"turns":7},{"damage":3,"enemies":"Red Slaver","floor":7,"turns":4},{"damage":64,"enemies":"Gremlin Nob","floor":11,"turns":5}],"seed_played":"6899236215708634806","potions_obtained":[{"floor":1,"key":"BlessingOfTheForge"},{"floor":6,"key":"BlessingOfTheForge"},{"floor":7,"key":"Strength Potion"}],"is_trial":false,"path_per_floor":["M","M","M","$","?","E","M","R","T","?","E"],"character_chosen":"Youkari","items_purchased":["OmniscientAndOmnipotent_Monster_purple","Shallow_ocean_purpleEX","Yakumo_Ran_purple","Boundary_of_Extermination_purpleEX"],"campfire_rested":1,"item_purchase_floors":[4,4,4,4],"current_hp_per_floor":[70,70,70,70,70,34,32,55,55,55,0,0],"gold":162,"neow_bonus":"UPGRADE_CARD","is_daily":false,"chose_seed":false,"campfire_upgraded":0,"win_rate":0.0,"timestamp":1612512433,"path_taken":["M","M","M","$","?","E","M","R","T","?","E"],"items_purchased_type":["Card","Card","Card","Card"],"build_version":"2020-12-22","purchased_purges":0,"victory":false,"max_hp_per_floor":[70,70,70,70,70,77,77,77,77,77,77,77],"card_choices":[{"not_picked":["Mirror_WaveAndshot_purple","Umbrella_purple"],"picked":"StateErode_purple","floor":1},{"not_picked":["SfantasyHide_purple","Fantasy_PerpetualMotionMachine_purple"],"picked":"MNeedle_purple","floor":2},{"not_picked":["DimensionStaggered_purple","CommonSense_AntiCommonSense_purple"],"picked":"MetroBOOM_purple","floor":3},{"not_picked":["ExistenceContinue_purple","MeetDecomposer_purple"],"picked":"SfantasyHide_purple","floor":6},{"not_picked":["ExistenceContinue_purple","Shallow_ocean_purpleEX"],"picked":"SharpContractionReality_purple","floor":7}],"player_experience":30475,"relics_obtained":[{"floor":1,"key":"LetterFromLob"},{"floor":6,"key":"Strawberry"},{"floor":9,"key":"Nunchaku"}],"event_choices":[{"damage_healed":0,"gold_gain":0,"player_choice":"Left","damage_taken":0,"max_hp_gain":0,"max_hp_loss":0,"event_name":"betterThird:BetterGoop","floor":5,"gold_loss":22},{"damage_healed":0,"gold_gain":0,"player_choice":"2 cards matched","damage_taken":0,"max_hp_gain":0,"max_hp_loss":0,"event_name":"Match and Keep!","floor":10,"gold_loss":0,"cards_obtained":["MeetDecomposer_purple","PanicButton"]}],"is_beta":false,"boss_relics":[],"items_purged_floors":[],"is_endless":false,"potions_floor_spawned":[1,6,7],"killed_by":"Gremlin Nob","ascension_level":0}}