{"host":"0y7rggrn2c7yxnri","time":1612568052,"event":{"mods":["AchievementEnabler","Act Like it!","AlwaysNeverKeys","Aspiration","Bartender","BaseMod","Better Altar","Better Sensory Stone","Better Skull","Better Third Choice","Better Vampires","BetterRewards","Colored Map","Colored Powertips","Displayed Cursed Tome","GifTheSpireLib","Good Game Mod","Magitek Elite","Minty Spire (QoL Compilation)","Permanent Neow","Quick Restart","Rare Cards Sparkle","Relic Filter Mod","Reliquary","Replay The Spire","Shop Mod","Spicy Shops","Spire Arcade","StSLib","Stuff the Spire","The Alterego","The Animator","The Marked","The Servant 0.9.4","Transform Curses","Virulent Crown","Wandering Minibosses"],"gold_per_floor":[110,110,110,110,120,120,149,149,194,224,399,846,846,878,878,980,980,1076,132,143,157,157,190,207,238,238,267,40,140,363,381,381,479,479,492,492,492,492,503,503,605,616,642,642,658,658,668,130,130,130,130,130,128,163,163,163],"floor_reached":55,"language":"ENG","playtime":2383,"items_purged":["Decay","Doubt","Injury"],"score":1254,"play_id":"4ed28f80-1e50-42c0-aaf9-7f08b8f08c58","local_time":"20210205183412","is_ascension_mode":true,"campfire_choices":[{"data":"Dagger Spray","floor":6,"key":"SMITH"},{"data":"Neutralize","floor":8,"key":"SMITH"},{"floor":13,"key":"REST"},{"data":"Adrenaline","floor":15,"key":"SMITH"},{"data":"Accuracy","floor":32,"key":"SMITH"},{"data":"Storm of Steel","floor":44,"key":"SMITH"},{"data":"Bandage Up","floor":46,"key":"SMITH"},{"data":"After Image","floor":52,"key":"SMITH"}],"circlet_count":0,"master_deck":["Strike_G","Strike_G","Strike_G","Strike_G","Strike_G","Defend_G","Defend_G","Defend_G","Defend_G","Defend_G","Survivor","Neutralize+1","Bandage Up+1","Backstab","Dagger Spray+1","Riddle With Holes+1","Poisoned Stab+1","Adrenaline+1","After Image+1","StuffTheSpire:DoubleShiv","Poisoned Stab+1","Blade Dance+1","Blade Dance+1","Adrenaline","StuffTheSpire:DoubleShiv","Blade Dance+1","Blade Dance","Accuracy+1","Choke+1","Storm of Steel+1","Backstab+1","StuffTheSpire:BrainWave","Panacea","Escape Plan","After Image+1"],"relics":["Ring of the Snake","REME:ComplimentaryCards","Onion Ring","reliquary:BoilingFlask","reliquary:TridentHead","StuffTheSpire:Gunfinga","reliquary:Aerogel","Akabeko","Molten Egg 2","aspiration:HummingbirdHeart","reliquary:SharkskinSheath","reliquary:JackalopeAntler","Boot","Sozu","Sling","Darkstone Periapt","MerchantsRug","aspiration:Lifesprig","reliquary:FeatherDuster","Pen Nib","Medical Kit","Replay:Ringing Soul","aspiration:AnachronicSnailShell","Ninja Scroll","Kunai"],"acts_visited":["Exordium","TheCity","TheBeyond","TheEnding"],"potions_floor_usage":[16,55,55],"damage_taken":[{"damage":0,"enemies":"Small Slimes","floor":1,"turns":2},{"damage":0,"enemies":"Jaw Worm","floor":5,"turns":1},{"damage":0,"enemies":"Lagavulin","floor":7,"turns":2},{"damage":0,"enemies":"3 Sentries","floor":10,"turns":1},{"damage":4,"enemies":"Replay:BlueRogue","floor":14,"turns":2},{"damage":9,"enemies":"Hexaghost","floor":16,"turns":5},{"damage":0,"enemies":"Shell Parasite","floor":18,"turns":4},{"damage":0,"enemies":"2 Thieves","floor":20,"turns":2},{"damage":0,"enemies":"Snake Plant","floor":21,"turns":1},{"damage":6,"enemies":"Gremlin Leader","floor":23,"turns":2},{"damage":0,"enemies":"Cultist and Chosen","floor":24,"turns":2},{"damage":0,"enemies":"Replay:Snechameleon","floor":25,"turns":1},{"damage":0,"enemies":"Slavers","floor":27,"turns":1},{"damage":0,"enemies":"3 Cultists","floor":30,"turns":5},{"damage":0,"enemies":"Shelled Parasite and Fungi","floor":31,"turns":1},{"damage":5,"enemies":"Collector","floor":33,"turns":3},{"damage":0,"enemies":"Orb Walker","floor":35,"turns":1},{"damage":40,"enemies":"3 Shapes","floor":39,"turns":2},{"damage":0,"enemies":"3 Darklings","floor":41,"turns":4},{"damage":8,"enemies":"4 Shapes","floor":42,"turns":2},{"damage":0,"enemies":"Maw","floor":45,"turns":4},{"damage":0,"enemies":"Transient","floor":47,"turns":5},{"damage":44,"enemies":"Replay:Hell Engine","floor":50,"turns":6},{"damage":23,"enemies":"Shield and Spear","floor":54,"turns":5},{"damage":52,"enemies":"The Heart","floor":55,"turns":8}],"seed_played":"973330891149878084","potions_obtained":[{"floor":7,"key":"Weak Potion"},{"floor":10,"key":"Energy Potion"},{"floor":14,"key":"Fruit Juice"}],"is_trial":false,"path_per_floor":["M","?","?","?","M","R","E","R","T","E","?","?","R","E","R","B",null,"M","$","M","M","?","E","M","E","T","E","$","?","M","M","R","B",null,"M","?","?","?","M","R","M","M","T","R","M","R","M","$","R_BF","B",null,"R","$","E","B"],"character_chosen":"THE_SILENT","items_purchased":["Onion Ring","reliquary:BoilingFlask","Backstab","BargainBundle","Question Card","reliquary:TridentHead","StuffTheSpire:Gunfinga","Sling","Replay:Multitool","Darkstone Periapt","MerchantsRug","Orrery","Blade Dance","Accuracy","Medical Kit","Replay:Ringing Soul","aspiration:AnachronicSnailShell","Ninja Scroll"],"campfire_rested":1,"item_purchase_floors":[0,0,0,0,0,0,0,19,19,19,19,19,28,28,48,48,53,53],"current_hp_per_floor":[63,56,56,70,70,70,70,70,70,70,70,31,52,48,48,49,69,73,73,73,73,73,67,71,71,71,71,76,76,76,76,76,71,75,76,76,69,69,29,49,53,49,49,49,53,53,59,69,69,31,60,60,69,46,0,0],"gold":163,"neow_bonus":"","is_daily":false,"chose_seed":false,"campfire_upgraded":7,"win_rate":0.0,"timestamp":1612568052,"path_taken":["M","?","?","?","M","R","E","R","T","E","?","?","R","E","R","BOSS","M","$","?","M","?","E","M","E","T","E","$","?","?","M","R","BOSS","M","?","?","?","M","R","M","M","T","R","?","R","M","$","R_BF","BOSS","R","$","E","BOSS"],"items_purchased_type":["Relic","Relic","Card","Relic","Relic","Relic","Relic","Relic","Relic","Relic","Relic","Relic","Card","Card","Relic","Relic","Relic","Relic"],"build_version":"2020-12-22","purchased_purges":3,"victory":false,"max_hp_per_floor":[70,70,70,70,70,70,70,70,70,70,70,70,70,70,70,76,76,76,76,76,76,76,76,76,76,76,76,76,76,76,76,76,76,76,76,76,69,69,69,69,69,69,69,69,69,69,69,69,69,69,69,69,69,69,69,69],"card_choices":[{"not_picked":["Flying Knee","Dagger Throw","Underhanded Strike"],"picked":"Dagger Spray","floor":1},{"not_picked":["Sucker Punch+1","Underhanded Strike+1","Eviscerate+1"],"picked":"Riddle With Holes+1","floor":5},{"not_picked":["StuffTheSpire:Repulse","Wraith Form v2","StuffTheSpire:Injection+1","ReplayTheSpireMod:Exploit Weakness"],"picked":"SKIP","floor":7},{"not_picked":["Prepared","Crippling Poison","StuffTheSpire:Injection+1"],"picked":"Poisoned Stab+1","floor":10},{"not_picked":["Dagger Throw+1","Quick Slash+1","Calculated Gamble"],"picked":"Adrenaline","floor":14},{"not_picked":["Corpse Explosion","Envenom","A Thousand Cuts"],"picked":"After Image","floor":16},{"not_picked":["PiercingWail","Backflip","Bane+1"],"picked":"StuffTheSpire:DoubleShiv","floor":18},{"not_picked":["Bouncing Flask","Dagger Throw+1","All Out Attack+1"],"picked":"Poisoned Stab+1","floor":19},{"not_picked":["StuffTheSpire:ClusterCrunch+1","Reflex","Backflip+1"],"picked":"Blade Dance+1","floor":19},{"not_picked":["Finisher+1","Outmaneuver","Endless Agony+1"],"picked":"Blade Dance","floor":19},{"not_picked":["Dagger Throw+1","Masterful Stab+1","Flechettes+1"],"picked":"Adrenaline","floor":19},{"not_picked":["Leg Sweep","Slice+1","StuffTheSpire:ClusterCrunch+1"],"picked":"StuffTheSpire:DoubleShiv","floor":20},{"not_picked":["StuffTheSpire:Python","StuffTheSpire:Repulse+1","Deadly Poison","Acrobatics"],"picked":"SKIP","floor":21},{"not_picked":["Grand Finale+1","Bane+1","StuffTheSpire:Incursion","Draining Mist+1"],"picked":"SKIP","floor":23},{"not_picked":["Hidden Blade","StuffTheSpire:Injection+1","Dagger Spray+1"],"picked":"Blade Dance+1","floor":24},{"not_picked":["Eviscerate+1","Concentrate","Burst","Acrobatics"],"picked":"SKIP","floor":25},{"not_picked":["StuffTheSpire:Incantation+1","Deflect","All Out Attack+1","Prepared"],"picked":"SKIP","floor":27},{"not_picked":["ReplayTheSpireMod:Speed Training+1","PiercingWail","Catalyst"],"picked":"Choke+1","floor":30},{"not_picked":["StuffTheSpire:Python","StuffTheSpire:Shiver","ReplayTheSpireMod:Tripwire","Cloak And Dagger"],"picked":"SKIP","floor":31},{"not_picked":["Malaise","Glass Knife+1","Unload+1"],"picked":"Storm of Steel","floor":33},{"not_picked":["Blade Dance+1","Backflip+1","Hidden Blade+1"],"picked":"Backstab+1","floor":35},{"not_picked":["Outmaneuver","Poisoned Stab+1","StuffTheSpire:Incantation+1","StuffTheSpire:Incursion"],"picked":"SKIP","floor":39},{"not_picked":["Cloak And Dagger","Predator+1","Finisher+1","Dagger Spray+1"],"picked":"SKIP","floor":41},{"not_picked":["StuffTheSpire:Python","Prepared+1","Poisoned Stab+1"],"picked":"Escape Plan","floor":42},{"not_picked":["Deflect+1","Bane+1","PiercingWail","Underhanded Strike+1"],"picked":"SKIP","floor":45},{"not_picked":["Underhanded Strike+1","Slice+1","StuffTheSpire:ClusterCrunch+1"],"picked":"After Image","floor":47},{"not_picked":["PiercingWail+1","StuffTheSpire:ClusterCrunch+1","StuffTheSpire:Injection+1"],"picked":"SKIP","floor":54}],"player_experience":324039,"relics_obtained":[{"floor":7,"key":"aspiration:HummingbirdHeart"},{"floor":9,"key":"reliquary:SharkskinSheath"},{"floor":10,"key":"reliquary:JackalopeAntler"},{"floor":14,"key":"Boot"},{"floor":23,"key":"Replay:Baseball"},{"floor":25,"key":"aspiration:Lifesprig"},{"floor":26,"key":"MealTicket"},{"floor":27,"key":"reliquary:FeatherDuster"},{"floor":43,"key":"Pen Nib"},{"floor":54,"key":"Kunai"}],"event_choices":[{"damage_healed":0,"gold_gain":0,"player_choice":"Relic ","damage_taken":7,"max_hp_gain":0,"max_hp_loss":0,"event_name":"betterThird:BetterScrap","floor":2,"gold_loss":0,"cards_obtained":["Wallop"]},{"damage_healed":0,"gold_gain":175,"player_choice":"AGREE","damage_taken":224,"max_hp_gain":0,"max_hp_loss":0,"event_name":"betterThird:BetterSerpent","floor":11,"gold_loss":0},{"damage_healed":0,"gold_gain":447,"player_choice":"GO GO GO GO ","damage_taken":43,"relics_obtained":[],"max_hp_gain":0,"max_hp_loss":0,"event_name":"betterSkull:BetterSkull","floor":12,"gold_loss":0,"cards_upgraded":[]},{"damage_healed":0,"gold_gain":100,"player_choice":"Pray","damage_taken":0,"max_hp_gain":0,"max_hp_loss":0,"event_name":"Golden Shrine","floor":29,"gold_loss":0},{"damage_healed":0,"gold_gain":0,"player_choice":"1 cards matched","damage_taken":0,"max_hp_gain":0,"max_hp_loss":0,"event_name":"Match and Keep!","floor":38,"gold_loss":0,"cards_obtained":["Panacea"]}],"is_beta":false,"boss_relics":[{"not_picked":["Kintsugi","Pandora\u0027s Box"],"picked":"Sozu"},{"not_picked":["Fusion Hammer","aspiration:ServantSkillbook"],"picked":"reliquary:WritOfMandamus"}],"items_purged_floors":[0,28,48],"is_endless":false,"potions_floor_spawned":[7,10,14,20,23,30,31,33,41,42],"killed_by":"The Heart","ascension_level":7}}