{"host":"1v3mnj67s3trvm6y","time":1612522758,"event":{"mods":["BaseMod","Challenge The Spire","Downfall","Minty Spire (QoL Compilation)","StSLib"],"gold_per_floor":[99,113,132,132,142,142,142,142,172,190,63,83,83,68,80,183,183,83,102,114,149,168,68,122,133,165,179,192,202,212,212,223,326,326,226,240,225,236,252,271,294,312,312,312,327,337,337,337,354,354,354,383,10,10,10,10,10,10],"floor_reached":56,"language":"ENG","playtime":6558,"items_purged":["bronze:Strike"],"score":706,"play_id":"7114148a-0e98-48a4-a854-8ff118277298","local_time":"20210205195918","is_ascension_mode":false,"campfire_choices":[{"data":"bronze:Goto","floor":1,"key":"SMITH"},{"floor":6,"key":"RECALL"},{"data":"bronze:Turbo","floor":18,"key":"SMITH"},{"floor":23,"key":"REST"},{"data":"bronze:Hardcode","floor":35,"key":"SMITH"},{"data":"bronze:ForLoop","floor":44,"key":"SMITH"},{"floor":47,"key":"REST"},{"data":"bronze:HardenedForm","floor":54,"key":"SMITH"}],"circlet_count":0,"master_deck":["bronze:Replicate","bronze:Goto+1","bronze:ForceShield","bronze:Refactor","bronze:Fortify","bronze:ForceShield","bronze:FineTuning","bronze:Turbo+1","bronze:ClassDefault","bronze:Virus","bronze:BuggyMess","bronze:Boost","bronze:ForLoop+1","bronze:Allocate","bronze:Repair+1","bronze:Overheat+1","bronze:Terminator","bronze:Terminator+1","bronze:Overheat","bronze:FunctionCard","bronze:DarkDash+1","bronze:FunctionCard","bronze:Overheat+1","bronze:Iterate+1","bronze:MaxOutput+1","bronze:Return+1","bronze:Shell+1","bronze:Iterate+1","bronze:DarkDash+1","bronze:HardenedForm+1","bronze:ThunderWave"],"relics":["bronze:BronzeCore","Bronze Scales","Matryoshka","Velvet Choker","downfall:HeartBlessingRed","Red Mask","downfall:HeartBlessingBlue","Juzu Bracelet","Strawberry","Singing Bowl","Astrolabe","downfall:HeartBlessingGreen","Toxic Egg 2","Oddly Smooth Stone","Blue Candle","Lee\u0027s Waffle"],"acts_visited":["Exordium","TheCity","TheBeyond","TheEnding"],"potions_floor_usage":[16,16,26,33,52,55,56,56],"damage_taken":[{"damage":2,"enemies":"2 Louse","floor":2,"turns":2},{"damage":0,"enemies":"Jaw Worm","floor":3,"turns":5},{"damage":0,"enemies":"Small Slimes","floor":5,"turns":3},{"damage":29,"enemies":"3 Sentries","floor":9,"turns":19},{"damage":2,"enemies":"Blue Slaver","floor":10,"turns":4},{"damage":0,"enemies":"downfall:FleeingMerchant","floor":11,"turns":4},{"damage":9,"enemies":"Large Slime","floor":12,"turns":10},{"damage":1,"enemies":"downfall:FleeingMerchant","floor":14,"turns":4},{"damage":10,"enemies":"Exordium Wildlife","floor":15,"turns":5},{"damage":20,"enemies":"DF_ARCHETYPE_STREAMLINE","floor":16,"turns":13},{"damage":1,"enemies":"Spheric Guardian","floor":19,"turns":4},{"damage":13,"enemies":"3 Cultists","floor":20,"turns":6},{"damage":23,"enemies":"Masked Bandits","floor":21,"turns":5},{"damage":0,"enemies":"Sentry and Sphere","floor":22,"turns":6},{"damage":11,"enemies":"Snecko","floor":25,"turns":6},{"damage":32,"enemies":"Slavers","floor":26,"turns":4},{"damage":5,"enemies":"Cultist and Chosen","floor":27,"turns":8},{"damage":13,"enemies":"Snake Plant","floor":28,"turns":5},{"damage":0,"enemies":"Centurion and Healer","floor":29,"turns":7},{"damage":3,"enemies":"Snecko","floor":30,"turns":7},{"damage":26,"enemies":"Snecko","floor":31,"turns":9},{"damage":28,"enemies":"Snake Plant","floor":32,"turns":6},{"damage":28,"enemies":"IC_MUSHROOM_ARCHETYPE","floor":33,"turns":7},{"damage":17,"enemies":"3 Shapes","floor":36,"turns":5},{"damage":20,"enemies":"downfall:FleeingMerchant","floor":37,"turns":4},{"damage":27,"enemies":"3 Darklings","floor":38,"turns":7},{"damage":35,"enemies":"Jaw Worm Horde","floor":39,"turns":5},{"damage":40,"enemies":"Maw","floor":40,"turns":7},{"damage":18,"enemies":"Sphere and 2 Shapes","floor":42,"turns":6},{"damage":38,"enemies":"Writhing Mass","floor":45,"turns":6},{"damage":24,"enemies":"Maw","floor":46,"turns":8},{"damage":6,"enemies":"Spire Growth","floor":49,"turns":5},{"damage":39,"enemies":"WA_ARCHETYPE_DIVINITY","floor":50,"turns":18},{"damage":97,"enemies":"downfall:CharBossMerchant","floor":52,"turns":13},{"damage":77,"enemies":"downfall:NeowBoss","floor":55,"turns":21},{"damage":79,"enemies":"downfall:NeowBossFinal","floor":56,"turns":11}],"seed_played":"-40835587710432167","potions_obtained":[{"floor":3,"key":"Block Potion"},{"floor":9,"key":"Weak Potion"},{"floor":10,"key":"bronze:BurnAndBuffPotion"},{"floor":21,"key":"Explosive Potion"},{"floor":22,"key":"LiquidBronze"},{"floor":26,"key":"Strength Potion"},{"floor":32,"key":"FairyPotion"},{"floor":40,"key":"bronze:CleanCodePotion"},{"floor":42,"key":"Block Potion"},{"floor":52,"key":"AttackPotion"}],"is_trial":false,"path_per_floor":["R","M","M","?","M","R","T","?","E","M","$","M","T","$","M","B",null,"R","M","M","?","M","R","T","M","E","M","M","M","M","?","M","B",null,"R","M","$","M","M","M","T","M","?","R","M","M","R","?","M","B",null,"E","$","R","B","B"],"character_chosen":"THE_AUTOMATON","items_purchased":["bronze:InfiniteBeams","Lee\u0027s Waffle","bronze:HardenedForm","bronze:ThunderWave"],"campfire_rested":2,"item_purchase_floors":[11,53,53,53],"current_hp_per_floor":[70,68,68,73,73,73,73,73,44,42,42,33,33,32,22,2,75,75,74,61,38,38,73,80,69,37,43,40,50,92,87,78,61,92,92,85,67,50,25,28,28,20,104,104,76,62,93,93,97,65,104,20,113,113,46,0,0,0],"gold":10,"neow_bonus":"REMOVE_CARD","is_daily":false,"chose_seed":false,"campfire_upgraded":5,"win_rate":0.0,"timestamp":1612522758,"path_taken":["R","M","M","?","M","R","T","?","E","M","$","M","?","$","M","BOSS","R","M","M","?","M","R","T","M","E","M","M","M","M","?","M","BOSS","R","M","$","M","M","M","T","M","?","R","M","M","R","?","M","BOSS","E","$","R","BOSS","BOSS"],"items_purchased_type":["Card","Relic","Card","Card"],"build_version":"2020-12-22","purchased_purges":1,"victory":false,"max_hp_per_floor":[70,70,70,75,75,75,75,75,75,75,75,75,75,75,75,75,75,75,75,75,75,75,85,92,92,92,92,92,92,92,92,92,92,92,92,92,94,94,94,94,94,94,104,104,104,104,104,104,104,104,104,106,113,113,113,113,113,113],"card_choices":[{"not_picked":["bronze:Overheat","bronze:BuggyMess"],"picked":"bronze:Constructor","floor":2},{"not_picked":["bronze:WildBeam","bronze:ForLoop"],"picked":"bronze:ForceShield","floor":3},{"not_picked":["bronze:Constructor","bronze:BitShift"],"picked":"bronze:Refactor","floor":5},{"not_picked":["bronze:Overload","bronze:Refactor"],"picked":"bronze:Fortify","floor":9},{"not_picked":["bronze:ClassDefault","bronze:ForLoop"],"picked":"bronze:ForceShield","floor":10},{"not_picked":["bronze:Shield","bronze:DigitalCarnage"],"picked":"bronze:FineTuning","floor":11},{"not_picked":["bronze:Branch","bronze:DelayedSlice"],"picked":"bronze:WhirlingStrike","floor":12},{"not_picked":["bronze:Overheat","bronze:DelayedGuard"],"picked":"bronze:Turbo","floor":14},{"not_picked":["bronze:Shield","bronze:BronzeOrb"],"picked":"bronze:ClassDefault","floor":15},{"not_picked":["bronze:FindAndReplace","bronze:AlphaBuild"],"picked":"bronze:Virus","floor":16},{"not_picked":["bronze:WildBeam+1","bronze:DelayedSlice"],"picked":"bronze:BronzeArmor","floor":19},{"not_picked":["bronze:DelayedSlice","bronze:FineTuning"],"picked":"bronze:BuggyMess","floor":20},{"not_picked":["bronze:BugBarrage","bronze:Return"],"picked":"bronze:Boost","floor":21},{"not_picked":["bronze:Overload","bronze:DarkDash+1"],"picked":"bronze:ForLoop","floor":22},{"not_picked":["bronze:FindAndReplace","bronze:Philosophize"],"picked":"bronze:Allocate","floor":25},{"not_picked":["bronze:CutThrough+1","bronze:AlphaBuild"],"picked":"bronze:Repair+1","floor":26},{"not_picked":["bronze:Shield","bronze:BitShift"],"picked":"bronze:Overheat+1","floor":27},{"not_picked":["bronze:Optimize","bronze:Philosophize"],"picked":"bronze:Terminator","floor":28},{"not_picked":["bronze:NullPointer","bronze:WildBeam"],"picked":"bronze:Terminator+1","floor":29},{"not_picked":["bronze:DelayedGuard+1","bronze:DarkDash"],"picked":"bronze:Invalidate","floor":30},{"not_picked":["bronze:Backtrace","bronze:Shell"],"picked":"bronze:Overheat","floor":32},{"not_picked":["bronze:Virus","bronze:RecursiveStrike"],"picked":"bronze:Hardcode","floor":33},{"not_picked":["bronze:FineTuning","bronze:DigitalCarnage+1"],"picked":"bronze:DarkDash+1","floor":36},{"not_picked":["bronze:BugBarrage","bronze:Safeguard+1","bronze:DelayedSlice"],"picked":"Singing Bowl","floor":37},{"not_picked":["bronze:Flail","bronze:Fortify"],"picked":"bronze:Overheat+1","floor":38},{"not_picked":["bronze:Backtrace","bronze:Separator"],"picked":"bronze:Iterate+1","floor":39},{"not_picked":["bronze:Frontload+1","bronze:Optimize+1"],"picked":"bronze:MaxOutput+1","floor":40},{"not_picked":["bronze:WhirlingStrike","bronze:DarkDash+1"],"picked":"bronze:Return+1","floor":42},{"not_picked":["bronze:Frontload+1","bronze:Branch+1"],"picked":"bronze:Shell+1","floor":45},{"not_picked":["bronze:Optimize","bronze:OilSpill+1"],"picked":"bronze:Iterate+1","floor":46},{"not_picked":["bronze:Flail+1","bronze:Shield+1"],"picked":"bronze:DarkDash+1","floor":49},{"not_picked":["bronze:DelayedGuard+1","bronze:OilSpill+1","bronze:Repulsor+1"],"picked":"Singing Bowl","floor":52}],"player_experience":1666510,"relics_obtained":[{"floor":9,"key":"Bronze Scales"},{"floor":13,"key":"Matryoshka"},{"floor":21,"key":"Red Mask"},{"floor":24,"key":"Juzu Bracelet"},{"floor":24,"key":"Strawberry"},{"floor":26,"key":"Singing Bowl"},{"floor":41,"key":"Toxic Egg 2"},{"floor":41,"key":"Oddly Smooth Stone"},{"floor":52,"key":"Blue Candle"}],"event_choices":[{"damage_healed":0,"gold_gain":0,"player_choice":"Donut","damage_taken":0,"max_hp_gain":5,"max_hp_loss":0,"event_name":"Big Fish","floor":4,"gold_loss":0},{"cards_removed":["bronze:Strike"],"damage_healed":0,"gold_gain":0,"player_choice":"Card Removal","damage_taken":0,"max_hp_gain":0,"max_hp_loss":0,"event_name":"The Cleric","floor":8,"gold_loss":0},{"damage_healed":0,"gold_gain":0,"player_choice":"Fought Bandits","damage_taken":0,"max_hp_gain":0,"max_hp_loss":0,"event_name":"Masked Bandits","floor":21,"gold_loss":0},{"cards_removed":["bronze:InfiniteBeams"],"damage_healed":0,"gold_gain":0,"player_choice":"Removed Power","damage_taken":0,"max_hp_gain":0,"max_hp_loss":0,"event_name":"Falling","floor":48,"gold_loss":0}],"is_beta":false,"boss_relics":[{"not_picked":["SacredBark","Runic Pyramid"],"picked":"Velvet Choker"},{"not_picked":["Tiny House","Black Star"],"picked":"Astrolabe"}],"items_purged_floors":[11],"is_endless":false,"potions_floor_spawned":[3,9,10,21,22,26,27,31,32,40,42,45,46,52],"killed_by":"downfall:NeowBossFinal","ascension_level":0}}