{"host":"x1wt4ryasj4hxyw3","time":1612509897,"event":{"mods":["Act Like it!","BaseMod","CapriCore","CavMod","Gensokyo","GungeonMod","Lobotomy","LobotomyExtend","Minty Spire (QoL Compilation)","Prisma Mod","Quick Restart","Remilia（蕾米莉亚）","RumiaBox-露米娅的神秘盒子","StSLib","The Administrix","The Alterego","The Immortal","Youmu（魂魄妖梦）","Yuyuko","【功能Mod】混沌之环修复补丁"],"gold_per_floor":[115,115,129,142,161,191,191,191,191,191,219,219,394,413,413,413,413],"floor_reached":16,"language":"ZHS","playtime":1247,"items_purged":[],"score":110,"play_id":"197838fe-b94b-44e7-ab16-bf25256da6b8","local_time":"20210205152457","is_ascension_mode":false,"campfire_choices":[{"data":"EquivalentExchange","floor":8,"key":"SMITH"},{"data":"DemonKingCradle","floor":15,"key":"SMITH"}],"circlet_count":0,"master_deck":["HappyTeddy","HappyTeddy","MastersStateliness","SnowQueen","OldLady","ReincarnationDial","FieryBird","EquivalentExchange+1","Stigmanizer","BloodySeventeenLaser","BloodyHallows","ScarletCoffin","ChaoticDestiny","DemonKingCradle+1","HellCatastrophe","BatForm","Wellcheers","VampireFantasy","Doubt","Scorched","BombardNight"],"relics":["ScarletHat","CogitoBucket","LetterFromLob","Tiny Chest","DemoMod:WeirdEgg","SumBook","FaceOfCleric","PreservedInsect","DemoMod:MemoryAlloy","FleshIdol"],"acts_visited":["Exordium"],"potions_floor_usage":[6],"damage_taken":[{"damage":5,"enemies":"Jaw Worm","floor":1,"turns":5},{"damage":3,"enemies":"Cultist","floor":3,"turns":5},{"damage":0,"enemies":"2 Louse","floor":4,"turns":2},{"damage":0,"enemies":"Looter","floor":5,"turns":3},{"damage":4,"enemies":"3 Sentries","floor":6,"turns":6},{"damage":12,"enemies":"Gremlin Nob","floor":11,"turns":4},{"damage":28,"enemies":"Red Slaver","floor":14,"turns":4},{"damage":44,"enemies":"The Guardian","floor":16,"turns":4}],"seed_played":"5023512905310036127","potions_obtained":[{"floor":3,"key":"SpeedPotion"},{"floor":4,"key":"Strength Potion"}],"is_trial":false,"path_per_floor":["M","?","M","M","M","E","?","R","T","?","E","T","?","M","R","B"],"character_chosen":"REMILIA","items_purchased":[],"campfire_rested":0,"item_purchase_floors":[],"current_hp_per_floor":[71,71,70,70,72,71,71,71,71,71,64,64,64,37,37,0,0],"gold":413,"neow_bonus":"","is_daily":false,"chose_seed":false,"campfire_upgraded":2,"win_rate":0.0,"timestamp":1612509897,"path_taken":["M","?","?","M","M","E","?","R","T","?","E","?","?","?","R","BOSS"],"items_purchased_type":[],"build_version":"2020-12-22","purchased_purges":0,"victory":false,"max_hp_per_floor":[75,75,75,75,75,75,75,75,75,75,76,76,76,77,77,77,77],"card_choices":[{"not_picked":["LaLuna","FairyFestival"],"picked":"HappyTeddy","floor":1},{"not_picked":["LaLuna","FairyFestival"],"picked":"HappyTeddy","floor":1},{"not_picked":["VampireKiss","RedRainbow"],"picked":"CharismaGuard","floor":1},{"not_picked":["WallGazer","HeroicMonk","BeautyBeast"],"picked":"Singing Bowl","floor":3},{"not_picked":["Stigmanizer","NightDance"],"picked":"MastersStateliness","floor":3},{"not_picked":["UniverseFragment","WallGazer","Funeral"],"picked":"Singing Bowl","floor":4},{"not_picked":["BeautyBeast","CrumblingArmor"],"picked":"SnowQueen","floor":4},{"not_picked":["RedRainbow","ScarletDream"],"picked":"ScarletDevil","floor":4},{"not_picked":["VoidDream","Scarecrow","OSAHOGD"],"picked":"Singing Bowl","floor":5},{"not_picked":["Porccubus","Scorched"],"picked":"OldLady","floor":5},{"not_picked":["StarOfDavid","NightDance"],"picked":"ReincarnationDial","floor":5},{"not_picked":["SpiderBud","BlackSwan"],"picked":"FieryBird","floor":6},{"not_picked":["Ultimatum","BloodyCatastrophe"],"picked":"EquivalentExchange","floor":6},{"not_picked":["WallGazer","SpiderBud","RedShoes"],"picked":"Singing Bowl","floor":11},{"not_picked":["FairyFestival","Bloodbath"],"picked":"Wellcheers","floor":11},{"not_picked":["GlobalNightmare","MiserableFate"],"picked":"VampireFantasy","floor":11},{"not_picked":["MHz","VoidDream","CrumblingArmor"],"picked":"Singing Bowl","floor":14},{"not_picked":["SpiderBud","ShyLook"],"picked":"Scorched","floor":14},{"not_picked":["SuperhumanBloodyKnife","RedRainbow"],"picked":"BombardNight","floor":14}],"player_experience":175477,"relics_obtained":[{"floor":1,"key":"LetterFromLob"},{"floor":6,"key":"DemoMod:WeirdEgg"},{"floor":9,"key":"SumBook"},{"floor":11,"key":"PreservedInsect"},{"floor":12,"key":"DemoMod:MemoryAlloy"}],"event_choices":[{"cards_removed":["CharismaGuard"],"damage_healed":0,"gold_gain":0,"player_choice":"Gave Card","damage_taken":0,"relics_obtained":["Tiny Chest"],"max_hp_gain":0,"max_hp_loss":0,"event_name":"WeMeetAgain","floor":2,"gold_loss":0},{"damage_healed":0,"gold_gain":0,"cards_transformed":["Strike_RM"],"player_choice":"Change","damage_taken":0,"max_hp_gain":0,"max_hp_loss":0,"event_name":"Living Wall","floor":7,"gold_loss":0,"cards_obtained":["Stigmanizer"]},{"damage_healed":0,"gold_gain":0,"player_choice":"Trade","damage_taken":0,"relics_obtained":["FaceOfCleric"],"max_hp_gain":0,"max_hp_loss":0,"event_name":"FaceTrader","floor":10,"gold_loss":0},{"damage_healed":0,"gold_gain":175,"player_choice":"AGREE","damage_taken":0,"max_hp_gain":0,"max_hp_loss":0,"event_name":"Liars Game","floor":13,"gold_loss":0,"cards_obtained":["Doubt"]}],"is_beta":false,"boss_relics":[],"items_purged_floors":[],"is_endless":false,"potions_floor_spawned":[3,4],"killed_by":"The Guardian","ascension_level":0}}