{"host":"7fyy23rucerupe6i","time":1612507101,"event":{"mods":["BaseMod","Minty Spire (QoL Compilation)","StSLib","The Senshi"],"gold_per_floor":[116,116,116,131,156,192,117,117,142,142,156,179,179,203,203,203,203],"floor_reached":16,"language":"ZHS","playtime":591,"items_purged":["theSenshi:SailorKick"],"score":102,"play_id":"0207bf0c-49d2-419c-87ac-3552217b2363","local_time":"20210205143821","is_ascension_mode":false,"campfire_choices":[{"floor":8,"key":"REST"},{"data":"theSenshi:MoonCosmicPowerMakeUp","floor":10,"key":"SMITH"},{"data":"theSenshi:RoseThrow","floor":13,"key":"SMITH"},{"data":"theSenshi:MoonTwilightFlash","floor":15,"key":"SMITH"}],"circlet_count":0,"master_deck":["theSenshi:SailorKick","theSenshi:SailorKick","theSenshi:SailorKick","theSenshi:SailorBlock","theSenshi:SailorBlock","theSenshi:SailorBlock","theSenshi:SailorBlock","theSenshi:RoseThrow+1","theSenshi:MoonPrismPowerMakeUp","theSenshi:MoonCosmicPowerMakeUp+1","theSenshi:MoonPunch","theSenshi:MoonTwilightFlash+1"],"relics":["Busted Crown","Golden Idol","theSenshi:CosmicHeartCompactRelic","Boot"],"acts_visited":["Exordium"],"potions_floor_usage":[16],"damage_taken":[{"damage":0,"enemies":"Jaw Worm","floor":1,"turns":3},{"damage":4,"enemies":"Cultist","floor":4,"turns":4},{"damage":1,"enemies":"Small Slimes","floor":5,"turns":4},{"damage":39,"enemies":"3 Sentries","floor":6,"turns":13},{"damage":0,"enemies":"Blue Slaver","floor":11,"turns":4},{"damage":0,"enemies":"Looter","floor":12,"turns":4},{"damage":2,"enemies":"Red Slaver","floor":14,"turns":4},{"damage":37,"enemies":"Slime Boss","floor":16,"turns":8}],"seed_played":"8490740595872791600","potions_obtained":[{"floor":1,"key":"FearPotion"},{"floor":5,"key":"BlessingOfTheForge"},{"floor":6,"key":"DistilledChaos"}],"is_trial":false,"path_per_floor":["M","?","?","M","M","E","$","R","T","R","M","M","R","M","R","B"],"character_chosen":"THE_SENSHI","items_purchased":[],"campfire_rested":1,"item_purchase_floors":[],"current_hp_per_floor":[75,57,57,53,52,13,13,35,35,35,35,35,35,33,33,0,0],"gold":203,"neow_bonus":"BOSS_RELIC","is_daily":false,"chose_seed":false,"campfire_upgraded":3,"win_rate":0.0,"timestamp":1612507101,"path_taken":["M","?","?","M","?","E","$","R","T","R","M","M","R","M","R","BOSS"],"items_purchased_type":[],"build_version":"2020-12-22","purchased_purges":1,"victory":false,"max_hp_per_floor":[75,75,75,75,75,75,75,75,75,75,75,75,75,75,75,75,75],"card_choices":[{"not_picked":[],"picked":"theSenshi:MoonCosmicPowerMakeUp","floor":1},{"not_picked":["theSenshi:TallSilhouette"],"picked":"SKIP","floor":4},{"not_picked":["theSenshi:Sidestep"],"picked":"SKIP","floor":5},{"not_picked":["theSenshi:Sidestep"],"picked":"SKIP","floor":6},{"not_picked":["theSenshi:PlutosSolemnity"],"picked":"SKIP","floor":11},{"not_picked":[],"picked":"theSenshi:MoonPunch","floor":12},{"not_picked":[],"picked":"theSenshi:MoonTwilightFlash","floor":14}],"player_experience":332956,"relics_obtained":[{"floor":6,"key":"theSenshi:CosmicHeartCompactRelic"},{"floor":9,"key":"Boot"}],"event_choices":[{"damage_healed":0,"gold_gain":0,"player_choice":"Take Damage","damage_taken":18,"relics_obtained":["Golden Idol"],"max_hp_gain":0,"max_hp_loss":0,"event_name":"Golden Idol","floor":2,"gold_loss":0},{"damage_healed":0,"gold_gain":0,"player_choice":"Ignored","damage_taken":0,"max_hp_gain":0,"max_hp_loss":0,"event_name":"NoteForYourself","floor":3,"gold_loss":0}],"is_beta":false,"boss_relics":[],"items_purged_floors":[7],"is_endless":false,"potions_floor_spawned":[1,5,6],"killed_by":"Slime Boss","ascension_level":0}}