{"host":"6q6idgl71g9ab7at","time":1612510012,"event":{"mods":["BaseMod","Minty Spire (QoL Compilation)","StSLib","SuperFastMode"],"gold_per_floor":[116,135,152,163,113,141,161,190,190,218,143,156,166,192,192,292,292,304,304,321,321,337,337,337,337,337,356,4,30,30,61,61,156,156,172,172,191,52,67,67,95,112,112,112,0,17,67,102,102,102],"floor_reached":51,"language":"KOR","playtime":1251,"items_purged":["Strike_G","Strike_G","Strike_G"],"score":890,"play_id":"0be83616-e321-4163-bc61-7a0a1e05f9a0","local_time":"20210205162652","is_ascension_mode":true,"campfire_choices":[{"floor":15.0,"key":"REST"},{"data":"Catalyst","floor":23.0,"key":"SMITH"},{"data":"Catalyst","floor":25.0,"key":"SMITH"},{"data":"Venomology","floor":32.0,"key":"SMITH"},{"floor":40,"key":"REST"},{"data":"1","floor":49,"key":"LIFT"}],"circlet_count":0,"master_deck":["Defend_G","Defend_G","Defend_G","Defend_G","Survivor","Neutralize","Glass Knife","Heel Hook","Deadly Poison","Blade Dance+1","Catalyst+1","Backflip","Deadly Poison+1","Dagger Spray+1","Dash+1","Dagger Spray+1","Venomology+1","Corpse Explosion","Crippling Poison","Catalyst+1","Reflex+1","Dagger Throw+1","Noxious Fumes","Blur","Acrobatics+1","Flash of Steel+1","Good Instincts","Magnetism","Escape Plan+1","Corpse Explosion","Deadly Poison+1","Well Laid Plans+1","Well Laid Plans+1","PiercingWail+1","Blur","Dodge and Roll+1","Deadly Poison+1","Night Terror"],"relics":["Ring of the Snake","Molten Egg 2","Bottled Lightning","Question Card","Blood Vial","Girya","Empty Cage","Enchiridion","Bird Faced Urn","Membership Card","Paper Crane","Ancient Tea Set","Pear","Fusion Hammer","Orrery","War Paint","HornCleat","Red Mask","Thread and Needle","Lantern"],"acts_visited":["Exordium","TheCity","TheBeyond"],"potions_floor_usage":[39,39,47,48,50,50,50],"damage_taken":[{"damage":0.0,"enemies":"Small Slimes","floor":1.0,"turns":2.0},{"damage":0.0,"enemies":"Jaw Worm","floor":2.0,"turns":4.0},{"damage":0.0,"enemies":"2 Louse","floor":3.0,"turns":3.0},{"damage":0.0,"enemies":"Large Slime","floor":4.0,"turns":3.0},{"damage":18.0,"enemies":"3 Sentries","floor":6.0,"turns":8.0},{"damage":4.0,"enemies":"Blue Slaver","floor":7.0,"turns":3.0},{"damage":13.0,"enemies":"Lagavulin","floor":8.0,"turns":6.0},{"damage":18.0,"enemies":"3 Sentries","floor":10.0,"turns":7.0},{"damage":5.0,"enemies":"Looter","floor":12.0,"turns":2.0},{"damage":2.0,"enemies":"2 Fungi Beasts","floor":13.0,"turns":3.0},{"damage":3.0,"enemies":"Lagavulin","floor":14.0,"turns":4.0},{"damage":22.0,"enemies":"The Guardian","floor":16.0,"turns":12.0},{"damage":4.0,"enemies":"3 Byrds","floor":18.0,"turns":4.0},{"damage":11.0,"enemies":"Spheric Guardian","floor":20.0,"turns":4.0},{"damage":11.0,"enemies":"Centurion and Healer","floor":22.0,"turns":5.0},{"damage":0.0,"enemies":"Snake Plant","floor":27.0,"turns":2.0},{"damage":6.0,"enemies":"Book of Stabbing","floor":29.0,"turns":3.0},{"damage":14.0,"enemies":"Slavers","floor":31.0,"turns":4.0},{"damage":32.0,"enemies":"Collector","floor":33.0,"turns":6.0},{"damage":0.0,"enemies":"Orb Walker","floor":35.0,"turns":2.0},{"damage":26,"enemies":"3 Darklings","floor":37,"turns":4},{"damage":11,"enemies":"Writhing Mass","floor":39,"turns":4},{"damage":3,"enemies":"Giant Head","floor":41,"turns":5},{"damage":10,"enemies":"Sphere and 2 Shapes","floor":42,"turns":4},{"damage":0,"enemies":"Maw","floor":46,"turns":5},{"damage":0,"enemies":"Mind Bloom Boss Battle","floor":47,"turns":4},{"damage":4,"enemies":"Nemesis","floor":48,"turns":5},{"damage":31,"enemies":"Awakened One","floor":50,"turns":13}],"seed_played":"3265176549719603771","potions_obtained":[{"floor":1.0,"key":"Fire Potion"},{"floor":6.0,"key":"AttackPotion"},{"floor":7.0,"key":"DuplicationPotion"},{"floor":8.0,"key":"Weak Potion"},{"floor":22.0,"key":"Block Potion"},{"floor":27.0,"key":"DuplicationPotion"},{"floor":31.0,"key":"ColorlessPotion"},{"floor":37,"key":"Block Potion"},{"floor":41,"key":"CultistPotion"},{"floor":48,"key":"DuplicationPotion"}],"is_trial":false,"path_per_floor":["M","M","M","M","?","E","M","E","T","E","$","M","M","E","R","B",null,"M","?","M","?","M","R","?","R","T","M","$","E","$","E","R","B",null,"M","?","M","$","M","R","E","M","T","?","?","M","?","E","R","B",null],"character_chosen":"THE_SILENT","items_purchased":["Membership Card","Noxious Fumes","Paper Crane","Orrery"],"campfire_rested":2,"item_purchase_floors":[28,28,28,38],"current_hp_per_floor":[63,63,63,63,63,45,41,28,28,10,10,7,7,6,24,4,63,59,59,50,34,25,25,25,25,25,29,29,27,27,27,27,1,73,73,63,43,43,38,59,64,58,58,58,58,64,68,69,69,44],"gold":102,"neow_bonus":"THREE_RARE_CARDS","is_daily":false,"chose_seed":false,"campfire_upgraded":3,"win_rate":0.0,"timestamp":1612510012,"path_taken":["M","M","M","M","?","E","M","E","T","E","$","M","M","E","R","BOSS","M","?","M","?","M","R","?","R","T","M","$","E","?","E","R","BOSS","M","?","M","$","M","R","E","M","T","?","?","M","?","E","R","BOSS"],"items_purchased_type":["Relic","Card","Relic","Relic"],"build_version":"2020-12-22","purchased_purges":3,"victory":true,"max_hp_per_floor":[63,63,63,63,63,63,63,63,63,63,63,63,63,63,63,63,63,63,63,63,63,63,63,63,63,63,63,63,63,63,73,73,73,73,73,73,73,73,73,73,73,73,73,73,73,73,73,73,73,73],"card_choices":[{"not_picked":["Phantasmal Killer","After Image"],"picked":"Glass Knife","floor":0.0},{"not_picked":["Sucker Punch","Acrobatics"],"picked":"Heel Hook","floor":1.0},{"not_picked":["Dagger Throw","Skewer"],"picked":"Sucker Punch","floor":2.0},{"not_picked":["PiercingWail","Underhanded Strike"],"picked":"Deadly Poison","floor":3.0},{"not_picked":["Dagger Throw","Prepared"],"picked":"Blade Dance","floor":4.0},{"not_picked":["Riddle With Holes+1","All Out Attack+1"],"picked":"Catalyst","floor":6.0},{"not_picked":["Dagger Spray+1","Slice+1"],"picked":"Backflip","floor":7.0},{"not_picked":["Flechettes+1","Outmaneuver"],"picked":"Deadly Poison","floor":8.0},{"not_picked":["Outmaneuver","Leg Sweep","Bane+1"],"picked":"Dagger Spray+1","floor":10.0},{"not_picked":["All Out Attack+1","Infinite Blades","Endless Agony+1"],"picked":"Dash+1","floor":12.0},{"not_picked":["Underhanded Strike+1","Reflex","Expertise"],"picked":"Dagger Spray+1","floor":13.0},{"not_picked":["Heel Hook+1","Terror","Outmaneuver"],"picked":"Venomology","floor":14.0},{"not_picked":["Adrenaline","Malaise","Unload+1"],"picked":"Corpse Explosion","floor":16.0},{"not_picked":["Deflect","Quick Slash+1","Sucker Punch+1","Flying Knee+1"],"picked":"SKIP","floor":18.0},{"not_picked":["Deadly Poison+1","PiercingWail+1","Masterful Stab+1"],"picked":"Catalyst","floor":20.0},{"not_picked":["Sucker Punch+1","Backflip","Quick Slash+1"],"picked":"Reflex+1","floor":22.0},{"not_picked":["Backflip","Blade Dance","Poisoned Stab+1"],"picked":"Dagger Throw+1","floor":27.0},{"not_picked":["Blade Dance+1","Dagger Spray+1","Malaise"],"picked":"Blur","floor":29.0},{"not_picked":["Eviscerate+1","Flying Knee+1","PiercingWail","Dagger Spray+1"],"picked":"SKIP","floor":31.0},{"not_picked":["Heel Hook+1","Poisoned Stab+1","Slice+1"],"picked":"Acrobatics+1","floor":35.0},{"not_picked":["Deep Breath","Mayhem","Enlightenment"],"picked":"Flash of Steel+1","floor":36},{"not_picked":["Blind","Mayhem","HandOfGreed+1"],"picked":"Good Instincts","floor":36},{"not_picked":["Jack Of All Trades","Trip","Purity"],"picked":"Magnetism","floor":36},{"not_picked":["Backstab+1","Distraction+1","Dagger Throw+1"],"picked":"Escape Plan+1","floor":37},{"not_picked":["Deadly Poison","Prepared","Expertise"],"picked":"Corpse Explosion","floor":38},{"not_picked":["Prepared+1","Acrobatics","All Out Attack+1"],"picked":"Deadly Poison+1","floor":38},{"not_picked":["Underhanded Strike+1","Heel Hook+1","Distraction"],"picked":"Well Laid Plans+1","floor":38},{"not_picked":["Slice+1","Quick Slash+1","Dash+1"],"picked":"Well Laid Plans+1","floor":39},{"not_picked":["Quick Slash+1","Distraction","Dagger Spray+1"],"picked":"PiercingWail+1","floor":41},{"not_picked":["Phantasmal Killer","Quick Slash+1","Heel Hook+1"],"picked":"Blur","floor":42},{"not_picked":["Acrobatics","Choke+1","Poisoned Stab+1"],"picked":"Dodge and Roll+1","floor":46},{"not_picked":["Acrobatics","Heel Hook+1","Escape Plan+1"],"picked":"Deadly Poison+1","floor":47},{"not_picked":["Flying Knee+1","Acrobatics+1","Deflect"],"picked":"Night Terror","floor":48}],"player_experience":9425,"relics_obtained":[{"floor":6.0,"key":"Molten Egg 2"},{"floor":8.0,"key":"Bottled Lightning"},{"floor":9.0,"key":"Question Card"},{"floor":10.0,"key":"Blood Vial"},{"floor":14.0,"key":"Girya"},{"floor":21.0,"key":"Enchiridion"},{"floor":26.0,"key":"Bird Faced Urn"},{"floor":29.0,"key":"Ancient Tea Set"},{"floor":31.0,"key":"Pear"},{"floor":41,"key":"War Paint"},{"floor":43,"key":"HornCleat"},{"floor":47,"key":"Thread and Needle"},{"floor":48,"key":"Lantern"}],"event_choices":[{"cards_removed":["Defend_G"],"damage_healed":0.0,"max_hp_gain":0.0,"max_hp_loss":0.0,"gold_gain":0.0,"event_name":"The Cleric","player_choice":"Card Removal","floor":5.0,"gold_loss":50.0,"damage_taken":0.0},{"damage_healed":0.0,"max_hp_gain":0.0,"max_hp_loss":0.0,"gold_gain":0.0,"event_name":"The Library","player_choice":"Read","floor":19.0,"gold_loss":0.0,"damage_taken":0.0,"cards_obtained":["Crippling Poison"]},{"damage_healed":0.0,"max_hp_gain":0.0,"max_hp_loss":0.0,"gold_gain":0.0,"event_name":"Cursed Tome","player_choice":"Obtained Book","floor":21.0,"gold_loss":0.0,"damage_taken":16.0},{"damage_healed":0.0,"max_hp_gain":0.0,"max_hp_loss":0.0,"gold_gain":0.0,"event_name":"Vampires","player_choice":"Ignored","floor":24.0,"gold_loss":0.0,"damage_taken":0.0},{"damage_healed":0,"gold_gain":0,"player_choice":"Memory 3","damage_taken":10,"max_hp_gain":0,"max_hp_loss":0,"event_name":"SensoryStone","floor":36,"gold_loss":0},{"cards_removed":["Sucker Punch"],"damage_healed":0,"gold_gain":0,"player_choice":"Removed Attack","damage_taken":0,"max_hp_gain":0,"max_hp_loss":0,"event_name":"Falling","floor":44,"gold_loss":0},{"damage_healed":0,"gold_gain":0,"player_choice":"Paid","damage_taken":0,"relics_obtained":["Red Mask"],"max_hp_gain":0,"max_hp_loss":0,"event_name":"Tomb of Lord Red Mask","floor":45,"gold_loss":112},{"damage_healed":0,"gold_gain":0,"player_choice":"Fight","damage_taken":0,"max_hp_gain":0,"max_hp_loss":0,"event_name":"MindBloom","floor":47,"gold_loss":0}],"is_beta":false,"boss_relics":[{"not_picked":["WristBlade","Snecko Eye"],"picked":"Empty Cage"},{"not_picked":["Runic Dome","Ring of the Serpent"],"picked":"Fusion Hammer"}],"items_purged_floors":[11,28,38],"is_endless":false,"potions_floor_spawned":[1,6,7,8,10,14,22,27,31,37,41,46,48],"ascension_level":1}}