{"host":"61y0z9o9vf3ujftj","time":1612545544,"event":{"mods":["BaseMod","Colored Map","Colored Powertips","GifTheSpireLib","HexUI Lib","Highlight Path","Minty Spire (QoL Compilation)","Permanent Neow","Relic Stats","StSLib","ojb\u0027s Info Mod"],"gold_per_floor":[114,39,51,51,61,87,87,120,167,182,182,217,217,252,252,327,327,341,341,256,266,266,294,308,308,390,390,415,435,455,100,100,172,172,192,192,209,54,68,102,24,24,106,118,128,453,487,497,497,497],"floor_reached":51,"language":"ENG","playtime":5244,"items_purged":["Strike_P","Strike_P"],"score":1513,"play_id":"b2167533-1ba4-46e7-b6a7-a065da062e13","local_time":"20210205111904","is_ascension_mode":true,"campfire_choices":[{"data":"Eruption","floor":7.0,"key":"SMITH"},{"floor":13.0,"key":"REST"},{"data":"LessonLearned","floor":15.0,"key":"SMITH"},{"data":"1","floor":25.0,"key":"LIFT"},{"data":"2","floor":27.0,"key":"LIFT"},{"data":"3","floor":32,"key":"LIFT"},{"data":"Strike_P+1","floor":42,"key":"PURGE"},{"data":"Defend_P","floor":49,"key":"PURGE"}],"circlet_count":0,"master_deck":["AscendersBane","Defend_P+1","Defend_P+1","Defend_P+1","Eruption+1","Vigilance+1","EmptyFist+1","Adaptation+1","Wallop+1","LessonLearned+1","WheelKick+1","CutThroughFate+1","Sanctity+1","Halt+1","InnerPeace+1","Crescendo+1","CrushJoints+1","Conclude+1","MentalFortress+1","TalkToTheHand+1","DevaForm+1","Vengeance+1","Meditate","ThirdEye","Wallop+1","Halt+1","EmptyFist","WheelKick+1"],"relics":["PureWater","Bird Faced Urn","Shuriken","War Paint","Boot","Bag of Marbles","Matryoshka","Coffee Dripper","Enchiridion","Girya","Orichalcum","Question Card","Peace Pipe","Mummified Hand","Busted Crown","Akabeko","Ancient Tea Set","Lantern","InkBottle","Old Coin","FossilizedHelix"],"acts_visited":["Exordium","TheCity","TheBeyond"],"potions_floor_usage":[33,33,39,50,50],"damage_taken":[{"damage":7.0,"enemies":"Jaw Worm","floor":1.0,"turns":4.0},{"damage":0.0,"enemies":"Small Slimes","floor":3.0,"turns":2.0},{"damage":0.0,"enemies":"Cultist","floor":5.0,"turns":2.0},{"damage":29.0,"enemies":"3 Sentries","floor":6.0,"turns":11.0},{"damage":9.0,"enemies":"Lagavulin","floor":8.0,"turns":6.0},{"damage":8.0,"enemies":"Large Slime","floor":10.0,"turns":6.0},{"damage":7.0,"enemies":"3 Sentries","floor":12.0,"turns":8.0},{"damage":0.0,"enemies":"Lagavulin","floor":14.0,"turns":5.0},{"damage":14.0,"enemies":"Hexaghost","floor":16.0,"turns":10.0},{"damage":6.0,"enemies":"Shell Parasite","floor":18.0,"turns":6.0},{"damage":0.0,"enemies":"Spheric Guardian","floor":21.0,"turns":2.0},{"damage":7.0,"enemies":"Slavers","floor":23.0,"turns":6.0},{"damage":0.0,"enemies":"Snake Plant","floor":24.0,"turns":3.0},{"damage":0.0,"enemies":"Book of Stabbing","floor":28.0,"turns":2.0},{"damage":4,"enemies":"Cultist and Chosen","floor":29,"turns":3},{"damage":6,"enemies":"Sentry and Sphere","floor":30,"turns":3},{"damage":34,"enemies":"Collector","floor":33,"turns":10},{"damage":0,"enemies":"Orb Walker","floor":35,"turns":3},{"damage":0,"enemies":"3 Shapes","floor":37,"turns":2},{"damage":0,"enemies":"Maw","floor":39,"turns":2},{"damage":0,"enemies":"Reptomancer","floor":40,"turns":2},{"damage":0,"enemies":"3 Darklings","floor":44,"turns":3},{"damage":11,"enemies":"Spire Growth","floor":45,"turns":4},{"damage":0,"enemies":"Mind Bloom Boss Battle","floor":46,"turns":4},{"damage":0,"enemies":"Giant Head","floor":47,"turns":5},{"damage":0,"enemies":"Jaw Worm Horde","floor":48,"turns":3},{"damage":0,"enemies":"Awakened One","floor":50,"turns":7}],"seed_played":"-5164874609482324013","potions_obtained":[{"floor":1.0,"key":"EssenceOfSteel"},{"floor":8.0,"key":"Fire Potion"},{"floor":10.0,"key":"GamblersBrew"},{"floor":12.0,"key":"BlessingOfTheForge"},{"floor":16.0,"key":"AttackPotion"},{"floor":21.0,"key":"Swift Potion"},{"floor":24.0,"key":"DistilledChaos"},{"floor":29,"key":"GamblersBrew"},{"floor":33,"key":"SneckoOil"},{"floor":35,"key":"Strength Potion"},{"floor":47,"key":"AttackPotion"},{"floor":48,"key":"LiquidBronze"}],"is_trial":false,"path_per_floor":["M","$","M","?","M","E","R","E","T","M","?","E","R","E","R","B",null,"M","?","?","M","?","E","M","R","T","R","E","M","M","$","R","B",null,"M","?","M","$","M","E","$","R","T","M","M","?","E","M","R","B",null],"character_chosen":"WATCHER","items_purchased":["Mummified Hand","Akabeko","Wallop"],"campfire_rested":1,"item_purchase_floors":[31,38,41],"current_hp_per_floor":[54,54,54,59,59,30,30,23,23,17,17,12,32,34,34,22,56,52,36,36,38,38,35,39,39,39,39,43,41,39,39,39,11,53,61,61,65,65,67,67,67,67,67,67,58,66,67,67,67,67],"gold":497,"neow_bonus":"ONE_RARE_RELIC","is_daily":false,"chose_seed":false,"campfire_upgraded":2,"win_rate":0.0,"timestamp":1612545544,"path_taken":["M","$","M","?","M","E","R","E","T","M","?","E","R","E","R","BOSS","M","?","?","M","?","E","?","R","T","R","E","M","M","$","R","BOSS","M","?","?","$","M","E","?","R","T","M","M","?","E","M","R","BOSS"],"items_purchased_type":["Relic","Relic","Card"],"build_version":"2020-12-22","purchased_purges":2,"victory":true,"max_hp_per_floor":[62,62,62,67,67,67,67,67,67,67,67,67,67,67,67,67,67,67,67,67,67,67,67,67,67,67,67,67,67,67,67,67,67,67,67,67,67,67,67,67,67,67,67,67,67,67,67,67,67,67],"relic_stats":{"Peace Pipe":3,"Busted Crown":18,"counters":[27,124],"Shuriken":[39],"Mummified Hand":[42],"Bird Faced Urn":[63],"War Paint":["Vigilance","Defend_P"],"Orichalcum":[12],"Boot":[6],"Question Card":13,"obtain_stats":[{"Girya":20,"Lantern":43,"Enchiridion":19,"War Paint":8,"Orichalcum":23,"Boot":9,"Question Card":26,"Ancient Tea Set":40,"Akabeko":38,"Old Coin":46,"Peace Pipe":28,"Matryoshka":14,"Busted Crown":34,"Shuriken":6,"Mummified Hand":31,"Bird Faced Urn":0,"Bag of Marbles":12,"Coffee Dripper":17,"PureWater":0,"InkBottle":43,"FossilizedHelix":47},{"Girya":10,"Lantern":21,"Enchiridion":10,"War Paint":5,"Orichalcum":12,"Boot":5,"Question Card":13,"Ancient Tea Set":21,"Akabeko":19,"Old Coin":24,"Peace Pipe":14,"Matryoshka":8,"Busted Crown":17,"Shuriken":4,"Mummified Hand":16,"Bird Faced Urn":0,"Bag of Marbles":7,"Coffee Dripper":9,"PureWater":0,"InkBottle":21,"FossilizedHelix":25},{"Girya":60,"Lantern":98,"Enchiridion":60,"War Paint":25,"Orichalcum":68,"Boot":25,"Question Card":71,"Ancient Tea Set":98,"Akabeko":94,"Old Coin":109,"Peace Pipe":73,"Matryoshka":44,"Busted Crown":89,"Shuriken":19,"Mummified Hand":79,"Bird Faced Urn":0,"Bag of Marbles":39,"Coffee Dripper":54,"PureWater":0,"InkBottle":98,"FossilizedHelix":114}],"InkBottle":[13]},"card_choices":[{"not_picked":["FlyingSleeves","ForeignInfluence"],"picked":"EmptyFist","floor":1.0},{"not_picked":["Weave","Crescendo"],"picked":"Adaptation","floor":3.0},{"not_picked":["Protect","EmptyBody"],"picked":"Wallop","floor":5.0},{"not_picked":["Weave","Study"],"picked":"LessonLearned","floor":6.0},{"not_picked":["Prostrate","SignatureMove"],"picked":"WheelKick","floor":8.0},{"not_picked":["CarveReality","JustLucky"],"picked":"CutThroughFate","floor":10.0},{"not_picked":["Evaluate","EmptyFist"],"picked":"Halt","floor":12.0},{"not_picked":["Halt","Pray","Sanctity"],"picked":"SKIP","floor":14.0},{"not_picked":["ReachHeaven+1","FearNoEvil"],"picked":"InnerPeace","floor":18.0},{"not_picked":["SashWhip","JustLucky","PathToVictory+1"],"picked":"SKIP","floor":21.0},{"not_picked":["Evaluate","PathToVictory"],"picked":"Crescendo","floor":23.0},{"not_picked":["Prostrate+1","Swivel"],"picked":"CrushJoints","floor":24.0},{"not_picked":["CarveReality","Pray","MasterReality"],"picked":"Conclude","floor":28.0},{"not_picked":["Evaluate","ThirdEye","PathToVictory"],"picked":"MentalFortress+1","floor":29},{"not_picked":["FlurryOfBlows","Blasphemy","BowlingBash"],"picked":"TalkToTheHand","floor":30},{"not_picked":["Devotion","LessonLearned","Judgement"],"picked":"DevaForm","floor":33},{"not_picked":["EmptyBody"],"picked":"Vengeance","floor":35},{"not_picked":["CrushJoints","JustLucky"],"picked":"SKIP","floor":37},{"not_picked":["Nirvana"],"picked":"Meditate","floor":39},{"not_picked":["Meditate"],"picked":"ThirdEye","floor":40},{"not_picked":["SandsOfTime+1","FollowUp"],"picked":"SKIP","floor":44},{"not_picked":["Consecrate","ClearTheMind"],"picked":"SKIP","floor":45},{"not_picked":["Vengeance+1"],"picked":"Halt","floor":46},{"not_picked":["SashWhip"],"picked":"EmptyFist","floor":47},{"not_picked":["Wireheading+1"],"picked":"WheelKick+1","floor":48}],"player_experience":532618,"relics_obtained":[{"floor":6.0,"key":"Shuriken"},{"floor":8.0,"key":"War Paint"},{"floor":9.0,"key":"Boot"},{"floor":12.0,"key":"Bag of Marbles"},{"floor":14.0,"key":"Matryoshka"},{"floor":19.0,"key":"Enchiridion"},{"floor":23.0,"key":"Orichalcum"},{"floor":26.0,"key":"Question Card"},{"floor":28.0,"key":"Peace Pipe"},{"floor":40,"key":"Ancient Tea Set"},{"floor":43,"key":"Lantern"},{"floor":43,"key":"InkBottle"},{"floor":46,"key":"Old Coin"},{"floor":47,"key":"FossilizedHelix"}],"event_choices":[{"damage_healed":0.0,"max_hp_gain":5.0,"max_hp_loss":0.0,"gold_gain":0.0,"event_name":"Big Fish","player_choice":"Donut","floor":4.0,"gold_loss":0.0,"damage_taken":0.0},{"damage_healed":0.0,"max_hp_gain":0.0,"max_hp_loss":0.0,"gold_gain":0.0,"cards_transformed":["Strike_P"],"event_name":"Transmorgrifier","player_choice":"Transformed","floor":11.0,"gold_loss":0.0,"damage_taken":0.0,"cards_obtained":["Sanctity"]},{"damage_healed":0.0,"max_hp_gain":0.0,"max_hp_loss":0.0,"gold_gain":0.0,"event_name":"Cursed Tome","player_choice":"Obtained Book","floor":19.0,"gold_loss":0.0,"damage_taken":16.0},{"damage_healed":0.0,"max_hp_gain":0.0,"max_hp_loss":0.0,"gold_gain":0.0,"event_name":"Addict","player_choice":"Obtained Relic","floor":20.0,"gold_loss":85.0,"damage_taken":0.0,"relics_obtained":["Girya"]},{"damage_healed":0.0,"max_hp_gain":0.0,"max_hp_loss":0.0,"gold_gain":0.0,"event_name":"Vampires","player_choice":"Ignored","floor":22.0,"gold_loss":0.0,"damage_taken":0.0},{"damage_healed":0,"gold_gain":0,"player_choice":"Forge","damage_taken":0,"max_hp_gain":0,"max_hp_loss":0,"event_name":"Accursed Blacksmith","floor":36,"gold_loss":0,"cards_upgraded":["TalkToTheHand"]},{"damage_healed":0,"gold_gain":0,"player_choice":"Fight","damage_taken":0,"max_hp_gain":0,"max_hp_loss":0,"event_name":"MindBloom","floor":46,"gold_loss":0}],"is_beta":false,"boss_relics":[{"not_picked":["Pandora\u0027s Box","SlaversCollar"],"picked":"Coffee Dripper"},{"not_picked":["VioletLotus","SacredBark"],"picked":"Busted Crown"}],"items_purged_floors":[2,31],"is_endless":false,"potions_floor_spawned":[1,8,10,12,16,21,24,29,33,35,47,48],"ascension_level":14}}