{"host":"yd2pjkbo7craqw2u","time":1612532578,"event":{"mods":["Aspiration","BaseMod","Colored Powertips","Conspire","Downfall","Highlight Path","Marisa£®ÏF”Í°°ƒß¿Ì…≥£©","Minty Spire (QoL Compilation)","Practice Mode","Quick Restart","Replay The Spire","Shop Mod","StSLib","SuperFastMode"],"gold_per_floor":[115,390,90,265,282,307,63,77,100,100,116,116,116,129,129,233,283,299,271,196,146,160,160,160],"floor_reached":23,"language":"ZHS","playtime":828,"items_purged":["Regret","Doubt","Sickly"],"score":235,"play_id":"fa25502e-17ae-41c5-b877-c1fdedf4dba0","local_time":"20210205214258","is_ascension_mode":true,"campfire_choices":[{"data":"Eruption","floor":10,"key":"SMITH"},{"data":"Establishment","floor":13,"key":"SMITH"},{"data":"Establishment","floor":15,"key":"SMITH"}],"circlet_count":0,"master_deck":["Strike_P","Strike_P","Strike_P","Defend_P","Defend_P","Defend_P","Eruption+1","Vigilance+1","CrushJoints","Establishment+1","Perseverance","FlurryOfBlows","Establishment+1","Prostrate","WindmillStrike","FollowUp","CutThroughFate","SandsOfTime","EmptyBody"],"relics":["PureWater","NeowsBlessing","conspire:BottledYoYo","MerchantsRug","Tiny Chest","Tiny House","ReplayTheSpireMod:CursedCoin"],"acts_visited":["Exordium","TheCity"],"potions_floor_usage":[11,11,18],"damage_taken":[{"damage":3,"enemies":"conspire:RoseBush","floor":1,"turns":1},{"damage":0,"enemies":"Jaw Worm","floor":5,"turns":1},{"damage":0,"enemies":"Gremlin Nob","floor":6,"turns":1},{"damage":3,"enemies":"Small Slimes","floor":8,"turns":3},{"damage":9,"enemies":"Exordium Thugs","floor":11,"turns":7},{"damage":9,"enemies":"Exordium Wildlife","floor":14,"turns":6},{"damage":27,"enemies":"Slime Boss","floor":16,"turns":8},{"damage":24,"enemies":"2 Thieves","floor":18,"turns":5},{"damage":17,"enemies":"Spheric Guardian","floor":22,"turns":4},{"damage":38,"enemies":"Replay:Snechameleon","floor":23,"turns":4}],"seed_played":"5247735941766012220","potions_obtained":[{"floor":1,"key":"PowerPotion"},{"floor":5,"key":"Flashbang"},{"floor":16,"key":"BottledMiracle"},{"floor":17,"key":"SneckoOil"}],"is_trial":false,"path_per_floor":["M","?","$","?","M","E","$","M","T","R","M","?","R","M","R","B",null,"M","$","?","?","M","E"],"character_chosen":"WATCHER","items_purchased":["Establishment","Perseverance","MerchantsRug","ReplayTheSpireMod:CursedCoin","EmptyBody"],"campfire_rested":0,"item_purchase_floors":[3,3,7,19,19],"current_hp_per_floor":[69,69,69,69,69,69,69,66,66,66,57,57,57,48,48,21,77,53,53,53,53,36,0,0],"gold":160,"neow_bonus":"THREE_ENEMY_KILL","is_daily":false,"chose_seed":false,"campfire_upgraded":3,"win_rate":0.0,"timestamp":1612532578,"path_taken":["M","?","?","?","M","E","$","M","T","R","M","?","R","M","R","BOSS","M","$","?","?","M","E"],"items_purchased_type":["Card","Card","Relic","Relic","Card"],"build_version":"2020-12-22","purchased_purges":3,"victory":false,"max_hp_per_floor":[72,72,72,72,72,72,72,72,72,72,72,72,72,72,72,72,77,77,77,77,77,77,77,77],"card_choices":[{"not_picked":["WaveOfTheHand","BowlingBash"],"picked":"CrushJoints","floor":1},{"not_picked":["JustLucky","BowlingBash"],"picked":"FlurryOfBlows","floor":5},{"not_picked":["JustLucky","ConjureBlade"],"picked":"Establishment","floor":6},{"not_picked":["Fasting2","Replay:Vibes"],"picked":"Prostrate","floor":8},{"not_picked":["Worship","FlurryOfBlows"],"picked":"WindmillStrike","floor":11},{"not_picked":["Replay:Vibes","ThirdEye"],"picked":"FollowUp","floor":14},{"not_picked":["Nirvana","Meditate"],"picked":"CutThroughFate","floor":17},{"not_picked":["Weave","Replay:Cycle"],"picked":"SandsOfTime","floor":18},{"not_picked":["PathToVictory","FollowUp+1","Replay:AtTheReady+1"],"picked":"SKIP","floor":22}],"player_experience":296604,"relics_obtained":[{"floor":6,"key":"conspire:BottledYoYo"},{"floor":9,"key":"Tiny Chest"}],"event_choices":[{"damage_healed":0,"gold_gain":275,"player_choice":"Desecrate","damage_taken":0,"max_hp_gain":0,"max_hp_loss":0,"event_name":"Golden Shrine","floor":2,"gold_loss":0,"cards_obtained":["Regret"]},{"damage_healed":0,"gold_gain":175,"player_choice":"AGREE","damage_taken":0,"max_hp_gain":0,"max_hp_loss":0,"event_name":"Liars Game","floor":4,"gold_loss":0,"cards_obtained":["Doubt"]},{"cards_removed":["Strike_P"],"damage_healed":0,"gold_gain":0,"player_choice":"Gave Gold","damage_taken":0,"max_hp_gain":0,"max_hp_loss":0,"event_name":"Beggar","floor":20,"gold_loss":75},{"damage_healed":0,"gold_gain":0,"player_choice":"Bet on Owner","damage_taken":0,"max_hp_gain":0,"max_hp_loss":0,"event_name":"The Joust","floor":21,"gold_loss":50}],"is_beta":false,"boss_relics":[{"not_picked":["conspire:SpecialSausage","aspiration:PoetsPen_weak"],"picked":"Tiny House"}],"items_purged_floors":[3,7,19],"is_endless":false,"potions_floor_spawned":[1,5,16],"killed_by":"Replay:Snechameleon","ascension_level":2}}