{"host":"juowtv2vvb0b99ex","time":1612546508,"event":{"mods":["BaseMod","Colored Map","Downfall","Minty Spire (QoL Compilation)","Quick Restart","StSLib"],"gold_per_floor":[99,99,99,99,199,231,231,231,241,258,291,307,207,224,244,244,244,244],"floor_reached":16,"language":"ENG","playtime":837,"items_purged":[],"score":135,"play_id":"ad78fcd4-a152-4cf6-a9ce-a06cebcd1147","local_time":"20210205103508","is_ascension_mode":false,"campfire_choices":[{"data":"hexamod:Sear","floor":1.0,"key":"SMITH"},{"floor":13.0,"key":"REST"}],"circlet_count":0,"master_deck":["hexamod:Strike","hexamod:Strike","hexamod:Defend","hexamod:Defend","hexamod:Defend","hexamod:Defend","hexamod:Sear+1","hexamod:Float","hexamod:Firestarter+1","hexamod:Hexaguard","hexamod:Again","hexamod:BurningTouch","hexamod:HeatMetal","hexamod:DynamicBlow","hexamod:Incineration","hexamod:RadiantFlame","hexamod:GhostOfSpirePresent","hexamod:BurningTouch","hexamod:Hexaguard","hexamod:ShieldOfDarkness"],"relics":["hexamod:SpiritBrand","downfall:HeartsMalice","Omamori","Prayer Wheel","Blood Vial","downfall:HeartBlessingBlue"],"acts_visited":["Exordium"],"potions_floor_usage":[16,16],"damage_taken":[{"damage":0.0,"enemies":"Jaw Worm","floor":3.0,"turns":1.0},{"damage":0.0,"enemies":"Cultist","floor":4.0,"turns":1.0},{"damage":0.0,"enemies":"downfall:Heads","floor":5.0,"turns":1.0},{"damage":13.0,"enemies":"Gremlin Nob","floor":6.0,"turns":4.0},{"damage":5.0,"enemies":"2 Louse","floor":9.0,"turns":3.0},{"damage":2.0,"enemies":"Blue Slaver","floor":10.0,"turns":3.0},{"damage":0.0,"enemies":"Lagavulin","floor":11.0,"turns":4.0},{"damage":20.0,"enemies":"Exordium Wildlife","floor":12.0,"turns":3.0},{"damage":28.0,"enemies":"Gremlin Gang","floor":14.0,"turns":5.0},{"damage":6,"enemies":"2 Fungi Beasts","floor":15,"turns":4},{"damage":29,"enemies":"DF_ARCHETYPE_STREAMLINE","floor":16,"turns":4}],"seed_played":"4792869034415368450","potions_obtained":[{"floor":6.0,"key":"AttackPotion"},{"floor":10.0,"key":"Fire Potion"},{"floor":12.0,"key":"PowerPotion"},{"floor":14.0,"key":"SteroidPotion"},{"floor":15,"key":"hexamod:DoubleChargePotion"}],"is_trial":false,"path_per_floor":["R","?","M","M","?","E","T","?","M","M","E","M","R","M","M","B"],"character_chosen":"THE_SPIRIT","items_purchased":[],"campfire_rested":1,"item_purchase_floors":[],"current_hp_per_floor":[70,70,70,70,70,57,57,39,34,32,32,14,48,22,18,0,0,0],"gold":244,"neow_bonus":"THREE_ENEMY_KILL","is_daily":false,"chose_seed":false,"campfire_upgraded":1,"win_rate":0.0,"timestamp":1612546508,"path_taken":["R","?","M","?","?","E","T","?","M","M","E","M","R","?","M","BOSS"],"items_purchased_type":[],"build_version":"2020-12-22","purchased_purges":0,"victory":false,"max_hp_per_floor":[70,70,70,70,70,70,70,70,70,70,70,70,80,80,80,80,80,80],"card_choices":[{"not_picked":["hexamod:HauntingEcho","hexamod:Haunt"],"picked":"hexamod:Firestarter","floor":3.0},{"not_picked":["hexamod:Firestarter","hexamod:HauntingEcho"],"picked":"hexamod:Hexaguard","floor":4.0},{"not_picked":["hexamod:Again","hexamod:NightmareGuise"],"picked":"hexamod:BurningTouch","floor":5.0},{"not_picked":["hexamod:Firestarter","hexamod:HauntingEcho"],"picked":"hexamod:HeatMetal","floor":6.0},{"not_picked":["hexamod:NightmareGuise","hexamod:ThermalTransfer"],"picked":"hexamod:DynamicBlow","floor":9.0},{"not_picked":["hexamod:Firestarter","hexamod:UnleashSpirits"],"picked":"hexamod:Incineration","floor":9.0},{"not_picked":["hexamod:Firestarter","hexamod:AdvancingGuard"],"picked":"hexamod:RadiantFlame","floor":10.0},{"not_picked":["hexamod:GhostLash","hexamod:InspiringFlames","hexamod:Firestarter"],"picked":"SKIP","floor":10.0},{"not_picked":["hexamod:NightmareStrike","hexamod:Haunt"],"picked":"hexamod:GhostOfSpirePresent","floor":11.0},{"not_picked":["hexamod:SpectersWail","hexamod:Firestarter"],"picked":"hexamod:BurningTouch","floor":12.0},{"not_picked":["hexamod:Firestarter","hexamod:Haunt","hexamod:DynamicBlow"],"picked":"SKIP","floor":12.0},{"not_picked":["hexamod:InspiringFlames","hexamod:NightmareStrike"],"picked":"hexamod:Hexaguard","floor":14.0},{"not_picked":["hexamod:SwordOfDarkness","hexamod:AdvancingGuard","hexamod:FastForward"],"picked":"SKIP","floor":14.0},{"not_picked":["hexamod:SpectralAdrenaline","hexamod:Incineration"],"picked":"hexamod:ShieldOfDarkness","floor":15},{"not_picked":["hexamod:FastForward","hexamod:HexaLevel","hexamod:Hexaguard"],"picked":"SKIP","floor":15}],"player_experience":1264344,"relics_obtained":[{"floor":6.0,"key":"Omamori"},{"floor":11.0,"key":"Blood Vial"}],"event_choices":[{"cards_removed":["hexamod:Strike"],"damage_healed":0.0,"max_hp_gain":0.0,"max_hp_loss":0.0,"gold_gain":0.0,"event_name":"NoteForYourself","player_choice":"Took Card","floor":2.0,"gold_loss":0.0,"damage_taken":0.0,"cards_obtained":["Slimebound:Strike_Slimebound"]},{"damage_healed":0.0,"max_hp_gain":0.0,"max_hp_loss":0.0,"gold_gain":0.0,"event_name":"Scrap Ooze","player_choice":"Success","floor":8.0,"gold_loss":0.0,"damage_taken":18.0,"relics_obtained":["Prayer Wheel"]}],"is_beta":false,"boss_relics":[],"items_purged_floors":[],"is_endless":false,"potions_floor_spawned":[6,10,12,14,15],"killed_by":"DF_ARCHETYPE_STREAMLINE","ascension_level":0}}