{"host":"9n6i2vl93jt4o42q","time":1612515425,"event":{"mods":["BaseMod","Minty Spire (QoL Compilation)","Relic Stats"],"gold_per_floor":[115,115,134,134,148,179,179,27,97,97,110,138,38,49,49,122,122,141,141,153,153,153,153,172,172,172,87,101,101,133,144,144,144,144],"floor_reached":33,"language":"ENG","playtime":1125,"items_purged":["Strike_G","Strike_G"],"score":554,"play_id":"d5785528-bae4-495c-8654-a659430e7987","local_time":"20210205095705","is_ascension_mode":true,"campfire_choices":[{"floor":7.0,"key":"REST"},{"floor":10.0,"key":"REST"},{"data":"Catalyst","floor":15.0,"key":"SMITH"},{"floor":23,"key":"REST"},{"data":"Corpse Explosion","floor":25,"key":"SMITH"},{"floor":32,"key":"REST"}],"circlet_count":0,"master_deck":["AscendersBane","Strike_G","Defend_G","Defend_G","Defend_G","Defend_G","Survivor","Neutralize","Flying Knee","Sucker Punch","Corpse Explosion+1","Deadly Poison","Catalyst+1","Deflect","Glass Knife","Acrobatics","PiercingWail","Deflect+1","Envenom"],"relics":["Ring of the Snake","NeowsBlessing","Boot","Orichalcum","Velvet Choker","Meat on the Bone","Blood Vial","Dead Branch","Darkstone Periapt"],"acts_visited":["Exordium","TheCity"],"potions_floor_usage":[22,30,33],"damage_taken":[{"damage":0.0,"enemies":"2 Louse","floor":1.0,"turns":1.0},{"damage":0.0,"enemies":"Small Slimes","floor":3.0,"turns":1.0},{"damage":0.0,"enemies":"Cultist","floor":5.0,"turns":1.0},{"damage":48.0,"enemies":"Gremlin Nob","floor":6.0,"turns":6.0},{"damage":18.0,"enemies":"Exordium Thugs","floor":11.0,"turns":2.0},{"damage":12.0,"enemies":"Lagavulin","floor":12.0,"turns":6.0},{"damage":1.0,"enemies":"Exordium Wildlife","floor":14.0,"turns":2.0},{"damage":5.0,"enemies":"Hexaghost","floor":16.0,"turns":8.0},{"damage":0.0,"enemies":"Chosen","floor":18.0,"turns":3.0},{"damage":18.0,"enemies":"2 Thieves","floor":20.0,"turns":3.0},{"damage":0,"enemies":"Shelled Parasite and Fungi","floor":22,"turns":1},{"damage":0,"enemies":"3 Cultists","floor":24,"turns":2},{"damage":19,"enemies":"Centurion and Healer","floor":28,"turns":3},{"damage":26,"enemies":"Gremlin Leader","floor":30,"turns":9},{"damage":15,"enemies":"Snecko","floor":31,"turns":5},{"damage":47,"enemies":"Collector","floor":33,"turns":3}],"seed_played":"4710938421823650141","potions_obtained":[{"floor":3.0,"key":"Explosive Potion"},{"floor":6.0,"key":"AttackPotion"},{"floor":12.0,"key":"Swift Potion"},{"floor":14.0,"key":"EntropicBrew"},{"floor":20.0,"key":"SkillPotion"},{"floor":30,"key":"SteroidPotion"},{"floor":31,"key":"ColorlessPotion"}],"is_trial":false,"path_per_floor":["M","?","M","?","M","E","R","$","T","R","M","E","$","M","R","B",null,"M","?","M","?","M","R","M","R","T","?","M","T","E","M","R","B"],"character_chosen":"THE_SILENT","items_purchased":["Catalyst"],"campfire_rested":4,"item_purchase_floors":[8],"current_hp_per_floor":[59,52,52,52,52,4,23,23,23,42,24,12,12,11,11,6,51,51,33,15,15,15,36,36,36,36,36,31,31,19,18,39,0,0],"gold":144,"neow_bonus":"THREE_ENEMY_KILL","is_daily":false,"chose_seed":false,"campfire_upgraded":2,"win_rate":0.0,"timestamp":1612515425,"path_taken":["M","?","M","?","?","E","R","$","T","R","M","E","?","M","R","BOSS","M","?","M","?","?","R","M","R","T","?","M","?","E","M","R","BOSS"],"items_purchased_type":["Card"],"build_version":"2020-12-22","purchased_purges":2,"victory":false,"max_hp_per_floor":[66,66,66,66,66,66,66,66,66,66,66,66,66,66,66,66,66,66,71,71,71,71,71,71,71,71,71,71,71,71,71,71,71,71],"relic_stats":{"Blood Vial":8,"Darkstone Periapt":0,"counters":[16,56],"Dead Branch":[7],"Orichalcum":[96],"Boot":[41],"obtain_stats":[{"Blood Vial":27,"Darkstone Periapt":30,"NeowsBlessing":0,"Dead Branch":29,"Velvet Choker":17,"Orichalcum":12,"Boot":6,"Ring of the Snake":0,"Meat on the Bone":26},{"Blood Vial":12,"Darkstone Periapt":14,"NeowsBlessing":0,"Dead Branch":13,"Velvet Choker":8,"Orichalcum":6,"Boot":4,"Ring of the Snake":0,"Meat on the Bone":12},{"Blood Vial":36,"Darkstone Periapt":48,"NeowsBlessing":0,"Dead Branch":39,"Velvet Choker":27,"Orichalcum":17,"Boot":9,"Ring of the Snake":0,"Meat on the Bone":36}],"Ring of the Snake":[32],"Meat on the Bone":36},"card_choices":[{"not_picked":["Caltrops","Underhanded Strike"],"picked":"Flying Knee","floor":1.0},{"not_picked":["Bane","Infinite Blades"],"picked":"Sucker Punch","floor":3.0},{"not_picked":["Underhanded Strike","Acrobatics"],"picked":"Corpse Explosion","floor":5.0},{"not_picked":["Accuracy","Blade Dance"],"picked":"Deadly Poison","floor":6.0},{"not_picked":["Acrobatics","Riddle With Holes","Outmaneuver"],"picked":"SKIP","floor":11.0},{"not_picked":["Riddle With Holes","Cloak And Dagger","Prepared"],"picked":"SKIP","floor":12.0},{"not_picked":["Choke","Acrobatics"],"picked":"Deflect","floor":14.0},{"not_picked":["Night Terror","Envenom"],"picked":"Glass Knife","floor":16.0},{"not_picked":["Terror","Expertise"],"picked":"Acrobatics","floor":18.0},{"not_picked":["Flying Knee","Concentrate"],"picked":"PiercingWail","floor":20.0},{"not_picked":["Expertise","Slice","Masterful Stab"],"picked":"SKIP","floor":24},{"not_picked":["Backstab","Dagger Throw"],"picked":"Deflect+1","floor":28},{"not_picked":["Prepared","Expertise","Dagger Spray"],"picked":"SKIP","floor":30},{"not_picked":["Quick Slash","Flying Knee"],"picked":"Envenom","floor":31}],"player_experience":2462489,"relics_obtained":[{"floor":6.0,"key":"Boot"},{"floor":12.0,"key":"Orichalcum"},{"floor":26,"key":"Meat on the Bone"},{"floor":29,"key":"Dead Branch"},{"floor":30,"key":"Darkstone Periapt"}],"event_choices":[{"cards_removed":["Defend_G"],"damage_healed":0.0,"max_hp_gain":0.0,"max_hp_loss":0.0,"gold_gain":0.0,"event_name":"Golden Wing","player_choice":"Card Removal","floor":2.0,"gold_loss":0.0,"damage_taken":7.0},{"cards_removed":["Strike_G"],"damage_healed":0.0,"max_hp_gain":0.0,"max_hp_loss":0.0,"gold_gain":0.0,"event_name":"Purifier","player_choice":"Purged","floor":4.0,"gold_loss":0.0,"damage_taken":0.0},{"damage_healed":0.0,"max_hp_gain":5.0,"max_hp_loss":0.0,"gold_gain":0.0,"event_name":"Forgotten Altar","player_choice":"Shed Blood","floor":19.0,"gold_loss":0.0,"damage_taken":23.0},{"cards_removed":["Strike_G"],"damage_healed":0.0,"max_hp_gain":0.0,"max_hp_loss":0.0,"gold_gain":0.0,"event_name":"Purifier","player_choice":"Purged","floor":21.0,"gold_loss":0.0,"damage_taken":0.0},{"damage_healed":0,"gold_gain":0,"player_choice":"Obtained Relic","damage_taken":0,"relics_obtained":["Blood Vial"],"max_hp_gain":0,"max_hp_loss":0,"event_name":"Addict","floor":27,"gold_loss":85}],"is_beta":false,"boss_relics":[{"not_picked":["Black Star","SacredBark"],"picked":"Velvet Choker"}],"items_purged_floors":[8,13],"is_endless":false,"potions_floor_spawned":[3,6,12,14,20,22,30,31],"killed_by":"Collector","ascension_level":20}}