{"host":"andja9kgajlggmm4","time":1612527340,"event":{"mods":["BaseMod","Downfall","Hubris","Infinite Spire","MarisaÅiñ∂âJÅ@ñÇóùçπÅj","Minty Spire (QoL Compilation)","StSLib","The Cursed","The Servant 0.9.4"],"gold_per_floor":[113,124,124,124,124,124,124,41,41,41,52,52,80,95,95,194,194,209,309,309,328,347,347,380,380,431,466,466,483,483,503,503,607,657,674,693,708,708,708,708,721,721,745,759,793,24,42,88,88,88],"floor_reached":51,"language":"ENG","playtime":3015,"items_purged":["Strike_R","hubris:Sloth"],"score":715,"play_id":"5ed4fcff-fc98-4cd4-95a4-ca9cddb85bfe","local_time":"20210205131540","is_ascension_mode":false,"campfire_choices":[{"data":"Fire Breathing","floor":6,"key":"SMITH"},{"data":"Warcry","floor":10,"key":"SMITH"},{"data":"Reaper","floor":12,"key":"SMITH"},{"data":"Metallicize","floor":15,"key":"SMITH"},{"data":"Pommel Strike","floor":23,"key":"SMITH"},{"data":"True Grit","floor":25,"key":"SMITH"},{"data":"Armaments","floor":32,"key":"SMITH"},{"data":"infinitespire:Execution","floor":40,"key":"SMITH"},{"data":"Dual Wield","floor":42,"key":"SMITH"},{"data":"hubris:StunningStrike","floor":49,"key":"SMITH"}],"circlet_count":0,"master_deck":["Strike_R+1","Strike_R+1","Strike_R+1","Defend_R","Defend_R","Defend_R","Defend_R","Bash+1","Fire Breathing+1","Warcry+1","Bandage Up","Reaper+1","Metallicize+1","hubris:CleavingFinish","Impervious","hubris:ReadiedAction","infinitespire:Starlight","Pommel Strike+1","Body Slam+1","Perfected Strike+1","Flame Barrier","Power Through+1","Immolate+1","Spot Weakness+1","True Grit+1","Perfected Strike+1","Armaments+1","Disarm+1","hubris:StunningStrike","Iron Wave+1","Flex+1","Disarm+1","Dual Wield+1","hubris:Sloth","infinitespire:Execution+1","Parasite","Carnage+1","Inflame","hubris:StunningStrike+1","Hemokinesis+1"],"relics":["Burning Blood","Eternal Feather","hubris:Icosahedron","infinitespire:WardingShard","infinitespire:BottledMercury","hubris:Backtick","infinitespire:EmpoweringShard","Orrery","Question Card","Blood Vial","Boot","Gremlin Horn","Tiny House","Lizard Tail","Orichalcum","Whetstone","HandDrill","hubris:TenFootPole","hubris:ToyBattleship"],"acts_visited":["Exordium","TheCity","TheBeyond"],"potions_floor_usage":[11,13,16,16,18,29,33,45,45,48,48,50],"damage_taken":[{"damage":1,"enemies":"Cultist","floor":1,"turns":3},{"damage":0,"enemies":"2 Louse","floor":2,"turns":3},{"damage":0,"enemies":"Small Slimes","floor":11,"turns":4},{"damage":30,"enemies":"Lagavulin","floor":13,"turns":11},{"damage":6,"enemies":"Blue Slaver","floor":14,"turns":4},{"damage":26,"enemies":"Slime Boss","floor":16,"turns":9},{"damage":32,"enemies":"Spheric Guardian","floor":18,"turns":10},{"damage":6,"enemies":"Shell Parasite","floor":21,"turns":6},{"damage":5,"enemies":"Snake Plant","floor":22,"turns":3},{"damage":56,"enemies":"Gremlin Leader","floor":24,"turns":7},{"damage":30,"enemies":"Book of Stabbing","floor":27,"turns":7},{"damage":1,"enemies":"Chosen and Byrds","floor":29,"turns":4},{"damage":28,"enemies":"Shelled Parasite and Fungi","floor":31,"turns":5},{"damage":70,"enemies":"hubris:MusketHawk","floor":33,"turns":9},{"damage":7,"enemies":"3 Darklings","floor":35,"turns":5},{"damage":0,"enemies":"3 Shapes","floor":36,"turns":3},{"damage":16,"enemies":"Maw","floor":37,"turns":10},{"damage":0,"enemies":"Writhing Mass","floor":41,"turns":4},{"damage":0,"enemies":"Sphere and 2 Shapes","floor":44,"turns":3},{"damage":2,"enemies":"Giant Head","floor":45,"turns":5},{"damage":0,"enemies":"3 Darklings","floor":47,"turns":4},{"damage":71,"enemies":"2 Orb Walkers","floor":48,"turns":6},{"damage":45,"enemies":"hubris:GrandSnecko","floor":50,"turns":8}],"seed_played":"5590335456592051447","potions_obtained":[{"floor":2,"key":"Dexterity Potion"},{"floor":11,"key":"Dexterity Potion"},{"floor":13,"key":"Dexterity Potion"},{"floor":16,"key":"SpeedPotion"},{"floor":27,"key":"Ancient Potion"},{"floor":31,"key":"Guardian:BlockOnCardUsePotion"},{"floor":33,"key":"Guardian:BlockOnCardUsePotion"},{"floor":34,"key":"EssenceOfSteel"},{"floor":37,"key":"AttackPotion"},{"floor":44,"key":"Energy Potion"},{"floor":47,"key":"SpeedPotion"},{"floor":48,"key":"Fire Potion"}],"is_trial":false,"path_per_floor":["M","M","T","?","?","R","$","$","T","R","M","R","E","M","R","B",null,"M","?","AVR","M","M","R","E","R","T","E","?","M","T","M","R","B",null,"M","M","M","AVR","?","R","M","R","T","M","E","$","M","?","R","B",null],"character_chosen":"IRONCLAD","items_purchased":["Bandage Up","HandDrill","BloodPotion","Block Potion","Inflame","hubris:StunningStrike","hubris:TenFootPole","hubris:ToyBattleship"],"campfire_rested":0,"item_purchase_floors":[8,46,46,46,46,46,46,46],"current_hp_per_floor":[80,80,80,80,64,70,70,70,70,76,80,80,64,68,77,60,80,58,58,58,72,80,80,54,69,69,61,61,80,80,77,80,16,85,84,85,84,84,84,85,85,85,85,85,85,85,85,57,81,48],"gold":88,"neow_bonus":"UPGRADE_CARD","is_daily":false,"chose_seed":false,"campfire_upgraded":10,"win_rate":0.0,"timestamp":1612527340,"path_taken":["M","M","?","?","?","R","?","$","T","R","?","R","E","M","R","BOSS","M","?","AVR","?","M","R","E","R","T","E","?","?","?","M","R","BOSS","M","M","M","AVR","?","R","M","R","T","M","E","$","M","?","R","BOSS"],"items_purchased_type":["Card","Relic","Potion","Potion","Card","Card","Relic","Relic"],"build_version":"2020-12-22","purchased_purges":2,"victory":true,"max_hp_per_floor":[80,80,80,80,80,80,80,80,80,80,80,80,80,80,80,80,80,80,80,80,80,80,80,80,80,80,80,80,80,80,80,80,80,85,85,85,85,85,85,85,85,85,85,85,85,85,85,85,85,85],"card_choices":[{"not_picked":["Pommel Strike","Ghostly Armor"],"picked":"Fire Breathing","floor":1},{"not_picked":["Headbutt","Cleave"],"picked":"Warcry","floor":2},{"not_picked":["Heavy Blade","Reckless Charge"],"picked":"Reaper","floor":11},{"not_picked":["Iron Wave","Dual Wield"],"picked":"Metallicize","floor":13},{"not_picked":["Iron Wave","Entrench"],"picked":"hubris:CleavingFinish","floor":14},{"not_picked":["Berserk","Bludgeon"],"picked":"Impervious","floor":16},{"not_picked":["Blood for Blood","infinitespire:OneForAll"],"picked":"hubris:ReadiedAction","floor":18},{"not_picked":["hubris:SharpeningStone","Warcry"],"picked":"Pommel Strike","floor":20},{"not_picked":["Shrug It Off","Limit Break"],"picked":"Body Slam+1","floor":20},{"not_picked":["Sword Boomerang+1","Second Wind"],"picked":"Perfected Strike+1","floor":20},{"not_picked":["hubris:ReadiedAction","Hemokinesis"],"picked":"Flame Barrier","floor":20},{"not_picked":["Anger+1","Bloodletting+1"],"picked":"Power Through+1","floor":20},{"not_picked":["Hemokinesis","Dual Wield"],"picked":"Immolate","floor":21},{"not_picked":["Searing Blow","Anger"],"picked":"Spot Weakness","floor":22},{"not_picked":["Clothesline","Bludgeon"],"picked":"True Grit","floor":24},{"not_picked":["Thunderclap","Flame Barrier+1","Cleave"],"picked":"Perfected Strike+1","floor":27},{"not_picked":["Perfected Strike","Offering","Cleave"],"picked":"Armaments","floor":29},{"not_picked":["Armaments","True Grit","Wild Strike+1"],"picked":"Disarm+1","floor":31},{"not_picked":["Feed","Barricade","Berserk"],"picked":"hubris:StunningStrike","floor":33},{"not_picked":["Body Slam","Pommel Strike","hubris:ReadiedAction"],"picked":"Iron Wave+1","floor":34},{"not_picked":["Seeing Red","Whirlwind","Anger+1"],"picked":"Flex+1","floor":35},{"not_picked":["Heavy Blade+1","Shrug It Off+1","hubris:ReadiedAction"],"picked":"Disarm+1","floor":36},{"not_picked":["Heavy Blade+1","hubris:ReadiedAction+1","Infernal Blade"],"picked":"Dual Wield","floor":37},{"not_picked":["hubris:InfiniteBlow","infinitespire:TheBestDefense"],"picked":"infinitespire:Execution","floor":39},{"not_picked":["Wild Strike","Armaments+1","Rampage","Anger+1"],"picked":"SKIP","floor":41},{"not_picked":["Anger+1","Armaments+1","Clothesline","Rupture+1"],"picked":"SKIP","floor":44},{"not_picked":["Flex","Combust+1","True Grit"],"picked":"Carnage+1","floor":45},{"not_picked":["Iron Wave","Feed","Heavy Blade+1"],"picked":"Hemokinesis+1","floor":47}],"player_experience":22089,"relics_obtained":[{"floor":3,"key":"Eternal Feather"},{"floor":9,"key":"infinitespire:WardingShard"},{"floor":13,"key":"infinitespire:BottledMercury"},{"floor":24,"key":"Question Card"},{"floor":26,"key":"Blood Vial"},{"floor":27,"key":"Boot"},{"floor":30,"key":"Gremlin Horn"},{"floor":43,"key":"Orichalcum"},{"floor":45,"key":"Whetstone"}],"event_choices":[{"damage_healed":0,"gold_gain":0,"player_choice":"Entered Light","damage_taken":16,"max_hp_gain":0,"max_hp_loss":0,"event_name":"Shining Light","floor":5,"gold_loss":0,"cards_upgraded":["Strike_R","Strike_R"]},{"damage_healed":0,"gold_gain":100,"player_choice":"Pray","damage_taken":0,"max_hp_gain":0,"max_hp_loss":0,"event_name":"Golden Shrine","floor":19,"gold_loss":0},{"cards_removed":["Strike_R"],"damage_healed":0,"gold_gain":0,"player_choice":"Offered Basic","damage_taken":0,"max_hp_gain":0,"max_hp_loss":0,"event_name":"Bonfire Elementals","floor":28,"gold_loss":0},{"damage_healed":0,"gold_gain":0,"player_choice":"Fight","damage_taken":0,"max_hp_gain":0,"max_hp_loss":0,"event_name":"Mysterious Sphere","floor":48,"gold_loss":0}],"is_beta":false,"boss_relics":[{"not_picked":["Sozu","Busted Crown"],"picked":"hubris:Backtick"},{"not_picked":["infinitespire:Cupcake","hubris:ScarierMask"],"picked":"Tiny House"}],"items_purged_floors":[38,46],"is_endless":false,"potions_floor_spawned":[2,11,13,16,27,31,33,37,44,47,48],"ascension_level":0}}