{"host":"skr63qsdfgeey3it","time":1612554151,"event":{"mods":["BaseMod","Colored Map","Hubris","Minty Spire (QoL Compilation)","Monster B Gone","Reliquary","Replay The Spire","Spicy Shops","StSLib"],"gold_per_floor":[369,0,0,0,175,241,259,259,288,306,360,379,396,407,407,419,419,496,496,515,317,317,317,332,332,332,332],"floor_reached":26,"language":"ENG","playtime":1072,"items_purged":["Doubt"],"score":354,"play_id":"e36516bd-8f50-4fed-976c-a52497024b3a","local_time":"20210205134231","is_ascension_mode":true,"campfire_choices":[{"data":"Inflame","floor":8,"key":"SMITH"},{"floor":17,"key":"REST"},{"data":"hubris:StunningStrike","floor":25,"key":"SMITH"}],"circlet_count":0,"master_deck":["AscendersBane","Strike_R","Strike_R","Strike_R","Strike_R","Strike_R","Defend_R","Defend_R","Defend_R","Defend_R","Bash+1","Defend_G+1","Defend_R","Battle Trance","Twin Strike","Inflame+1","Flex+1","Armaments+1","Berserk","Flex+1","Clothesline","ReplayTheSpireMod:Corrosion Curse+1","True Grit+1","Double Tap+1","ReplayTheSpireMod:Strike From Hell","Shrug It Off+1","Shrug It Off+1","ReplayTheSpireMod:Corrosion Curse+1","Impatience+1","hubris:StunningStrike+1","ReplayTheSpireMod:Corrosion Curse+1"],"relics":["Burning Blood","Toxic Egg 2","Nunchaku","reliquary:JackalopeAntler","Paper Frog","reliquary:RosewoodLute","Black Star","hubris:Icosahedron"],"acts_visited":["Exordium","TheCity"],"potions_floor_usage":[18,20,24,26],"damage_taken":[{"damage":1,"enemies":"Cultist","floor":1,"turns":3},{"damage":2,"enemies":"Jaw Worm","floor":7,"turns":4},{"damage":36,"enemies":"Gremlin Nob","floor":9,"turns":5},{"damage":4,"enemies":"Small Slimes","floor":10,"turns":4},{"damage":7,"enemies":"Gremlin Gang","floor":12,"turns":5},{"damage":11,"enemies":"Looter","floor":13,"turns":2},{"damage":0,"enemies":"Exordium Wildlife","floor":14,"turns":2},{"damage":1,"enemies":"2 Fungi Beasts","floor":16,"turns":4},{"damage":30,"enemies":"Hexaghost","floor":18,"turns":9},{"damage":13,"enemies":"Shell Parasite","floor":20,"turns":5},{"damage":3,"enemies":"2 Thieves","floor":24,"turns":5},{"damage":66,"enemies":"Slavers","floor":26,"turns":8}],"seed_played":"4736135930708047126","potions_obtained":[{"floor":6,"key":"Ancient Potion"},{"floor":9,"key":"Fire Potion"},{"floor":18,"key":"ColorlessPotion"},{"floor":24,"key":"Dexterity Potion"}],"is_trial":false,"path_per_floor":["M","$","PTL","PTL","?","?","M","R","E","M","T","M","M","M","?","M","R","B",null,"M","$","?","?","M","R","E"],"character_chosen":"IRONCLAD","items_purchased":["Toxic Egg 2","Nunchaku","Twin Strike","Shrug It Off+1","ReplayTheSpireMod:Corrosion Curse+1"],"campfire_rested":1,"item_purchase_floors":[2,2,2,21,21],"current_hp_per_floor":[73,73,73,73,73,73,75,75,45,47,47,46,41,47,32,37,59,35,65,58,58,58,58,61,61,0,0],"gold":332,"neow_bonus":"TWO_FIFTY_GOLD","is_daily":false,"chose_seed":false,"campfire_upgraded":2,"win_rate":0.0,"timestamp":1612554151,"path_taken":["M","$","PTL","PTL","?","?","M","R","E","?","T","M","M","M","?","M","R","BOSS","M","$","?","?","?","R","E"],"items_purchased_type":["Relic","Relic","Card","Card","Card"],"build_version":"2020-12-22","purchased_purges":1,"victory":false,"max_hp_per_floor":[75,75,75,75,75,75,75,75,75,75,75,75,75,75,75,75,75,75,75,75,75,75,75,75,75,75,75],"card_choices":[{"not_picked":["Shrug It Off","Pommel Strike"],"picked":"Battle Trance","floor":1},{"not_picked":["Wild Strike","Heavy Blade"],"picked":"Inflame","floor":6},{"not_picked":["hubris:ReadiedAction+1","Heavy Blade"],"picked":"Flex+1","floor":7},{"not_picked":["Carnage","Twin Strike"],"picked":"Armaments+1","floor":9},{"not_picked":["Armaments+1","Abandon+1"],"picked":"Berserk","floor":10},{"not_picked":["Clash","Life Link"],"picked":"Flex+1","floor":12},{"not_picked":["Dropkick","Thunderclap"],"picked":"Clothesline","floor":13},{"not_picked":["Sword Boomerang","hubris:SharpeningStone+1"],"picked":"ReplayTheSpireMod:Corrosion Curse+1","floor":14},{"not_picked":["ReplayTheSpireMod:Corrosion Curse+1","Armaments+1"],"picked":"True Grit+1","floor":16},{"not_picked":["Immolate","Replay:Many Hands+1"],"picked":"Double Tap+1","floor":18},{"not_picked":["Headbutt","Body Slam"],"picked":"ReplayTheSpireMod:Strike From Hell","floor":20},{"not_picked":["Power Through+1","Armaments+1"],"picked":"ReplayTheSpireMod:Corrosion Curse+1","floor":24}],"player_experience":879275,"relics_obtained":[{"floor":6,"key":"reliquary:JackalopeAntler"},{"floor":9,"key":"Paper Frog"},{"floor":11,"key":"reliquary:RosewoodLute"}],"event_choices":[{"damage_healed":0,"gold_gain":175,"player_choice":"AGREE","damage_taken":0,"max_hp_gain":0,"max_hp_loss":0,"event_name":"Liars Game","floor":5,"gold_loss":0,"cards_obtained":["Doubt"]},{"damage_healed":0,"gold_gain":0,"player_choice":"Entered Light","damage_taken":15,"max_hp_gain":0,"max_hp_loss":0,"event_name":"Shining Light","floor":15,"gold_loss":0,"cards_upgraded":["Bash","Defend_G"]},{"damage_healed":0,"gold_gain":0,"player_choice":"2 cards matched","damage_taken":0,"max_hp_gain":0,"max_hp_loss":0,"event_name":"Match and Keep!","floor":23,"gold_loss":0,"cards_obtained":["Impatience","hubris:StunningStrike"]}],"is_beta":false,"boss_relics":[{"not_picked":["Replay:Bronze Core","Ectoplasm"],"picked":"Black Star"}],"items_purged_floors":[21],"is_endless":false,"potions_floor_spawned":[9,13,18,24],"killed_by":"Slavers","ascension_level":14}}