{"host":"cxvb37eaaiijvrl4","time":1612488244,"event":{"mods":["ATMod(阿瑾Mod)","BaseMod","Better Third Choice","Minty Spire (QoL Compilation)","MostiFishMod","Quick Restart","Rare Cards Sparkle","Shop Mod","Spicy Shops","StSLib","TestMod","Uncapped","残留之物"],"gold_per_floor":[116,41,41,41,41,76,76,108,108,108,128,528,528,562,562,638,638,648,698,714,614,627,653,653,670,670,704,704,704,716,641,641,716,716,726,726,739,286,304,304,321,171,171,58,83,114,133,166,166,166,166,166,166,5,31,31],"floor_reached":57,"language":"ZHS","playtime":1237,"items_purged":["Strike_R","Strike_R","Bash","Defend_R","Defend_R","Defend_R+1","AT_BodySlamDance+1"],"score":3753,"play_id":"f29a1189-c8cd-4f7f-a659-4735c77f66ea","local_time":"20210204172404","is_ascension_mode":true,"campfire_choices":[{"data":"Body Slam","floor":7.0,"key":"SMITH"},{"data":"AT_EssenceShift","floor":10.0,"key":"SMITH"},{"floor":13.0,"key":"RECALL"},{"data":"Power Through","floor":15.0,"key":"SMITH"},{"data":"Defend_R","floor":24,"key":"SMITH"},{"data":"AT_BodySlamDance","floor":28,"key":"SMITH"},{"data":"Second Wind","floor":32,"key":"SMITH"},{"data":"Berserk","floor":40,"key":"SMITH"},{"data":"Defend_R","floor":49,"key":"SMITH"},{"floor":53,"key":"REST"}],"circlet_count":0,"master_deck":["AscendersBane","Defend_R+1","AT_EssenceShift+1","Power Through+1","Body Slam+1","Second Wind+1","Berserk+1","Seeing Red+1"],"relics":["Burning Blood","DaveBox","AT_ATBox","BirthdayGift-Tetrahedron","testmod-CrystalShield","SynthV:TestCard","PreservedInsect","Singing Bowl","Bag of Preparation","testmod-Temperance","AT_BellDemon","AT_ChloranthyRing","Art of War","Self Forming Clay","testmod-AssaultLearning","Philosopher\u0027s Stone","Lantern","testmod-Nyarlathotep","MerchantsRug","testmod-InjuryResistance","Pantograph","Frozen Egg 2","Question Card","testmod-TurbochargingSystem","Ancient Tea Set","Toxic Egg 2","Membership Card","AT_RedTearstoneRing","MostiFishMod:Haymaker"],"acts_visited":["Exordium","TheCity","TheBeyond","TheEnding"],"potions_floor_usage":[],"damage_taken":[{"damage":2.0,"enemies":"Small Slimes","floor":1.0,"turns":2.0},{"damage":4.0,"enemies":"Gremlin Nob","floor":6.0,"turns":3.0},{"damage":4.0,"enemies":"Lagavulin","floor":8.0,"turns":3.0},{"damage":2.0,"enemies":"Jaw Worm","floor":11.0,"turns":2.0},{"damage":4.0,"enemies":"Gremlin Nob","floor":14.0,"turns":3.0},{"damage":4.0,"enemies":"Hexaghost","floor":16.0,"turns":3.0},{"damage":0.0,"enemies":"Chosen","floor":18.0,"turns":1.0},{"damage":2,"enemies":"Spheric Guardian","floor":20,"turns":2},{"damage":3,"enemies":"Centurion and Healer","floor":22,"turns":2},{"damage":4,"enemies":"Slavers","floor":23,"turns":3},{"damage":0,"enemies":"Snecko","floor":25,"turns":1},{"damage":2,"enemies":"Gremlin Leader","floor":27,"turns":2},{"damage":0,"enemies":"Shelled Parasite and Fungi","floor":30,"turns":1},{"damage":2,"enemies":"Champ","floor":33,"turns":2},{"damage":0,"enemies":"3 Shapes","floor":35,"turns":1},{"damage":2,"enemies":"Orb Walker","floor":37,"turns":2},{"damage":0,"enemies":"Maw","floor":39,"turns":1},{"damage":0,"enemies":"4 Shapes","floor":41,"turns":1},{"damage":0,"enemies":"Mind Bloom Boss Battle","floor":45,"turns":1},{"damage":0,"enemies":"Giant Head","floor":46,"turns":1},{"damage":0,"enemies":"Transient","floor":47,"turns":1},{"damage":0,"enemies":"Nemesis","floor":48,"turns":1},{"damage":0,"enemies":"Donu and Deca","floor":50,"turns":1},{"damage":1,"enemies":"Awakened One","floor":51,"turns":2},{"damage":0,"enemies":"Shield and Spear","floor":55,"turns":1},{"damage":3,"enemies":"The Heart","floor":56,"turns":4}],"seed_played":"5171107245891217398","potions_obtained":[{"floor":1.0,"key":"Strength Potion"},{"floor":16.0,"key":"testmod-TimePotion"},{"floor":22,"key":"BloodPotion"},{"floor":37,"key":"DistilledChaos"}],"is_trial":false,"path_per_floor":["M","$","?","?","$","E","R","E","T","R","M","?","R","E","R","B",null,"M","?","M","$","M","E","R","M","T","E","R","?","M","?","R","B",null,"M","?","M","$","M","R","M","$","T","$","?","E","M","E","R","B","B",null,"R","$","E","B",null],"character_chosen":"IRONCLAD","items_purchased":["testmod-Nyarlathotep","MerchantsRug","Membership Card"],"campfire_rested":1,"item_purchase_floors":[38,44,54],"current_hp_per_floor":[72,72,48,53,53,55,55,59,59,59,65,65,65,69,69,73,84,90,81,87,87,92,96,96,96,96,98,98,98,100,100,100,100,100,102,102,104,104,106,106,108,108,108,108,110,112,114,116,116,116,116,116,116,116,116,116],"gold":31,"neow_bonus":"REMOVE_CARD","is_daily":false,"chose_seed":false,"campfire_upgraded":8,"win_rate":0.0,"timestamp":1612488244,"path_taken":["M","$","?","?","?","E","R","E","T","R","?","?","R","E","R","BOSS","M","?","?","$","?","E","R","M","T","E","R","?","M","?","R","BOSS","M","?","M","$","M","R","M","$","T","$","?","E","M","E","R","BOSS","BOSS","R","$","E","BOSS"],"items_purchased_type":["Relic","Relic","Relic"],"build_version":"2020-12-22","purchased_purges":7,"victory":true,"max_hp_per_floor":[75,75,75,80,80,80,80,82,82,82,84,84,84,86,86,88,88,90,90,92,92,94,96,96,96,96,98,98,98,100,100,100,100,100,102,102,104,104,106,106,108,108,108,108,110,112,114,116,116,116,116,116,116,116,116,116],"card_choices":[{"not_picked":["Heavy Blade","Perfected Strike"],"picked":"Power Through","floor":1.0},{"not_picked":["Clothesline","AT_CaressingTears","Intimidate","Rupture"],"picked":"Body Slam","floor":6.0},{"not_picked":["Battle Trance","Carnage","Anger","AT_IchimonjiDouble","Sentinel"],"picked":"Singing Bowl","floor":8.0},{"not_picked":["Armaments","Disarm","Headbutt","Burning Pact","Dark Embrace"],"picked":"Singing Bowl","floor":11.0},{"not_picked":["Perfected Strike","MostiFishMod:BrandingRite","AT_GerminateFire","Rage","Seeing Red"],"picked":"Singing Bowl","floor":14.0},{"not_picked":["Impervious","Double Tap","Exhume","Fiend Fire","Demon Form"],"picked":"Singing Bowl","floor":16.0},{"not_picked":["Body Slam","Headbutt+1","Heavy Blade","Twin Strike","Sword Boomerang"],"picked":"Singing Bowl","floor":18.0},{"not_picked":["Rage","Seeing Red","Sever Soul","Flame Barrier","Warcry"],"picked":"Singing Bowl","floor":20},{"not_picked":["AT_DrawKnifeCut","Iron Wave","Body Slam","Twin Strike","Thunderclap"],"picked":"Singing Bowl","floor":22},{"not_picked":["AT_GerminateFire","Corruption","Pommel Strike+1","Perfected Strike","Thunderclap"],"picked":"Singing Bowl","floor":23},{"not_picked":["Armaments","Fire Breathing","Perfected Strike","Pommel Strike+1"],"picked":"AT_BodySlamDance","floor":25},{"not_picked":["Rampage+1","Shockwave","Heavy Blade","Shrug It Off+1","AT_Dispersion"],"picked":"Singing Bowl","floor":27},{"not_picked":["Twin Strike","AT_BodySlamDance","Inflame","Havoc","AT_GerminateFire"],"picked":"Singing Bowl","floor":30},{"not_picked":["MostiFishMod:TemporaryOutbreak","MostiFishMod:CullingBlade","MostiFishMod:RainCloud","Bludgeon"],"picked":"Berserk","floor":33},{"not_picked":["Heavy Blade","Seeing Red","AT_IchimonjiDouble+1","Pummel","Clash"],"picked":"Singing Bowl","floor":35},{"not_picked":["Whirlwind","Perfected Strike","AT_IchimonjiDouble","Warcry","Combust"],"picked":"Singing Bowl","floor":37},{"not_picked":["Heavy Blade","AT_DrawKnifeCut+1","Pommel Strike","Clothesline","Warcry"],"picked":"Singing Bowl","floor":39},{"not_picked":["Rampage+1","Thunderclap","Clash+1","Disarm","Entrench+1"],"picked":"Singing Bowl","floor":41},{"not_picked":["Seeing Red+1","Twin Strike","Warcry","Iron Wave","Blood for Blood"],"picked":"Singing Bowl","floor":45},{"not_picked":["Hemokinesis","Heavy Blade+1","Shrug It Off","Bludgeon","Spot Weakness"],"picked":"Singing Bowl","floor":46},{"not_picked":["AT_BodySlamDance","Heavy Blade","Carnage","Reckless Charge+1","Pummel","Cleave+1"],"picked":"Singing Bowl","floor":47},{"not_picked":["Iron Wave","Sword Boomerang","Metallicize+1","Ghostly Armor+1","Headbutt","Rampage"],"picked":"Singing Bowl","floor":48},{"not_picked":["Pummel+1","Flex+1","Dual Wield+1","Headbutt","Dark Embrace+1"],"picked":"Seeing Red+1","floor":55}],"player_experience":737332,"relics_obtained":[{"floor":1.0,"key":"SynthV:TestCard"},{"floor":6.0,"key":"Bag of Preparation"},{"floor":8.0,"key":"Red Skull"},{"floor":14.0,"key":"testmod-ObsoleteBoomerang"},{"floor":23,"key":"AT_BellDemon"},{"floor":25,"key":"Blood Vial"},{"floor":26,"key":"AT_ChloranthyRing"},{"floor":27,"key":"Art of War"},{"floor":27,"key":"Self Forming Clay"},{"floor":30,"key":"testmod-AssaultLearning"},{"floor":33,"key":"AT_DeathDance"},{"floor":35,"key":"MealTicket"},{"floor":37,"key":"Lantern"},{"floor":39,"key":"Bird Faced Urn"},{"floor":41,"key":"Vajra"},{"floor":43,"key":"AT_ImmortalShieldbow"},{"floor":45,"key":"testmod-InjuryResistance"},{"floor":45,"key":"Pantograph"},{"floor":46,"key":"Frozen Egg 2"},{"floor":46,"key":"Question Card"},{"floor":47,"key":"testmod-TurbochargingSystem"},{"floor":48,"key":"Ancient Tea Set"},{"floor":48,"key":"Toxic Egg 2"},{"floor":55,"key":"AT_RedTearstoneRing"},{"floor":55,"key":"MostiFishMod:Haymaker"}],"event_choices":[{"damage_healed":0.0,"max_hp_gain":0.0,"max_hp_loss":0.0,"gold_gain":1.0,"event_name":"betterThird:BetterScrap","player_choice":"Relic Relic ","floor":3.0,"gold_loss":0.0,"damage_taken":24.0,"cards_obtained":["MostiFishMod:KamiSmash"]},{"damage_healed":0.0,"max_hp_gain":5.0,"max_hp_loss":0.0,"gold_gain":0.0,"event_name":"Big Fish","player_choice":"Donut","floor":4.0,"gold_loss":0.0,"damage_taken":0.0},{"damage_healed":0.0,"max_hp_gain":0.0,"max_hp_loss":0.0,"gold_gain":400.0,"event_name":"恩洛斯的盘子","player_choice":"Sell","floor":12.0,"relics_lost":["testmod-TestBox"],"gold_loss":0.0,"damage_taken":0.0},{"damage_healed":0,"gold_gain":50,"player_choice":"Touch","damage_taken":9,"max_hp_gain":0,"max_hp_loss":0,"event_name":"FaceTrader","floor":19,"gold_loss":0},{"damage_healed":0,"gold_gain":0,"player_choice":"Read","damage_taken":0,"max_hp_gain":0,"max_hp_loss":0,"event_name":"The Library","floor":29,"gold_loss":0,"cards_obtained":["Second Wind"]},{"cards_removed":["Strike_R"],"damage_healed":0,"gold_gain":0,"player_choice":"Gave Gold","damage_taken":0,"max_hp_gain":0,"max_hp_loss":0,"event_name":"Beggar","floor":31,"gold_loss":75},{"damage_healed":0,"gold_gain":0,"player_choice":"Ignored","damage_taken":0,"max_hp_gain":0,"max_hp_loss":0,"event_name":"Tomb of Lord Red Mask","floor":36,"gold_loss":0},{"damage_healed":0,"gold_gain":0,"player_choice":"Fight","damage_taken":0,"max_hp_gain":0,"max_hp_loss":0,"event_name":"MindBloom","floor":45,"gold_loss":0}],"is_beta":false,"boss_relics":[{"not_picked":["RhineCircuit","Cursed Key"],"picked":"testmod-Temperance"},{"not_picked":["Runic Pyramid","Mark of Pain"],"picked":"Philosopher\u0027s Stone"}],"items_purged_floors":[2,21,38,42,44,54,54],"is_endless":false,"potions_floor_spawned":[1,11,16,18,20,22,33,35,37,39],"ascension_level":20}}