{"host":"56xwnffi6e9z5l58","time":1612549163,"event":{"mods":["Aspiration","BaseMod","Better Match","Better Note","Better Sensory Stone","BetterRewards","Colored Map","Colored Powertips","Conspire","Downfall","GifTheSpireLib","Hermit","Highlight Path","Hubris","Infinite Spire","Key Reminder","Minty Spire (QoL Compilation)","Permanent Neow","Quick Restart","Rare Cards Sparkle","Replay The Spire","StSLib","Stuff the Spire","SuperFastMode","Unceasing Turn Reminder"],"gold_per_floor":[99,118,22,22,52,81,81,113,113,140,140,205,236,270,282,379,379,379,397,412,412,427,440,467,497,497,526,526,21,21,47,76,76,76],"floor_reached":33,"language":"ENG","playtime":1042,"items_purged":["Normality"],"score":378,"play_id":"c04e632f-a415-4540-b675-625a0ad2686a","local_time":"20210206021923","is_ascension_mode":true,"campfire_choices":[{"data":"hermit:Strike_Hermit","floor":1,"key":"PURGE"},{"floor":9,"key":"REST"},{"data":"hermit:Maintenance","floor":11,"key":"SMITH"},{"data":"hermit:EternalForm","floor":18,"key":"SMITH"},{"floor":26,"key":"REST"},{"floor":30,"key":"REST"}],"circlet_count":0,"master_deck":["hermit:Strike_Hermit","hermit:Strike_Hermit","hermit:Strike_Hermit","hermit:Defend_Hermit","hermit:Defend_Hermit","hermit:Defend_Hermit","hermit:Defend_Hermit","hermit:Snapshot","hermit:Covet","hermit:Magnum+1","hermit:FlashPowder","hermit:DeadOrAlive+1","expansioncontent:AwakenDeath+1","hermit:Grudge","hermit:SprayPray","Pot Of Greed","Pot Of Greed","hermit:Maintenance+1","hermit:Enervate","hermit:Brawl","hermit:HighNoon","hermit:Malice","hermit:EternalForm+1","hermit:Maintenance+1","hermit:Combo","hermit:Spite","Pot Of Greed","Amnesia","ReplayTheSpireMod:Chaos Vortex","hermit:RoundhouseKick","expansioncontent:QuickStudy+1","hermit:BlackWind"],"relics":["hermit:Momento","Bronze Scales","Replay:Bottled Eggs","Grinning Jar","Guardian:PocketSentry","Orichalcum","aspiration:SecretTechniqueScroll","Strawberry","Slimebound:PreparedRelic","Simple Rune","keyreminder:keyreminder","Mirror","Question Card"],"acts_visited":["Exordium","TheCity"],"potions_floor_usage":[10,14,16,33,33],"damage_taken":[{"damage":0,"enemies":"Small Slimes","floor":2,"turns":3},{"damage":0,"enemies":"downfall:FleeingMerchant","floor":3,"turns":4},{"damage":0,"enemies":"Cultist","floor":5,"turns":4},{"damage":54,"enemies":"Lagavulin","floor":6,"turns":7},{"damage":0,"enemies":"2 Louse","floor":8,"turns":2},{"damage":0,"enemies":"Gremlin Nob","floor":10,"turns":2},{"damage":51,"enemies":"Lagavulin","floor":12,"turns":7},{"damage":0,"enemies":"Red Slaver","floor":13,"turns":2},{"damage":7,"enemies":"3 Sentries","floor":14,"turns":5},{"damage":3,"enemies":"Blue Slaver","floor":15,"turns":3},{"damage":7,"enemies":"SI_SHIV_ARCHETYPE","floor":16,"turns":7},{"damage":0,"enemies":"3 Byrds","floor":19,"turns":3},{"damage":0,"enemies":"Chosen","floor":20,"turns":4},{"damage":13,"enemies":"Snecko","floor":22,"turns":5},{"damage":21,"enemies":"Snake Plant","floor":23,"turns":6},{"damage":32,"enemies":"Slavers","floor":25,"turns":5},{"damage":49,"enemies":"Book of Stabbing","floor":27,"turns":7},{"damage":0,"enemies":"downfall:FleeingMerchant","floor":29,"turns":4},{"damage":44,"enemies":"Gremlin Leader","floor":31,"turns":6},{"damage":0,"enemies":"Shelled Parasite and Fungi","floor":32,"turns":2},{"damage":26,"enemies":"IC_MUSHROOM_ARCHETYPE","floor":33,"turns":4}],"seed_played":"6078430267600368512","potions_obtained":[{"floor":2,"key":"Strength Potion"},{"floor":6,"key":"SteroidPotion"},{"floor":12,"key":"SkillPotion"},{"floor":13,"key":"Energy Potion"},{"floor":16,"key":"ColorlessPotion"},{"floor":22,"key":"Languid Potion"}],"is_trial":false,"path_per_floor":["R_BF","M","$","?","M","E","T","M","R","E","R","E","M","E","M","B",null,"R","M","M","?","M","M","T","E","R","E","?","$","R","E","M","B"],"character_chosen":"HERMIT","items_purchased":["expansioncontent:AwakenDeath+1","expansioncontent:QuickStudy+1","Mirror"],"campfire_rested":3,"item_purchase_floors":[3,29,29],"current_hp_per_floor":[75,75,75,75,75,21,21,21,43,43,43,30,30,23,20,13,75,75,75,75,75,62,41,48,16,40,30,30,30,54,10,10,0,0],"gold":76,"neow_bonus":"ONE_RANDOM_RARE_CARD","is_daily":false,"chose_seed":false,"campfire_upgraded":2,"win_rate":0.0,"timestamp":1612549163,"path_taken":["R_BF","M","$","?","M","E","T","?","R","E","R","E","M","E","M","BOSS","R","M","M","?","M","?","T","E","R","E","?","$","R","E","M","BOSS"],"items_purchased_type":["Card","Card","Relic"],"build_version":"2020-12-22","purchased_purges":1,"victory":false,"max_hp_per_floor":[75,75,75,75,75,75,75,75,75,75,75,75,75,75,75,75,75,75,75,75,75,75,75,82,82,82,82,82,82,82,82,82,82,82],"card_choices":[{"not_picked":["hermit:TakeCover","hermit:Manifest"],"picked":"hermit:FlashPowder","floor":2},{"not_picked":["hermit:ItchyTrigger","hermit:Headshot"],"picked":"hermit:DeadOrAlive","floor":3},{"not_picked":["hermit:Feint","hermit:Ricochet","hermit:Vantage"],"picked":"SKIP","floor":5},{"not_picked":["hermit:Manifest","hermit:Desperado"],"picked":"hermit:Grudge","floor":6},{"not_picked":["hermit:Coalescence","hermit:OverwhelmingPower"],"picked":"hermit:SprayPray","floor":8},{"not_picked":["hermit:Dive","hermit:DeadMansHand"],"picked":"hermit:Maintenance","floor":10},{"not_picked":["hermit:SprayPray","hermit:Midnight"],"picked":"hermit:Enervate","floor":12},{"not_picked":["hermit:Headshot","hermit:Showdown"],"picked":"hermit:Brawl","floor":13},{"not_picked":["hermit:Dive","hermit:Midnight"],"picked":"hermit:HighNoon","floor":14},{"not_picked":["hermit:Manifest","hermit:CalledShot"],"picked":"hermit:Malice","floor":15},{"not_picked":["hermit:BlackWind","hermit:HeroicBravado"],"picked":"hermit:EternalForm","floor":16},{"not_picked":["hermit:CalledShot","hermit:Misfire"],"picked":"hermit:Maintenance+1","floor":19},{"not_picked":["hermit:Desperado","hermit:WideOpen","hermit:HoleUp+1"],"picked":"SKIP","floor":20},{"not_picked":["hermit:Grudge","hermit:Shortfuse","hermit:CalledShot+1"],"picked":"SKIP","floor":22},{"not_picked":["hermit:Desperado+1","hermit:WideOpen+1"],"picked":"hermit:Combo","floor":23},{"not_picked":["hermit:DeadMansHand","hermit:Feint"],"picked":"hermit:Spite","floor":25},{"not_picked":["hermit:Quickdraw","hermit:ItchyTrigger","hermit:Misfire+1"],"picked":"SKIP","floor":27},{"not_picked":["hubris:InfiniteBlow+69","infinitespire:Punishment"],"picked":"ReplayTheSpireMod:Chaos Vortex","floor":28},{"not_picked":["hermit:GhostlyPresence","hermit:GoldenBullet+1"],"picked":"hermit:RoundhouseKick","floor":29},{"not_picked":["hermit:Misfire+1","hermit:CalledShot"],"picked":"hermit:BlackWind","floor":31},{"not_picked":["hermit:HoleUp","hermit:CalledShot","hermit:Spite","hermit:LoneWolf"],"picked":"SKIP","floor":32}],"player_experience":1023365,"relics_obtained":[{"floor":6,"key":"Bronze Scales"},{"floor":7,"key":"Replay:Bottled Eggs"},{"floor":10,"key":"Grinning Jar"},{"floor":12,"key":"Guardian:PocketSentry"},{"floor":14,"key":"Orichalcum"},{"floor":24,"key":"Strawberry"},{"floor":25,"key":"Slimebound:PreparedRelic"},{"floor":27,"key":"Simple Rune"},{"floor":31,"key":"Question Card"}],"event_choices":[],"is_beta":false,"boss_relics":[{"not_picked":["hubris:BlackHole","aspiration:FutureDiary"],"picked":"aspiration:SecretTechniqueScroll"}],"items_purged_floors":[29],"is_endless":false,"potions_floor_spawned":[2,6,12,13,16,22,23,25],"killed_by":"IC_MUSHROOM_ARCHETYPE","ascension_level":1}}