{"host":"hk3n60c9tb8azi3z","time":1612569571,"event":{"mods":["AchievementEnabler","BaseMod","Minty Spire (QoL Compilation)","Relic Sorter","Relic Stats"],"gold_per_floor":[118,118,81,6,6,40,40,76,76,76,76,1,17,17,17,17,17],"floor_reached":16,"language":"ENG","playtime":384,"items_purged":["Strike_R"],"score":208,"play_id":"548c06e2-7117-4b02-ba31-d8e3225485ef","local_time":"20210206005931","is_ascension_mode":true,"campfire_choices":[{"floor":7.0,"key":"REST"},{"data":"Twin Strike","floor":10,"key":"SMITH"},{"floor":15,"key":"REST"}],"circlet_count":0,"master_deck":["AscendersBane","Strike_R","Strike_R","Strike_R","Defend_R","Defend_R","Defend_R","Defend_R","Bash+1","Twin Strike+1","Offering","Cleave","Rampage"],"relics":["Sozu","Golden Idol","Sundial","Singing Bowl","Paper Frog"],"acts_visited":["Exordium"],"potions_floor_usage":[],"damage_taken":[{"damage":10.0,"enemies":"2 Louse","floor":1.0,"turns":2.0},{"damage":20.0,"enemies":"Lagavulin","floor":6.0,"turns":5.0},{"damage":14.0,"enemies":"Gremlin Nob","floor":8.0,"turns":3.0},{"damage":6,"enemies":"Small Slimes","floor":13,"turns":2},{"damage":58,"enemies":"Slime Boss","floor":16,"turns":7}],"seed_played":"-2224569472977084408","potions_obtained":[],"is_trial":false,"path_per_floor":["M","?","?","?","?","E","R","E","T","R","T","$","M","$","R","B"],"character_chosen":"IRONCLAD","items_purchased":[],"campfire_rested":2,"item_purchase_floors":[],"current_hp_per_floor":[58,58,58,58,58,38,58,44,44,44,44,44,38,38,58,0,0],"gold":17,"neow_bonus":"BOSS_RELIC","is_daily":false,"chose_seed":false,"campfire_upgraded":1,"win_rate":0.0,"timestamp":1612569571,"path_taken":["M","?","?","?","?","E","R","E","T","R","?","?","?","$","R","BOSS"],"items_purchased_type":[],"build_version":"2020-12-22","purchased_purges":1,"victory":false,"max_hp_per_floor":[75,68,68,68,68,68,68,68,68,68,68,68,68,68,68,68,68],"relic_stats":{"Sozu":1,"Singing Bowl":0,"counters":[5,19],"Golden Idol":17,"Sundial":[2],"obtain_stats":[{"Sozu":0,"Singing Bowl":8,"Golden Idol":2,"Sundial":6,"Burning Blood":0,"Paper Frog":11},{"Sozu":0,"Singing Bowl":3,"Golden Idol":1,"Sundial":2,"Burning Blood":0,"Paper Frog":3},{"Sozu":0,"Singing Bowl":10,"Golden Idol":2,"Sundial":7,"Burning Blood":0,"Paper Frog":10}]},"card_choices":[{"not_picked":["Thunderclap","Body Slam"],"picked":"Twin Strike","floor":1.0},{"not_picked":["Sever Soul","Havoc"],"picked":"Offering","floor":6.0},{"not_picked":["Blood for Blood","True Grit"],"picked":"Cleave","floor":8.0},{"not_picked":["Pummel","Blood for Blood"],"picked":"Rampage","floor":13}],"player_experience":1658701,"relics_obtained":[{"floor":6.0,"key":"Sundial"},{"floor":8.0,"key":"Singing Bowl"},{"floor":11,"key":"Paper Frog"}],"event_choices":[{"damage_healed":0.0,"max_hp_gain":0.0,"max_hp_loss":7.0,"gold_gain":0.0,"event_name":"Golden Idol","player_choice":"Lose Max HP","floor":2.0,"gold_loss":0.0,"damage_taken":0.0,"relics_obtained":["Golden Idol"]},{"damage_healed":0.0,"max_hp_gain":0.0,"max_hp_loss":0.0,"gold_gain":0.0,"event_name":"World of Goop","player_choice":"Left Gold","floor":3.0,"gold_loss":37.0,"damage_taken":0.0},{"cards_removed":["Strike_R"],"damage_healed":0.0,"max_hp_gain":0.0,"max_hp_loss":0.0,"gold_gain":0.0,"event_name":"The Cleric","player_choice":"Card Removal","floor":4.0,"gold_loss":75.0,"damage_taken":0.0},{"damage_healed":0.0,"max_hp_gain":0.0,"max_hp_loss":0.0,"gold_gain":0.0,"event_name":"Living Wall","player_choice":"Grow","floor":5.0,"gold_loss":0.0,"damage_taken":0.0,"cards_upgraded":["Bash"]}],"is_beta":false,"boss_relics":[],"items_purged_floors":[12],"is_endless":false,"potions_floor_spawned":[1],"killed_by":"Slime Boss","ascension_level":20}}