{"host":"xz7n3qy1zq36rzpg","time":1612568212,"event":{"mods":["BaseMod","Colored Map","Colored Powertips","Highlight Path","Minty Spire (QoL Compilation)","Quick Restart","Shop Mod"],"gold_per_floor":[168,168,16,0,15,46,46,46,72,92,127,127,156,165,165,277,277,301,78,97,97,47,88,88,128,128,3,22,22,41,66,66,66,66],"floor_reached":33,"language":"ENG","playtime":1825,"items_purged":["Regret","Defend_G","Strike_G"],"score":377,"play_id":"7aa1d5cc-aeb1-471c-aa64-407270b361de","local_time":"20210206003652","is_ascension_mode":true,"campfire_choices":[{"data":"Neutralize","floor":7,"key":"SMITH"},{"floor":12,"key":"REST"},{"data":"Deflect","floor":15,"key":"SMITH"},{"data":"Dash","floor":24,"key":"SMITH"},{"floor":29,"key":"REST"},{"floor":32,"key":"REST"}],"circlet_count":0,"master_deck":["Strike_G","Strike_G","Strike_G","Strike_G","Defend_G","Defend_G","Defend_G","Defend_G","Survivor+1","Neutralize+1","Dash+1","Quick Slash","Noxious Fumes","Bullet Time","Bane","Deflect+1","Riddle With Holes","Acrobatics","Parasite","Venomology","Blade Dance","Infinite Blades","Deadly Poison","Wraith Form v2","Bouncing Flask","Sucker Punch","Blade Dance+1","Distraction+1"],"relics":["Tiny House","Darkstone Periapt","Bronze Scales","Gambling Chip","Ancient Tea Set","CeramicFish","WristBlade","StoneCalendar","Tiny Chest","Pantograph"],"acts_visited":["Exordium","TheCity"],"potions_floor_usage":[11,13,16,18,20,23,23,23,23,25,28,28,30,33],"damage_taken":[{"damage":0,"enemies":"Jaw Worm","floor":1,"turns":3},{"damage":7,"enemies":"Small Slimes","floor":5,"turns":4},{"damage":18,"enemies":"Lagavulin","floor":6,"turns":10},{"damage":0,"enemies":"2 Louse","floor":10,"turns":2},{"damage":22,"enemies":"Gremlin Nob","floor":11,"turns":4},{"damage":4,"enemies":"Large Slime","floor":13,"turns":4},{"damage":33,"enemies":"Slime Boss","floor":16,"turns":12},{"damage":2,"enemies":"Chosen","floor":18,"turns":4},{"damage":10,"enemies":"3 Byrds","floor":20,"turns":3},{"damage":20,"enemies":"Gremlin Leader","floor":23,"turns":5},{"damage":28,"enemies":"Slavers","floor":25,"turns":6},{"damage":19,"enemies":"Sentry and Sphere","floor":28,"turns":4},{"damage":15,"enemies":"3 Cultists","floor":30,"turns":5},{"damage":12,"enemies":"Centurion and Healer","floor":31,"turns":6},{"damage":74,"enemies":"Collector","floor":33,"turns":7}],"seed_played":"191879778024839473","potions_obtained":[{"floor":0,"key":"Explosive Potion"},{"floor":5,"key":"ColorlessPotion"},{"floor":10,"key":"DuplicationPotion"},{"floor":16,"key":"Poison Potion"},{"floor":18,"key":"BlessingOfTheForge"},{"floor":25,"key":"FearPotion"},{"floor":31,"key":"AttackPotion"}],"is_trial":false,"path_per_floor":["M","?","$","?","M","E","R","?","T","M","E","R","M","?","R","B",null,"M","$","M","?","?","E","R","E","T","$","M","R","M","M","R","B"],"character_chosen":"THE_SILENT","items_purchased":["Noxious Fumes","Infinite Blades","Strength Potion"],"campfire_rested":3,"item_purchase_floors":[3,19,19],"current_hp_per_floor":[75,81,81,81,74,56,56,44,44,44,22,46,42,68,68,35,87,85,85,75,75,75,55,55,27,27,27,8,34,19,7,33,0,0],"gold":66,"neow_bonus":"BOSS_RELIC","is_daily":false,"chose_seed":false,"campfire_upgraded":3,"win_rate":0.0,"timestamp":1612568212,"path_taken":["M","?","$","?","M","E","R","?","T","M","E","R","M","?","R","BOSS","M","$","M","?","?","E","R","E","T","$","M","R","M","?","R","BOSS"],"items_purchased_type":["Card","Card","Potion"],"build_version":"2020-12-22","purchased_purges":3,"victory":false,"max_hp_per_floor":[75,81,81,81,81,81,81,81,81,81,81,81,81,87,87,87,87,87,87,87,87,87,87,87,87,87,87,87,87,87,87,87,87,87],"card_choices":[{"not_picked":["Dagger Spray","Dodge and Roll"],"picked":"Dash","floor":0},{"not_picked":["PiercingWail","Dagger Spray"],"picked":"Quick Slash","floor":1},{"not_picked":["Flechettes","Outmaneuver"],"picked":"Bullet Time","floor":5},{"not_picked":["Predator","Flying Knee"],"picked":"Bane","floor":6},{"not_picked":["Terror","Quick Slash"],"picked":"Deflect","floor":10},{"not_picked":["Prepared","Blur"],"picked":"Riddle With Holes","floor":11},{"not_picked":["Eviscerate","Dagger Spray"],"picked":"Acrobatics","floor":13},{"not_picked":["Grand Finale","Malaise"],"picked":"Venomology","floor":16},{"not_picked":["Tactician","Flying Knee+1"],"picked":"Blade Dance","floor":18},{"not_picked":["Blade Dance","Quick Slash"],"picked":"Deadly Poison","floor":20},{"not_picked":["Backflip","Sucker Punch"],"picked":"Wraith Form v2","floor":23},{"not_picked":["Deflect+1","Quick Slash"],"picked":"Bouncing Flask","floor":25},{"not_picked":["Venomology","Bane+1"],"picked":"Sucker Punch","floor":28},{"not_picked":["Prepared","Deadly Poison"],"picked":"Blade Dance+1","floor":30},{"not_picked":["Dagger Spray","Sucker Punch+1"],"picked":"Distraction+1","floor":31}],"player_experience":446919,"relics_obtained":[{"floor":6,"key":"Bronze Scales"},{"floor":9,"key":"Ancient Tea Set"},{"floor":11,"key":"CeramicFish"},{"floor":23,"key":"StoneCalendar"},{"floor":25,"key":"Tiny Chest"},{"floor":26,"key":"Pantograph"}],"event_choices":[{"damage_healed":0,"gold_gain":0,"player_choice":"Box","damage_taken":0,"relics_obtained":["Darkstone Periapt"],"max_hp_gain":0,"max_hp_loss":0,"event_name":"Big Fish","floor":2,"gold_loss":0,"cards_obtained":["Regret"]},{"damage_healed":0,"gold_gain":0,"player_choice":"Left Gold","damage_taken":0,"max_hp_gain":0,"max_hp_loss":0,"event_name":"World of Goop","floor":4,"gold_loss":16},{"damage_healed":0,"gold_gain":0,"player_choice":"Success","damage_taken":12,"relics_obtained":["Gambling Chip"],"max_hp_gain":0,"max_hp_loss":0,"event_name":"Scrap Ooze","floor":8,"gold_loss":0},{"damage_healed":20,"gold_gain":0,"player_choice":"Healed and dodged fight","damage_taken":0,"max_hp_gain":0,"max_hp_loss":0,"event_name":"Mushrooms","floor":14,"gold_loss":0,"cards_obtained":["Parasite"]},{"damage_healed":0,"gold_gain":0,"player_choice":"Ignored","damage_taken":0,"max_hp_gain":0,"max_hp_loss":0,"event_name":"Vampires","floor":21,"gold_loss":0},{"damage_healed":0,"gold_gain":0,"player_choice":"Bet on Owner","damage_taken":0,"max_hp_gain":0,"max_hp_loss":0,"event_name":"The Joust","floor":22,"gold_loss":50}],"is_beta":false,"boss_relics":[{"not_picked":["Runic Dome","Pandora\u0027s Box"],"picked":"WristBlade"}],"items_purged_floors":[3,19,27],"is_endless":false,"potions_floor_spawned":[5,10,16,18,25,31],"killed_by":"Collector","ascension_level":4}}