{"host":"928gv66myv2vlnsd","time":1612491408,"event":{"mods":["BaseMod","Highlight Path","Minty Spire (QoL Compilation)","StSLib"],"gold_per_floor":[117,127,127,127,127,160,178,211,211,49,82,95,95,108,108,183,183,201,218,218,69,80,80,80],"floor_reached":23,"language":"ENG","playtime":1903,"items_purged":["Strike_R"],"score":472,"play_id":"105a0d47-cedd-4d1e-b448-6a02ab98f159","local_time":"20210204211648","is_ascension_mode":true,"campfire_choices":[{"data":"Flame Barrier","floor":13,"key":"SMITH"},{"data":"Spot Weakness","floor":15,"key":"SMITH"}],"circlet_count":0,"master_deck":["AscendersBane","Strike_R","Strike_R","Defend_R","Defend_R","Defend_R","Defend_R","Bash","Flame Barrier+1","Dual Wield","Exhume","Spot Weakness+1","Sword Boomerang","Pummel","Dark Embrace","Burning Pact","Fiend Fire","Pommel Strike","Impervious","CurseOfTheBell","Disarm+1","Ghostly Armor","Berserk","Double Tap"],"relics":["Burning Blood","NeowsBlessing","Mercury Hourglass","Prayer Wheel","HornCleat","Torii","Calling Bell","Centennial Puzzle","Ornamental Fan","Dead Branch"],"acts_visited":["Exordium","TheCity"],"potions_floor_usage":[8,23,23],"damage_taken":[{"damage":0,"enemies":"Jaw Worm","floor":1,"turns":1},{"damage":0,"enemies":"Small Slimes","floor":2,"turns":1},{"damage":0,"enemies":"Lagavulin","floor":6,"turns":1},{"damage":1,"enemies":"Cultist","floor":7,"turns":3},{"damage":32,"enemies":"Gremlin Nob","floor":8,"turns":4},{"damage":20,"enemies":"3 Sentries","floor":11,"turns":7},{"damage":1,"enemies":"Exordium Wildlife","floor":12,"turns":4},{"damage":10,"enemies":"Gremlin Gang","floor":14,"turns":4},{"damage":32,"enemies":"The Guardian","floor":16,"turns":10},{"damage":10,"enemies":"Spheric Guardian","floor":18,"turns":4},{"damage":10,"enemies":"Shell Parasite","floor":19,"turns":4},{"damage":9,"enemies":"Snake Plant","floor":22,"turns":4},{"damage":82,"enemies":"Gremlin Leader","floor":23,"turns":5}],"seed_played":"-6186480380710006972","potions_obtained":[{"floor":6,"key":"Strength Potion"},{"floor":12,"key":"BloodPotion"},{"floor":14,"key":"Regen Potion"}],"is_trial":false,"path_per_floor":["M","M","?","?","?","E","M","E","T","$","E","M","R","M","R","B",null,"M","M","?","$","M","E"],"character_chosen":"IRONCLAD","items_purchased":["Dark Embrace","Berserk"],"campfire_rested":0,"item_purchase_floors":[10,21],"current_hp_per_floor":[74,75,75,68,73,79,80,54,54,54,40,45,45,41,41,15,64,60,56,56,56,53,0,0],"gold":80,"neow_bonus":"THREE_ENEMY_KILL","is_daily":false,"chose_seed":false,"campfire_upgraded":2,"win_rate":0.0,"timestamp":1612491408,"path_taken":["M","M","?","?","?","E","M","E","T","$","E","?","R","M","R","BOSS","M","M","?","$","M","E"],"items_purchased_type":["Card","Card"],"build_version":"2020-12-22","purchased_purges":1,"victory":false,"max_hp_per_floor":[75,75,75,75,80,80,80,80,80,80,80,80,80,80,80,80,80,80,80,80,80,80,80,80],"card_choices":[{"not_picked":["Havoc","Sever Soul"],"picked":"Flame Barrier","floor":1},{"not_picked":["Havoc","Heavy Blade"],"picked":"Dual Wield","floor":2},{"not_picked":["Twin Strike","Warcry"],"picked":"Spot Weakness","floor":6},{"not_picked":["Anger","Barricade"],"picked":"Sword Boomerang","floor":7},{"not_picked":["Metallicize","Twin Strike"],"picked":"Pummel","floor":8},{"not_picked":["Havoc","Thunderclap"],"picked":"Burning Pact","floor":11},{"not_picked":["Clash","Shrug It Off"],"picked":"Fiend Fire","floor":12},{"not_picked":["Headbutt","Clothesline","Iron Wave"],"picked":"SKIP","floor":12},{"not_picked":["Heavy Blade","Armaments"],"picked":"Pommel Strike","floor":14},{"not_picked":["Headbutt","Uppercut","Sword Boomerang"],"picked":"SKIP","floor":14},{"not_picked":["Brutality","Double Tap"],"picked":"Impervious","floor":16},{"not_picked":["Heavy Blade+1","Cleave"],"picked":"Disarm","floor":18},{"not_picked":["Warcry","Clothesline","Heavy Blade"],"picked":"SKIP","floor":18},{"not_picked":["Twin Strike","Warcry+1"],"picked":"Ghostly Armor","floor":19},{"not_picked":["Perfected Strike","Havoc","Clash"],"picked":"SKIP","floor":19},{"not_picked":["Wild Strike","Warcry"],"picked":"Double Tap","floor":22},{"not_picked":["Whirlwind","Shrug It Off","Warcry"],"picked":"SKIP","floor":22}],"player_experience":1458068,"relics_obtained":[{"floor":6,"key":"Mercury Hourglass"},{"floor":8,"key":"Prayer Wheel"},{"floor":9,"key":"HornCleat"},{"floor":11,"key":"Torii"},{"floor":17,"key":"Centennial Puzzle"},{"floor":17,"key":"Ornamental Fan"},{"floor":17,"key":"Dead Branch"}],"event_choices":[{"damage_healed":0,"gold_gain":0,"cards_transformed":["Strike_R"],"player_choice":"Change","damage_taken":0,"max_hp_gain":0,"max_hp_loss":0,"event_name":"Living Wall","floor":3,"gold_loss":0,"cards_obtained":["Exhume"]},{"cards_removed":["Strike_R"],"damage_healed":0,"gold_gain":0,"player_choice":"Card Removal","damage_taken":7,"max_hp_gain":0,"max_hp_loss":0,"event_name":"Golden Wing","floor":4,"gold_loss":0},{"damage_healed":0,"gold_gain":0,"player_choice":"Donut","damage_taken":0,"max_hp_gain":5,"max_hp_loss":0,"event_name":"Big Fish","floor":5,"gold_loss":0},{"damage_healed":0,"gold_gain":0,"player_choice":"Upgraded","damage_taken":0,"max_hp_gain":0,"max_hp_loss":0,"event_name":"Upgrade Shrine","floor":20,"gold_loss":0,"cards_upgraded":["Disarm"]}],"is_beta":false,"boss_relics":[{"not_picked":["Runic Cube","Busted Crown"],"picked":"Calling Bell"}],"items_purged_floors":[10],"is_endless":false,"potions_floor_spawned":[6,12,14,16,18],"killed_by":"Gremlin Leader","ascension_level":20}}