{"host":"rolltorest","time":1612505356,"event":{"mods":["BaseMod","Minty Spire (QoL Compilation)","Relic Stats","Slay the Relics Exporter","StSLib"],"gold_per_floor":[109,109,122,122,34,68,68,96,96,96,108,124,124,157,157,234,234,246,171,371,54,54,54],"floor_reached":22,"language":"ENG","playtime":1121,"items_purged":["Strike_G"],"score":420,"play_id":"9f11c850-07f0-4e24-ad55-6a5e6db03ba6","local_time":"20210204220916","is_ascension_mode":true,"campfire_choices":[{"floor":15,"key":"REST"}],"circlet_count":0,"master_deck":["AscendersBane","Strike_G","Strike_G","Strike_G","Strike_G","Defend_G+1","Defend_G","Defend_G","Defend_G","Defend_G","Survivor+1","Neutralize","Sadistic Nature","Masterful Stab","Deadly Poison+1","Leg Sweep","Bane","Dash","Well Laid Plans+1","Leg Sweep","Burst","PiercingWail+1","Noxious Fumes+1","Footwork+1"],"relics":["Ring of the Snake","Mango","TungstenRod","FossilizedHelix","Frozen Egg 2","War Paint","Snecko Eye","Orrery"],"acts_visited":["Exordium","TheCity"],"potions_floor_usage":[10,14,18],"damage_taken":[{"damage":4,"enemies":"Small Slimes","floor":1,"turns":3},{"damage":4,"enemies":"Jaw Worm","floor":3,"turns":4},{"damage":36,"enemies":"3 Sentries","floor":6,"turns":11},{"damage":15,"enemies":"Lagavulin","floor":8,"turns":7},{"damage":0,"enemies":"Gremlin Nob","floor":10,"turns":3},{"damage":0,"enemies":"Cultist","floor":11,"turns":3},{"damage":0,"enemies":"Looter","floor":12,"turns":4},{"damage":3,"enemies":"3 Sentries","floor":14,"turns":6},{"damage":1,"enemies":"The Guardian","floor":16,"turns":13},{"damage":30,"enemies":"3 Byrds","floor":18,"turns":9},{"damage":10,"enemies":"Spheric Guardian","floor":22,"turns":5}],"seed_played":"1772909633798020464","potions_obtained":[{"floor":1,"key":"SmokeBomb"},{"floor":11,"key":"PowerPotion"},{"floor":16,"key":"CunningPotion"}],"is_trial":false,"path_per_floor":["M","?","M","?","$","E","$","E","T","E","M","M","?","E","R","B",null,"M","?","?","$","M"],"character_chosen":"THE_SILENT","items_purchased":["Leg Sweep","Noxious Fumes+1","Orrery"],"campfire_rested":1,"item_purchase_floors":[5,21,21],"current_hp_per_floor":[55,64,60,60,60,24,24,9,9,9,9,9,9,6,30,29,67,37,37,37,37,27,27],"gold":54,"neow_bonus":"RANDOM_COLORLESS_2","is_daily":false,"chose_seed":false,"campfire_upgraded":0,"win_rate":0.0,"timestamp":1612505356,"path_taken":["M","?","M","?","$","E","$","E","T","E","?","M","?","E","R","BOSS","M","?","?","$","?"],"items_purchased_type":["Card","Card","Relic"],"build_version":"2020-12-18","purchased_purges":1,"victory":false,"max_hp_per_floor":[66,80,80,80,80,80,80,80,80,80,80,80,80,80,80,80,80,80,80,80,80,80,80],"relic_stats":{"counters":[11,68],"Snecko Eye":[28,20,21,27],"War Paint":["Defend_G","Survivor"],"obtain_stats":[{"Snecko Eye":17,"Orrery":21,"Mango":2,"Frozen Egg 2":9,"War Paint":14,"TungstenRod":6,"FossilizedHelix":8,"Ring of the Snake":0},{"Snecko Eye":9,"Orrery":10,"Mango":1,"Frozen Egg 2":4,"War Paint":8,"TungstenRod":3,"FossilizedHelix":4,"Ring of the Snake":0},{"Snecko Eye":54,"Orrery":63,"Mango":3,"Frozen Egg 2":25,"War Paint":41,"TungstenRod":18,"FossilizedHelix":25,"Ring of the Snake":0}],"TungstenRod":38,"Ring of the Snake":[22]},"card_choices":[{"not_picked":["Mayhem","Secret Weapon"],"picked":"Sadistic Nature","floor":0},{"not_picked":["Acrobatics","Infinite Blades"],"picked":"Masterful Stab","floor":1},{"not_picked":["Flying Knee","Skewer"],"picked":"Deadly Poison","floor":3},{"not_picked":["Flying Knee","Distraction"],"picked":"Bane","floor":6},{"not_picked":["All Out Attack","Dagger Throw","Slice"],"picked":"SKIP","floor":8},{"not_picked":["Outmaneuver","Dagger Spray"],"picked":"Dash","floor":11},{"not_picked":["Quick Slash","Backflip"],"picked":"Well Laid Plans+1","floor":12},{"not_picked":["Dodge and Roll","Escape Plan"],"picked":"Leg Sweep","floor":14},{"not_picked":["Die Die Die","Glass Knife"],"picked":"Burst","floor":16},{"not_picked":["Blur","Dagger Throw"],"picked":"PiercingWail+1","floor":18},{"not_picked":["Glass Knife","Poisoned Stab"],"picked":"Footwork+1","floor":21}],"player_experience":1856223,"relics_obtained":[{"floor":6,"key":"TungstenRod"},{"floor":8,"key":"FossilizedHelix"},{"floor":9,"key":"Frozen Egg 2"},{"floor":14,"key":"War Paint"}],"event_choices":[{"damage_healed":0,"gold_gain":0,"player_choice":"Success","damage_taken":5,"relics_obtained":["Mango"],"max_hp_gain":0,"max_hp_loss":0,"event_name":"Scrap Ooze","floor":2,"gold_loss":0},{"damage_healed":0,"gold_gain":0,"player_choice":"Grow","damage_taken":0,"max_hp_gain":0,"max_hp_loss":0,"event_name":"Living Wall","floor":4,"gold_loss":0,"cards_upgraded":["Deadly Poison"]},{"damage_healed":0,"gold_gain":0,"player_choice":"Ignored","damage_taken":0,"max_hp_gain":0,"max_hp_loss":0,"event_name":"Liars Game","floor":13,"gold_loss":0},{"cards_removed":["Decay"],"damage_healed":0,"gold_gain":0,"player_choice":"Gave Gold","damage_taken":0,"max_hp_gain":0,"max_hp_loss":0,"event_name":"Beggar","floor":19,"gold_loss":75},{"damage_healed":0,"gold_gain":250,"player_choice":"Bet on Owner","damage_taken":0,"max_hp_gain":0,"max_hp_loss":0,"event_name":"The Joust","floor":20,"gold_loss":50}],"is_beta":true,"boss_relics":[{"not_picked":["Busted Crown","SacredBark"],"picked":"Snecko Eye"}],"items_purged_floors":[21],"is_endless":false,"potions_floor_spawned":[1,10,11,16],"killed_by":"Spheric Guardian","ascension_level":20}}