{"host":"eaiphzh066bwqdh7","time":1612553688,"event":{"mods":["BaseMod","Better Note","Halation","Hubris","Minty Spire (QoL Compilation)","Reliquary","Replay The Spire","StSLib"],"gold_per_floor":[112,112,112,112,112,112,122,122,122,139,214,236,250,7,7,109,109,119,152,76,175,175,175,208,148,148,148,168,206,12,12,12,107,107,140,155,24,24,143,143,174,74,74,107,107,107],"floor_reached":45,"language":"ENG","playtime":1239,"items_purged":["Defend_P","Defend_P","Defend_P"],"score":585,"play_id":"74d5c387-123d-47cd-8d1b-b04e2ee45d74","local_time":"20210205143448","is_ascension_mode":true,"campfire_choices":[{"data":"1","floor":6,"key":"LIFT"},{"data":"2","floor":8,"key":"LIFT"},{"floor":15,"key":"REST"},{"data":"3","floor":23,"key":"LIFT"},{"floor":27,"key":"REST"},{"data":"BattleHymn","floor":32,"key":"SMITH"},{"floor":40,"key":"REST"}],"circlet_count":0,"master_deck":["Strike_P","Strike_P","Strike_P","Strike_P","Defend_P","Eruption","Vigilance","HandOfGreed","LessonLearned","BattleHymn+1","Prostrate","Protect","Alpha","Prostrate+1","Prostrate+1","Good Instincts+1"],"relics":["PureWater","Girya","Ring of Hypnosis","Ring of Panic","halation:PinkSoulGem","hubris:OldNail","Smiling Mask","Odd Mushroom","halation:LoveArrow","StoneCalendar","reliquary:PorcupineQuills","hubris:Icosahedron","halation:LostSnail","reliquary:TatteredRug","War Paint","hubris:CrystalStatue"],"acts_visited":["Exordium","TheCity","TheBeyond"],"potions_floor_usage":[16,28,33,35,39,41,41,44,45],"damage_taken":[{"damage":4,"enemies":"Small Slimes","floor":1,"turns":5},{"damage":0,"enemies":"Jaw Worm","floor":7,"turns":2},{"damage":0,"enemies":"2 Louse","floor":10,"turns":2},{"damage":12,"enemies":"The Mushroom Lair","floor":12,"turns":5},{"damage":17,"enemies":"2 Fungi Beasts","floor":13,"turns":3},{"damage":28,"enemies":"The Guardian","floor":16,"turns":8},{"damage":0,"enemies":"Spheric Guardian","floor":18,"turns":1},{"damage":0,"enemies":"Chosen","floor":19,"turns":4},{"damage":14,"enemies":"Centurion and Healer","floor":24,"turns":3},{"damage":0,"enemies":"Snecko","floor":28,"turns":2},{"damage":0,"enemies":"Cultist and Chosen","floor":29,"turns":3},{"damage":3,"enemies":"Champ","floor":33,"turns":7},{"damage":24,"enemies":"3 Shapes","floor":35,"turns":2},{"damage":5,"enemies":"Orb Walker","floor":36,"turns":3},{"damage":9,"enemies":"Transient","floor":39,"turns":5},{"damage":51,"enemies":"R_Hoarder","floor":41,"turns":5},{"damage":0,"enemies":"Giant Head","floor":44,"turns":4},{"damage":12,"enemies":"Maw","floor":45,"turns":2}],"seed_played":"2801853295798951075","potions_obtained":[{"floor":1,"key":"Doom Potion"},{"floor":16,"key":"EssenceOfSteel"},{"floor":18,"key":"Explosive Potion"},{"floor":24,"key":"BlessingOfTheForge"},{"floor":33,"key":"Adrenaline Potion"},{"floor":36,"key":"Elixir"},{"floor":39,"key":"PowerPotion"},{"floor":41,"key":"CultistPotion"}],"is_trial":false,"path_per_floor":["M","?","?","?","?","R","M","R","T","M","?","?","M","$","R","B",null,"M","M","$","?","?","R","M","?","T","R","M","M","$","?","R","B",null,"M","M","$","?","M","R","E","NS","T","E","M"],"character_chosen":"WATCHER","items_purchased":["HandOfGreed","Prostrate","reliquary:PorcupineQuills","Prostrate","halation:LostSnail"],"campfire_rested":3,"item_purchase_floors":[14,20,30,30,37],"current_hp_per_floor":[68,68,68,61,58,58,58,58,58,58,47,35,18,18,39,11,72,72,72,72,72,72,72,58,58,58,72,72,72,72,72,72,69,72,48,43,43,43,34,55,4,4,4,4,0,0],"gold":107,"neow_bonus":"ONE_RARE_RELIC","is_daily":false,"chose_seed":false,"campfire_upgraded":1,"win_rate":0.0,"timestamp":1612553688,"path_taken":["M","?","?","?","?","R","M","R","T","M","?","?","M","$","R","BOSS","M","M","$","?","?","R","M","?","T","R","M","M","$","?","R","BOSS","M","M","$","?","M","R","E","NS","T","E","M"],"items_purchased_type":["Card","Card","Relic","Card","Relic"],"build_version":"2020-12-22","purchased_purges":3,"victory":false,"max_hp_per_floor":[72,72,72,72,72,72,72,72,72,72,72,72,72,72,72,72,72,72,72,72,72,72,72,72,72,72,72,72,72,72,72,72,72,72,72,72,72,72,72,72,72,72,72,72,72,72],"card_choices":[{"not_picked":["Replay:ManipulateFuture","Evaluate","Consecrate"],"picked":"SKIP","floor":1},{"not_picked":["Replay:BluntJabs","Crescendo","EmptyFist"],"picked":"SKIP","floor":7},{"not_picked":["JustLucky","MentalFortress","CrushJoints"],"picked":"SKIP","floor":10},{"not_picked":["Replay:ManipulateFuture","SashWhip","WindmillStrike"],"picked":"SKIP","floor":13},{"not_picked":["Scrawl","SpiritShield"],"picked":"LessonLearned","floor":16},{"not_picked":["EmptyMind","FearNoEvil","BowlingBash"],"picked":"SKIP","floor":18},{"not_picked":["PathToVictory","Consecrate"],"picked":"BattleHymn","floor":19},{"not_picked":["SashWhip","CrushJoints","FollowUp"],"picked":"SKIP","floor":24},{"not_picked":["FollowUp","Meditate"],"picked":"Alpha","floor":28},{"not_picked":["PathToVictory","EmptyFist"],"picked":"ForeignInfluence+1","floor":29},{"not_picked":["Scrawl","Vault"],"picked":"MasterReality","floor":33},{"not_picked":["FearNoEvil+1","ReachHeaven","BowlingBash"],"picked":"SKIP","floor":35},{"not_picked":["ClearTheMind","Adaptation+1","SashWhip"],"picked":"SKIP","floor":36},{"not_picked":["Impatience","Replay:BasicMightCard"],"picked":"Good Instincts","floor":38},{"not_picked":["CrushJoints+1","Evaluate+1","Vengeance"],"picked":"SKIP","floor":39},{"not_picked":["Crescendo","Halt+1","Evaluate"],"picked":"SKIP","floor":41},{"not_picked":["Replay:ManipulateFuture+1","FlyingSleeves","BowlingBash"],"picked":"SKIP","floor":44}],"player_experience":264549,"relics_obtained":[{"floor":2,"key":"Ring of Hypnosis"},{"floor":2,"key":"Ring of Panic"},{"floor":9,"key":"Smiling Mask"},{"floor":12,"key":"Odd Mushroom"},{"floor":26,"key":"StoneCalendar"},{"floor":41,"key":"reliquary:TatteredRug"},{"floor":43,"key":"War Paint"},{"floor":44,"key":"hubris:CrystalStatue"}],"event_choices":[{"cards_removed":["hubris:Lust"],"damage_healed":0,"gold_gain":0,"player_choice":"Card Removal","damage_taken":7,"max_hp_gain":0,"max_hp_loss":0,"event_name":"Golden Wing","floor":4,"gold_loss":0},{"damage_healed":0,"gold_gain":0,"player_choice":"Success","damage_taken":3,"relics_obtained":["hubris:OldNail"],"max_hp_gain":0,"max_hp_loss":0,"event_name":"Scrap Ooze","floor":5,"gold_loss":0},{"damage_healed":0,"gold_gain":75,"player_choice":"Gather Gold","damage_taken":11,"max_hp_gain":0,"max_hp_loss":0,"event_name":"World of Goop","floor":11,"gold_loss":0},{"damage_healed":0,"gold_gain":0,"player_choice":"Fought Mushrooms","damage_taken":0,"max_hp_gain":0,"max_hp_loss":0,"event_name":"Mushrooms","floor":12,"gold_loss":0},{"damage_healed":0,"gold_gain":99,"player_choice":"Stole From Cult","damage_taken":0,"max_hp_gain":0,"max_hp_loss":0,"event_name":"Nest","floor":21,"gold_loss":0},{"damage_healed":0,"gold_gain":0,"player_choice":"Read","damage_taken":0,"max_hp_gain":0,"max_hp_loss":0,"event_name":"The Library","floor":22,"gold_loss":0,"cards_obtained":["Protect"]},{"damage_healed":0,"gold_gain":0,"player_choice":"Memory 1","damage_taken":0,"max_hp_gain":0,"max_hp_loss":0,"event_name":"SensoryStone","floor":38,"gold_loss":0}],"is_beta":false,"boss_relics":[{"not_picked":["halation:PlatinumPhoenix","hubris:VirtuousBlindfold"],"picked":"halation:LoveArrow"},{"not_picked":["halation:CatFaceCupcake","Coffee Dripper","halation:SmartPhone"]}],"items_purged_floors":[14,20,37],"is_endless":false,"potions_floor_spawned":[1,16,18,24,33,36,39,41],"killed_by":"Maw","ascension_level":3}}