{"host":"61ejhfsushs0xmcl","time":1612538010,"event":{"mods":["ATMod(°¢èªMod)","Act Like it!","Arknights","BaseMod","Colored Map","Gold Saver","Minty Spire (QoL Compilation)","MostiFishMod","Remilia£¨ÀÙÃ×ÀòÑÇ£©","Spicy Shops","StSLib","TestMod","[IsaacMod]ÒÔÈö¼âËþ","¡¾ÒÅÎï¿¨ÅÆ¡¿REMEMod","óô»ðÖ¸ÄÏ"],"gold_per_floor":[1500,1500,1514,1589,1037,1065,429,448,523,542,606,617,651,662,662,739,739,750,763,402,418,435,462,462,493,518,551,551,551,571,602,288,363,363,378,391,411,811,565,600,404,537,563,843,882,893,466,514,333,333,333,333,79,79,172,257],"floor_reached":57,"language":"ZHS","playtime":1762,"items_purged":["Defend_P","Defend_P","Defend_P","Defend_P","Strike_P","Strike_P","Strike_P+1","Vigilance+1","Eruption+1","EmptyMind+1","Indignation+1"],"score":3378,"play_id":"0ea3cba5-d141-4b93-876e-ca0af98e7755","local_time":"20210205231330","is_ascension_mode":true,"campfire_choices":[{"data":"AT_ChampionStep","floor":15.0,"key":"SMITH"},{"floor":29.0,"key":"RECALL"}],"circlet_count":0,"master_deck":["AscendersBane","AT_IrregularMenstruation+1","AT_ChampionStep+1","Adaptation+1","Tantrum+1","Tantrum+1","MostiFishMod:Disappear+1","MostiFishMod:Adaptation+1","Vault+1","Halt+1","InnerPeace+1","MostiFishMod:LegendTransform+1","MentalFortress+1","LessonLearned+1","Pray+1","Pray+1","MentalFortress+1","MentalFortress+1"],"relics":["PureWater","AT_ATBox","REME_ComplimentaryCards","testmod-TestBox","HushsDoor","SatanicBible","testmod-PortableAltar","Civilization","SynthV:TestCard","AT_BellowingDragoncrestRing","ClockworkSouvenir","testmod-Antiphasic","Omamori","Singing Bowl","Toxic Egg 2","Whetstone","Fusion Hammer","BelialBook","Technique","BFFS","AT_EbonyIvory","TheBean","Juzu Bracelet","SteamSale","REME_ChargedStone","DeathBook","BookOfRevelations","AT_BellDemon","SalivaCoin","AT_ChloranthyRing","Pear","Old Coin","Medical Kit","CeramicFish","testmod-Hope","AT_SilvercatRing","Nunchaku","Gremlin Horn","Ginger","Molten Egg 2","Bronze Scales","Centennial Puzzle","Blue Candle","Potion Belt","testmod-IndustrialRevolution","AT_ArchangelStaff","Chemical X","Smiling Mask","MoneyPower","Bag of Preparation","Mango","testmod-AssaultLearning","Membership Card","AT_MibuBalloonWealth","Dodecahedron","Lizard Tail","REME_LimitBreaker","CaptainsWheel","Strawberry","BirthdayGift-Tetrahedron","AT_RedNoBalance","Vajra","PillsDrop"],"acts_visited":["Exordium","TheCity","TheBeyond","TheEnding"],"potions_floor_usage":[48,56,56],"damage_taken":[{"damage":3.0,"enemies":"Jaw Worm","floor":1.0,"turns":3.0},{"damage":3.0,"enemies":"Small Slimes","floor":3.0,"turns":3.0},{"damage":18.0,"enemies":"3 Sentries","floor":6.0,"turns":7.0},{"damage":0.0,"enemies":"Cultist","floor":8.0,"turns":1.0},{"damage":0.0,"enemies":"Exordium Thugs","floor":10.0,"turns":1.0},{"damage":0.0,"enemies":"Gremlin Nob","floor":11.0,"turns":2.0},{"damage":0.0,"enemies":"Blue Slaver","floor":12.0,"turns":1.0},{"damage":0.0,"enemies":"Lagavulin","floor":13.0,"turns":1.0},{"damage":0.0,"enemies":"3 Louse","floor":14.0,"turns":1.0},{"damage":0.0,"enemies":"The Guardian","floor":16.0,"turns":3.0},{"damage":0.0,"enemies":"Spheric Guardian","floor":18.0,"turns":1.0},{"damage":0.0,"enemies":"2 Thieves","floor":19.0,"turns":2.0},{"damage":0.0,"enemies":"Centurion and Healer","floor":21.0,"turns":1.0},{"damage":0.0,"enemies":"Shelled Parasite and Fungi","floor":22.0,"turns":1.0},{"damage":0.0,"enemies":"Book of Stabbing","floor":23.0,"turns":2.0},{"damage":0.0,"enemies":"Gremlin Leader","floor":25.0,"turns":3.0},{"damage":0.0,"enemies":"Book of Stabbing","floor":27.0,"turns":2.0},{"damage":0.0,"enemies":"Cultist and Chosen","floor":30.0,"turns":2.0},{"damage":0.0,"enemies":"Slavers","floor":31.0,"turns":1.0},{"damage":0.0,"enemies":"Automaton","floor":33.0,"turns":2.0},{"damage":0.0,"enemies":"3 Shapes","floor":35.0,"turns":1.0},{"damage":0.0,"enemies":"3 Darklings","floor":36.0,"turns":1.0},{"damage":0.0,"enemies":"Jaw Worm Horde","floor":37.0,"turns":2.0},{"damage":0.0,"enemies":"Reptomancer","floor":40.0,"turns":1.0},{"damage":0.0,"enemies":"Hiden Room Battle","floor":42.0,"turns":1.0},{"damage":99999999,"enemies":"Maw","floor":44,"turns":3},{"damage":1,"enemies":"Giant Head","floor":45,"turns":2},{"damage":0,"enemies":"4 Shapes","floor":46,"turns":2},{"damage":0,"enemies":"Writhing Mass","floor":48,"turns":1},{"damage":0,"enemies":"Awakened One","floor":50,"turns":3},{"damage":0,"enemies":"Time Eater","floor":51,"turns":1},{"damage":0,"enemies":"Shield and Spear","floor":55,"turns":1},{"damage":0,"enemies":"Delirium","floor":56,"turns":3}],"seed_played":"4622262622411051200","potions_obtained":[{"floor":3.0,"key":"AttackPotion"},{"floor":10.0,"key":"REME_GoldPotion"},{"floor":13.0,"key":"BottledMiracle"},{"floor":14.0,"key":"SpeedPotion"},{"floor":22.0,"key":"PowerPotion"},{"floor":27.0,"key":"testmod-TimePotion"},{"floor":44,"key":"FairyPotion"},{"floor":46,"key":"REME_GoldPotion"}],"is_trial":false,"path_per_floor":["M","?","M","?","$","E","R","M","T","M","E","M","E","M","R","B",null,"M","M","$","M","M","E","?","E","T","E","?","R","M","E","R","B",null,"M","M","M","?","$","E","R","?","T","M","E","M","R","M","R","B","B",null,"R","$","E","B",null],"character_chosen":"WATCHER","items_purchased":["AT_BellowingDragoncrestRing","ClockworkSouvenir","AT_ChampionStep","Omamori","Singing Bowl","Tantrum","Vault+1","BelialBook","InnerPeace+1","Technique","SteamSale","DeathBook","BookOfRevelations","AT_BellDemon","Pear","Old Coin","Medical Kit","FairyPotion","Chemical X","Smiling Mask","MoneyPower","Bag of Preparation","testmod-AssaultLearning","Membership Card","AT_MibuBalloonWealth","Dodecahedron","Lizard Tail","REME_LimitBreaker","CaptainsWheel","Strawberry","BirthdayGift-Tetrahedron","AT_SilverBalance","PowerPotion","Strength Potion"],"campfire_rested":0,"item_purchase_floors":[5,5,5,7,7,7,17,17,20,20,32,34,39,39,41,41,41,41,47,47,47,47,49,53,53,53,53,54,54,54,54,54,54,54],"current_hp_per_floor":[59,52,52,41,41,28,28,35,35,42,47,54,59,66,66,71,81,86,93,93,99,105,111,110,116,115,121,120,119,123,127,126,130,112,118,124,128,127,126,132,141,130,130,73,79,86,86,107,107,112,117,173,173,180,103,108],"gold":257,"neow_bonus":"UPGRADE_CARD","is_daily":false,"chose_seed":false,"campfire_upgraded":1,"win_rate":0.0,"timestamp":1612538010,"path_taken":["M","?","M","?","$","E","R","M","T","M","E","M","E","M","R","BOSS","M","?","$","M","M","E","?","E","T","E","?","R","M","E","R","BOSS","M","M","M","?","$","E","R","?","T","M","E","M","R","M","R","BOSS","BOSS","R","$","E","BOSS"],"items_purchased_type":["Relic","Relic","Card","Relic","Relic","Card","Card","Relic","Card","Relic","Relic","Relic","Relic","Relic","Relic","Relic","Relic","Potion","Relic","Relic","Relic","Relic","Relic","Relic","Relic","Relic","Relic","Relic","Relic","Relic","Relic","Relic","Potion","Potion"],"build_version":"2020-12-22","purchased_purges":11,"victory":true,"max_hp_per_floor":[68,67,69,68,67,71,70,76,75,81,85,91,95,101,100,104,84,88,94,93,99,105,111,110,116,115,121,120,119,123,127,126,130,112,118,124,128,127,126,132,141,145,144,155,161,167,166,186,185,189,193,192,191,197,201,205],"card_choices":[{"not_picked":[],"picked":"SuicideKing","floor":0.0},{"not_picked":["FollowUp","FlyingSleeves","Vengeance"],"picked":"SKIP","floor":1.0},{"not_picked":["JustLucky","REME_Repentance","Halt","Protect","Vengeance"],"picked":"SKIP","floor":3.0},{"not_picked":["EmptyBody","MostiFishMod:Moonprays","ThirdEye","WheelKick"],"picked":"Adaptation","floor":6.0},{"not_picked":["JustLucky","Study","Fasting2","ThirdEye","EmptyBody"],"picked":"Singing Bowl","floor":8.0},{"not_picked":["CutThroughFate","MostiFishMod:Speedup","Crescendo","Weave","TalkToTheHand"],"picked":"Singing Bowl","floor":10.0},{"not_picked":["REME_MusicOfDeath","EmptyBody+1","FlurryOfBlows","Consecrate"],"picked":"Tantrum","floor":11.0},{"not_picked":["MostiFishMod:Speedup","Sanctity+1","FlurryOfBlows","Tantrum","Crescendo+1"],"picked":"Singing Bowl","floor":12.0},{"not_picked":["Fasting2","PathToVictory+1","ThirdEye+1","MostiFishMod:Clarity+1"],"picked":"MostiFishMod:Disappear","floor":13.0},{"not_picked":["Sanctity+1","CutThroughFate","SignatureMove","REME_Repentance+1","EmptyFist"],"picked":"Singing Bowl","floor":14.0},{"not_picked":["MostiFishMod:StarWish+1","Blasphemy+1","MostiFishMod:KamiSmash","MostiFishMod:StarLaLaLa+1"],"picked":"MostiFishMod:Adaptation","floor":16.0},{"not_picked":["FlurryOfBlows","Conclude","CrushJoints","Tantrum"],"picked":"Halt+1","floor":18.0},{"not_picked":["Prostrate+1","MostiFishMod:PathToVictory+1","REME_Repentance+1","PathToVictory+1","JustLucky"],"picked":"Singing Bowl","floor":19.0},{"not_picked":["ClearTheMind+1","EmptyBody+1","FlurryOfBlows","AT_SoftenMuscles+1","TalkToTheHand"],"picked":"Singing Bowl","floor":21.0},{"not_picked":["Crescendo+1","BowlingBash","FlyingSleeves","MostiFishMod:ScryFuture","Pray+1"],"picked":"Singing Bowl","floor":22.0},{"not_picked":["Evaluate+1","Swivel+1","ReachHeaven","Fasting2","BattleHymn"],"picked":"Singing Bowl","floor":23.0},{"not_picked":["FlurryOfBlows","AT_SoftenMuscles+1","SandsOfTime","FollowUp","Conclude"],"picked":"Singing Bowl","floor":25.0},{"not_picked":["Sanctity+1","BowlingBash","LikeWater","FollowUp","CutThroughFate"],"picked":"Singing Bowl","floor":27.0},{"not_picked":["MostiFishMod:Speedup","BowlingBash","Evaluate+1","SpiritShield+1"],"picked":"MentalFortress","floor":30.0},{"not_picked":["AT_SoftenMuscles+1","REME_WorshipGod+1","PathToVictory+1","Prostrate+1"],"picked":"EmptyMind+1","floor":31.0},{"not_picked":["REME_CRH+1","MostiFishMod:StarLaLaLa+1","AT_MachinaRedman+1","MostiFishMod:Dust"],"picked":"LessonLearned","floor":33.0},{"not_picked":["Conclude","Crescendo+1","FlyingSleeves","AT_ChampionStep","AT_SoftenMuscles+1"],"picked":"Singing Bowl","floor":35.0},{"not_picked":["EmptyBody+1","BowlingBash","LikeWater","FlyingSleeves","ThirdEye+1"],"picked":"Singing Bowl","floor":36.0},{"not_picked":["Evaluate+1","FlurryOfBlows","Crescendo+1","Halt+1"],"picked":"Pray+1","floor":37.0},{"not_picked":["FollowUp","Prostrate+1","LessonLearned","FlyingSleeves+1","Indignation+1"],"picked":"Singing Bowl","floor":40.0},{"not_picked":["Consecrate+1","FlyingSleeves+1","Evaluate+1","Halt+1","REME_Repentance+1"],"picked":"Singing Bowl","floor":44},{"not_picked":["SashWhip+1","JustLucky+1","LikeWater","ClearTheMind+1"],"picked":"Pray+1","floor":44},{"not_picked":["InnerPeace+1","BowlingBash+1","Wireheading","FollowUp+1"],"picked":"MentalFortress","floor":44},{"not_picked":["Tantrum+1","FearNoEvil+1","Collect+1","DeceiveReality+1","EmptyBody+1"],"picked":"Singing Bowl","floor":45},{"not_picked":["JustLucky+1","MostiFishMod:DisColor+1","ThirdEye+1","ReachHeaven+1","ClearTheMind+1"],"picked":"Singing Bowl","floor":46},{"not_picked":["CrushJoints+1","ThirdEye+1","PathToVictory+1","Protect+1","EmptyBody+1"],"picked":"Singing Bowl","floor":48},{"not_picked":["BowlingBash+1","JustLucky+1","WaveOfTheHand+1","MostiFishMod:Speedup+1"],"picked":"MentalFortress","floor":55}],"player_experience":885807,"relics_obtained":[{"floor":1.0,"key":"SynthV:TestCard"},{"floor":6.0,"key":"testmod-Antiphasic"},{"floor":11.0,"key":"Toxic Egg 2"},{"floor":13.0,"key":"Whetstone"},{"floor":23.0,"key":"BFFS"},{"floor":25.0,"key":"AT_EbonyIvory"},{"floor":27.0,"key":"TheBean"},{"floor":31.0,"key":"Juzu Bracelet"},{"floor":40.0,"key":"SalivaCoin"},{"floor":40.0,"key":"AT_ChloranthyRing"},{"floor":42,"key":"CeramicFish"},{"floor":42,"key":"testmod-Hope"},{"floor":42,"key":"AT_SilvercatRing"},{"floor":43,"key":"Nunchaku"},{"floor":44,"key":"Gremlin Horn"},{"floor":44,"key":"Ginger"},{"floor":44,"key":"Molten Egg 2"},{"floor":44,"key":"Bronze Scales"},{"floor":44,"key":"Centennial Puzzle"},{"floor":44,"key":"Blue Candle"},{"floor":45,"key":"Potion Belt"},{"floor":45,"key":"testmod-IndustrialRevolution"},{"floor":46,"key":"AT_ArchangelStaff"},{"floor":48,"key":"Mango"},{"floor":55,"key":"Vajra"},{"floor":55,"key":"PillsDrop"}],"event_choices":[{"damage_healed":0.0,"max_hp_gain":0.0,"max_hp_loss":0.0,"gold_gain":75.0,"event_name":"World of Goop","player_choice":"Gather Gold","floor":4.0,"gold_loss":0.0,"damage_taken":11.0},{"damage_healed":0.0,"max_hp_gain":0.0,"max_hp_loss":0.0,"gold_gain":0.0,"cards_transformed":["Strike_P","Defend_P"],"event_name":"Drug Dealer","player_choice":"Became Test Subject","floor":24.0,"gold_loss":0.0,"damage_taken":0.0,"cards_obtained":["Indignation","MostiFishMod:LegendTransform"]},{"damage_healed":0.0,"max_hp_gain":0.0,"max_hp_loss":0.0,"gold_gain":0.0,"event_name":"Ghosts","player_choice":"Ignored","floor":28.0,"gold_loss":0.0,"damage_taken":0.0},{"damage_healed":0.0,"max_hp_gain":0.0,"max_hp_loss":0.0,"gold_gain":400.0,"event_name":"¶÷ÂåË¹µÄÅÌ×Ó","player_choice":"Sell","floor":38.0,"relics_lost":["DaveBox"],"gold_loss":0.0,"damage_taken":0.0},{"damage_healed":0.0,"max_hp_gain":0.0,"max_hp_loss":0.0,"gold_gain":0.0,"event_name":"HidenRoomEvent","player_choice":"Fight","floor":42.0,"gold_loss":0.0,"damage_taken":0.0}],"is_beta":false,"boss_relics":[{"not_picked":["Ectoplasm","Transparent"],"picked":"Fusion Hammer"},{"not_picked":[]},{"not_picked":["MoonlightInvasionPlan","Sozu"],"picked":"REME_ChargedStone"},{"not_picked":[]}],"items_purged_floors":[5,7,17,20,32,34,39,41,47,49,49],"is_endless":false,"potions_floor_spawned":[3,10,13,14,16,18,22,25,27,35,36,42,46],"ascension_level":20}}