{"host":"o5jvvi5yapo90aia","time":1612550062,"event":{"mods":["BaseMod","CapriCore","Minty Spire (QoL Compilation)","MostiFishMod","Prisma Mod","Spicy Shops","StSLib","TestMod","The Immortal","Yakumo Yukari mod","【人物mod】游戏王New YuGiOh mod","【功能Mod】Neow奖励"],"gold_per_floor":[-1275,-1200,-1175,-1175,-1025,-977,-944,-890,-863,-808,-773,-773,-722,-722,-722,-611,-611,16,16,46,46,100,100,155,155,155,195,33,91,125,183,183,291,291,324,657,683,683,715,759,47,87,114,160,185,185,213,213,213,234,254,254,254,53,107,131],"floor_reached":57,"language":"ZHS","playtime":1527,"items_purged":["Dualcast"],"score":3777,"play_id":"3cebbf15-2667-49e0-b018-24b718daa8b8","local_time":"20210206023422","is_ascension_mode":true,"campfire_choices":[{"data":"Doubt","floor":15,"key":"PURGE"},{"data":"Strike_B","floor":23,"key":"PURGE"},{"data":"Strike_B","floor":25,"key":"PURGE"},{"data":"Strike_B","floor":32,"key":"PURGE"},{"floor":46,"key":"RECALL"},{"data":"Zap","floor":49,"key":"PURGE"},{"data":"Defend_B","floor":53,"key":"PURGE"}],"circlet_count":0,"master_deck":["AscendersBane","Defend_B+1","Defend_B","Defend_B","Ball Lightning","Fission+1","Heatsinks","MostiFishMod:Prepare","Coolheaded","Turbo","MostiFishMod:StrandedSiren","Seek","White Noise+1"],"relics":["DaveBox","testmod-TestBox","testmod-EnergyCheck","SynthV:MejaisSoulstealer","testmod-IntensifyImprint","SynthV:TestCard","Art of War","Tiny Chest","Potion Belt","testmod-IndustrialRevolution","Regal Pillow","Runic Pyramid","Pen Nib","Bronze Scales","Du-Vu Doll","Orrery","Orichalcum","The Courier","testmod-BatchProcessingSystem","Nunchaku","Anchor","BirthdayGift-Icosahedron","Letter Opener","DataDisk","Bottled Tornado","testmod-Acrobat","TimeFreeze","SynthV:C4","War Paint"],"acts_visited":["Exordium","TheCity","TheBeyond","TheEnding"],"potions_floor_usage":[8,13,24,31,56,56,56,56,56,56],"damage_taken":[{"damage":0,"enemies":"Small Slimes","floor":1,"turns":2},{"damage":2,"enemies":"Jaw Worm","floor":3,"turns":3},{"damage":35,"enemies":"Gremlin Nob","floor":6,"turns":4},{"damage":0,"enemies":"2 Louse","floor":7,"turns":2},{"damage":0,"enemies":"3 Sentries","floor":8,"turns":5},{"damage":0,"enemies":"Lagavulin","floor":10,"turns":4},{"damage":0,"enemies":"Red Slaver","floor":11,"turns":2},{"damage":0,"enemies":"3 Sentries","floor":13,"turns":5},{"damage":0,"enemies":"The Guardian","floor":16,"turns":6},{"damage":0,"enemies":"2 Thieves","floor":18,"turns":3},{"damage":0,"enemies":"Spheric Guardian","floor":20,"turns":3},{"damage":1,"enemies":"Slavers","floor":24,"turns":5},{"damage":0,"enemies":"3 Cultists","floor":27,"turns":3},{"damage":0,"enemies":"Gremlin Leader","floor":29,"turns":3},{"damage":0,"enemies":"Cultist and Chosen","floor":30,"turns":4},{"damage":6,"enemies":"Slavers","floor":31,"turns":3},{"damage":0,"enemies":"Collector","floor":33,"turns":4},{"damage":0,"enemies":"3 Darklings","floor":35,"turns":3},{"damage":0,"enemies":"3 Shapes","floor":37,"turns":2},{"damage":0,"enemies":"3 Darklings","floor":39,"turns":2},{"damage":0,"enemies":"Giant Head","floor":40,"turns":3},{"damage":0,"enemies":"Nemesis","floor":42,"turns":1},{"damage":0,"enemies":"Reptomancer","floor":44,"turns":1},{"damage":0,"enemies":"Transient","floor":45,"turns":1},{"damage":0,"enemies":"Jaw Worm Horde","floor":47,"turns":1},{"damage":0,"enemies":"Time Eater","floor":50,"turns":2},{"damage":0,"enemies":"Donu and Deca","floor":51,"turns":1},{"damage":0,"enemies":"Shield and Spear","floor":55,"turns":1},{"damage":6,"enemies":"The Heart","floor":56,"turns":2}],"seed_played":"3001641816319273557","potions_obtained":[{"floor":6,"key":"Block Potion"},{"floor":7,"key":"Block Potion"},{"floor":8,"key":"PowerPotion"},{"floor":11,"key":"SneckoOil"},{"floor":16,"key":"AttackPotion"},{"floor":18,"key":"EntropicBrew"},{"floor":27,"key":"FocusPotion"},{"floor":29,"key":"SkillPotion"},{"floor":31,"key":"ColorlessPotion"},{"floor":37,"key":"DuplicationPotion"},{"floor":45,"key":"DistilledChaos"}],"is_trial":false,"path_per_floor":["M","?","M","?","?","E","M","E","T","E","M","T","E","$","R","B",null,"M","?","M","?","T","R","E","R","T","M","$","E","M","E","R","B",null,"M","?","M","?","M","E","$","E","T","E","M","R","M","T","R","B","B",null,"R","$","E","B",null],"character_chosen":"DEFECT","items_purchased":["Orrery","BirthdayGift-Icosahedron","TimeFreeze","SynthV:C4"],"campfire_rested":0,"item_purchase_floors":[28,41,54,54],"current_hp_per_floor":[68,57,59,59,59,28,32,36,36,40,44,44,48,48,48,52,61,64,47,51,51,51,51,54,54,54,58,58,62,66,63,63,67,69,69,69,69,69,69,69,69,69,69,69,69,69,69,69,69,69,69,69,69,69,69,64],"gold":131,"neow_bonus":"BOSS_RELIC","is_daily":false,"chose_seed":false,"campfire_upgraded":0,"win_rate":0.0,"timestamp":1612550062,"path_taken":["M","?","M","?","?","E","?","E","T","E","M","?","E","$","R","BOSS","M","?","M","?","?","R","E","R","T","M","$","E","M","E","R","BOSS","M","?","M","?","?","E","$","E","T","E","M","R","M","?","R","BOSS","BOSS","R","$","E","BOSS"],"items_purchased_type":["Relic","Relic","Relic","Relic"],"build_version":"2020-12-22","purchased_purges":1,"victory":true,"max_hp_per_floor":[71,71,71,64,64,64,64,64,64,64,64,64,64,64,64,64,64,64,69,69,69,69,69,69,69,69,69,69,69,69,69,69,69,69,69,69,69,69,69,69,69,69,69,69,69,69,69,69,69,69,69,69,69,69,69,69],"card_choices":[{"not_picked":["Streamline","Hello World","Barrage"],"picked":"SKIP","floor":1},{"not_picked":["Lockon","MostiFishMod:PushDownKick","Ball Lightning","Cold Snap","BootSequence"],"picked":"SKIP","floor":3},{"not_picked":["Leap","MostiFishMod:PushDownKick","BootSequence","Undo","Compile Driver"],"picked":"SKIP","floor":6},{"not_picked":["Gash","BootSequence","Barrage","MostiFishMod:LinkProtocol","Capacitor"],"picked":"SKIP","floor":7},{"not_picked":["Conserve Battery","Darkness","Capacitor","Hologram"],"picked":"Ball Lightning","floor":8},{"not_picked":["Ball Lightning","MostiFishMod:Impulse","Undo","Hologram"],"picked":"Fission","floor":10},{"not_picked":["Rebound","Compile Driver","Rip and Tear","Go for the Eyes"],"picked":"Heatsinks","floor":11},{"not_picked":["Fission","Lockon","Fusion","Stack","Leap"],"picked":"SKIP","floor":13},{"not_picked":["MostiFishMod:IntelligentEquipment","MostiFishMod:SeaWaves","MostiFishMod:StarOceanB","Core Surge"],"picked":"MostiFishMod:Prepare","floor":16},{"not_picked":["Coolheaded","Genetic Algorithm+1","Sunder","Rebound","Sweeping Beam"],"picked":"SKIP","floor":18},{"not_picked":["Genetic Algorithm+1","Sunder","Rebound","Sweeping Beam"],"picked":"Coolheaded","floor":18},{"not_picked":["Streamline","Melter","Leap+1","Compile Driver"],"picked":"Turbo","floor":20},{"not_picked":["Reprogram","BootSequence+1","Self Repair","MostiFishMod:Prepare"],"picked":"MostiFishMod:StrandedSiren","floor":24},{"not_picked":["Chill","Hologram","Coolheaded","Static Discharge","MostiFishMod:PushDownKick"],"picked":"SKIP","floor":27},{"not_picked":["Stack+1","Scrape","Reprogram","MostiFishMod:Nova","Gash"],"picked":"SKIP","floor":29},{"not_picked":["Rip and Tear","Hello World","Stack","Steam","Beam Cell+1"],"picked":"SKIP","floor":30},{"not_picked":["Redo","Go for the Eyes","MostiFishMod:GatherIntelligence","Sweeping Beam","Rebound"],"picked":"SKIP","floor":31},{"not_picked":["Hyperbeam","MostiFishMod:DawningShadow","All For One","MostiFishMod:StrandedSiren"],"picked":"Seek","floor":33},{"not_picked":["Streamline","Coolheaded","Barrage","Darkness","Lockon"],"picked":"SKIP","floor":35},{"not_picked":["Streamline","Go for the Eyes","Storm+1","Rebound","MostiFishMod:Impulse+1"],"picked":"SKIP","floor":37},{"not_picked":["Beam Cell","Rebound","Turbo","Streamline"],"picked":"White Noise+1","floor":39},{"not_picked":["Chill","Echo Form","Turbo","Fusion","Auto Shields"],"picked":"SKIP","floor":40},{"not_picked":["Fusion","Turbo","Stack","Chaos","Leap"],"picked":"SKIP","floor":42},{"not_picked":["Defragment","Gash","Steam","Chill+1","Steam Power+1"],"picked":"SKIP","floor":44},{"not_picked":["Coolheaded","Go for the Eyes","Steam","Chill","MostiFishMod:IceShield"],"picked":"SKIP","floor":45},{"not_picked":["Self Repair","Barrage","Hologram","Scrape","Ball Lightning+1"],"picked":"SKIP","floor":47},{"not_picked":["Reinforced Body","Leap+1","Reprogram","Double Energy","Aggregate+1"],"picked":"SKIP","floor":55}],"player_experience":1518062,"relics_obtained":[{"floor":1,"key":"SynthV:TestCard"},{"floor":6,"key":"Art of War"},{"floor":8,"key":"Tiny Chest"},{"floor":9,"key":"Potion Belt"},{"floor":10,"key":"testmod-IndustrialRevolution"},{"floor":13,"key":"Regal Pillow"},{"floor":22,"key":"Pen Nib"},{"floor":24,"key":"Bronze Scales"},{"floor":26,"key":"Du-Vu Doll"},{"floor":29,"key":"Orichalcum"},{"floor":31,"key":"The Courier"},{"floor":38,"key":"Nunchaku"},{"floor":40,"key":"Anchor"},{"floor":42,"key":"Letter Opener"},{"floor":43,"key":"DataDisk"},{"floor":44,"key":"Bottled Tornado"},{"floor":48,"key":"testmod-Acrobat"},{"floor":55,"key":"War Paint"}],"event_choices":[{"damage_healed":0,"gold_gain":75,"player_choice":"Gather Gold","damage_taken":11,"max_hp_gain":0,"max_hp_loss":0,"event_name":"World of Goop","floor":2,"gold_loss":0},{"damage_healed":0,"gold_gain":0,"player_choice":"Lose Max HP","damage_taken":0,"relics_obtained":["Golden Idol"],"max_hp_gain":0,"max_hp_loss":7,"event_name":"Golden Idol","floor":4,"gold_loss":0},{"damage_healed":0,"gold_gain":150,"player_choice":"AGREE","damage_taken":0,"max_hp_gain":0,"max_hp_loss":0,"event_name":"Liars Game","floor":5,"gold_loss":0,"cards_obtained":["Doubt"]},{"damage_healed":0,"gold_gain":0,"player_choice":"Shed Blood","damage_taken":22,"max_hp_gain":5,"max_hp_loss":0,"event_name":"Forgotten Altar","floor":19,"gold_loss":0},{"cards_removed":["Strike_B"],"damage_healed":0,"gold_gain":0,"player_choice":"Elegance","damage_taken":0,"max_hp_gain":0,"max_hp_loss":0,"event_name":"Back to Basics","floor":21,"gold_loss":0},{"damage_healed":0,"gold_gain":333,"player_choice":"Gave Idol","damage_taken":0,"max_hp_gain":0,"max_hp_loss":0,"event_name":"The Moai Head","floor":36,"relics_lost":["Golden Idol"],"gold_loss":0},{"damage_healed":0,"gold_gain":0,"player_choice":"Relic","damage_taken":0,"max_hp_gain":0,"max_hp_loss":0,"event_name":"Wheel of Change","floor":38,"gold_loss":0}],"is_beta":false,"boss_relics":[{"not_picked":["GreenFoldingFan","OneHitWonderSystem"],"picked":"Runic Pyramid"},{"not_picked":["RhineCircuit","Cursed Key"],"picked":"testmod-BatchProcessingSystem"}],"items_purged_floors":[41],"is_endless":false,"potions_floor_spawned":[6,7,8,11,16,18,27,29,31,33,35,37,42,45,47],"ascension_level":20}}