{"host":"eaiphzh066bwqdh7","time":1612531855,"event":{"mods":["BaseMod","Better Note","Halation","Hubris","Minty Spire (QoL Compilation)","Reliquary","Replay The Spire","StSLib"],"gold_per_floor":[114,114,128,22,42,42,52,79,91,103,130,157,169,181,193,301,313,341,370,428,71,71,71,71,71,71,71,119,34,34,34],"floor_reached":30,"language":"ENG","playtime":599,"items_purged":[],"score":260,"play_id":"b8ed556d-f35d-42a0-bd1f-47e21c6b3e1b","local_time":"20210205083055","is_ascension_mode":true,"campfire_choices":[{"data":"Vigilance","floor":6,"key":"SMITH"},{"floor":10,"key":"REST"},{"floor":13,"key":"REST"},{"floor":23,"key":"REST"},{"floor":26,"key":"REST"}],"circlet_count":0,"master_deck":["Strike_P","Strike_P","Strike_P","Strike_P","Defend_P","Defend_P","Defend_P","Defend_P","Eruption","Vigilance+1","Alpha","Prostrate+1","Brilliance","Pray","Decay"],"relics":["PureWater","NeowsBlessing","hubris:Icosahedron","hubris:BottledRain","MawBank","Replay:Multitool","halation:WeightlessCrab","reliquary:Solitaire","MutagenicStrength","reliquary:SilkGlove","Orichalcum"],"acts_visited":["Exordium","TheCity"],"potions_floor_usage":[7,19],"damage_taken":[{"damage":0,"enemies":"Jaw Worm","floor":1,"turns":1},{"damage":0,"enemies":"Cultist","floor":3,"turns":1},{"damage":0,"enemies":"2 Louse","floor":5,"turns":1},{"damage":6,"enemies":"Large Slime","floor":7,"turns":7},{"damage":62,"enemies":"Gremlin Nob","floor":8,"turns":5},{"damage":2,"enemies":"2 Fungi Beasts","floor":11,"turns":3},{"damage":2,"enemies":"3 Louse","floor":12,"turns":4},{"damage":28,"enemies":"Fading Forest","floor":16,"turns":11},{"damage":35,"enemies":"Spheric Guardian","floor":18,"turns":6},{"damage":33,"enemies":"2 Thieves","floor":19,"turns":4},{"damage":49,"enemies":"Slavers","floor":30,"turns":3}],"seed_played":"29551304463563246","potions_obtained":[{"floor":5,"key":"LiquidMemories"},{"floor":11,"key":"Block Potion"},{"floor":12,"key":"SteroidPotion"},{"floor":18,"key":"Toxic Potion"}],"is_trial":false,"path_per_floor":["M","?","M","?","M","R","M","E","T","R","M","M","R","$","R","B",null,"M","M","?","$","?","R","PTL","PTL","R","?","T","?","E"],"character_chosen":"WATCHER","items_purchased":["reliquary:Solitaire","Pray"],"campfire_rested":4,"item_purchase_floors":[21,21],"current_hp_per_floor":[72,72,72,72,72,72,66,4,4,25,23,21,42,42,63,57,72,37,4,4,4,4,25,25,25,46,46,46,46,0,0],"gold":34,"neow_bonus":"THREE_ENEMY_KILL","is_daily":false,"chose_seed":false,"campfire_upgraded":1,"win_rate":0.0,"timestamp":1612531855,"path_taken":["M","?","M","?","?","R","?","E","T","R","M","M","R","$","R","BOSS","M","M","?","$","?","R","PTL","PTL","R","?","T","?","E"],"items_purchased_type":["Relic","Card"],"build_version":"2020-12-22","purchased_purges":0,"victory":false,"max_hp_per_floor":[72,72,72,72,72,72,72,72,72,72,72,72,72,72,72,72,72,72,72,72,72,72,72,72,72,72,72,72,72,72,72],"card_choices":[{"not_picked":["ClearTheMind","Consecrate","SashWhip"],"picked":"SKIP","floor":1},{"not_picked":["SignatureMove","EmptyFist","WreathOfFlame"],"picked":"SKIP","floor":3},{"not_picked":["JustLucky","Crescendo","Replay:Vibes"],"picked":"SKIP","floor":5},{"not_picked":["ThirdEye","ClearTheMind","SashWhip"],"picked":"SKIP","floor":7},{"not_picked":["SpiritShield","Replay:BluntJabs"],"picked":"Alpha","floor":8},{"not_picked":["Replay:Anticipation","BowlingBash"],"picked":"Prostrate","floor":11},{"not_picked":["CarveReality","Adaptation","Collect"],"picked":"SKIP","floor":12},{"not_picked":["Vault","Replay:LoomingThreat"],"picked":"Brilliance","floor":16},{"not_picked":["BowlingBash","EmptyMind+1","ClearTheMind"],"picked":"SKIP","floor":18},{"not_picked":["LikeWater","FollowUp+1","SashWhip"],"picked":"SKIP","floor":19}],"player_experience":258725,"relics_obtained":[{"floor":8,"key":"MawBank"},{"floor":9,"key":"Replay:Multitool"},{"floor":20,"key":"halation:WeightlessCrab"},{"floor":28,"key":"reliquary:SilkGlove"}],"event_choices":[{"damage_healed":0,"gold_gain":0,"player_choice":"Paid Gold","damage_taken":0,"relics_obtained":["hubris:BottledRain"],"max_hp_gain":0,"max_hp_loss":0,"event_name":"WeMeetAgain","floor":4,"gold_loss":106},{"damage_healed":0,"gold_gain":0,"player_choice":"Smashed Altar","damage_taken":0,"max_hp_gain":0,"max_hp_loss":0,"event_name":"Forgotten Altar","floor":22,"gold_loss":0,"cards_obtained":["Decay"]},{"damage_healed":0,"gold_gain":0,"player_choice":"Inject Mutagens","damage_taken":0,"relics_obtained":["MutagenicStrength"],"max_hp_gain":0,"max_hp_loss":0,"event_name":"Drug Dealer","floor":27,"gold_loss":0},{"damage_healed":0,"gold_gain":0,"player_choice":"Obtained Relic","damage_taken":0,"relics_obtained":["Orichalcum"],"max_hp_gain":0,"max_hp_loss":0,"event_name":"Addict","floor":29,"gold_loss":85}],"is_beta":false,"boss_relics":[{"not_picked":["halation:MonkeysPaw","hubris:VirtuousBlindfold","Runic Pyramid"]}],"items_purged_floors":[],"is_endless":false,"potions_floor_spawned":[5,11,12,18],"killed_by":"Slavers","ascension_level":3}}