{"host":"l5zfpd2l2htson6l","time":1612484350,"event":{"mods":["AchievementEnabler","BaseMod","Colored Map","Colored Powertips","Minty Spire (QoL Compilation)","Permanent Neow","Quick Restart","Rare Cards Sparkle","Relic Stats","SuperFastMode"],"gold_per_floor":[12,12,28,28,51,87,103,103,103,136,136,167,183,198,198,291,291,314,330,54,54,79,119,9,42,67,80,94,44,60,99,99,189,189,210,541,601,601,619,652,652,677,677,693,707,743,743,767,767,767,767,767],"floor_reached":51,"language":"ENG","playtime":2418,"items_purged":["Strike_R"],"score":1578,"play_id":"efbfee92-27ca-4644-b056-5ade80c16139","local_time":"20210204161910","is_ascension_mode":true,"campfire_choices":[{"floor":8.0,"key":"REST"},{"floor":15.0,"key":"REST"},{"floor":32,"key":"REST"},{"floor":41,"key":"REST"},{"floor":47,"key":"RECALL"},{"floor":49,"key":"REST"}],"circlet_count":0,"master_deck":["AscendersBane","Strike_R","Strike_R","Strike_R","Defend_R","Defend_R","Defend_R","Defend_R","Bash+1","Bludgeon+1","Shrug It Off","Havoc","Blood for Blood","Ghostly Armor","Metallicize","Shockwave","Brutality","Intimidate","Immolate","Disarm+1","Bludgeon","Shrug It Off","Feed","Power Through","Rage","Evolve","Whirlwind","Corruption","True Grit+1","Corruption"],"relics":["Burning Blood","Golden Idol","Boot","Vajra","Pear","Gambling Chip","Regal Pillow","Snecko Eye","Pantograph","Nilry\u0027s Codex","Smiling Mask","Self Forming Clay","Unceasing Top","Pen Nib","StrikeDummy","Fusion Hammer","Old Coin","Mango","Meat on the Bone","Eternal Feather","White Beast Statue"],"acts_visited":["Exordium","TheCity","TheBeyond"],"potions_floor_usage":[28,37,50,51],"damage_taken":[{"damage":7.0,"enemies":"Jaw Worm","floor":1.0,"turns":2.0},{"damage":1.0,"enemies":"Small Slimes","floor":3.0,"turns":4.0},{"damage":0.0,"enemies":"Cultist","floor":5.0,"turns":2.0},{"damage":60.0,"enemies":"Gremlin Nob","floor":6.0,"turns":5.0},{"damage":9.0,"enemies":"Exordium Thugs","floor":7.0,"turns":5.0},{"damage":21.0,"enemies":"3 Sentries","floor":10.0,"turns":7.0},{"damage":6.0,"enemies":"Gremlin Nob","floor":12.0,"turns":3.0},{"damage":11.0,"enemies":"Looter","floor":13.0,"turns":2.0},{"damage":12.0,"enemies":"Exordium Wildlife","floor":14.0,"turns":3.0},{"damage":50.0,"enemies":"The Guardian","floor":16.0,"turns":9.0},{"damage":3.0,"enemies":"2 Thieves","floor":18.0,"turns":2.0},{"damage":8.0,"enemies":"Spheric Guardian","floor":19.0,"turns":3.0},{"damage":10.0,"enemies":"Book of Stabbing","floor":23.0,"turns":3.0},{"damage":24.0,"enemies":"Slavers","floor":25.0,"turns":4.0},{"damage":0,"enemies":"Centurion and Healer","floor":27,"turns":3},{"damage":0,"enemies":"Shelled Parasite and Fungi","floor":28,"turns":1},{"damage":0,"enemies":"Cultist and Chosen","floor":30,"turns":1},{"damage":25,"enemies":"Gremlin Leader","floor":31,"turns":4},{"damage":38,"enemies":"Champ","floor":33,"turns":8},{"damage":8,"enemies":"Orb Walker","floor":35,"turns":2},{"damage":2,"enemies":"Mind Bloom Boss Battle","floor":36,"turns":4},{"damage":76,"enemies":"2 Orb Walkers","floor":37,"turns":7},{"damage":11,"enemies":"3 Shapes","floor":39,"turns":3},{"damage":13,"enemies":"Giant Head","floor":40,"turns":7},{"damage":44,"enemies":"Transient","floor":42,"turns":6},{"damage":6,"enemies":"3 Darklings","floor":44,"turns":2},{"damage":0,"enemies":"4 Shapes","floor":45,"turns":2},{"damage":26,"enemies":"Reptomancer","floor":46,"turns":8},{"damage":21,"enemies":"Maw","floor":48,"turns":6},{"damage":61,"enemies":"Time Eater","floor":50,"turns":7},{"damage":87,"enemies":"Donu and Deca","floor":51,"turns":7}],"seed_played":"-6798253092405852736","potions_obtained":[{"floor":7.0,"key":"AttackPotion"},{"floor":10.0,"key":"HeartOfIron"},{"floor":12.0,"key":"LiquidMemories"},{"floor":27,"key":"Swift Potion"},{"floor":28,"key":"SkillPotion"},{"floor":39,"key":"Fire Potion"},{"floor":48,"key":"DistilledChaos"}],"is_trial":false,"path_per_floor":["M","?","M","?","M","E","M","R","T","E","T","E","M","M","R","B",null,"M","M","$","?","T","E","?","E","T","M","M","$","M","E","R","B",null,"M","?","?","?","M","E","R","M","T","M","M","E","R","M","R","B","B"],"character_chosen":"IRONCLAD","items_purchased":["Pantograph"],"campfire_rested":5,"item_purchase_floors":[20],"current_hp_per_floor":[67,67,68,68,68,14,11,31,31,26,26,26,21,15,53,9,61,64,62,62,41,41,37,37,19,19,25,31,31,37,18,56,46,70,68,78,22,22,20,13,55,29,29,44,65,60,78,66,102,59,0,0],"gold":767,"neow_bonus":"THREE_RARE_CARDS","is_daily":false,"chose_seed":false,"campfire_upgraded":0,"win_rate":0.0,"timestamp":1612484350,"path_taken":["M","?","M","?","M","E","M","R","T","E","?","E","M","M","R","BOSS","M","M","$","?","?","E","?","E","T","M","?","?","M","E","R","BOSS","M","?","?","?","M","E","R","M","T","M","M","E","R","M","R","BOSS","BOSS"],"items_purchased_type":["Relic"],"build_version":"2020-12-22","purchased_purges":1,"victory":false,"max_hp_per_floor":[75,68,68,68,68,68,68,68,68,78,78,78,78,78,78,78,78,78,78,78,78,78,78,78,78,78,78,78,78,78,78,78,78,78,78,78,92,87,90,90,90,90,90,93,96,99,99,102,102,102,102,102],"relic_stats":{"Regal Pillow":45,"counters":[31,132],"Golden Idol":189,"Self Forming Clay":[153],"Eternal Feather":36,"Pen Nib":[15],"Boot":[19],"Smiling Mask":25,"Burning Blood":166,"Gambling Chip":[123],"Pantograph":57,"Snecko Eye":[161,200,173,176],"obtain_stats":[{"Regal Pillow":12,"Pear":10,"Golden Idol":2,"Nilry\u0027s Codex":21,"Self Forming Clay":23,"Vajra":9,"Mango":37,"Eternal Feather":43,"Pen Nib":26,"Boot":6,"Smiling Mask":22,"Burning Blood":0,"White Beast Statue":46,"Old Coin":36,"Gambling Chip":11,"Pantograph":20,"Snecko Eye":17,"Fusion Hammer":34,"StrikeDummy":31,"Unceasing Top":25,"Meat on the Bone":40},{"Regal Pillow":7,"Pear":6,"Golden Idol":1,"Nilry\u0027s Codex":12,"Self Forming Clay":13,"Vajra":5,"Mango":22,"Eternal Feather":25,"Pen Nib":14,"Boot":4,"Smiling Mask":12,"Burning Blood":0,"White Beast Statue":28,"Old Coin":21,"Gambling Chip":6,"Pantograph":12,"Snecko Eye":10,"Fusion Hammer":19,"StrikeDummy":18,"Unceasing Top":14,"Meat on the Bone":24},{"Regal Pillow":28,"Pear":25,"Golden Idol":2,"Nilry\u0027s Codex":47,"Self Forming Clay":50,"Vajra":18,"Mango":84,"Eternal Feather":100,"Pen Nib":54,"Boot":13,"Smiling Mask":47,"Burning Blood":0,"White Beast Statue":112,"Old Coin":77,"Gambling Chip":25,"Pantograph":47,"Snecko Eye":42,"Fusion Hammer":71,"StrikeDummy":63,"Unceasing Top":54,"Meat on the Bone":94}],"Unceasing Top":[3],"Meat on the Bone":60},"card_choices":[{"not_picked":["Impervious","Brutality"],"picked":"Bludgeon","floor":0.0},{"not_picked":["Anger","Thunderclap"],"picked":"Shrug It Off","floor":1.0},{"not_picked":["Pommel Strike","Thunderclap"],"picked":"Havoc","floor":3.0},{"not_picked":["Hemokinesis","Second Wind"],"picked":"Blood for Blood","floor":5.0},{"not_picked":["Shrug It Off","Rupture"],"picked":"Ghostly Armor","floor":6.0},{"not_picked":["True Grit","Cleave"],"picked":"Metallicize","floor":7.0},{"not_picked":["Flame Barrier","Burning Pact"],"picked":"Shockwave","floor":10.0},{"not_picked":["Cleave","Iron Wave"],"picked":"Brutality","floor":12.0},{"not_picked":["Flex","Twin Strike","Combust"],"picked":"SKIP","floor":13.0},{"not_picked":["Entrench","True Grit"],"picked":"Intimidate","floor":14.0},{"not_picked":["Barricade","Corruption"],"picked":"Immolate","floor":16.0},{"not_picked":["Intimidate+1","Twin Strike","Iron Wave"],"picked":"SKIP","floor":18.0},{"not_picked":["Havoc","Dark Embrace+1"],"picked":"Disarm+1","floor":19.0},{"not_picked":["Cleave","Anger","Warcry"],"picked":"SKIP","floor":23.0},{"not_picked":["Infernal Blade","Anger"],"picked":"Bludgeon","floor":25.0},{"not_picked":["True Grit","Flex+1","Blood for Blood"],"picked":"SKIP","floor":27},{"not_picked":["Inflame","Sword Boomerang","Anger"],"picked":"SKIP","floor":28},{"not_picked":["Sword Boomerang","Power Through+1","Warcry+1"],"picked":"SKIP","floor":30},{"not_picked":["Anger","Twin Strike"],"picked":"Shrug It Off","floor":31},{"not_picked":["Barricade","Fiend Fire"],"picked":"Feed","floor":33},{"not_picked":["Iron Wave+1","Warcry"],"picked":"Power Through","floor":35},{"not_picked":["Power Through","Warcry+1"],"picked":"Rage","floor":36},{"not_picked":["Anger","True Grit"],"picked":"Evolve","floor":37},{"not_picked":["Rampage","Pommel Strike","Headbutt"],"picked":"SKIP","floor":39},{"not_picked":["Rupture","Pommel Strike"],"picked":"Whirlwind","floor":40},{"not_picked":["Evolve","Inflame"],"picked":"Corruption","floor":42},{"not_picked":["Rage","Thunderclap","Rampage"],"picked":"SKIP","floor":44},{"not_picked":["Shrug It Off","Flex"],"picked":"True Grit+1","floor":45},{"not_picked":["Headbutt","Perfected Strike"],"picked":"Corruption","floor":46},{"not_picked":["Dual Wield","Clash","Clothesline"],"picked":"SKIP","floor":48}],"player_experience":896388,"relics_obtained":[{"floor":6.0,"key":"Boot"},{"floor":9.0,"key":"Vajra"},{"floor":10.0,"key":"Pear"},{"floor":11.0,"key":"Gambling Chip"},{"floor":12.0,"key":"Regal Pillow"},{"floor":21.0,"key":"Nilry\u0027s Codex"},{"floor":22.0,"key":"Smiling Mask"},{"floor":23.0,"key":"Self Forming Clay"},{"floor":25.0,"key":"Unceasing Top"},{"floor":26.0,"key":"Pen Nib"},{"floor":31,"key":"StrikeDummy"},{"floor":36,"key":"Old Coin"},{"floor":37,"key":"Mango"},{"floor":40,"key":"Meat on the Bone"},{"floor":43,"key":"Eternal Feather"},{"floor":46,"key":"White Beast Statue"}],"event_choices":[{"damage_healed":0.0,"max_hp_gain":0.0,"max_hp_loss":7.0,"gold_gain":0.0,"event_name":"Golden Idol","player_choice":"Lose Max HP","floor":2.0,"gold_loss":0.0,"damage_taken":0.0,"relics_obtained":["Golden Idol"]},{"damage_healed":0.0,"max_hp_gain":0.0,"max_hp_loss":0.0,"gold_gain":0.0,"event_name":"Living Wall","player_choice":"Grow","floor":4.0,"gold_loss":0.0,"damage_taken":0.0,"cards_upgraded":["Bludgeon"]},{"damage_healed":0.0,"max_hp_gain":0.0,"max_hp_loss":0.0,"gold_gain":0.0,"event_name":"Cursed Tome","player_choice":"Obtained Book","floor":21.0,"gold_loss":0.0,"damage_taken":21.0},{"cards_removed":["Strike_R"],"damage_healed":0.0,"max_hp_gain":0.0,"max_hp_loss":0.0,"gold_gain":0.0,"event_name":"Designer","player_choice":"Upgrade and Remove","floor":24.0,"gold_loss":110.0,"damage_taken":0.0,"cards_upgraded":["Bash"]},{"damage_healed":0,"gold_gain":0,"player_choice":"Fight","damage_taken":0,"max_hp_gain":0,"max_hp_loss":0,"event_name":"MindBloom","floor":36,"gold_loss":0},{"damage_healed":0,"gold_gain":0,"player_choice":"Fight","damage_taken":0,"max_hp_gain":0,"max_hp_loss":0,"event_name":"Mysterious Sphere","floor":37,"gold_loss":0},{"damage_healed":0,"gold_gain":0,"player_choice":"Max HP","damage_taken":0,"max_hp_gain":0,"max_hp_loss":5,"event_name":"Winding Halls","floor":38,"gold_loss":0}],"is_beta":false,"boss_relics":[{"not_picked":["Empty Cage","Black Star"],"picked":"Snecko Eye"},{"not_picked":["SlaversCollar","Runic Cube"],"picked":"Fusion Hammer"}],"items_purged_floors":[29],"is_endless":false,"potions_floor_spawned":[7,10,12,13,16,18,23,27,28,30,36,39,42,48],"killed_by":"Donu and Deca","ascension_level":20}}