{"host":"dctolzh6htjtakpc","time":1612551466,"event":{"mods":["2.2 Compatiblity","AchievementEnabler","AlwaysNeverKeys","BaseMod","Block Reminder","DeckTracker","Defuse TimeMaze Blight","Minty Spire (QoL Compilation)","Permanent Neow","Quick Restart","StSLib","SuperFastMode"],"gold_per_floor":[17,30,30,30,41,41,60,90,113,113,188,206,38,58,58,58,58],"floor_reached":16,"language":"ENG","playtime":412,"items_purged":["Strike_G"],"score":153,"play_id":"6f7b0f88-1235-45a7-9990-ad4112af492d","local_time":"20210205135746","is_ascension_mode":true,"campfire_choices":[{"data":"Dodge and Roll","floor":6,"key":"SMITH"},{"data":"Slice","floor":10,"key":"SMITH"},{"floor":15,"key":"REST"}],"circlet_count":0,"master_deck":["AscendersBane","Strike_G","Defend_G","Defend_G","Defend_G","Defend_G","Defend_G","Survivor","Neutralize","Quick Slash","Dodge and Roll+1","Bouncing Flask","Dagger Throw","Slice+1","Dagger Throw","Good Instincts"],"relics":["Ring of the Snake","Dream Catcher","Juzu Bracelet"],"acts_visited":["Exordium"],"potions_floor_usage":[8,16,16],"damage_taken":[{"damage":5,"enemies":"Jaw Worm","floor":1,"turns":8},{"damage":2,"enemies":"Cultist","floor":2,"turns":4},{"damage":0,"enemies":"2 Louse","floor":5,"turns":4},{"damage":8,"enemies":"Large Slime","floor":7,"turns":7},{"damage":22,"enemies":"Lagavulin","floor":8,"turns":5},{"damage":22,"enemies":"Lots of Slimes","floor":12,"turns":3},{"damage":0,"enemies":"Blue Slaver","floor":14,"turns":3},{"damage":46,"enemies":"Slime Boss","floor":16,"turns":13}],"seed_played":"2791626444321528858","potions_obtained":[{"floor":7,"key":"CunningPotion"},{"floor":8,"key":"DuplicationPotion"},{"floor":14,"key":"Regen Potion"}],"is_trial":false,"path_per_floor":["M","M","?","?","M","R","M","E","T","R","?","M","$","M","R","B"],"character_chosen":"THE_SILENT","items_purchased":["Good Instincts"],"campfire_rested":1,"item_purchase_floors":[13],"current_hp_per_floor":[58,56,56,70,70,70,62,40,40,40,29,7,7,7,28,0,0],"gold":58,"neow_bonus":"REMOVE_TWO","is_daily":false,"chose_seed":false,"campfire_upgraded":2,"win_rate":0.0,"timestamp":1612551466,"path_taken":["M","M","?","?","M","R","M","E","T","R","?","M","$","M","R","BOSS"],"items_purchased_type":["Card"],"build_version":"2020-12-22","purchased_purges":1,"victory":false,"max_hp_per_floor":[70,70,70,70,70,70,70,70,70,70,70,70,70,70,70,70,70],"card_choices":[{"not_picked":["Dodge and Roll","Bane"],"picked":"Quick Slash","floor":1},{"not_picked":["Flying Knee","Cloak And Dagger"],"picked":"Dodge and Roll","floor":2},{"not_picked":["Acrobatics","Deadly Poison"],"picked":"Bouncing Flask","floor":5},{"not_picked":["Terror","Acrobatics"],"picked":"Dagger Throw","floor":7},{"not_picked":["Dodge and Roll","Wraith Form v2"],"picked":"Slice","floor":8},{"not_picked":["PiercingWail","Setup"],"picked":"Dagger Throw","floor":12},{"not_picked":["Flying Knee","All Out Attack","Deadly Poison"],"picked":"SKIP","floor":14}],"player_experience":508506,"relics_obtained":[{"floor":8,"key":"Dream Catcher"},{"floor":9,"key":"Juzu Bracelet"}],"event_choices":[{"cards_removed":["Strike_G"],"damage_healed":0,"gold_gain":0,"player_choice":"Forget","damage_taken":0,"max_hp_gain":0,"max_hp_loss":0,"event_name":"Living Wall","floor":3,"gold_loss":0},{"damage_healed":23,"gold_gain":0,"player_choice":"Banana","damage_taken":0,"max_hp_gain":0,"max_hp_loss":0,"event_name":"Big Fish","floor":4,"gold_loss":0},{"damage_healed":0,"gold_gain":75,"player_choice":"Gather Gold","damage_taken":11,"max_hp_gain":0,"max_hp_loss":0,"event_name":"World of Goop","floor":11,"gold_loss":0}],"is_beta":false,"boss_relics":[],"items_purged_floors":[13],"is_endless":false,"potions_floor_spawned":[7,8,14],"killed_by":"Slime Boss","ascension_level":10}}