{"host":"rolltorest","time":1612568998,"event":{"mods":["BaseMod","Minty Spire (QoL Compilation)","Relic Stats","Slay the Relics Exporter","StSLib"],"gold_per_floor":[119,44,102,102,102,129,279,311,335,367,383,393,393,413,413,484,484,503,95,95,111,111,111,111],"floor_reached":23,"language":"ENG","playtime":498,"items_purged":["Doubt"],"score":514,"play_id":"466aeaf1-16cb-4499-b54e-0a2252483143","local_time":"20210205154958","is_ascension_mode":true,"campfire_choices":[{"data":"Crippling Poison","floor":13,"key":"SMITH"},{"data":"Poisoned Stab","floor":15,"key":"SMITH"}],"circlet_count":0,"master_deck":["AscendersBane","Strike_G","Strike_G","Strike_G","Strike_G","Defend_G","Defend_G+1","Defend_G","Defend_G","Defend_G","Survivor","Neutralize+1","Dash+1","Poisoned Stab+1","Slice","Crippling Poison+1","Burst","Acrobatics+1","Accuracy","Eviscerate","Predator"],"relics":["Ring of the Snake","NeowsBlessing","Blood Vial","Pear","Happy Flower","Boot","WristBlade","Toolbox"],"acts_visited":["Exordium","TheCity"],"potions_floor_usage":[10,16,16,18],"damage_taken":[{"damage":0,"enemies":"Cultist","floor":1,"turns":1},{"damage":0,"enemies":"3 Sentries","floor":6,"turns":2},{"damage":0,"enemies":"Lagavulin","floor":8,"turns":1},{"damage":13,"enemies":"Gremlin Nob","floor":10,"turns":4},{"damage":0,"enemies":"Jaw Worm","floor":11,"turns":3},{"damage":0,"enemies":"2 Louse","floor":12,"turns":2},{"damage":0,"enemies":"2 Fungi Beasts","floor":14,"turns":3},{"damage":29,"enemies":"Hexaghost","floor":16,"turns":10},{"damage":8,"enemies":"Spheric Guardian","floor":18,"turns":6},{"damage":0,"enemies":"Chosen","floor":21,"turns":3},{"damage":51,"enemies":"Book of Stabbing","floor":23,"turns":6}],"seed_played":"4374845099142340152","potions_obtained":[{"floor":6,"key":"Fire Potion"},{"floor":8,"key":"Poison Potion"},{"floor":10,"key":"DistilledChaos"},{"floor":16,"key":"DistilledChaos"},{"floor":21,"key":"FairyPotion"}],"is_trial":false,"path_per_floor":["M","?","?","?","?","E","?","E","T","E","M","M","R","M","R","B",null,"M","$","?","M","?","E"],"character_chosen":"THE_SILENT","items_purchased":["Accuracy","Toolbox","Eviscerate"],"campfire_rested":0,"item_purchase_floors":[19,19,19],"current_hp_per_floor":[59,59,59,39,39,39,39,51,51,40,42,44,44,46,46,19,62,56,56,50,52,30,8,8],"gold":111,"neow_bonus":"THREE_ENEMY_KILL","is_daily":false,"chose_seed":false,"campfire_upgraded":2,"win_rate":0.0,"timestamp":1612568998,"path_taken":["M","?","?","?","?","E","?","E","T","E","?","M","R","M","R","BOSS","M","$","?","?","?","E"],"items_purchased_type":["Card","Relic","Card"],"build_version":"2020-12-18","purchased_purges":1,"victory":false,"max_hp_per_floor":[66,66,66,66,66,66,66,76,76,76,76,76,76,76,76,76,76,76,76,76,76,81,81,81],"relic_stats":{"Blood Vial":18,"Happy Flower":[12],"counters":[11,41],"Boot":[10],"obtain_stats":[{"Blood Vial":6,"Pear":8,"NeowsBlessing":0,"Happy Flower":9,"WristBlade":17,"Toolbox":19,"Boot":10,"Ring of the Snake":0},{"Blood Vial":2,"Pear":3,"NeowsBlessing":0,"Happy Flower":3,"WristBlade":8,"Toolbox":9,"Boot":4,"Ring of the Snake":0},{"Blood Vial":3,"Pear":4,"NeowsBlessing":0,"Happy Flower":4,"WristBlade":26,"Toolbox":32,"Boot":8,"Ring of the Snake":0}],"Ring of the Snake":[22]},"card_choices":[{"not_picked":["Cloak And Dagger","Blur"],"picked":"Dash","floor":1},{"not_picked":["Reflex","Choke"],"picked":"Poisoned Stab","floor":6},{"not_picked":["Underhanded Strike","Doppelganger"],"picked":"Slice","floor":8},{"not_picked":["Flying Knee","Quick Slash","Outmaneuver"],"picked":"SKIP","floor":10},{"not_picked":["Reflex","Quick Slash","Slice"],"picked":"SKIP","floor":11},{"not_picked":["Dagger Throw","Deflect"],"picked":"Crippling Poison","floor":12},{"not_picked":["Escape Plan","All Out Attack","Outmaneuver"],"picked":"SKIP","floor":14},{"not_picked":["Die Die Die","Bullet Time"],"picked":"Burst","floor":16},{"not_picked":["Outmaneuver","Underhanded Strike"],"picked":"Acrobatics+1","floor":18},{"not_picked":["Eviscerate","Quick Slash"],"picked":"Predator","floor":21}],"player_experience":1879218,"relics_obtained":[{"floor":6,"key":"Blood Vial"},{"floor":8,"key":"Pear"},{"floor":9,"key":"Happy Flower"},{"floor":10,"key":"Boot"}],"event_choices":[{"cards_removed":["Strike_G"],"damage_healed":0,"gold_gain":0,"player_choice":"Card Removal","damage_taken":0,"max_hp_gain":0,"max_hp_loss":0,"event_name":"The Cleric","floor":2,"gold_loss":75},{"damage_healed":0,"gold_gain":58,"player_choice":"Gained Gold","damage_taken":0,"max_hp_gain":0,"max_hp_loss":0,"event_name":"Golden Wing","floor":3,"gold_loss":0},{"damage_healed":0,"gold_gain":0,"player_choice":"Entered Light","damage_taken":20,"max_hp_gain":0,"max_hp_loss":0,"event_name":"Shining Light","floor":4,"gold_loss":0,"cards_upgraded":["Defend_G","Neutralize"]},{"damage_healed":0,"gold_gain":0,"player_choice":"Grow","damage_taken":0,"max_hp_gain":0,"max_hp_loss":0,"event_name":"Living Wall","floor":5,"gold_loss":0,"cards_upgraded":["Dash"]},{"damage_healed":0,"gold_gain":150,"player_choice":"AGREE","damage_taken":0,"max_hp_gain":0,"max_hp_loss":0,"event_name":"Liars Game","floor":7,"gold_loss":0,"cards_obtained":["Doubt"]},{"damage_healed":0,"gold_gain":0,"player_choice":"","damage_taken":6,"max_hp_gain":0,"max_hp_loss":0,"event_name":"Knowing Skull","floor":20,"potions_obtained":[],"gold_loss":0,"cards_obtained":[]},{"damage_healed":0,"gold_gain":0,"player_choice":"Shed Blood","damage_taken":27,"max_hp_gain":5,"max_hp_loss":0,"event_name":"Forgotten Altar","floor":22,"gold_loss":0}],"is_beta":true,"boss_relics":[{"not_picked":["Runic Dome","Tiny House"],"picked":"WristBlade"}],"items_purged_floors":[19],"is_endless":false,"potions_floor_spawned":[6,8,10,16,21],"killed_by":"Book of Stabbing","ascension_level":20}}