{"host":"niv6bi8ufjzyofbf","time":1612547673,"event":{"mods":["ATMod(∞¢Ë™Mod)","Act Like it!","BaseMod","Colored Powertips","Conspire","Gensokyo","Hermit","Mad Scientist","Marisa£®ÏF”Í°°ƒß¿Ì…≥£©","Minty Spire (QoL Compilation)","Quick Restart","Rare Cards Sparkle","Reimu£®≤©¿ˆ¡È√Œ£©","Relic Filter Mod","Reliquary","Replay The Spire","Shop Mod","Spicy Shops","StSLib","SuperFastMode","The Cursed","The Servant 0.9.4","Youmu£®ªÍ∆«—˝√Œ£©","°æ“≈ŒÔø®≈∆°øREMEMod","≤–¡Ù÷ÆŒÔ"],"gold_per_floor":[23333,21723,21723,21739,21753,21782,21782,21810,21885,21885,21885,21885,21888,20616,20616,20737,20737,20826,20929,20844,19846,19771,19771,19809,19809,19834,18005,18059,17962,18054,18069,18069,17751,17751,17766,17766,17729,17500,17172,16902,16902,15621,15646,14146,14138,14118,14178,14178,14178,13803],"floor_reached":51,"language":"ZHS","playtime":1809,"items_purged":["Defend_Lin:ReiMu","Clumsy","Defend_Lin:ReiMu","Defend_Lin:ReiMu","Decay","Strike_Lin:ReiMu","NB:ReiMu","Secret Weapon"],"score":1077,"play_id":"b789cde1-ae9a-446d-831f-f9a55c1a50cb","local_time":"20210206015433","is_ascension_mode":true,"campfire_choices":[{"floor":12,"key":"DIG"},{"floor":15,"key":"DIG"},{"floor":23,"key":"DIG"},{"floor":32,"key":"DIG"},{"floor":41,"key":"DIG"},{"floor":49,"key":"DIG"}],"circlet_count":0,"master_deck":["Strike_Lin:ReiMu+1","Strike_Lin:ReiMu+1","Stagnation:ReiMu","OctopathBindingBorder2:ReiMu","Dreaming2:ReiMu","PassingAway:ReiMu","FoulBorder2:ReiMu","Crusade:ReiMu+1","DependentForm:ReiMu","BarrageOfMoneybags:ReiMu","BlastKick2:ReiMu","HakureiPhantom:ReiMu","AT_EmpoweredMortalDraw","Gathering:ReiMu","BarrageOfMoneybags:ReiMu","Survey Options","Master of Strategy","ForcedLanding:ReiMu","Conquer:ReiMu","EmergencyTakeOff:ReiMu","EmergencyTakeOff:ReiMu","SubcavityFantasy:ReiMu","Secret Weapon","Violence","UniversalSpiritual:ReiMu+1","KamiSacrifice:ReiMu+1","Dramatic Entrance","Panache+1","AT_EmpoweredMortalDraw"],"relics":["FlyPower:ReiMu","REME_ComplimentaryCards","AT_ATBox","NeowsBlessing","AT_GuinsooRageblade","reliquary:Buckler","Snack Pack","TentaclePot:ReiMu","reliquary:BrokenClock","Centennial Puzzle","MerchantsRug","Shovel","conspire:GiftBox","AT_MibuBalloonWealth","Matryoshka","conspire:InfiniteJournal","reliquary:FerryPass","KaguraBell:ReiMu","Vajra","Medical Kit","Sling","AT_Kusabimaru","conspire:TopHat","AT_MortalBlade","Red Mask","AT_ArchangelStaff","MealTicket","DollysMirror","PlaceholderMod:FlatBlood","PlaceholderMod:DeVermisMysteriis","Pen Nib","REME_IWantAll","Toy Ornithopter","Potion Belt","Happy Flower","Strange Spoon","reliquary:HotPoker","REME_OnlineShoppingPlatform","REME_PuzzleBoxRelic","AT_ForceNature","conspire:Boomerang","reliquary:PorcupineQuills","Ring of Chaos","Blue Doll","Garlic","RuthlessExorcism:ReiMu","Bottled Flame","reliquary:WeakTea","Frozen Egg 2","Lee\u0027s Waffle","conspire:Flyswatter","SkyOrb:ReiMu","Cauldron","Bottled Lightning","Blue Candle","Nunchaku","ReplayTheSpireMod:ShopPack","AT_BellDemon","Pantograph","PureWhite:ReiMu","Gremlin Horn","reliquary:Stiletto"],"acts_visited":["Exordium","TheCity","TheBeyond"],"potions_floor_usage":[6,29,29,29,29,33,33,33,33,33,33,33,33,33,33,33,33,33,33,33,33,33,33,33,33,33,33,33,33,33,33,37,37,37,37,37,37,37,37,37,38,38,38,38,38,38,38,38,38,38,38,38,39,39,39,39,39,39,39,39,39,39,39,39,39,39,39,39,39,39,40,40,40,40,40,40,40,40,40,40,40,46,46,46,47,47,50,50,50,50,50,50,50,50,50,50,50,50,50,50,50,50,50,50,50,50,50,50,50],"damage_taken":[{"damage":0,"enemies":"2 Louse","floor":1,"turns":1},{"damage":0,"enemies":"Cultist","floor":4,"turns":1},{"damage":0,"enemies":"Small Slimes","floor":5,"turns":1},{"damage":17,"enemies":"Lagavulin","floor":6,"turns":5},{"damage":16,"enemies":"Gremlin Nob","floor":8,"turns":5},{"damage":0,"enemies":"Blue Slaver","floor":13,"turns":2},{"damage":8,"enemies":"Slime Boss","floor":16,"turns":6},{"damage":0,"enemies":"3 Byrds","floor":18,"turns":1},{"damage":0,"enemies":"Masked Bandits","floor":19,"turns":2},{"damage":0,"enemies":"Spheric Guardian","floor":24,"turns":2},{"damage":0,"enemies":"Chosen and Byrds","floor":28,"turns":1},{"damage":0,"enemies":"REME_1_Revenger","floor":29,"turns":1},{"damage":1,"enemies":"3 Cultists","floor":30,"turns":2},{"damage":0,"enemies":"Snecko","floor":31,"turns":2},{"damage":7,"enemies":"Pondfish","floor":33,"turns":3},{"damage":0,"enemies":"Orb Walker","floor":35,"turns":2},{"damage":0,"enemies":"3 Darklings","floor":37,"turns":1},{"damage":0,"enemies":"conspire:MimicChest","floor":38,"turns":1},{"damage":0,"enemies":"Maw","floor":39,"turns":1},{"damage":0,"enemies":"Giant Head","floor":40,"turns":1},{"damage":0,"enemies":"R_Hoarder","floor":45,"turns":2},{"damage":0,"enemies":"Spire Growth","floor":46,"turns":1},{"damage":0,"enemies":"2 Orb Walkers","floor":47,"turns":1},{"damage":0,"enemies":"conspire:OrnateMirror","floor":50,"turns":2}],"seed_played":"-1922945429071154565","potions_obtained":[{"floor":5,"key":"BottledKami:ReiMu"},{"floor":8,"key":"ZuzhouPotion:ReiMu"},{"floor":13,"key":"MagicPotion:ReiMu"}],"is_trial":false,"path_per_floor":["M","$","?","M","M","E","T","E","T","?","?","R","M","$","R","B",null,"M","?","?","$","?","R","M","?","T","$","M","E","M","M","R","B",null,"M","T","M","?","M","E","R","$","T","$","E","M","?","?","R","B",null],"character_chosen":"REIMU","items_purchased":["OctopathBindingBorder2:ReiMu","AT_GuinsooRageblade","reliquary:Buckler","Snack Pack","TentaclePot:ReiMu","reliquary:BrokenClock","Centennial Puzzle","MerchantsRug","DuplicationPotion","BlessingOfTheForge","LiquidFlight:ReiMu","Dreaming2:ReiMu","reliquary:FerryPass","KaguraBell:ReiMu","Vajra","Medical Kit","Sling","AT_Kusabimaru","MealTicket","Gathering:ReiMu","DollysMirror","PlaceholderMod:FlatBlood","PlaceholderMod:DeVermisMysteriis","Pen Nib","Happy Flower","Strange Spoon","reliquary:HotPoker","REME_OnlineShoppingPlatform","REME_PuzzleBoxRelic","AT_ForceNature","Survey Options","Master of Strategy","ForcedLanding:ReiMu","Conquer:ReiMu","EmergencyTakeOff:ReiMu","Frozen Egg 2","Lee\u0027s Waffle","conspire:Flyswatter","Secret Weapon","Cauldron","Violence","UniversalSpiritual:ReiMu+1","KamiSacrifice:ReiMu+1","Dramatic Entrance","Bottled Lightning","Blue Candle","Nunchaku","ReplayTheSpireMod:ShopPack"],"campfire_rested":0,"item_purchase_floors":[2,2,2,2,2,2,2,2,2,2,2,2,14,14,14,14,14,14,21,21,21,21,21,21,27,27,27,27,27,27,27,27,27,27,27,42,42,42,42,44,44,44,44,44,44,44,44,44],"current_hp_per_floor":[65,65,65,65,65,48,48,32,32,32,32,32,32,32,32,24,65,65,65,65,65,65,65,65,65,65,65,65,65,65,65,65,70,70,70,70,70,70,70,70,70,77,77,77,77,77,77,77,77,77],"gold":13803,"neow_bonus":"THREE_ENEMY_KILL","is_daily":false,"chose_seed":false,"campfire_upgraded":0,"win_rate":0.0,"timestamp":1612547673,"path_taken":["M","$","?","M","?","E","?","E","T","?","?","R","M","$","R","BOSS","M","?","?","$","?","R","M","?","T","?","?","E","M","M","R","BOSS","M","?","M","?","M","E","R","$","T","$","E","?","?","?","R","BOSS"],"items_purchased_type":["Card","Relic","Relic","Relic","Relic","Relic","Relic","Relic","Potion","Potion","Potion","Card","Relic","Relic","Relic","Relic","Relic","Relic","Relic","Card","Relic","Relic","Relic","Relic","Relic","Relic","Relic","Relic","Relic","Relic","Card","Card","Card","Card","Card","Relic","Relic","Relic","Card","Relic","Card","Card","Card","Card","Relic","Relic","Relic","Relic"],"build_version":"2020-12-22","purchased_purges":8,"victory":true,"max_hp_per_floor":[65,65,65,65,65,65,65,65,65,65,65,65,65,65,65,65,65,65,65,65,65,65,65,65,65,65,65,65,65,65,65,65,70,70,70,70,70,70,70,70,70,77,77,77,77,77,77,77,77,77],"card_choices":[{"not_picked":["CareerPray:ReiMu","SealNeedle:ReiMu","OrbThrow:ReiMu"],"picked":"SKIP","floor":1},{"not_picked":["ForcedLanding:ReiMu","SpringWay:ReiMu"],"picked":"PassingAway:ReiMu","floor":4},{"not_picked":["OrbThrow:ReiMu","Intuition:ReiMu"],"picked":"FoulBorder2:ReiMu","floor":5},{"not_picked":["DoubleButterfly:ReiMu","SpringWay:ReiMu"],"picked":"Crusade:ReiMu","floor":6},{"not_picked":["RunawayExorcism:ReiMu","Free:ReiMu"],"picked":"DependentForm:ReiMu","floor":7},{"not_picked":["SpreadBorder2:ReiMu","MikOfLucky:ReiMu"],"picked":"BarrageOfMoneybags:ReiMu","floor":8},{"not_picked":["WonderfulDomain:ReiMu","CareerPray:ReiMu"],"picked":"BlastKick2:ReiMu","floor":13},{"not_picked":["CeremonyResonance:ReiMu","PrayRite:ReiMu"],"picked":"HakureiPhantom:ReiMu","floor":16},{"not_picked":["WonderfulDomain:ReiMu","Amulet:ReiMu","AirStrike:ReiMu"],"picked":"SKIP","floor":18},{"not_picked":["Gathering:ReiMu","WonderfulDomain:ReiMu","DoubleButterfly:ReiMu"],"picked":"SKIP","floor":24},{"not_picked":["AirManeuver:ReiMu+1","SubcavityInstant:ReiMu+1","Meditation:ReiMu"],"picked":"SKIP","floor":28},{"not_picked":["RunawayExorcism:ReiMu","YinYangSign:ReiMu"],"picked":"EmergencyTakeOff:ReiMu","floor":29},{"not_picked":["SealNeedle:ReiMu","BarrageOfMoneybags:ReiMu","Gathering:ReiMu+1"],"picked":"SKIP","floor":30},{"not_picked":["AlertArray:ReiMu+1","Conquer:ReiMu","WonderfulDomain:ReiMu"],"picked":"SKIP","floor":31},{"not_picked":["BlastKick2:ReiMu","CardOfSanctity:ReiMu"],"picked":"SubcavityFantasy:ReiMu","floor":33},{"not_picked":["SpringWay:ReiMu","SealNeedle:ReiMu","SpreadBorder2:ReiMu"],"picked":"SKIP","floor":35},{"not_picked":["YinYangSange:ReiMu+1","Amulet:ReiMu+1","ShadowOfCrow2:ReiMu+1"],"picked":"SKIP","floor":37},{"not_picked":["Amulet:ReiMu+1","SpringWay:ReiMu","FoulBorder2:ReiMu+1"],"picked":"SKIP","floor":39},{"not_picked":["Enchanting:ReiMu+1","Gathering:ReiMu+1","AirStrike:ReiMu+1"],"picked":"SKIP","floor":40},{"not_picked":["Thinking Ahead","Magnetism"],"picked":"Panache","floor":44},{"not_picked":["REME_ShortnessOfBreath","Finesse"],"picked":"AT_EmpoweredMortalDraw","floor":44},{"not_picked":["ForcedLanding:ReiMu+1","Conquer:ReiMu","SpringWay:ReiMu"],"picked":"SKIP","floor":45},{"not_picked":["YinYangSign:ReiMu","Conquer:ReiMu+1","Mountainwind:ReiMu+1"],"picked":"SKIP","floor":46}],"player_experience":613274,"relics_obtained":[{"floor":6,"key":"Shovel"},{"floor":7,"key":"conspire:GiftBox"},{"floor":8,"key":"AT_MibuBalloonWealth"},{"floor":9,"key":"Matryoshka"},{"floor":12,"key":"conspire:InfiniteJournal"},{"floor":15,"key":"conspire:TopHat"},{"floor":19,"key":"Red Mask"},{"floor":23,"key":"REME_IWantAll"},{"floor":26,"key":"Toy Ornithopter"},{"floor":26,"key":"Potion Belt"},{"floor":29,"key":"conspire:Boomerang"},{"floor":32,"key":"reliquary:PorcupineQuills"},{"floor":36,"key":"Blue Doll"},{"floor":36,"key":"Garlic"},{"floor":38,"key":"RuthlessExorcism:ReiMu"},{"floor":40,"key":"Bottled Flame"},{"floor":41,"key":"reliquary:WeakTea"},{"floor":43,"key":"SkyOrb:ReiMu"},{"floor":45,"key":"AT_BellDemon"},{"floor":46,"key":"Pantograph"},{"floor":47,"key":"PureWhite:ReiMu"},{"floor":47,"key":"Gremlin Horn"},{"floor":49,"key":"reliquary:Stiletto"}],"event_choices":[{"damage_healed":0,"gold_gain":0,"player_choice":"Bought 0 Potions","damage_taken":0,"max_hp_gain":0,"max_hp_loss":0,"event_name":"The Woman in Blue","floor":3,"gold_loss":0},{"damage_healed":0,"gold_gain":0,"player_choice":"Grow","damage_taken":0,"max_hp_gain":0,"max_hp_loss":0,"event_name":"Living Wall","floor":10,"gold_loss":0,"cards_upgraded":["Crusade:ReiMu"]},{"damage_healed":0,"gold_gain":0,"player_choice":"Ignored","damage_taken":0,"max_hp_gain":0,"max_hp_loss":0,"event_name":"Liars Game","floor":11,"gold_loss":0},{"damage_healed":0,"gold_gain":0,"player_choice":"Fought Bandits","damage_taken":0,"max_hp_gain":0,"max_hp_loss":0,"event_name":"Masked Bandits","floor":19,"gold_loss":0},{"damage_healed":0,"gold_gain":0,"player_choice":"Obtained Relic","damage_taken":0,"relics_obtained":["AT_ArchangelStaff"],"max_hp_gain":0,"max_hp_loss":0,"event_name":"Addict","floor":20,"gold_loss":85},{"cards_removed":["Defend_Lin:ReiMu"],"damage_healed":0,"gold_gain":0,"player_choice":"Gave Gold","damage_taken":0,"max_hp_gain":0,"max_hp_loss":0,"event_name":"Beggar","floor":22,"gold_loss":75},{"cards_removed":["Strike_Lin:ReiMu"],"damage_healed":0,"gold_gain":0,"player_choice":"Elegance","damage_taken":0,"max_hp_gain":0,"max_hp_loss":0,"event_name":"Back to Basics","floor":25,"gold_loss":0},{"damage_healed":0,"gold_gain":0,"player_choice":"Fight","damage_taken":0,"max_hp_gain":0,"max_hp_loss":0,"event_name":"Mysterious Sphere","floor":47,"gold_loss":0},{"damage_healed":0,"gold_gain":0,"player_choice":"Got Potions","damage_taken":0,"max_hp_gain":0,"max_hp_loss":0,"event_name":"Lab","floor":48,"gold_loss":0}],"is_beta":false,"boss_relics":[{"not_picked":["CrownOfHeavens:ReiMu","Runic Pyramid"],"picked":"AT_MortalBlade"},{"not_picked":["Replay:Bronze Core","ChewingGum"],"picked":"Ring of Chaos"}],"items_purged_floors":[2,14,14,21,27,27,42,44],"is_endless":false,"potions_floor_spawned":[5,8,13,19,24,30,31,35,37,40],"ascension_level":3}}