{"host":"bx8ylsmj2ob6hd5u","time":1612521626,"event":{"mods":["AchievementEnabler","Act Like it!","Aspiration","BaseMod","Colored Map","Downfall","Duelist Mod","Friendly Minions","Gensokyo","GifTheSpireLib","Hallownest","Hermit","HololiveMod","Hubris","Infinite Spire","Jorbs\u0027s Wanderer Trilogy","KinomotoSakuraMod(????)","Kiyohime????","Koishi","KomeijiMod","Lobotomy","LobotomyExtend","Marisa????????","Minty Spire (QoL Compilation)","Prisma Mod","Rare Cards Sparkle","Reimu??????","Remilia??????","Replay The Spire","StSLib","Td1madao Mod","The Administrix","The Animator","The Bug Knight","The Construct","The Cursed","The Disciple","The Hierophant","The Necromancer","The Poker Player","The Runesmith","The Senshi","The Servant 0.9.4","WarShipGirlsR/????R mod"],"gold_per_floor":[116,116,116,116,116,116,129,129,129,129,54,72,72,89,89,191,191,207,225,235,235,235,235],"floor_reached":22,"language":"ENG","playtime":1342,"items_purged":[],"score":199,"play_id":"0dd5c006-56a2-4efa-9620-52570b9f4344","local_time":"20210205124026","is_ascension_mode":false,"campfire_choices":[{"data":"Runesmith:CraftFirestone","floor":6,"key":"SMITH"},{"data":"Runesmith:CraftVitae","floor":8,"key":"SMITH"},{"data":"Runesmith:Fortify","floor":10,"key":"SMITH"},{"data":"Runesmith:ChaoticBlast","floor":15,"key":"SMITH"}],"circlet_count":0,"master_deck":["Runesmith:Strike_RS","Runesmith:Strike_RS","Runesmith:Strike_RS","Runesmith:Strike_RS","Runesmith:Defend_RS","Runesmith:Defend_RS","Runesmith:Defend_RS","Runesmith:Defend_RS","Runesmith:CraftFirestone+1","Runesmith:Fortify+1","Runesmith:EnergizedChisel","Runesmith:CraftVitae+1","Hallownest:skillGreenpathMap","Runesmith:NanitesCloud","Runesmith:ChaoticBlast+1","Runesmith:LightningRod","hubris:NaturalOne","Perseverance+1","Runesmith:GrandSlam","Runesmith:HeatExchange"],"relics":["Runesmith:BrokenRuby","LetterFromLob","aspiration:ChemicalBlood","hubris:Icosahedron","ShirouKen","aspiration:WatcherSkillbook"],"acts_visited":["Exordium","Hallownest:Greenpath"],"potions_floor_usage":[16,16,19,19,20,20,22],"damage_taken":[{"damage":13,"enemies":"Hallownest:monsterHuskGuard","floor":1,"turns":5},{"damage":0,"enemies":"2_ Uuma","floor":7,"turns":5},{"damage":0,"enemies":"Hallownest:2_Baldur","floor":12,"turns":3},{"damage":0,"enemies":"Hallownest:1_Baldur_1_Crawlid_1_Warrior","floor":14,"turns":6},{"damage":17,"enemies":"Hallownest:BossHornet","floor":16,"turns":11},{"damage":12,"enemies":"Gensokyo:Chomper","floor":18,"turns":7},{"damage":4,"enemies":"Gensokyo:3_Dogs","floor":19,"turns":5},{"damage":41,"enemies":"Gensokyo:Chomper_and_Gloop","floor":20,"turns":10},{"damage":34,"enemies":"Gensokyo:Slime_Group","floor":22,"turns":6}],"seed_played":"1370068964478222423","potions_obtained":[{"floor":14,"key":"SkillPotion"},{"floor":16,"key":"sneckomod:MuddlingPotion"},{"floor":18,"key":"Milkshake"},{"floor":19,"key":"PowerPotion"}],"is_trial":false,"path_per_floor":["M","?","T","M","?","R","M","R","T","R","?","M","$","M","R","B",null,"M","M","M","?","M"],"character_chosen":"RUNESMITH_CLASS","items_purchased":[],"campfire_rested":0,"item_purchase_floors":[],"current_hp_per_floor":[64,55,55,55,55,55,55,55,55,55,55,55,55,55,55,38,77,65,61,20,28,0,0],"gold":235,"neow_bonus":"TEN_PERCENT_HP_BONUS","is_daily":false,"chose_seed":false,"campfire_upgraded":4,"win_rate":0.0,"timestamp":1612521626,"path_taken":["M","?","?","M","?","R","M","R","T","R","?","M","?","?","R","BOSS","M","M","M","?","?"],"items_purchased_type":[],"build_version":"2020-12-22","purchased_purges":0,"victory":false,"max_hp_per_floor":[77,77,77,77,77,77,77,77,77,77,77,77,77,77,77,77,77,77,77,77,77,77,77],"card_choices":[{"not_picked":["Runesmith:HeatedChisel","Runesmith:OneForEveryone"],"picked":"Runesmith:EnergizedChisel","floor":1},{"not_picked":["Runesmith:ChiselStab","Runesmith:HammerThrow"],"picked":"Runesmith:CraftVitae","floor":7},{"not_picked":["Runesmith:HeatExchange","Runesmith:UnstableHammer"],"picked":"Runesmith:NanitesCloud","floor":12},{"not_picked":["Runesmith:HeatExchange","Runesmith:DoubleUp"],"picked":"Runesmith:ChaoticBlast","floor":14},{"not_picked":["Runesmith:GrandSlam","Runesmith:FissionHammer"],"picked":"Runesmith:LightningRod","floor":16},{"not_picked":["Runesmith:Electrocute","Runesmith:ShiftingStrike","Runesmith:ChiselStab+1"],"picked":"Perseverance+1","floor":18},{"not_picked":["FlyingSleeves","Runesmith:Repurpose+1","Runesmith:EarthShield"],"picked":"Runesmith:GrandSlam","floor":19},{"not_picked":["EmptyFist","FlurryOfBlows","LikeWater"],"picked":"Runesmith:HeatExchange","floor":20}],"player_experience":1546674,"relics_obtained":[{"floor":1,"key":"LetterFromLob"},{"floor":3,"key":"aspiration:ChemicalBlood"},{"floor":9,"key":"ShirouKen"}],"event_choices":[],"is_beta":false,"boss_relics":[{"not_picked":["hubris:GrandSneckoEye","Hololive_ChaosS"],"picked":"aspiration:WatcherSkillbook"}],"items_purged_floors":[],"is_endless":false,"potions_floor_spawned":[14,16,18,19],"killed_by":"Gensokyo:Slime_Group","ascension_level":0}}