{"host":"qy6st0zp32tctd9l","time":1612528556,"event":{"mods":["BaseMod","Colored Map","Downfall","GifTheSpireLib","Hermit","Marisa£®ÏF”Í°°ƒß¿Ì…≥£©","Minty Spire (QoL Compilation)","Remilia£®¿Ÿ√◊¿Ú—«£©","StSLib","The Cursed","The Servant 0.9.4","UnlockEverythingMod"],"gold_per_floor":[117,132,57,57,70,70,408,358,358,358,358,391,104,104,104,202,202,217,217,242,242,255,295,319,358,358,483,582,629,629,324,324,431,431,447,780,471,500,519,519,549,578,578,617,617,617,644,644,644,644,644,644,35,75,75],"floor_reached":56,"language":"ZHS","playtime":3172,"items_purged":["Strike_S","Strike_S"],"score":2125,"play_id":"bee4b0d3-bfca-4ee3-90d3-b3bdb2bc5052","local_time":"20210205203556","is_ascension_mode":true,"campfire_choices":[{"data":"BestPractice","floor":6.0,"key":"SMITH"},{"floor":11.0,"key":"REST"},{"floor":15.0,"key":"REST"},{"floor":30.0,"key":"RECALL"},{"data":"Solidify","floor":32.0,"key":"SMITH"},{"floor":40.0,"key":"DIG"},{"floor":45.0,"key":"DIG"},{"floor":49,"key":"DIG"},{"floor":52,"key":"DIG"}],"circlet_count":0,"master_deck":["AscendersBane","Defend_S","Defend_S","Defend_S+1","Defend_S","KidneyShot","DoubleEdge","FastForward","BestPractice+1","Moonlight+1","ShiftingGears","Sabotage","Sunlight","Moondial","Defy+1","Comet+1","Manipulate+1","Solidify+1","TheWorld","BottledTime","Alleviate","Read+1","Rearm","Luminosity+1","Barrier","GearUp","SilverMatrix+1","Luminosity+1"],"relics":["Uniform","Toy Ornithopter","Old Coin","Turnip","ScarletDevilRocket","Pen Nib","Juzu Bracelet","Coffee Dripper","Ornamental Fan","Blood Vial","TungstenRod","Gremlin Horn","CeramicFish","War Paint","Chemical X","Runic Pyramid","Shovel","StoneCalendar","Oddly Smooth Stone","Frozen Egg 2","Vajra","StrikeDummy","Blue Candle","Whetstone","Pantograph","Bottled Tornado","Orrery","Lantern"],"acts_visited":["Exordium","TheCity","TheBeyond","TheEnding"],"potions_floor_usage":[53,55,55],"damage_taken":[{"damage":3.0,"enemies":"Jaw Worm","floor":1.0,"turns":7.0},{"damage":0.0,"enemies":"Small Slimes","floor":2.0,"turns":3.0},{"damage":3.0,"enemies":"Cultist","floor":5.0,"turns":3.0},{"damage":18.0,"enemies":"Lagavulin","floor":7.0,"turns":13.0},{"damage":21.0,"enemies":"3 Sentries","floor":12.0,"turns":8.0},{"damage":29.0,"enemies":"Slime Boss","floor":16.0,"turns":15.0},{"damage":1.0,"enemies":"Shell Parasite","floor":18.0,"turns":9.0},{"damage":0.0,"enemies":"2 Thieves","floor":20.0,"turns":1.0},{"damage":2.0,"enemies":"Centurion and Healer","floor":22.0,"turns":5.0},{"damage":0.0,"enemies":"Book of Stabbing","floor":23.0,"turns":4.0},{"damage":11.0,"enemies":"3 Cultists","floor":24.0,"turns":5.0},{"damage":0.0,"enemies":"Gremlin Leader","floor":25.0,"turns":6.0},{"damage":0.0,"enemies":"Colosseum Slavers","floor":27.0,"turns":1.0},{"damage":20.0,"enemies":"Colosseum Nobs","floor":27.0,"turns":4.0},{"damage":10.0,"enemies":"Book of Stabbing","floor":29.0,"turns":6.0},{"damage":11.0,"enemies":"Collector","floor":33.0,"turns":7.0},{"damage":4.0,"enemies":"3 Darklings","floor":35.0,"turns":4.0},{"damage":0.0,"enemies":"Orb Walker","floor":38.0,"turns":2.0},{"damage":18.0,"enemies":"Transient","floor":39.0,"turns":5.0},{"damage":0.0,"enemies":"Reptomancer","floor":41.0,"turns":4.0},{"damage":0.0,"enemies":"Sphere and 2 Shapes","floor":42.0,"turns":3.0},{"damage":0.0,"enemies":"Giant Head","floor":44.0,"turns":13.0},{"damage":0,"enemies":"3 Darklings","floor":47,"turns":3},{"damage":43,"enemies":"Time Eater","floor":50,"turns":14},{"damage":20,"enemies":"Shield and Spear","floor":54,"turns":8},{"damage":6,"enemies":"The Heart","floor":55,"turns":13}],"seed_played":"-321756597514937972","potions_obtained":[{"floor":2.0,"key":"PowerPotion"},{"floor":7.0,"key":"Energy Potion"},{"floor":16.0,"key":"AttackPotion"},{"floor":18.0,"key":"Fire Potion"},{"floor":20.0,"key":"FairyPotion"},{"floor":21.0,"key":"Slimebound:ThreeZeroPotion"},{"floor":24.0,"key":"SmokeBomb"},{"floor":25.0,"key":"Regen Potion"},{"floor":38.0,"key":"Fruit Juice"},{"floor":41.0,"key":"ColorlessPotion"}],"is_trial":false,"path_per_floor":["M","M","$","?","M","R","E","?","T","?","R","E","$","?","R","B",null,"M","?","M","?","M","E","M","E","T","?","?","E","R","$","R","B",null,"M","?","$","M","M","R","E","M","T","E","R","?","M","?","R","B",null,"R","$","E","B",null],"character_chosen":"THE_SERVANT","items_purchased":["Sabotage","Pen Nib","War Paint","Chemical X","Shovel","Bottled Tornado","Orrery","Fruit Juice","LiquidMemories","FearPotion"],"campfire_rested":2,"item_purchase_floors":[13,13,31,31,37,53,53,53,53,53],"current_hp_per_floor":[51,51,51,36,33,33,15,15,15,15,33,12,12,9,27,8,47,46,46,51,51,49,54,43,43,43,43,43,35,35,35,35,26,52,50,50,50,62,46,46,48,55,55,57,57,53,55,55,55,14,52,52,62,44,64],"gold":75,"neow_bonus":"RANDOM_COMMON_RELIC","is_daily":false,"chose_seed":false,"campfire_upgraded":2,"win_rate":0.0,"timestamp":1612528556,"path_taken":["M","M","$","?","M","R","E","?","T","?","R","E","$","?","R","BOSS","M","?","M","?","M","E","M","E","T","?","?","E","R","$","R","BOSS","M","?","$","M","M","R","E","M","T","E","R","?","M","?","R","BOSS","R","$","E","BOSS"],"items_purchased_type":["Card","Relic","Relic","Relic","Relic","Relic","Relic","Potion","Potion","Potion"],"build_version":"2020-12-22","purchased_purges":2,"victory":true,"max_hp_per_floor":[60,60,60,60,60,60,60,60,60,60,60,60,60,60,60,60,60,60,60,60,60,60,60,60,60,60,60,60,60,60,60,60,60,60,60,60,60,65,65,65,65,65,65,65,65,65,65,65,65,65,65,65,70,70,70],"card_choices":[{"not_picked":["Rewind","DancingSilver"],"picked":"DoubleEdge","floor":1.0},{"not_picked":["ShiftingGears","SurpressingFire"],"picked":"FastForward","floor":2.0},{"not_picked":["Spin","Advance"],"picked":"BestPractice","floor":5.0},{"not_picked":["FastForward","Misdirection"],"picked":"Moonlight","floor":7.0},{"not_picked":["ShatteredReality","Replace"],"picked":"ShiftingGears","floor":12.0},{"not_picked":["Deny","FlawlessForm"],"picked":"Sunlight","floor":16.0},{"not_picked":["Rewind","Collapse+1"],"picked":"Moondial","floor":18.0},{"not_picked":["Unruled","ReturningBlade","Potential"],"picked":"SKIP","floor":20.0},{"not_picked":["Comet","DancingSilver"],"picked":"Defy","floor":22.0},{"not_picked":["DoubleEdge","Ricochet","BestPractice"],"picked":"SKIP","floor":23.0},{"not_picked":["FanOfKnives","InstantArmor","Read"],"picked":"SKIP","floor":24.0},{"not_picked":["TimeWarp","InstantArmor+1"],"picked":"Comet","floor":25.0},{"not_picked":["ForgedInTime","Defy"],"picked":"Manipulate+1","floor":27.0},{"not_picked":["Ricochet","Rewind"],"picked":"Solidify","floor":29.0},{"not_picked":["FlawlessForm","Sunlight"],"picked":"TheWorld","floor":33.0},{"not_picked":["Defy+1","Replace+1","InstantArmor+1"],"picked":"SKIP","floor":35.0},{"not_picked":["FastForward","Ricochet"],"picked":"BottledTime","floor":38.0},{"not_picked":["ReturningBlade","BottledTime"],"picked":"Alleviate","floor":39.0},{"not_picked":["Replace","Sunlight","Rewind"],"picked":"SKIP","floor":41.0},{"not_picked":["FastForward","Potential"],"picked":"Read+1","floor":42.0},{"not_picked":["Defy","Replace"],"picked":"Rearm","floor":44.0},{"not_picked":["Revamp+1","Defy+1"],"picked":"Luminosity+1","floor":47},{"not_picked":["Replace+1","TimeWarp"],"picked":"Barrier","floor":53},{"not_picked":["Comet","Snipe"],"picked":"GearUp","floor":53},{"not_picked":["Gouge","TimeWarp+1"],"picked":"SilverMatrix+1","floor":53},{"not_picked":["Alleviate+1","Potential"],"picked":"Luminosity+1","floor":54}],"player_experience":209420,"relics_obtained":[{"floor":7.0,"key":"Old Coin"},{"floor":9.0,"key":"Turnip"},{"floor":12.0,"key":"ScarletDevilRocket"},{"floor":23.0,"key":"Ornamental Fan"},{"floor":25.0,"key":"Blood Vial"},{"floor":27.0,"key":"TungstenRod"},{"floor":27.0,"key":"Gremlin Horn"},{"floor":29.0,"key":"CeramicFish"},{"floor":40.0,"key":"StoneCalendar"},{"floor":41.0,"key":"Oddly Smooth Stone"},{"floor":43.0,"key":"Frozen Egg 2"},{"floor":44.0,"key":"Vajra"},{"floor":45.0,"key":"StrikeDummy"},{"floor":49,"key":"Whetstone"},{"floor":52,"key":"Pantograph"},{"floor":54,"key":"Lantern"}],"event_choices":[{"damage_healed":0.0,"max_hp_gain":0.0,"max_hp_loss":0.0,"gold_gain":0.0,"event_name":"Golden Idol","player_choice":"Take Damage","floor":4.0,"gold_loss":0.0,"damage_taken":15.0,"relics_obtained":["Golden Idol"]},{"cards_removed":["Strike_S"],"damage_healed":0.0,"max_hp_gain":0.0,"max_hp_loss":0.0,"gold_gain":0.0,"event_name":"The Cleric","player_choice":"Card Removal","floor":8.0,"gold_loss":50.0,"damage_taken":0.0},{"cards_removed":["Strike_S"],"damage_healed":0.0,"max_hp_gain":0.0,"max_hp_loss":0.0,"gold_gain":0.0,"event_name":"Living Wall","player_choice":"Forget","floor":10.0,"gold_loss":0.0,"damage_taken":0.0},{"damage_healed":0.0,"max_hp_gain":0.0,"max_hp_loss":0.0,"gold_gain":0.0,"event_name":"Scrap Ooze","player_choice":"Success","floor":14.0,"gold_loss":0.0,"damage_taken":3.0,"relics_obtained":["Juzu Bracelet"]},{"damage_healed":0.0,"max_hp_gain":0.0,"max_hp_loss":0.0,"gold_gain":0.0,"event_name":"Vampires","player_choice":"Ignored","floor":19.0,"gold_loss":0.0,"damage_taken":0.0},{"damage_healed":0.0,"max_hp_gain":0.0,"max_hp_loss":0.0,"gold_gain":0.0,"event_name":"Lab","player_choice":"Got Potions","floor":21.0,"gold_loss":0.0,"damage_taken":0.0},{"damage_healed":0.0,"max_hp_gain":0.0,"max_hp_loss":0.0,"gold_gain":0.0,"event_name":"Colosseum","player_choice":"Fight","floor":27.0,"gold_loss":0.0,"damage_taken":0.0},{"damage_healed":0.0,"max_hp_gain":0.0,"max_hp_loss":0.0,"gold_gain":0.0,"event_name":"Colosseum","player_choice":"Fought Nobs","floor":27.0,"gold_loss":0.0,"damage_taken":0.0},{"damage_healed":0.0,"max_hp_gain":0.0,"max_hp_loss":0.0,"gold_gain":99.0,"event_name":"Nest","player_choice":"Stole From Cult","floor":28.0,"gold_loss":0.0,"damage_taken":0.0},{"damage_healed":0.0,"max_hp_gain":0.0,"max_hp_loss":0.0,"gold_gain":333.0,"event_name":"The Moai Head","player_choice":"Gave Idol","floor":36.0,"relics_lost":["Golden Idol"],"gold_loss":0.0,"damage_taken":0.0},{"cards_removed":["Exchange"],"damage_healed":0,"gold_gain":0,"player_choice":"Offered Basic","damage_taken":0,"max_hp_gain":0,"max_hp_loss":0,"event_name":"Bonfire Elementals","floor":48,"gold_loss":0}],"is_beta":false,"boss_relics":[{"not_picked":["Ectoplasm","SacredBark"],"picked":"Coffee Dripper"},{"not_picked":["Snecko Eye","SlaversCollar"],"picked":"Runic Pyramid"}],"items_purged_floors":[3,13],"is_endless":false,"potions_floor_spawned":[2,7,16,18,20,24,25,27,38,41],"ascension_level":14}}