{"host":"gf8hyl7jhl0is674","time":1612487701,"event":{"mods":["2.2 Compatiblity","Act Like it!","Aspiration","BaseMod","CapriCore","Chen","Colored Map","Gensokyo","Hallownest","Jorbs\u0027s Wanderer Trilogy","Koishi","Marisa????????","Minty Spire (QoL Compilation)","Onozuka Komachi Mod","Permanent Neow","Reimu??????","StSLib","The Administrix","The Blue Laboratory","The Immortal","The Jungle","The Servant 0.9.4","Waifu the Spire","Yakumo Yukari mod"],"gold_per_floor":[111,125,145,145,145,178,178,212,236,236,252,252,266,266,266,369,369,383,503,52,62,162,162,179,179,179],"floor_reached":25,"language":"ENG","playtime":1840,"items_purged":["Strike_S"],"score":211,"play_id":"9efbd016-53c3-4e10-a5be-93cb8e883d8b","local_time":"20210204181501","is_ascension_mode":false,"campfire_choices":[{"data":"Exchange","floor":7,"key":"SMITH"},{"data":"FastForward","floor":10,"key":"SMITH"},{"data":"MoonPhase","floor":15,"key":"SMITH"},{"data":"Defy","floor":23,"key":"SMITH"}],"circlet_count":0,"master_deck":["Defend_S+1","Defend_S","Defend_S","Defend_S","KidneyShot","Exchange+1","ShatteredReality","Potential","FastForward+1","Moonlight","MoonPhase+1","RealityMarble","Luminosity","FanOfKnives+1","GearUp","Defy+1","TimeWarp+1"],"relics":["Uniform","Hallownest:DreamNailRelic","Prayer Wheel","Dream Catcher","Coffee Dripper","FossilizedHelix"],"acts_visited":["Hallownest:Greenpath","Hallownest:Greenpath"],"potions_floor_usage":[6,25,25],"damage_taken":[{"damage":4,"enemies":"Hallownest:2_Tiktiks_and_1_Crawlid","floor":1,"turns":4},{"damage":2,"enemies":"Hallownest:2_Baldur","floor":2,"turns":4},{"damage":0,"enemies":"Hallownest:monsterHuskWarrior","floor":3,"turns":3},{"damage":4,"enemies":"Hallownest:monsterMarmu","floor":4,"turns":8},{"damage":6,"enemies":"Hallownest:eliteCrystalGuardian","floor":6,"turns":8},{"damage":12,"enemies":"Hallownest:eliteMossKnight","floor":8,"turns":5},{"damage":0,"enemies":"Hallownest:monsterMossCharger","floor":11,"turns":4},{"damage":0,"enemies":"Hallownest:monsterAspidMother","floor":13,"turns":3},{"damage":29,"enemies":"Hallownest:BossFalseKnight","floor":16,"turns":10},{"damage":10,"enemies":"theJungle:Flameango_and_Byrd","floor":18,"turns":6},{"damage":22,"enemies":"theJungle:MUSHROOMGANG","floor":21,"turns":3},{"damage":3,"enemies":"theJungle:SlimyTreeVines","floor":24,"turns":8},{"damage":34,"enemies":"theJungle:Cassacara","floor":25,"turns":9}],"seed_played":"1191739932716720539","potions_obtained":[{"floor":2,"key":"EssenceOfSteel"},{"floor":3,"key":"Strength Potion"},{"floor":13,"key":"Dexterity Potion"},{"floor":16,"key":"LiquidBronze"},{"floor":24,"key":"blueLaboratory:BottleOfVodka"}],"is_trial":false,"path_per_floor":["M","M","M","?","?","E","R","E","T","R","M","?","M","?","R","B",null,"M","?","$","M","?","R","M","E"],"character_chosen":"THE_SERVANT","items_purchased":["FossilizedHelix","GearUp"],"campfire_rested":0,"item_purchase_floors":[20,20],"current_hp_per_floor":[67,65,65,61,61,55,55,43,43,43,43,43,43,43,43,14,71,61,51,51,29,29,29,32,0,0],"gold":179,"neow_bonus":"TEN_PERCENT_HP_BONUS","is_daily":false,"chose_seed":false,"campfire_upgraded":4,"win_rate":0.0,"timestamp":1612487701,"path_taken":["M","M","M","?","?","E","R","E","T","R","M","?","M","?","R","BOSS","M","?","$","M","?","R","M","E"],"items_purchased_type":["Relic","Card"],"build_version":"2020-12-22","purchased_purges":1,"victory":false,"max_hp_per_floor":[71,71,71,71,71,71,71,71,71,71,71,71,71,71,71,71,71,71,71,71,71,71,71,71,71,71],"card_choices":[{"not_picked":["DoubleEdge","Revamp"],"picked":"ShatteredReality","floor":1},{"not_picked":["GearUp","DualDimension"],"picked":"Potential","floor":2},{"not_picked":["Replace","Unruled"],"picked":"FastForward","floor":3},{"not_picked":["FloweringNight","SpecialFormula"],"picked":"Moonlight","floor":6},{"not_picked":["Rearm","Revamp","MurderousAura"],"picked":"SKIP","floor":8},{"not_picked":["Barrier","Alleviate"],"picked":"MoonPhase","floor":11},{"not_picked":["Barrier","Alleviate","RealityMarble"],"picked":"SKIP","floor":11},{"not_picked":["Barrier","Alleviate"],"picked":"RealityMarble","floor":11},{"not_picked":["MoonPhase","Spin"],"picked":"Luminosity","floor":13},{"not_picked":["Unruled","Starlight","Misdirection"],"picked":"SKIP","floor":13},{"not_picked":["StarChef","Alleviate","Rewind"],"picked":"SKIP","floor":18},{"not_picked":["Potential","Moonlight","FanOfKnives+1"],"picked":"SKIP","floor":18},{"not_picked":["Potential","Moonlight"],"picked":"FanOfKnives+1","floor":18},{"not_picked":["StarChef","Alleviate","Rewind"],"picked":"SKIP","floor":18},{"not_picked":["SpecialFormula","Ricochet"],"picked":"Defy","floor":21},{"not_picked":["SpecialFormula","Snipe"],"picked":"TimeWarp+1","floor":21},{"not_picked":["Replace+1","FanOfKnives","Initiator"],"picked":"SKIP","floor":24},{"not_picked":["Ricochet","Spin+1","Unruled+1"],"picked":"SKIP","floor":24},{"not_picked":["Replace+1","FanOfKnives","Initiator"],"picked":"SKIP","floor":24},{"not_picked":["Ricochet","Spin+1","Unruled+1"],"picked":"SKIP","floor":24}],"player_experience":424752,"relics_obtained":[{"floor":6,"key":"Prayer Wheel"},{"floor":8,"key":"Dream Catcher"}],"event_choices":[{"damage_healed":0,"gold_gain":100,"player_choice":"Pray","damage_taken":0,"max_hp_gain":0,"max_hp_loss":0,"event_name":"Golden Shrine","floor":22,"gold_loss":0}],"is_beta":false,"boss_relics":[{"not_picked":["Pandora\u0027s Box","Snecko Eye"],"picked":"Coffee Dripper"}],"items_purged_floors":[20],"is_endless":false,"potions_floor_spawned":[2,3,13,16,24],"killed_by":"theJungle:Cassacara","ascension_level":0}}