{"host":"d85gwtocd8go8gx0","time":1612484535,"event":{"mods":["AchievementEnabler","BaseMod","Better Altar","Better Skull","Better Third Choice","Block Reminder","Colored Powertips","Curses Come First","Dark Map","Filter the Spire","Highlight Path","Minty Spire (QoL Compilation)","Permanent Neow","Quick Restart","Shop Mod","StSLib","SuperFastMode","UnlockEverythingMod"],"gold_per_floor":[15,30,40,1,1,31,31,63,63,92,13,26,41,41,41,118,118,129,49,66,66,92,92,17,36,110,110,110],"floor_reached":27,"language":"ENG","playtime":938,"items_purged":[],"score":462,"play_id":"7bde4472-40d9-4b66-9bf9-a3860fc46299","local_time":"20210204162215","is_ascension_mode":true,"campfire_choices":[{"floor":7,"key":"REST"},{"floor":15,"key":"REST"},{"floor":23,"key":"REST"}],"circlet_count":0,"master_deck":["AscendersBane","Strike_R","Strike_R","Strike_R","Strike_R","Strike_R","Defend_R","Defend_R","Defend_R","Defend_R","Bash+1","Offering","Clothesline","Anger","Clothesline","Inflame","Reaper","Rage","Twin Strike","Shockwave","Double Tap","Power Through","Impervious","Fire Breathing","Combust","Ghostly Armor","Twin Strike"],"relics":["Burning Blood","Letter Opener","Paper Frog","Kunai","Bronze Scales","Mark of Pain","Boot","Red Mask","HornCleat"],"acts_visited":["Exordium","TheCity"],"potions_floor_usage":[10,16,20],"damage_taken":[{"damage":8,"enemies":"Cultist","floor":1,"turns":4},{"damage":10,"enemies":"Jaw Worm","floor":2,"turns":3},{"damage":7,"enemies":"Small Slimes","floor":3,"turns":3},{"damage":36,"enemies":"3 Sentries","floor":6,"turns":8},{"damage":43,"enemies":"Lagavulin","floor":8,"turns":8},{"damage":14,"enemies":"Gremlin Nob","floor":10,"turns":3},{"damage":25,"enemies":"Exordium Wildlife","floor":12,"turns":4},{"damage":6,"enemies":"2 Fungi Beasts","floor":13,"turns":3},{"damage":31,"enemies":"Hexaghost","floor":16,"turns":7},{"damage":29,"enemies":"Spheric Guardian","floor":18,"turns":5},{"damage":20,"enemies":"Shell Parasite","floor":20,"turns":5},{"damage":32,"enemies":"Masked Bandits","floor":22,"turns":4},{"damage":14,"enemies":"Cultist and Chosen","floor":25,"turns":5},{"damage":43,"enemies":"Gremlin Leader","floor":27,"turns":6}],"seed_played":"6272585415816499050","potions_obtained":[{"floor":8,"key":"Explosive Potion"},{"floor":12,"key":"GamblersBrew"},{"floor":16,"key":"ColorlessPotion"},{"floor":20,"key":"Fruit Juice"},{"floor":22,"key":"PowerPotion"}],"is_trial":false,"path_per_floor":["M","M","M","$","?","E","R","E","T","E","$","M","M","?","R","B",null,"M","$","M","?","?","R","?","M","T","E"],"character_chosen":"IRONCLAD","items_purchased":["Inflame","Shockwave","Combust"],"campfire_rested":3,"item_purchase_floors":[4,11,19],"current_hp_per_floor":[66,62,61,61,61,31,53,25,25,27,27,14,14,19,43,28,67,44,44,35,35,9,34,34,40,40,0,0],"gold":110,"neow_bonus":"THREE_RARE_CARDS","is_daily":false,"chose_seed":false,"campfire_upgraded":0,"win_rate":0.0,"timestamp":1612484535,"path_taken":["M","?","M","?","?","E","R","E","T","E","$","M","M","?","R","BOSS","M","$","M","?","?","R","?","M","T","E"],"items_purchased_type":["Card","Card","Card"],"build_version":"2020-12-22","purchased_purges":0,"victory":false,"max_hp_per_floor":[75,75,75,75,75,75,75,75,75,75,75,75,75,80,80,80,80,80,80,85,85,85,85,85,85,85,85,85],"card_choices":[{"not_picked":["Juggernaut","Feed"],"picked":"Offering","floor":0},{"not_picked":["Flex","Rage"],"picked":"Clothesline","floor":1},{"not_picked":["Fire Breathing","Warcry"],"picked":"Anger","floor":2},{"not_picked":["Wild Strike","Seeing Red"],"picked":"Clothesline","floor":3},{"not_picked":["Spot Weakness","Wild Strike"],"picked":"Reaper","floor":6},{"not_picked":["Seeing Red","Warcry"],"picked":"Rage","floor":8},{"not_picked":["True Grit","Perfected Strike"],"picked":"Twin Strike","floor":10},{"not_picked":["Perfected Strike","Feel No Pain"],"picked":"Double Tap","floor":12},{"not_picked":["Entrench","Sentinel"],"picked":"Power Through","floor":13},{"not_picked":["Berserk","Immolate"],"picked":"Impervious","floor":16},{"not_picked":["Wild Strike","Twin Strike+1"],"picked":"Fire Breathing","floor":18},{"not_picked":["Clash","Entrench"],"picked":"Ghostly Armor","floor":20},{"not_picked":["Havoc","Whirlwind"],"picked":"Twin Strike","floor":22},{"not_picked":["Headbutt","Perfected Strike","Feel No Pain+1"],"picked":"SKIP","floor":25}],"player_experience":38806,"relics_obtained":[{"floor":6,"key":"Letter Opener"},{"floor":8,"key":"Paper Frog"},{"floor":9,"key":"Kunai"},{"floor":10,"key":"Bronze Scales"},{"floor":22,"key":"Red Mask"},{"floor":26,"key":"HornCleat"}],"event_choices":[{"damage_healed":0,"gold_gain":0,"player_choice":"Grow","damage_taken":0,"max_hp_gain":0,"max_hp_loss":0,"event_name":"Living Wall","floor":5,"gold_loss":0,"cards_upgraded":["Bash"]},{"damage_healed":0,"gold_gain":0,"player_choice":"Donut","damage_taken":0,"max_hp_gain":5,"max_hp_loss":0,"event_name":"Big Fish","floor":14,"gold_loss":0},{"damage_healed":0,"gold_gain":0,"player_choice":"Stole Relic","damage_taken":0,"relics_obtained":["Boot"],"max_hp_gain":0,"max_hp_loss":0,"event_name":"Addict","floor":21,"gold_loss":0,"cards_obtained":["Shame"]},{"damage_healed":0,"gold_gain":0,"player_choice":"Fought Bandits","damage_taken":0,"max_hp_gain":0,"max_hp_loss":0,"event_name":"Masked Bandits","floor":22,"gold_loss":0},{"cards_removed":["Shame"],"damage_healed":0,"gold_gain":0,"player_choice":"Gave Gold","damage_taken":0,"max_hp_gain":0,"max_hp_loss":0,"event_name":"Beggar","floor":24,"gold_loss":75}],"is_beta":false,"boss_relics":[{"not_picked":["Astrolabe","Ectoplasm"],"picked":"Mark of Pain"}],"items_purged_floors":[],"is_endless":false,"potions_floor_spawned":[8,12,16,20,22],"killed_by":"Gremlin Leader","ascension_level":20}}