{"host":"1ecbliur7lfoj0sl","time":1612512053,"event":{"mods":["BaseMod","Minty Spire (QoL Compilation)","StSLib","The Animator","Waifu the Spire"],"gold_per_floor":[215,226,280,280,295,295,327,360,387,418,418,418,418,430,430,530,530,548,548,548,574,586,586,615,615,615,308,324,350,250,280,280,380,380,395,395,415,465,465,490,490,520,520,530,547,574,574,586,586,586,586,586,514,564,619,694,694,325,400,480,480,168,168,168],"floor_reached":63,"language":"ZHS","playtime":10367,"items_purged":["animator:Defend","animator:Defend","animator:Defend","animator:Defend_NoGameNoLife+1"],"score":912,"play_id":"cf7a244a-44b9-4356-87e0-3698fd4c52e5","local_time":"20210205160053","is_ascension_mode":true,"campfire_choices":[{"data":"animator:KyokoSakura","floor":6.0,"key":"SMITH"},{"data":"animator:DolaSchwi","floor":13.0,"key":"SMITH"},{"data":"animator:IzunaHatsuse","floor":15.0,"key":"SMITH"},{"data":"animator:ChlammyZell","floor":23.0,"key":"SMITH"},{"data":"animator:Kaijin","floor":25.0,"key":"SMITH"},{"data":"animator:NarberalGamma","floor":32.0,"key":"SMITH"},{"data":"animator:Albedo","floor":41.0,"key":"SMITH"},{"data":"animator:Evileye","floor":47.0,"key":"SMITH"},{"floor":49.0,"key":"RECALL"},{"data":"animator:Assassin","floor":52.0,"key":"SMITH"}],"circlet_count":0,"master_deck":["animator:Strike_NoGameNoLife+1","animator:DolaSchwi+1","animator:DolaCouronne+1","animator:KyokoSakura+1","animator:IzunaHatsuse+1","animator:Assassin+1","animator:Vesta+1","animator:Ainz","animator:ChlammyZell","animator:Kaijin+1","animator:NarberalGamma+1","animator:Benimaru","animator:Albedo+1","animator:Aisha+1","animator:Evileye+1","animator:Ainz","animator:Caster","animator:SayakaMiki+1","animator:Eve+1","animator:Emilia"],"relics":["animator:TheWolleyCore","animator:LivingPicture","animator:TheMissingPiece","animator:AncientMedallion"],"acts_visited":["Exordium","TheCity","TheBeyond","TheEnding","EYB:TheUnnamedReign"],"potions_floor_usage":[59,59,60,63],"damage_taken":[{"damage":1.0,"enemies":"Cultist","floor":1.0,"turns":4.0},{"damage":6.0,"enemies":"2 Louse","floor":2.0,"turns":3.0},{"damage":6.0,"enemies":"Small Slimes","floor":5.0,"turns":4.0},{"damage":0.0,"enemies":"Blue Slaver","floor":7.0,"turns":3.0},{"damage":17.0,"enemies":"Gremlin Nob","floor":8.0,"turns":4.0},{"damage":12.0,"enemies":"3 Sentries","floor":10.0,"turns":7.0},{"damage":1.0,"enemies":"Exordium Wildlife","floor":14.0,"turns":3.0},{"damage":13.0,"enemies":"Slime Boss","floor":16.0,"turns":6.0},{"damage":8.0,"enemies":"3 Byrds","floor":18.0,"turns":5.0},{"damage":0.0,"enemies":"Shell Parasite","floor":21.0,"turns":5.0},{"damage":2.0,"enemies":"Snecko","floor":22.0,"turns":6.0},{"damage":2.0,"enemies":"animator:HornedBat","floor":24.0,"turns":5.0},{"damage":0.0,"enemies":"Cultist and Chosen","floor":28.0,"turns":4.0},{"damage":2.0,"enemies":"Book of Stabbing","floor":29.0,"turns":5.0},{"damage":3.0,"enemies":"Gremlin Leader","floor":31.0,"turns":3.0},{"damage":11.0,"enemies":"Collector","floor":33.0,"turns":5.0},{"damage":7.0,"enemies":"Orb Walker","floor":35.0,"turns":3.0},{"damage":9.0,"enemies":"3 Darklings","floor":37.0,"turns":4.0},{"damage":0.0,"enemies":"Mind Bloom Boss Battle","floor":38.0,"turns":6.0},{"damage":13.0,"enemies":"Nemesis","floor":40.0,"turns":5.0},{"damage":9.0,"enemies":"Reptomancer","floor":42.0,"turns":5.0},{"damage":35.0,"enemies":"Writhing Mass","floor":44.0,"turns":5.0},{"damage":13.0,"enemies":"Jaw Worm Horde","floor":45.0,"turns":4.0},{"damage":9.0,"enemies":"Nemesis","floor":46.0,"turns":3.0},{"damage":7.0,"enemies":"Sphere and 2 Shapes","floor":48.0,"turns":3.0},{"damage":31.0,"enemies":"Donu and Deca","floor":50.0,"turns":6.0},{"damage":2.0,"enemies":"animator:UNNAMED_CULTIST_1","floor":54.0,"turns":7.0},{"damage":25.0,"enemies":"animator:UNNAMED_HAT","floor":55.0,"turns":10.0},{"damage":15,"enemies":"animator:UNNAMED_CULTIST_2","floor":59,"turns":9},{"damage":24,"enemies":"animator:LARGE_CUBE","floor":60,"turns":7},{"damage":56,"enemies":"animator:ULTIMATE_CUBE","floor":63,"turns":9}],"seed_played":"-2078183471212744066","potions_obtained":[{"floor":1.0,"key":"Block Potion"},{"floor":2.0,"key":"AttackPotion"},{"floor":5.0,"key":"GamblersBrew"},{"floor":24.0,"key":"SpeedPotion"},{"floor":28.0,"key":"Strength Potion"},{"floor":29.0,"key":"DistilledChaos"},{"floor":37.0,"key":"SkillPotion"},{"floor":42.0,"key":"Fire Potion"},{"floor":44.0,"key":"LiquidBronze"},{"floor":46.0,"key":"Dexterity Potion"},{"floor":48.0,"key":"Regen Potion"},{"floor":54.0,"key":"animator:FalseLifePotion"},{"floor":55.0,"key":"animator:FalseLifePotion"},{"floor":59,"key":"animator:FalseLifePotion"},{"floor":60,"key":"animator:FalseLifePotion"}],"is_trial":false,"path_per_floor":["M","M","T","?","M","R","M","E","T","E","?","?","R","M","R","B",null,"M","?","?","M","M","R","E","R","T","$","M","E","$","E","R","B",null,"M","?","M","?","?","E","R","E","T","M","M","E","R","M","R","B",null,"R","??","M","M","T","?","$","M","M","?","$","E"],"character_chosen":"THE_ANIMATOR","items_purchased":["animator:FielNirvalen","Happy Flower","animator:AncientMedallion","animator:Emilia"],"campfire_rested":0,"item_purchase_floors":[27,27,58,62],"current_hp_per_floor":[65,59,59,52,46,46,46,29,29,17,17,17,17,20,20,13,66,59,59,59,59,57,57,55,55,55,55,55,53,53,51,60,49,76,71,71,64,80,80,69,78,71,71,38,25,22,31,26,35,18,100,100,86,84,59,59,33,33,50,38,38,38,0,0],"gold":168,"neow_bonus":"HUNDRED_GOLD","is_daily":false,"chose_seed":false,"campfire_upgraded":9,"win_rate":0.0,"timestamp":1612512053,"path_taken":["M","?","?","?","M","R","M","E","T","E","?","?","R","?","R","BOSS","M","?","?","M","M","R","E","R","T","?","M","E","$","E","R","BOSS","M","?","M","?","?","E","R","E","T","M","M","E","R","M","R","BOSS","R","??","M","M","T","?","$","M","M","?","$","E"],"items_purchased_type":["Card","Relic","Relic","Card"],"build_version":"2020-12-22","purchased_purges":4,"victory":false,"max_hp_per_floor":[66,66,66,66,66,66,66,66,66,66,66,66,66,66,66,66,66,67,67,67,67,67,67,67,67,67,67,67,67,67,68,68,68,76,78,78,80,96,96,98,98,100,100,102,99,96,96,98,98,100,100,100,86,86,86,86,86,86,86,86,86,86,86,86],"card_choices":[{"not_picked":["animator:Shalltear","animator:LizardPriest"],"picked":"animator:KyokoSakura","floor":1.0},{"not_picked":["animator:Shalltear","animator:Shion","animator:Ara"],"picked":"SKIP","floor":2.0},{"not_picked":["animator:ShinjiMatou","animator:Priestess","animator:Ara"],"picked":"SKIP","floor":5.0},{"not_picked":["animator:DolaCouronne","animator:Jibril"],"picked":"animator:IzunaHatsuse","floor":7.0},{"not_picked":["animator:Chung","animator:CowGirl","animator:Mikaela"],"picked":"SKIP","floor":8.0},{"not_picked":["animator:DwarfShaman","animator:IzunaHatsuse"],"picked":"animator:Assassin","floor":10.0},{"not_picked":["animator:Souei","animator:SayakaMiki"],"picked":"animator:Ainz","floor":14.0},{"not_picked":["animator:DolaRiku","animator:Jibril"],"picked":"animator:ChlammyZell","floor":18.0},{"not_picked":["animator:ShinjiMatou","animator:YachiyoNanami"],"picked":"animator:Kaijin","floor":21.0},{"not_picked":["animator:HighElfArcher","animator:Elsword","animator:OrikoMikuni"],"picked":"SKIP","floor":22.0},{"not_picked":["animator:Ain","animator:Tyuule+1","animator:RinTohsaka"],"picked":"SKIP","floor":24.0},{"not_picked":["animator:Cocytus","animator:PandorasActor"],"picked":"animator:NarberalGamma","floor":28.0},{"not_picked":["animator:YachiyoNanami+1","animator:OrikoMikuni","animator:Caster"],"picked":"SKIP","floor":29.0},{"not_picked":["animator:HomuraAkemi","animator:Hakurou"],"picked":"animator:Benimaru","floor":31.0},{"not_picked":["animator:MadokaKaname","animator:FeridBathory"],"picked":"animator:Albedo","floor":33.0},{"not_picked":["animator:Spearman","animator:Hakurou+1","animator:OrikoMikuni"],"picked":"SKIP","floor":35.0},{"not_picked":["animator:LizardPriest+1","animator:IrohaTamaki"],"picked":"animator:Aisha+1","floor":38.0},{"not_picked":["animator:DolaRiku","animator:Tyuule","animator:DolaCouronne"],"picked":"SKIP","floor":40.0},{"not_picked":["animator:Archer+1","animator:Arpeggio"],"picked":"animator:Evileye","floor":42.0},{"not_picked":["animator:Bozes","animator:Hakurou+1","animator:Yoichi"],"picked":"SKIP","floor":44.0},{"not_picked":["animator:Shalltear","animator:Evileye"],"picked":"animator:Ainz","floor":45.0},{"not_picked":["animator:IzunaHatsuse+1","animator:Kuribayashi"],"picked":"animator:Caster+1","floor":46.0},{"not_picked":["animator:Kaijin+1","animator:PandorasActor","animator:HiiragiShinya"],"picked":"SKIP","floor":48.0},{"not_picked":["animator:YachiyoNanami+1","animator:IzunaHatsuse","animator:Kuribayashi"],"picked":"SKIP","floor":54.0},{"not_picked":["animator:Kyubey","animator:SuzuneAmano"],"picked":"animator:SayakaMiki+1","floor":59},{"not_picked":["animator:Elsword","animator:Mikaela","animator:Cocytus"],"picked":"SKIP","floor":60},{"not_picked":["animator:SwordMaiden+1","animator:ItamiYouji+1"],"picked":"animator:Eve+1","floor":61}],"player_experience":12968,"relics_obtained":[{"floor":3.0,"key":"PreservedInsect"},{"floor":8.0,"key":"Mummified Hand"},{"floor":10.0,"key":"Torii"},{"floor":24.0,"key":"animator:HeavyHalberd"},{"floor":26.0,"key":"animator:AlchemistGlove"},{"floor":29.0,"key":"StoneCalendar"},{"floor":31.0,"key":"Eternal Feather"},{"floor":38.0,"key":"Mango"},{"floor":40.0,"key":"Ornamental Fan"},{"floor":42.0,"key":"Ancient Tea Set"},{"floor":43.0,"key":"animator:Buoy"},{"floor":46.0,"key":"Nunchaku"},{"floor":53.0,"key":"animator:TheWolleyCore"},{"floor":56.0,"key":"animator:AncientMedallion"}],"event_choices":[{"cards_removed":["animator:Strike"],"damage_healed":0.0,"max_hp_gain":0.0,"max_hp_loss":0.0,"gold_gain":0.0,"event_name":"Golden Wing","player_choice":"Card Removal","floor":4.0,"gold_loss":0.0,"damage_taken":7.0},{"damage_healed":0.0,"max_hp_gain":0.0,"max_hp_loss":0.0,"gold_gain":0.0,"event_name":"Liars Game","player_choice":"Ignored","floor":11.0,"gold_loss":0.0,"damage_taken":0.0},{"damage_healed":0.0,"max_hp_gain":0.0,"max_hp_loss":0.0,"gold_gain":0.0,"cards_transformed":["animator:Strike"],"event_name":"Living Wall","player_choice":"Change","floor":12.0,"gold_loss":0.0,"damage_taken":0.0,"cards_obtained":["animator:Vesta"]},{"cards_removed":["animator:Strike"],"damage_healed":0.0,"max_hp_gain":0.0,"max_hp_loss":0.0,"gold_gain":0.0,"event_name":"Back to Basics","player_choice":"Elegance","floor":19.0,"gold_loss":0.0,"damage_taken":0.0},{"damage_healed":0.0,"max_hp_gain":0.0,"max_hp_loss":0.0,"gold_gain":0.0,"event_name":"Cursed Tome","player_choice":"Ignored","floor":20.0,"gold_loss":0.0,"damage_taken":0.0},{"cards_removed":["animator:FielNirvalen"],"damage_healed":0.0,"max_hp_gain":0.0,"max_hp_loss":0.0,"gold_gain":0.0,"event_name":"Falling","player_choice":"Removed Power","floor":36.0,"gold_loss":0.0,"damage_taken":0.0},{"damage_healed":0.0,"max_hp_gain":0.0,"max_hp_loss":0.0,"gold_gain":0.0,"event_name":"MindBloom","player_choice":"Fight","floor":38.0,"gold_loss":0.0,"damage_taken":0.0},{"damage_healed":0.0,"max_hp_gain":0.0,"max_hp_loss":0.0,"gold_gain":0.0,"event_name":"Tomb of Lord Red Mask","player_choice":"Ignored","floor":39.0,"gold_loss":0.0,"damage_taken":0.0}],"is_beta":false,"boss_relics":[{"not_picked":["Black Star","Velvet Choker"],"picked":"Coffee Dripper"},{"not_picked":["Mark of Pain","SacredBark"],"picked":"animator:HolyGrailRelic"}],"items_purged_floors":[27,30,58,62],"is_endless":false,"potions_floor_spawned":[1,2,5,24,28,29,37,42,44,46,48,55],"killed_by":"animator:ULTIMATE_CUBE","ascension_level":1}}