{"host":"8is2j71l4wmybkoi","time":1612504275,"event":{"mods":["AchievementEnabler","BaseMod","Colored Map","Minty Spire (QoL Compilation)","Rare Cards Sparkle","StSLib","SuperFastMode"],"gold_per_floor":[15,15,27,45,45,45,73,73,73,100,116,131,131,144,144,219,219,232,9,23,23,39,39,65,76,76,104,119,145,157,184,196,285,297,327,339,376,443,469,513,525,525],"floor_reached":41,"language":"KOR","playtime":1613,"items_purged":["Strike_B"],"score":950,"play_id":"9e46b0bf-bf2b-48ea-867f-dd14b3754dd4","local_time":"20210205145115","is_ascension_mode":true,"campfire_choices":[{"data":"Zap","floor":6.0,"key":"SMITH"},{"data":"Fusion","floor":8.0,"key":"SMITH"},{"data":"Tempest","floor":13.0,"key":"SMITH"},{"data":"Dualcast","floor":15.0,"key":"SMITH"},{"data":"Turbo","floor":23.0,"key":"SMITH"},{"data":"Double Energy","floor":30.0,"key":"SMITH"},{"floor":32.0,"key":"REST"}],"circlet_count":0,"master_deck":["AscendersBane","Strike_B","Strike_B","Defend_B","Defend_B","Defend_B","Defend_B","Zap+1","Dualcast+1","Electrodynamics","Rebound","Tempest+1","Gash","Fusion+1","Conserve Battery","Seek","Glacier","Echo Form","Chill","Turbo+1","Echo Form","Coolheaded","Ball Lightning","Parasite","Core Surge","Double Energy+1","Compile Driver+1","Thunder Strike","Defragment","Conserve Battery+1","Force Field"],"relics":["Cracked Core","Thread and Needle","Singing Bowl","Potion Belt","Cursed Key","Letter Opener","Pen Nib","MawBank","Black Star","Calipers","Turnip","Ornamental Fan","Centennial Puzzle"],"acts_visited":["Exordium","TheCity","TheBeyond"],"potions_floor_usage":[38,40],"damage_taken":[{"damage":0.0,"enemies":"Small Slimes","floor":1.0,"turns":2.0},{"damage":7.0,"enemies":"Jaw Worm","floor":3.0,"turns":3.0},{"damage":1.0,"enemies":"Cultist","floor":4.0,"turns":3.0},{"damage":20.0,"enemies":"3 Sentries","floor":7.0,"turns":5.0},{"damage":0.0,"enemies":"Gremlin Nob","floor":10.0,"turns":2.0},{"damage":0.0,"enemies":"Red Slaver","floor":11.0,"turns":3.0},{"damage":0.0,"enemies":"Large Slime","floor":12.0,"turns":3.0},{"damage":1.0,"enemies":"2 Fungi Beasts","floor":14.0,"turns":3.0},{"damage":16.0,"enemies":"The Guardian","floor":16.0,"turns":16.0},{"damage":1.0,"enemies":"3 Byrds","floor":18.0,"turns":4.0},{"damage":4.0,"enemies":"2 Thieves","floor":20.0,"turns":3.0},{"damage":2.0,"enemies":"Centurion and Healer","floor":22.0,"turns":3.0},{"damage":10.0,"enemies":"Slavers","floor":24.0,"turns":3.0},{"damage":1.0,"enemies":"Snake Plant","floor":25.0,"turns":4.0},{"damage":0.0,"enemies":"Gremlin Leader","floor":27.0,"turns":5.0},{"damage":2.0,"enemies":"Chosen and Byrds","floor":28.0,"turns":4.0},{"damage":23.0,"enemies":"Slavers","floor":29.0,"turns":3.0},{"damage":12.0,"enemies":"Cultist and Chosen","floor":31.0,"turns":6.0},{"damage":25.0,"enemies":"Automaton","floor":33.0,"turns":5.0},{"damage":7.0,"enemies":"3 Shapes","floor":35.0,"turns":4.0},{"damage":0.0,"enemies":"Mind Bloom Boss Battle","floor":37.0,"turns":5.0},{"damage":34,"enemies":"2 Orb Walkers","floor":38,"turns":4},{"damage":4,"enemies":"Orb Walker","floor":39,"turns":4},{"damage":7,"enemies":"Giant Head","floor":40,"turns":7},{"damage":18,"enemies":"Spire Growth","floor":41,"turns":4}],"seed_played":"1198120984344012623","potions_obtained":[{"floor":3.0,"key":"LiquidMemories"},{"floor":7.0,"key":"Fire Potion"},{"floor":12.0,"key":"PowerPotion"},{"floor":24.0,"key":"ColorlessPotion"},{"floor":25.0,"key":"Block Potion"},{"floor":28.0,"key":"Block Potion"},{"floor":31.0,"key":"FocusPotion"},{"floor":37,"key":"Block Potion"},{"floor":39,"key":"EssenceOfSteel"}],"is_trial":false,"path_per_floor":["M","?","M","M","?","R","E","R","T","E","M","M","R","M","R","B",null,"M","$","M","?","M","R","E","M","T","E","M","E","R","M","R","B",null,"M","T","?","?","M","E","M"],"character_chosen":"DEFECT","items_purchased":["Turbo","SkillPotion","AttackPotion"],"campfire_rested":1,"item_purchase_floors":[19,19,19],"current_hp_per_floor":[64,64,57,56,56,56,36,36,36,36,38,38,38,37,37,21,60,59,59,57,57,55,55,45,46,46,46,46,23,23,11,34,9,62,55,55,55,23,21,14,0,0],"gold":525,"neow_bonus":"THREE_RARE_CARDS","is_daily":false,"chose_seed":false,"campfire_upgraded":6,"win_rate":0.0,"timestamp":1612504275,"path_taken":["M","?","M","M","?","R","E","R","T","E","M","M","R","M","R","BOSS","M","$","M","?","M","R","E","?","T","E","M","E","R","M","R","BOSS","M","?","?","?","M","E","M"],"items_purchased_type":["Card","Potion","Potion"],"build_version":"2020-12-22","purchased_purges":1,"victory":false,"max_hp_per_floor":[71,71,71,71,71,71,71,71,71,71,73,73,73,73,73,73,73,73,73,75,75,75,75,75,77,77,77,79,79,79,79,79,79,79,79,79,79,81,83,83,83,83],"card_choices":[{"not_picked":["Biased Cognition","Multi-Cast"],"picked":"Electrodynamics","floor":0.0},{"not_picked":["Coolheaded","Leap"],"picked":"Rebound","floor":1.0},{"not_picked":["Scrape","Heatsinks"],"picked":"Tempest","floor":3.0},{"not_picked":["Steam","Compile Driver"],"picked":"Gash","floor":4.0},{"not_picked":["Skim","Beam Cell"],"picked":"Fusion","floor":7.0},{"not_picked":["Gash","Sweeping Beam"],"picked":"Conserve Battery","floor":10.0},{"not_picked":["Steam","Blizzard","Compile Driver"],"picked":"Singing Bowl","floor":11.0},{"not_picked":["BootSequence","Coolheaded"],"picked":"Seek","floor":12.0},{"not_picked":["Self Repair","Static Discharge"],"picked":"Glacier","floor":14.0},{"not_picked":["Amplify","Multi-Cast"],"picked":"Echo Form","floor":16.0},{"not_picked":["Sunder","Go for the Eyes"],"picked":"Chill","floor":18.0},{"not_picked":["Storm+1","Tempest","Darkness"],"picked":"Singing Bowl","floor":20.0},{"not_picked":["Loop","Barrage"],"picked":"Coolheaded","floor":22.0},{"not_picked":["Melter","Echo Form"],"picked":"Ball Lightning","floor":24.0},{"not_picked":["Ball Lightning","Beam Cell","Leap"],"picked":"Singing Bowl","floor":25.0},{"not_picked":["Leap+1","Chill"],"picked":"Core Surge","floor":27.0},{"not_picked":["Streamline","Steam Power","Sunder"],"picked":"Singing Bowl","floor":28.0},{"not_picked":["Hologram","Turbo"],"picked":"Double Energy","floor":29.0},{"not_picked":["Streamline","Reprogram"],"picked":"Compile Driver+1","floor":31.0},{"not_picked":["All For One","Reboot"],"picked":"Thunder Strike","floor":33.0},{"not_picked":["Go for the Eyes","Force Field"],"picked":"Defragment","floor":35.0},{"not_picked":["Compile Driver","Stack"],"picked":"Conserve Battery+1","floor":37},{"not_picked":["Beam Cell","Redo","Sunder"],"picked":"Singing Bowl","floor":38},{"not_picked":["Echo Form","Static Discharge","Conserve Battery+1"],"picked":"Singing Bowl","floor":39},{"not_picked":["Chill","Go for the Eyes"],"picked":"Force Field","floor":40}],"player_experience":974424,"relics_obtained":[{"floor":7.0,"key":"Thread and Needle"},{"floor":9.0,"key":"Singing Bowl"},{"floor":10.0,"key":"Potion Belt"},{"floor":24.0,"key":"Letter Opener"},{"floor":27.0,"key":"Pen Nib"},{"floor":29.0,"key":"MawBank"},{"floor":37,"key":"Calipers"},{"floor":38,"key":"Turnip"},{"floor":40,"key":"Ornamental Fan"},{"floor":40,"key":"Centennial Puzzle"}],"event_choices":[{"cards_removed":["Strike_B"],"damage_healed":0.0,"max_hp_gain":0.0,"max_hp_loss":0.0,"gold_gain":0.0,"event_name":"Living Wall","player_choice":"Forget","floor":2.0,"gold_loss":0.0,"damage_taken":0.0},{"damage_healed":0.0,"max_hp_gain":0.0,"max_hp_loss":0.0,"gold_gain":0.0,"event_name":"Liars Game","player_choice":"Ignored","floor":5.0,"gold_loss":0.0,"damage_taken":0.0},{"damage_healed":0.0,"max_hp_gain":0.0,"max_hp_loss":0.0,"gold_gain":0.0,"event_name":"Duplicator","player_choice":"Copied","floor":21.0,"gold_loss":0.0,"damage_taken":0.0,"cards_obtained":["Echo Form"]},{"damage_healed":0.0,"max_hp_gain":0.0,"max_hp_loss":0.0,"gold_gain":0.0,"event_name":"MindBloom","player_choice":"Fight","floor":37.0,"gold_loss":0.0,"damage_taken":0.0},{"damage_healed":0,"gold_gain":0,"player_choice":"Fight","damage_taken":0,"max_hp_gain":0,"max_hp_loss":0,"event_name":"Mysterious Sphere","floor":38,"gold_loss":0}],"is_beta":false,"boss_relics":[{"not_picked":["SlaversCollar","Coffee Dripper"],"picked":"Cursed Key"},{"not_picked":["Nuclear Battery","SacredBark"],"picked":"Black Star"}],"items_purged_floors":[19],"is_endless":false,"potions_floor_spawned":[3,7,12,24,25,28,31,37,39],"killed_by":"Spire Growth","ascension_level":15}}