{"host":"6p0attdrtjqaih7v","time":1612502412,"event":{"mods":["2.2 Compatiblity","AchievementEnabler","Bard","BaseMod","Better Skull","Better Third Choice","Colored Powertips","Hermit","Highlight Path","Key Reminder","Minty Spire (QoL Compilation)","Permanent Neow","Quick Restart","Random Character Button","Relic Stats","Reliquary","Replay The Spire","Robot Space Explorer","StSLib","The Witch"],"gold_per_floor":[368,383,402,16,34,62,72,89,158,172,200,259,270,297,297,371,371,388,388,400,400,418,418,436,436,515,515,515,515],"floor_reached":28,"language":"ENG","playtime":1457,"items_purged":["Strike_G"],"score":488,"play_id":"08907907-287d-4290-873b-6b203191078a","local_time":"20210205002012","is_ascension_mode":true,"campfire_choices":[{"data":"Poison Darts","floor":15,"key":"SMITH"},{"data":"Well Laid Plans","floor":15,"key":"SMITH"},{"data":"Noxious Fumes","floor":23,"key":"SMITH"},{"data":"Neutralize","floor":23,"key":"SMITH"},{"data":"Crippling Poison","floor":25,"key":"SMITH"},{"data":"Dagger Spray","floor":25,"key":"SMITH"},{"data":"Die Die Die","floor":27,"key":"SMITH"},{"data":"Good Instincts","floor":27,"key":"SMITH"}],"circlet_count":0,"master_deck":["AscendersBane","Strike_G","Strike_G","Defend_G","Defend_G","Defend_G","Defend_G","Survivor","Neutralize+1","Blade Dance","Dagger Spray+1","Quick Slash","Good Instincts+1","Poison Darts+1","Noxious Fumes+1","Masterful Stab","Well Laid Plans+1","Die Die Die+1","Blur","Dash","ReplayTheSpireMod:Necrosis","Reflex+1","Riddle With Holes+1","Deflect+1","Flying Knee","Dagger Throw+1","Crippling Poison+1"],"relics":["Ring of the Snake","ClockworkSouvenir","TungstenRod","Meat on the Bone","reliquary:ExpiredCoupon","Replay:Arrowhead","reliquary:TuningFork","Astrolabe","Replay:WaspNest"],"acts_visited":["Exordium","TheCity"],"potions_floor_usage":[6,6,11,14,16,24,28],"damage_taken":[{"damage":5,"enemies":"Small Slimes","floor":1,"turns":4},{"damage":2,"enemies":"Jaw Worm","floor":2,"turns":4},{"damage":3,"enemies":"2 Louse","floor":3,"turns":2},{"damage":1,"enemies":"Looter","floor":5,"turns":3},{"damage":17,"enemies":"3 Sentries","floor":6,"turns":7},{"damage":8,"enemies":"Gremlin Gang","floor":7,"turns":4},{"damage":0,"enemies":"3 Louse","floor":8,"turns":3},{"damage":0,"enemies":"2 Fungi Beasts","floor":10,"turns":2},{"damage":7,"enemies":"Gremlin Nob","floor":11,"turns":3},{"damage":22,"enemies":"Gremlin Nob","floor":12,"turns":4},{"damage":0,"enemies":"Red Slaver","floor":13,"turns":4},{"damage":8,"enemies":"Lagavulin","floor":14,"turns":7},{"damage":28,"enemies":"Slime Boss","floor":16,"turns":10},{"damage":0,"enemies":"Spheric Guardian","floor":18,"turns":6},{"damage":30,"enemies":"2 Thieves","floor":20,"turns":3},{"damage":30,"enemies":"Cultist and Chosen","floor":22,"turns":5},{"damage":12,"enemies":"Centurion and Healer","floor":24,"turns":7},{"damage":22,"enemies":"Sentry and Sphere","floor":28,"turns":5}],"seed_played":"1163641750825731038","potions_obtained":[{"floor":2,"key":"Death Potion"},{"floor":8,"key":"Cursed Concoction"},{"floor":10,"key":"SpeedPotion"},{"floor":11,"key":"SpeedPotion"},{"floor":13,"key":"BlessingOfTheForge"},{"floor":14,"key":"Elixir"},{"floor":20,"key":"Strength Potion"},{"floor":24,"key":"AttackPotion"}],"is_trial":false,"path_per_floor":["M","M","M","$","M","E","M","M","T","M","E","?","M","E","R","B",null,"M","?","M","?","M","R","M","R","T","R","M"],"character_chosen":"THE_SILENT","items_purchased":["Good Instincts","ClockworkSouvenir","Fire Potion"],"campfire_rested":0,"item_purchase_floors":[4,4,4],"current_hp_per_floor":[54,52,49,49,48,31,23,23,23,35,40,30,42,34,34,18,50,50,50,32,32,14,14,14,14,14,14,0,0],"gold":515,"neow_bonus":"TWO_FIFTY_GOLD","is_daily":false,"chose_seed":false,"campfire_upgraded":8,"win_rate":0.0,"timestamp":1612502412,"path_taken":["M","M","M","$","M","E","M","M","T","M","E","?","M","E","R","BOSS","M","?","M","?","M","R","M","R","T","R","M"],"items_purchased_type":["Card","Relic","Potion"],"build_version":"2020-12-22","purchased_purges":1,"victory":false,"max_hp_per_floor":[60,60,60,60,60,60,60,60,60,60,60,60,60,60,60,60,60,60,60,60,60,60,60,60,60,60,60,60,60],"relic_stats":{"counters":[18,83],"Astrolabe":["Reflex","Riddle With Holes","Deflect"],"obtain_stats":[{"reliquary:ExpiredCoupon":11,"Astrolabe":17,"Replay:WaspNest":26,"reliquary:TuningFork":14,"TungstenRod":6,"Replay:Arrowhead":12,"Ring of the Snake":0,"ClockworkSouvenir":4,"Meat on the Bone":9},{"reliquary:ExpiredCoupon":9,"Astrolabe":13,"Replay:WaspNest":17,"reliquary:TuningFork":12,"TungstenRod":5,"Replay:Arrowhead":10,"Ring of the Snake":0,"ClockworkSouvenir":3,"Meat on the Bone":7},{"reliquary:ExpiredCoupon":32,"Astrolabe":57,"Replay:WaspNest":78,"reliquary:TuningFork":47,"TungstenRod":20,"Replay:Arrowhead":36,"Ring of the Snake":0,"ClockworkSouvenir":10,"Meat on the Bone":27}],"TungstenRod":24,"Ring of the Snake":[36],"Meat on the Bone":96},"card_choices":[{"not_picked":["Quick Slash","Deflect"],"picked":"Blade Dance","floor":1},{"not_picked":["Bane","Unload"],"picked":"Dagger Spray","floor":2},{"not_picked":["Tactician","Poisoned Stab"],"picked":"Quick Slash","floor":3},{"not_picked":["Slice","Sucker Punch"],"picked":"Poison Darts","floor":5},{"not_picked":["Slice","Prepared"],"picked":"Noxious Fumes","floor":6},{"not_picked":["Noxious Fumes","Masterful Stab","PiercingWail"],"picked":"SKIP","floor":7},{"not_picked":["Dodge and Roll","PiercingWail"],"picked":"Masterful Stab","floor":8},{"not_picked":["Distraction","Deflect"],"picked":"Well Laid Plans","floor":10},{"not_picked":["Masterful Stab","Poison Darts"],"picked":"Die Die Die","floor":11},{"not_picked":["Masterful Stab","Backflip"],"picked":"Blur","floor":13},{"not_picked":["Backstab","Quick Slash"],"picked":"Dash","floor":14},{"not_picked":["Grand Finale","Storm of Steel"],"picked":"ReplayTheSpireMod:Necrosis","floor":16},{"not_picked":["Bane","Terror"],"picked":"Flying Knee","floor":18},{"not_picked":["Flying Knee+1","Endless Agony"],"picked":"Dagger Throw+1","floor":20},{"not_picked":["Underhanded Strike","Dagger Spray","Endless Agony"],"picked":"SKIP","floor":22},{"not_picked":["Deflect","Cloak And Dagger"],"picked":"Crippling Poison","floor":24}],"player_experience":1003058,"relics_obtained":[{"floor":6,"key":"TungstenRod"},{"floor":9,"key":"Meat on the Bone"},{"floor":11,"key":"reliquary:ExpiredCoupon"},{"floor":12,"key":"Replay:Arrowhead"},{"floor":14,"key":"reliquary:TuningFork"},{"floor":26,"key":"Replay:WaspNest"}],"event_choices":[{"damage_healed":0,"gold_gain":0,"player_choice":"Searched \u00272\u0027 times","damage_taken":0,"max_hp_gain":0,"max_hp_loss":0,"event_name":"Dead Adventurer","floor":12,"gold_loss":0}],"is_beta":false,"boss_relics":[{"not_picked":["Pandora\u0027s Box","Tiny House"],"picked":"Astrolabe"}],"items_purged_floors":[4],"is_endless":false,"potions_floor_spawned":[2,8,10,11,13,14,20,24],"killed_by":"Sentry and Sphere","ascension_level":20}}