{"host":"sc0o2qwpf9j16a4i","time":1612524909,"event":{"mods":["AchievementEnabler","BaseMod","BetterRewards","Block Reminder","Colored Map","Colored Powertips","Custom Start","Highlight Path","Minty Spire (QoL Compilation)","Relic Stats"],"gold_per_floor":[109,122,139,139,414,442,452,481,531,531,551,582,582,608,608,706,706,723,752,752,763,763,795,795,827,827,827,827,827],"floor_reached":28,"language":"ENG","playtime":1100,"items_purged":[],"score":359,"play_id":"4640ee7e-da8d-4ee0-b553-ae9a417605fc","local_time":"20210205133509","daily_mods":["SealedDeck","Purple Cards","Elite Swarm"],"is_ascension_mode":false,"campfire_choices":[{"data":"Feed","floor":10,"key":"SMITH"},{"data":"Scrawl","floor":15,"key":"SMITH"},{"floor":24,"key":"REST"}],"circlet_count":0,"master_deck":["Evaluate","Carnage","Iron Wave","CrushJoints","FollowUp","BowlingBash","Shockwave","Pommel Strike","Shockwave","Twin Strike","FearNoEvil","Protect","CutThroughFate","Regret","Bludgeon","TalkToTheHand","Feed+1","Evolve","Scrawl+1","Immolate","Barricade+1","Inflame+1","True Grit","Wireheading+1","Wish","Impervious"],"relics":["Burning Blood","TungstenRod","White Beast Statue","MealTicket","Smiling Mask","Calipers","Frozen Egg 2","Question Card","Runic Pyramid","Red Mask","Omamori","Dead Branch","Matryoshka","Art of War","Ancient Tea Set"],"acts_visited":["Exordium","TheCity"],"potions_floor_usage":[11,14,19,25,25,25],"damage_taken":[{"damage":0,"enemies":"Cultist","floor":1,"turns":2},{"damage":0,"enemies":"2 Louse","floor":2,"turns":1},{"damage":5,"enemies":"Jaw Worm","floor":3,"turns":2},{"damage":15,"enemies":"Lagavulin","floor":6,"turns":5},{"damage":10,"enemies":"Large Slime","floor":7,"turns":3},{"damage":5,"enemies":"Gremlin Nob","floor":8,"turns":3},{"damage":0,"enemies":"3 Louse","floor":11,"turns":2},{"damage":4,"enemies":"Lagavulin","floor":12,"turns":7},{"damage":7,"enemies":"3 Sentries","floor":14,"turns":5},{"damage":9,"enemies":"Slime Boss","floor":16,"turns":7},{"damage":9,"enemies":"Shell Parasite","floor":18,"turns":5},{"damage":0,"enemies":"Masked Bandits","floor":19,"turns":2},{"damage":5,"enemies":"Chosen","floor":21,"turns":5},{"damage":68,"enemies":"Gremlin Leader","floor":23,"turns":9},{"damage":15,"enemies":"Book of Stabbing","floor":25,"turns":6},{"damage":0,"enemies":"Slavers","floor":28,"turns":1}],"seed_played":"7915365644410403790","potions_obtained":[{"floor":6,"key":"Fire Potion"},{"floor":7,"key":"SneckoOil"},{"floor":8,"key":"Ancient Potion"},{"floor":11,"key":"FearPotion"},{"floor":14,"key":"Dexterity Potion"},{"floor":19,"key":"PowerPotion"},{"floor":21,"key":"ElixirPotion"},{"floor":23,"key":"LiquidMemories"},{"floor":25,"key":"SteroidPotion"}],"is_trial":true,"path_per_floor":["M","M","M","?","?","E","M","E","T","R","M","E","T","E","R","B",null,"M","?","?","M","?","E","R","E","T","T","E"],"character_chosen":"IRONCLAD","items_purchased":[],"campfire_rested":1,"item_purchase_floors":[],"current_hp_per_floor":[80,80,80,62,62,53,49,50,50,50,60,66,66,69,69,70,96,97,104,104,108,87,29,64,59,59,59,59,59],"gold":827,"neow_bonus":"","is_daily":false,"chose_seed":false,"campfire_upgraded":2,"win_rate":0.0,"timestamp":1612524909,"path_taken":["M","M","?","?","?","E","M","E","T","R","?","E","?","E","R","BOSS","M","?","?","M","?","E","R","E","T","?","E"],"items_purchased_type":[],"build_version":"2020-12-22","purchased_purges":0,"victory":false,"max_hp_per_floor":[80,80,80,80,80,80,80,80,80,80,84,88,88,92,92,96,96,100,104,104,108,113,117,117,121,121,121,121,121],"relic_stats":{"counters":[16,65],"Dead Branch":[0],"MealTicket":0,"Art of War":[0],"Smiling Mask":0,"Question Card":6,"obtain_stats":[{"Calipers":12,"Dead Branch":25,"Omamori":23,"Frozen Egg 2":13,"Smiling Mask":9,"Question Card":14,"Ancient Tea Set":27,"Burning Blood":0,"White Beast Statue":6,"Matryoshka":26,"MealTicket":8,"Red Mask":19,"Art of War":27,"TungstenRod":4,"Runic Pyramid":17},{"Calipers":8,"Dead Branch":15,"Omamori":14,"Frozen Egg 2":8,"Smiling Mask":6,"Question Card":9,"Ancient Tea Set":15,"Burning Blood":0,"White Beast Statue":4,"Matryoshka":15,"MealTicket":6,"Red Mask":12,"Art of War":15,"TungstenRod":3,"Runic Pyramid":10},{"Calipers":25,"Dead Branch":64,"Omamori":58,"Frozen Egg 2":25,"Smiling Mask":16,"Question Card":30,"Ancient Tea Set":64,"Burning Blood":0,"White Beast Statue":10,"Matryoshka":64,"MealTicket":16,"Red Mask":44,"Art of War":64,"TungstenRod":5,"Runic Pyramid":37}],"Burning Blood":73,"TungstenRod":33},"card_choices":[{"not_picked":["Power Through","Heavy Blade"],"picked":"FearNoEvil","floor":1},{"not_picked":["Anger","Swivel"],"picked":"Protect","floor":2},{"not_picked":["JustLucky","True Grit"],"picked":"CutThroughFate","floor":3},{"not_picked":["Double Tap","ConjureBlade"],"picked":"Bludgeon","floor":6},{"not_picked":["EmptyFist","CarveReality"],"picked":"TalkToTheHand","floor":7},{"not_picked":["Limit Break","Fiend Fire"],"picked":"Feed","floor":8},{"not_picked":["Pray","Anger"],"picked":"Evolve","floor":11},{"not_picked":["Corruption","Demon Form"],"picked":"Scrawl","floor":12},{"not_picked":["Devotion+1","ConjureBlade"],"picked":"Immolate","floor":14},{"not_picked":["Limit Break","Double Tap","Judgement"],"picked":"Barricade+1","floor":16},{"not_picked":["Sword Boomerang","Wild Strike","ClearTheMind"],"picked":"Inflame+1","floor":18},{"not_picked":["Pray+1","ThirdEye+1","Consecrate"],"picked":"Wireheading+1","floor":21},{"not_picked":["MasterReality+1","Judgement","Omniscience"],"picked":"Wish","floor":23},{"not_picked":["Immolate","Reaper","Exhume"],"picked":"Impervious","floor":25}],"player_experience":1190891,"relics_obtained":[{"floor":6,"key":"White Beast Statue"},{"floor":8,"key":"MealTicket"},{"floor":9,"key":"Smiling Mask"},{"floor":12,"key":"Calipers"},{"floor":13,"key":"Frozen Egg 2"},{"floor":14,"key":"Question Card"},{"floor":19,"key":"Red Mask"},{"floor":23,"key":"Omamori"},{"floor":25,"key":"Dead Branch"},{"floor":26,"key":"Matryoshka"},{"floor":27,"key":"Art of War"},{"floor":27,"key":"Ancient Tea Set"}],"event_choices":[{"damage_healed":0,"gold_gain":0,"player_choice":"Success","damage_taken":18,"relics_obtained":["TungstenRod"],"max_hp_gain":0,"max_hp_loss":0,"event_name":"Scrap Ooze","floor":4,"gold_loss":0},{"damage_healed":0,"gold_gain":275,"player_choice":"Desecrate","damage_taken":0,"max_hp_gain":0,"max_hp_loss":0,"event_name":"Golden Shrine","floor":5,"gold_loss":0,"cards_obtained":["Regret"]},{"damage_healed":0,"gold_gain":0,"player_choice":"Fought Bandits","damage_taken":0,"max_hp_gain":0,"max_hp_loss":0,"event_name":"Masked Bandits","floor":19,"gold_loss":0},{"damage_healed":0,"gold_gain":0,"player_choice":"Read","damage_taken":0,"max_hp_gain":0,"max_hp_loss":0,"event_name":"The Library","floor":20,"gold_loss":0,"cards_obtained":["True Grit"]},{"damage_healed":0,"gold_gain":0,"player_choice":"Shed Blood","damage_taken":27,"max_hp_gain":5,"max_hp_loss":0,"event_name":"Forgotten Altar","floor":22,"gold_loss":0}],"is_beta":false,"boss_relics":[{"not_picked":["Astrolabe","Busted Crown"],"picked":"Runic Pyramid"}],"items_purged_floors":[],"is_endless":false,"potions_floor_spawned":[6,7,8,11,12,14,16,18,19,21,23,25],"killed_by":"Slavers","ascension_level":0}}