{"host":"o5or1zybx7au40zl","time":1612547705,"event":{"mods":["Act Like it!","Aspiration","BaseMod","Better Third Choice","Conspire","Dota2Spire","GungeonMod","Halation","Hubris","Infinite Spire","Minty Spire (QoL Compilation)","Replay The Spire","Robot Space Explorer","StSLib","The Jungle","Yuri Mod"],"gold_per_floor":[13,25,25,44,44,44,67,111,111,30,68,93,93,106,106,229,229,249,262,277,277,277,311,311,311,380,405,421,421,421,442,442,568,568,583,602,602,617,414,414,435,435,435,474,490,490,513,513,513,513,513],"floor_reached":50,"language":"ENG","playtime":1084,"items_purged":[],"score":681,"play_id":"aea249a8-57f6-47ad-84f4-1a63b324a909","local_time":"20210205185505","is_ascension_mode":false,"campfire_choices":[{"floor":13,"key":"REST"},{"data":"Fire Breathing","floor":15,"key":"SMITH"},{"floor":24,"key":"REST"},{"data":"hubris:InfiniteBlow+15","floor":29,"key":"SMITH"},{"floor":32,"key":"DIG"},{"floor":40,"key":"DIG"},{"floor":42,"key":"DIG"},{"floor":46,"key":"DIG"},{"floor":49,"key":"DIG"}],"circlet_count":0,"master_deck":["Strike_R","Strike_R","Strike_R","Strike_R+1","Defend_R","Defend_R","Bash","Replay:Many Hands","Massacre","Carnage","Ghostly Armor","Injury","Injury","hubris:CleavingFinish+1","Double Tap","Fire Breathing+1","hubris:StunningStrike+1","Twin Strike+1","Twin Strike+1","Spreading Infection","Sickly","infinitespire:Punishment+1","Reckless Charge+1","hubris:InfiniteBlow+16","Iron Wave+1","Twin Strike+1","Writhe","Pommel Strike+1","Immolate+1","Clothesline+1","Replay:Undeath\u0027s Touch+1","Perfected Strike+1","Heavy Blade+1"],"relics":["Burning Blood","Golden Idol","Molten Egg 2","Du-Vu Doll","Snack Pack","infinitespire:Golems Mask","hubris:HollowSoul","DemoMod:MeltedRock","OrangePellets","Shovel","Another Sword","Ooze Armor","Sling","hubris:DisguiseKit","Dota2Spire:UrnOfShadows","infinitespire:Magic Flask","Chameleon Ring","Dota2Spire:Dagon","hubris:SlimyHat"],"acts_visited":["Exordium","Exordium","TheBeyond"],"potions_floor_usage":[8,16,23,35,50,50,50],"damage_taken":[{"damage":18,"enemies":"Jaw Worm","floor":1,"turns":3},{"damage":5,"enemies":"conspire:RoseBush","floor":2,"turns":2},{"damage":0,"enemies":"2 Louse","floor":4,"turns":2},{"damage":27,"enemies":"Exordium Thugs","floor":7,"turns":6},{"damage":31,"enemies":"Gremlin Nob","floor":8,"turns":4},{"damage":18,"enemies":"Replay:BlueRogue","floor":11,"turns":4},{"damage":16,"enemies":"Gremlin Gang","floor":12,"turns":4},{"damage":0,"enemies":"Exordium Wildlife","floor":14,"turns":3},{"damage":34,"enemies":"The Guardian","floor":16,"turns":8},{"damage":17,"enemies":"theJungle:MUSHROOMGANG","floor":18,"turns":5},{"damage":27,"enemies":"Shell Parasite","floor":19,"turns":6},{"damage":25,"enemies":"theJungle:Lyon","floor":20,"turns":4},{"damage":31,"enemies":"theJungle:2_Phrogs","floor":23,"turns":4},{"damage":0,"enemies":"Snake Plant","floor":27,"turns":1},{"damage":0,"enemies":"theJungle:JungleHuntersEncounter","floor":28,"turns":1},{"damage":0,"enemies":"theJungle:2_Snecko_Cultists","floor":31,"turns":2},{"damage":0,"enemies":"theJungle:QueenSpyder","floor":33,"turns":5},{"damage":10,"enemies":"3 Darklings","floor":35,"turns":3},{"damage":5,"enemies":"3 Shapes","floor":36,"turns":2},{"damage":11,"enemies":"3 Darklings","floor":38,"turns":3},{"damage":8,"enemies":"Spire Growth","floor":41,"turns":2},{"damage":8,"enemies":"Nemesis","floor":44,"turns":3},{"damage":23,"enemies":"Maw","floor":45,"turns":5},{"damage":17,"enemies":"4 Shapes","floor":47,"turns":2},{"damage":39,"enemies":"conspire:OrnateMirror","floor":50,"turns":1}],"seed_played":"6477614691685005549","potions_obtained":[{"floor":7,"key":"Strength Potion"},{"floor":8,"key":"Weak Potion"},{"floor":12,"key":"ElixirPotion"},{"floor":16,"key":"ColorlessPotion"},{"floor":20,"key":"Reflective Coating"},{"floor":23,"key":"Dota2Spire:Clarity"},{"floor":35,"key":"SpeedPotion"}],"is_trial":false,"path_per_floor":["M","M","?","M","?","?","M","E","T","$","E","M","R","M","R","B",null,"M","M","M","?","?","E","R","AVR","T","M","M","R","?","M","R","B",null,"M","M","?","M","$","R","M","R","T","E","M","R","M","?","R","B"],"character_chosen":"IRONCLAD","items_purchased":["Double Tap","Sling","Perfected Strike+1"],"campfire_rested":2,"item_purchase_floors":[10,39,39],"current_hp_per_floor":[68,69,69,75,75,75,54,29,29,29,19,13,37,45,45,17,80,69,50,33,33,44,25,49,49,49,57,65,65,65,71,71,80,80,78,80,72,71,71,71,73,73,73,73,64,64,55,55,55,0,0],"gold":513,"neow_bonus":"TRANSFORM_TWO_CARDS","is_daily":false,"chose_seed":false,"campfire_upgraded":2,"win_rate":0.0,"timestamp":1612547705,"path_taken":["M","M","?","M","?","?","M","E","T","?","E","M","R","?","R","BOSS","M","?","?","?","?","E","R","AVR","T","M","M","R","?","M","R","BOSS","M","M","?","M","$","R","?","R","T","E","M","R","M","?","R","BOSS"],"items_purchased_type":["Card","Relic","Card"],"build_version":"2020-12-22","purchased_purges":0,"victory":false,"max_hp_per_floor":[80,80,80,80,80,80,80,80,80,80,80,80,80,80,80,80,80,80,80,80,80,80,80,80,80,80,80,80,80,80,80,80,80,80,80,80,80,80,80,80,80,80,80,80,80,80,80,80,80,80,80],"card_choices":[{"not_picked":["Power Through","Perfected Strike"],"picked":"Carnage","floor":1},{"not_picked":["Run Through","Cleave"],"picked":"Ghostly Armor","floor":2},{"not_picked":["Wild Strike","Twin Strike","Warcry"],"picked":"SKIP","floor":4},{"not_picked":["Havoc","Twin Strike+1"],"picked":"hubris:CleavingFinish+1","floor":7},{"not_picked":["Abandon","Flex","Dark Embrace"],"picked":"SKIP","floor":8},{"not_picked":["Fire Breathing","Entrench","Shrug It Off"],"picked":"SKIP","floor":11},{"not_picked":["Entrench","Shrug It Off"],"picked":"Fire Breathing","floor":11},{"not_picked":["True Grit","Headbutt+1","Ghostly Armor"],"picked":"SKIP","floor":12},{"not_picked":["Clash+1","Demonic Infusion","Entrench"],"picked":"SKIP","floor":14},{"not_picked":["Double Tap","Fiend Fire+1"],"picked":"hubris:StunningStrike+1","floor":16},{"not_picked":["hubris:ReadiedAction","Warcry","True Grit"],"picked":"SKIP","floor":18},{"not_picked":["Warcry","Clash+1"],"picked":"Twin Strike+1","floor":19},{"not_picked":["Shrug It Off+1","Pommel Strike+1"],"picked":"Twin Strike+1","floor":20},{"not_picked":["hubris:Rewind","infinitespire:Starlight"],"picked":"infinitespire:Punishment","floor":21},{"not_picked":["Seeing Red","Thunderclap+1"],"picked":"Reckless Charge+1","floor":23},{"not_picked":["Run Through+1","Flex"],"picked":"Iron Wave+1","floor":27},{"not_picked":["Run Through+1","Armaments"],"picked":"Twin Strike+1","floor":28},{"not_picked":["Ghostly Armor","Feel No Pain"],"picked":"Pommel Strike+1","floor":31},{"not_picked":["conspire:HitWhereItHurts+1","Brutality"],"picked":"Immolate+1","floor":33},{"not_picked":["Second Wind","Headbutt+1"],"picked":"Clothesline+1","floor":35},{"not_picked":["Anger+1","ReplayTheSpireMod:Muscle Training","Run Through+1"],"picked":"SKIP","floor":36},{"not_picked":["Massacre+1","Barricade"],"picked":"Replay:Undeath\u0027s Touch+1","floor":38},{"not_picked":["Ghostly Armor","Burning Pact","Headbutt+1","Prostrate"],"picked":"SKIP","floor":41},{"not_picked":["Shrug It Off","Cleave+1","Clash+1","ClearTheMind"],"picked":"SKIP","floor":44},{"not_picked":["Cleave+1","Ghostly Armor+1","JustLucky"],"picked":"Heavy Blade+1","floor":45},{"not_picked":["conspire:Charge+1","Demonic Infusion","ReplayTheSpireMod:Corrosion Curse","CutThroughFate"],"picked":"SKIP","floor":47}],"player_experience":988406,"relics_obtained":[{"floor":8,"key":"Du-Vu Doll"},{"floor":9,"key":"Snack Pack"},{"floor":11,"key":"infinitespire:Golems Mask"},{"floor":23,"key":"DemoMod:MeltedRock"},{"floor":32,"key":"Another Sword"},{"floor":40,"key":"hubris:DisguiseKit"},{"floor":42,"key":"Dota2Spire:UrnOfShadows"},{"floor":43,"key":"infinitespire:Magic Flask"},{"floor":44,"key":"Chameleon Ring"},{"floor":46,"key":"Dota2Spire:Dagon"},{"floor":49,"key":"DemoMod:WeirdEgg"}],"event_choices":[{"damage_healed":0,"gold_gain":0,"player_choice":"Take Wound","damage_taken":0,"relics_obtained":["Golden Idol"],"max_hp_gain":0,"max_hp_loss":0,"event_name":"Golden Idol","floor":3,"gold_loss":0,"cards_obtained":["Injury"]},{"damage_healed":0,"gold_gain":0,"player_choice":"Damaged","damage_taken":8,"max_hp_gain":0,"max_hp_loss":0,"event_name":"Wheel of Change","floor":37,"gold_loss":0},{"cards_removed":["Defend_R"],"damage_healed":0,"gold_gain":0,"player_choice":"Purged","damage_taken":0,"max_hp_gain":0,"max_hp_loss":0,"event_name":"Purifier","floor":48,"gold_loss":0}],"is_beta":false,"boss_relics":[{"not_picked":["halation:PinkAlligatorPlush","Snecko Eye"],"picked":"hubris:HollowSoul"},{"not_picked":["Runic Pyramid","Empty Cage"],"picked":"Ooze Armor"}],"items_purged_floors":[],"is_endless":false,"potions_floor_spawned":[7,8,12,16,20,23,33,35,47],"killed_by":"conspire:OrnateMirror","ascension_level":0}}