{"host":"2wp95sdfrgw3k439","time":1612506430,"event":{"mods":["BaseMod","Better Altar","Better Skull","Better Third Choice","Curses Come First","Minty Spire (QoL Compilation)","Permanent Neow","StSLib"],"gold_per_floor":[114,128,128,93,93,93,122,134,134,134,59,75,89,123,123,218,218,232,232,232,232,244,269,279,279,302,55,67,67,98,118,118,216,216,234,247,247,547,561,561,37,37,37,50,77,88,88,108,108,108,108],"floor_reached":50,"language":"ENG","playtime":2081,"items_purged":["Prepared","Writhe"],"score":807,"play_id":"111d4580-4213-4f2b-b34b-99c8476bbc19","local_time":"20210204232710","is_ascension_mode":true,"campfire_choices":[{"data":"Sucker Punch","floor":6,"key":"SMITH"},{"floor":15,"key":"REST"},{"floor":29,"key":"REST"},{"floor":32,"key":"REST"},{"floor":40,"key":"REST"},{"floor":42,"key":"REST"},{"floor":47,"key":"REST"},{"floor":49,"key":"REST"}],"circlet_count":0,"master_deck":["Survivor","Neutralize+1","Malaise","Noxious Fumes","Heel Hook+1","Reflex","Acrobatics","Masterful Stab","Concentrate","Sucker Punch+1","Well Laid Plans","Quick Slash+1","Flying Knee+1","Infinite Blades","Leg Sweep","Terror","Corpse Explosion","Envenom","Crippling Poison+1","Footwork+1","Footwork+1","Adrenaline","Bane+1","After Image","Infinite Blades+1","Noxious Fumes","Accuracy","Expertise+1","Choke","Parasite","Escape Plan+1","After Image"],"relics":["Pandora\u0027s Box","Question Card","White Beast Statue","Potion Belt","Mummified Hand","Happy Flower","Sozu","Ornamental Fan","MutagenicStrength","Boot","Mango","Oddly Smooth Stone","DollysMirror","PreservedInsect","HoveringKite","Lantern","CaptainsWheel","Darkstone Periapt","Whetstone"],"acts_visited":["Exordium","TheCity","TheBeyond"],"potions_floor_usage":[13,14,16,22,23],"damage_taken":[{"damage":0,"enemies":"Cultist","floor":1,"turns":2},{"damage":0,"enemies":"Small Slimes","floor":2,"turns":2},{"damage":12,"enemies":"Gremlin Nob","floor":7,"turns":3},{"damage":0,"enemies":"2 Louse","floor":8,"turns":1},{"damage":0,"enemies":"Large Slime","floor":12,"turns":3},{"damage":0,"enemies":"Looter","floor":13,"turns":2},{"damage":4,"enemies":"Lagavulin","floor":14,"turns":4},{"damage":34,"enemies":"Slime Boss","floor":16,"turns":8},{"damage":0,"enemies":"Chosen","floor":18,"turns":3},{"damage":0,"enemies":"3 Byrds","floor":22,"turns":3},{"damage":11,"enemies":"Book of Stabbing","floor":23,"turns":5},{"damage":12,"enemies":"Centurion and Healer","floor":24,"turns":4},{"damage":16,"enemies":"Sentry and Sphere","floor":28,"turns":5},{"damage":15,"enemies":"Slavers","floor":30,"turns":3},{"damage":17,"enemies":"Cultist and Chosen","floor":31,"turns":4},{"damage":29,"enemies":"Collector","floor":33,"turns":5},{"damage":22,"enemies":"3 Darklings","floor":35,"turns":3},{"damage":14,"enemies":"Orb Walker","floor":36,"turns":3},{"damage":22,"enemies":"Spire Growth","floor":39,"turns":4},{"damage":11,"enemies":"Transient","floor":44,"turns":5},{"damage":23,"enemies":"Nemesis","floor":45,"turns":5},{"damage":22,"enemies":"Writhing Mass","floor":46,"turns":6},{"damage":16,"enemies":"Sphere and 2 Shapes","floor":48,"turns":4},{"damage":62,"enemies":"Time Eater","floor":50,"turns":4}],"seed_played":"636016434843485512","potions_obtained":[{"floor":1,"key":"LiquidBronze"},{"floor":12,"key":"CunningPotion"},{"floor":13,"key":"Strength Potion"},{"floor":14,"key":"Poison Potion"},{"floor":16,"key":"SkillPotion"}],"is_trial":false,"path_per_floor":["M","M","?","?","?","R","E","M","T","?","$","M","M","E","R","B",null,"M","?","?","?","M","E","M","?","T","$","M","R","E","M","R","B",null,"M","M","?","?","M","R","$","R","T","M","E","M","R","M","R","B"],"character_chosen":"THE_SILENT","items_purchased":["DollysMirror","Lantern","CaptainsWheel","Accuracy"],"campfire_rested":7,"item_purchase_floors":[27,41,41,41],"current_hp_per_floor":[63,63,49,66,71,71,59,59,59,35,35,35,35,31,53,19,61,61,61,61,61,61,50,38,52,52,52,36,62,47,30,56,27,74,52,38,38,38,16,42,42,68,68,57,34,18,46,30,58,0,0],"gold":108,"neow_bonus":"BOSS_RELIC","is_daily":false,"chose_seed":false,"campfire_upgraded":1,"win_rate":0.0,"timestamp":1612506430,"path_taken":["M","M","?","?","?","R","E","M","T","?","?","M","?","E","R","BOSS","M","?","?","?","M","E","?","?","T","$","?","R","E","M","R","BOSS","M","M","?","?","?","R","$","R","T","M","E","M","R","M","R","BOSS"],"items_purchased_type":["Relic","Relic","Relic","Card"],"build_version":"2020-12-22","purchased_purges":2,"victory":false,"max_hp_per_floor":[70,70,70,70,75,75,75,75,75,75,75,75,75,75,75,75,75,75,75,75,75,75,75,75,89,89,89,89,89,89,89,89,89,89,89,89,89,89,89,89,89,89,89,89,89,95,95,95,95,95,95],"card_choices":[{"not_picked":["Well Laid Plans","Bane"],"picked":"Quick Slash","floor":1},{"not_picked":["Dagger Spray","Escape Plan"],"picked":"Flying Knee","floor":2},{"not_picked":["Slice","Outmaneuver"],"picked":"Infinite Blades","floor":7},{"not_picked":["Riddle With Holes","Tactician","Heel Hook"],"picked":"Leg Sweep","floor":8},{"not_picked":["Choke","Caltrops","Eviscerate"],"picked":"Terror","floor":12},{"not_picked":["Quick Slash","Blade Dance","Sucker Punch","Dash"],"picked":"SKIP","floor":13},{"not_picked":["Dodge and Roll","Deflect","Slice"],"picked":"Corpse Explosion","floor":14},{"not_picked":["Glass Knife","Corpse Explosion","After Image"],"picked":"Envenom","floor":16},{"not_picked":["Blade Dance","All Out Attack","Deflect+1"],"picked":"Crippling Poison+1","floor":18},{"not_picked":["Heel Hook","Outmaneuver+1","Quick Slash"],"picked":"Footwork+1","floor":22},{"not_picked":["Footwork","Deflect","Deadly Poison+1","Escape Plan"],"picked":"SKIP","floor":23},{"not_picked":["Deadly Poison","Heel Hook","Acrobatics","Endless Agony"],"picked":"SKIP","floor":24},{"not_picked":["Cloak And Dagger","Dodge and Roll","Sucker Punch"],"picked":"Adrenaline","floor":28},{"not_picked":["Predator","Eviscerate","Poisoned Stab","Skewer"],"picked":"SKIP","floor":30},{"not_picked":["Masterful Stab","Heel Hook","Dagger Throw"],"picked":"Bane+1","floor":31},{"not_picked":["Envenom","Night Terror","Unload"],"picked":"After Image","floor":33},{"not_picked":["Sucker Punch","Setup+1","Deflect"],"picked":"Infinite Blades+1","floor":35},{"not_picked":["Reflex+1","Outmaneuver+1","Slice","Acrobatics"],"picked":"SKIP","floor":36},{"not_picked":["Masterful Stab+1","Dodge and Roll+1","Distraction"],"picked":"Noxious Fumes","floor":39},{"not_picked":["Skewer+1","Endless Agony+1","Dagger Throw+1"],"picked":"Expertise+1","floor":44},{"not_picked":["Quick Slash+1","Outmaneuver","Setup"],"picked":"Choke","floor":45},{"not_picked":["PiercingWail+1","Dodge and Roll","Poisoned Stab+1"],"picked":"Escape Plan+1","floor":46},{"not_picked":["Dagger Throw+1","Quick Slash+1","Poisoned Stab"],"picked":"After Image","floor":48}],"player_experience":548800,"relics_obtained":[{"floor":7,"key":"Question Card"},{"floor":9,"key":"White Beast Statue"},{"floor":14,"key":"Happy Flower"},{"floor":23,"key":"Boot"},{"floor":26,"key":"Oddly Smooth Stone"},{"floor":30,"key":"PreservedInsect"},{"floor":43,"key":"Darkstone Periapt"},{"floor":45,"key":"Whetstone"}],"event_choices":[{"damage_healed":63,"gold_gain":0,"player_choice":"Upgrade","damage_taken":14,"max_hp_gain":0,"max_hp_loss":70,"event_name":"betterThird:BetterShining","floor":3,"gold_loss":0,"cards_upgraded":["Neutralize","Heel Hook"]},{"damage_healed":17,"gold_gain":0,"player_choice":"Healed","damage_taken":0,"max_hp_gain":0,"max_hp_loss":0,"event_name":"The Cleric","floor":4,"gold_loss":35},{"damage_healed":0,"gold_gain":0,"player_choice":"Donut","damage_taken":0,"max_hp_gain":5,"max_hp_loss":0,"event_name":"Big Fish","floor":5,"gold_loss":0},{"damage_healed":0,"gold_gain":1,"player_choice":"Relic Relic ","damage_taken":24,"max_hp_gain":0,"max_hp_loss":0,"event_name":"betterThird:BetterScrap","floor":10,"gold_loss":0,"cards_obtained":["Rainbow"]},{"damage_healed":0,"gold_gain":0,"player_choice":"Opened","damage_taken":0,"relics_obtained":["Ornamental Fan"],"max_hp_gain":0,"max_hp_loss":0,"event_name":"The Mausoleum","floor":19,"gold_loss":0,"cards_obtained":["Writhe"]},{"damage_healed":0,"gold_gain":0,"player_choice":"Inject Mutagens","damage_taken":0,"relics_obtained":["MutagenicStrength"],"max_hp_gain":0,"max_hp_loss":0,"event_name":"Drug Dealer","floor":20,"gold_loss":0},{"damage_healed":0,"gold_gain":0,"player_choice":"Read","damage_taken":0,"max_hp_gain":0,"max_hp_loss":0,"event_name":"The Library","floor":21,"gold_loss":0,"cards_obtained":["Backstab"]},{"cards_removed":["Backstab"],"damage_healed":0,"gold_gain":0,"player_choice":"Gave Card","damage_taken":0,"relics_obtained":["Mango"],"max_hp_gain":0,"max_hp_loss":0,"event_name":"WeMeetAgain","floor":25,"gold_loss":0},{"damage_healed":0,"gold_gain":0,"player_choice":"Ignored","damage_taken":0,"max_hp_gain":0,"max_hp_loss":0,"event_name":"Tomb of Lord Red Mask","floor":37,"gold_loss":0},{"damage_healed":0,"gold_gain":300,"player_choice":"Gold","damage_taken":0,"max_hp_gain":0,"max_hp_loss":0,"event_name":"Wheel of Change","floor":38,"gold_loss":0}],"is_beta":false,"boss_relics":[{"not_picked":["Astrolabe","Tiny House"],"picked":"Sozu"},{"not_picked":["Velvet Choker","Snecko Eye"],"picked":"HoveringKite"}],"items_purged_floors":[11,27],"is_endless":false,"potions_floor_spawned":[1,12,13,14,16,18,22,23,24,28,30,31,33,35,36,39,44,45,46,48],"killed_by":"Time Eater","ascension_level":9}}