{"host":"19tvufa8xx4wr4o1","time":1612487839,"event":{"mods":["AchievementEnabler","BaseMod","Better Sensory Stone","Better Third Choice","Highlight Path","Minty Spire (QoL Compilation)","Relic Stats","StSLib"],"gold_per_floor":[116,43,43,43,43,64,64,103,103,103,139,139,164,189,189,283,283,297,222,237,237,33,33,52,52,52,88,112,27,39,51,63,174,186,213,225,260,272,307,319,347,390,455,490,502,514,113,128,128,128],"floor_reached":51,"language":"ENG","playtime":1615,"items_purged":["Strike_R","Writhe"],"score":1274,"play_id":"16423574-1526-4562-86c4-969be34ec76f","local_time":"20210204191719","is_ascension_mode":true,"campfire_choices":[{"data":"Bash","floor":7.0,"key":"SMITH"},{"data":"Clothesline","floor":10.0,"key":"SMITH"},{"data":"Wild Strike","floor":12.0,"key":"SMITH"},{"data":"Armaments","floor":15.0,"key":"SMITH"},{"data":"Pummel","floor":23.0,"key":"SMITH"},{"data":"Shockwave","floor":25.0,"key":"SMITH"},{"floor":32.0,"key":"REST"},{"floor":40.0,"key":"REST"},{"data":"Fire Breathing","floor":45,"key":"SMITH"},{"data":"Evolve","floor":49,"key":"SMITH"}],"circlet_count":0,"master_deck":["AscendersBane","Strike_R","Defend_R","Defend_R","Defend_R","Defend_R","Bash+1","Pummel+1","Clothesline+1","Wild Strike+1","Armaments+1","Shrug It Off","Immolate","Spot Weakness+1","Battle Trance","Inflame","Shockwave+1","Clumsy","Burning Pact","Reaper","Fiend Fire","Metallicize","Metallicize","Evolve+1","Fire Breathing+1","Fire Breathing+1","Flame Barrier"],"relics":["Burning Blood","NeowsBlessing","betterThird:SlimedRelic","Golden Idol","Lantern","Charon\u0027s Ashes","Nunchaku","Odd Mushroom","Cursed Key","Blue Candle","Red Skull","MawBank","SlaversCollar","Paper Frog","Orichalcum","Bottled Tornado"],"acts_visited":["Exordium","TheCity","TheBeyond"],"potions_floor_usage":[50,50],"damage_taken":[{"damage":0.0,"enemies":"Jaw Worm","floor":1.0,"turns":1.0},{"damage":0.0,"enemies":"Small Slimes","floor":6.0,"turns":1.0},{"damage":0.0,"enemies":"3 Sentries","floor":8.0,"turns":2.0},{"damage":31.0,"enemies":"Lagavulin","floor":11.0,"turns":6.0},{"damage":2.0,"enemies":"The Mushroom Lair","floor":13.0,"turns":3.0},{"damage":0.0,"enemies":"2 Fungi Beasts","floor":14.0,"turns":2.0},{"damage":52.0,"enemies":"The Guardian","floor":16.0,"turns":15.0},{"damage":0.0,"enemies":"3 Byrds","floor":18.0,"turns":4.0},{"damage":6.0,"enemies":"Shell Parasite","floor":20.0,"turns":4.0},{"damage":0.0,"enemies":"Snake Plant","floor":21.0,"turns":1.0},{"damage":13.0,"enemies":"Snecko","floor":24.0,"turns":3.0},{"damage":18.0,"enemies":"Book of Stabbing","floor":27.0,"turns":5.0},{"damage":25.0,"enemies":"Sentry and Sphere","floor":28.0,"turns":4.0},{"damage":0.0,"enemies":"Shelled Parasite and Fungi","floor":31.0,"turns":1.0},{"damage":78.0,"enemies":"Automaton","floor":33.0,"turns":12.0},{"damage":29.0,"enemies":"3 Shapes","floor":35.0,"turns":4.0},{"damage":22.0,"enemies":"3 Darklings","floor":37.0,"turns":3.0},{"damage":24.0,"enemies":"Jaw Worm Horde","floor":39.0,"turns":4.0},{"damage":17.0,"enemies":"Sphere and 2 Shapes","floor":41.0,"turns":4.0},{"damage":15.0,"enemies":"Reptomancer","floor":42.0,"turns":7.0},{"damage":17,"enemies":"Writhing Mass","floor":44,"turns":6},{"damage":0,"enemies":"4 Shapes","floor":48,"turns":4},{"damage":49,"enemies":"Time Eater","floor":50,"turns":12}],"seed_played":"2065490352312296708","potions_obtained":[{"floor":6.0,"key":"BlessingOfTheForge"},{"floor":8.0,"key":"Energy Potion"},{"floor":11.0,"key":"Block Potion"},{"floor":16.0,"key":"Swift Potion"},{"floor":20.0,"key":"SmokeBomb"},{"floor":24.0,"key":"Dexterity Potion"},{"floor":28.0,"key":"SmokeBomb"},{"floor":33.0,"key":"FearPotion"},{"floor":35.0,"key":"Energy Potion"},{"floor":41.0,"key":"Swift Potion"},{"floor":48,"key":"Weak Potion"}],"is_trial":false,"path_per_floor":["M","?","?","$","?","M","R","E","T","R","E","R","?","M","R","B",null,"M","?","M","M","$","R","M","R","T","E","M","?","?","M","R","B",null,"M","?","M","$","M","R","M","E","T","M","R","?","$","M","R","B",null],"character_chosen":"IRONCLAD","items_purchased":["Battle Trance","Inflame","Flame Barrier","Bottled Tornado"],"campfire_rested":2,"item_purchase_floors":[22,22,47,47],"current_hp_per_floor":[74,63,63,63,63,68,68,68,68,68,43,43,47,53,53,7,53,59,59,59,65,65,65,58,58,58,46,27,27,27,43,63,19,56,45,45,29,29,32,52,43,59,59,63,63,63,63,68,68,47],"gold":128,"neow_bonus":"THREE_ENEMY_KILL","is_daily":false,"chose_seed":false,"campfire_upgraded":8,"win_rate":0.0,"timestamp":1612487839,"path_taken":["M","?","?","$","?","M","R","E","T","R","E","R","?","M","R","BOSS","M","?","M","M","$","R","M","R","T","E","M","?","?","?","R","BOSS","M","?","M","$","M","R","M","E","T","?","R","?","$","M","R","BOSS"],"items_purchased_type":["Card","Card","Card","Relic"],"build_version":"2020-12-22","purchased_purges":2,"victory":true,"max_hp_per_floor":[75,75,75,75,68,68,68,68,68,68,68,68,68,68,68,68,68,68,68,68,68,68,68,68,68,68,68,68,68,68,68,68,68,68,68,68,68,68,68,68,68,68,68,68,68,68,68,68,68,68],"relic_stats":{"Nunchaku":[13],"counters":[23,108],"Golden Idol":167,"Blue Candle":[0],"Charon\u0027s Ashes":[336],"Orichalcum":[24],"Cursed Key":2,"MawBank":216,"obtain_stats":[{"Lantern":8,"NeowsBlessing":0,"Golden Idol":5,"Blue Candle":26,"Charon\u0027s Ashes":9,"Odd Mushroom":13,"Orichalcum":43,"Bottled Tornado":47,"Cursed Key":17,"MawBank":29,"Burning Blood":0,"SlaversCollar":34,"Nunchaku":11,"betterThird:SlimedRelic":2,"Red Skull":27,"Paper Frog":42},{"Lantern":3,"NeowsBlessing":0,"Golden Idol":1,"Blue Candle":11,"Charon\u0027s Ashes":3,"Odd Mushroom":5,"Orichalcum":20,"Bottled Tornado":21,"Cursed Key":7,"MawBank":13,"Burning Blood":0,"SlaversCollar":15,"Nunchaku":4,"betterThird:SlimedRelic":1,"Red Skull":12,"Paper Frog":20},{"Lantern":4,"NeowsBlessing":0,"Golden Idol":1,"Blue Candle":42,"Charon\u0027s Ashes":4,"Odd Mushroom":13,"Orichalcum":86,"Bottled Tornado":92,"Cursed Key":30,"MawBank":51,"Burning Blood":0,"SlaversCollar":64,"Nunchaku":10,"betterThird:SlimedRelic":1,"Red Skull":47,"Paper Frog":86}],"Burning Blood":130},"card_choices":[{"not_picked":["Clash","Headbutt"],"picked":"Pummel","floor":1.0},{"not_picked":["Battle Trance","Pommel Strike"],"picked":"Clothesline","floor":6.0},{"not_picked":["Perfected Strike","True Grit","Warcry"],"picked":"SKIP","floor":8.0},{"not_picked":["Corruption","True Grit"],"picked":"Wild Strike","floor":11.0},{"not_picked":["Pommel Strike","Feel No Pain"],"picked":"Armaments","floor":13.0},{"not_picked":["Pommel Strike","Clothesline"],"picked":"Shrug It Off","floor":14.0},{"not_picked":["Reaper","Corruption"],"picked":"Immolate","floor":16.0},{"not_picked":["Armaments","Anger"],"picked":"Spot Weakness+1","floor":18.0},{"not_picked":["Entrench+1","Body Slam","Twin Strike"],"picked":"SKIP","floor":20.0},{"not_picked":["Havoc","Spot Weakness"],"picked":"Shockwave","floor":24.0},{"not_picked":["Uppercut+1","Perfected Strike"],"picked":"Burning Pact","floor":27.0},{"not_picked":["Rupture","Sword Boomerang","Carnage"],"picked":"SKIP","floor":28.0},{"not_picked":["Impervious","Immolate"],"picked":"Fiend Fire","floor":33.0},{"not_picked":["Rampage","Perfected Strike"],"picked":"Metallicize","floor":35.0},{"not_picked":["Headbutt","Sword Boomerang"],"picked":"Evolve","floor":37.0},{"not_picked":["Thunderclap","Wild Strike","Evolve"],"picked":"SKIP","floor":39.0},{"not_picked":["Heavy Blade+1","Rupture","Armaments"],"picked":"SKIP","floor":41.0},{"not_picked":["Reckless Charge","Ghostly Armor"],"picked":"Fire Breathing","floor":42},{"not_picked":["Second Wind","Entrench","Feed"],"picked":"SKIP","floor":44},{"not_picked":["Havoc","Shrug It Off","Body Slam"],"picked":"SKIP","floor":48}],"player_experience":620396,"relics_obtained":[{"floor":8.0,"key":"Lantern"},{"floor":9.0,"key":"Charon\u0027s Ashes"},{"floor":11.0,"key":"Nunchaku"},{"floor":13.0,"key":"Odd Mushroom"},{"floor":26.0,"key":"Blue Candle"},{"floor":27.0,"key":"Red Skull"},{"floor":42,"key":"Paper Frog"},{"floor":43,"key":"Orichalcum"}],"event_choices":[{"damage_healed":0.0,"max_hp_gain":0.0,"max_hp_loss":0.0,"gold_gain":0.0,"event_name":"betterThird:BetterGoop","player_choice":"Slimed","floor":2.0,"gold_loss":73.0,"damage_taken":11.0},{"damage_healed":0.0,"max_hp_gain":0.0,"max_hp_loss":0.0,"gold_gain":0.0,"event_name":"The Cleric","player_choice":"Leave","floor":3.0,"gold_loss":0.0,"damage_taken":0.0},{"damage_healed":0.0,"max_hp_gain":0.0,"max_hp_loss":7.0,"gold_gain":0.0,"event_name":"Golden Idol","player_choice":"Lose Max HP","floor":5.0,"gold_loss":0.0,"damage_taken":0.0,"relics_obtained":["Golden Idol"]},{"damage_healed":0.0,"max_hp_gain":0.0,"max_hp_loss":0.0,"gold_gain":0.0,"event_name":"Mushrooms","player_choice":"Fought Mushrooms","floor":13.0,"gold_loss":0.0,"damage_taken":0.0},{"cards_removed":["Strike_R"],"damage_healed":0.0,"max_hp_gain":0.0,"max_hp_loss":0.0,"gold_gain":0.0,"event_name":"Beggar","player_choice":"Gave Gold","floor":19.0,"gold_loss":75.0,"damage_taken":0.0},{"damage_healed":0.0,"max_hp_gain":0.0,"max_hp_loss":0.0,"gold_gain":0.0,"event_name":"Addict","player_choice":"Obtained Relic","floor":29.0,"gold_loss":85.0,"damage_taken":0.0,"relics_obtained":["MawBank"]},{"damage_healed":0.0,"max_hp_gain":0.0,"max_hp_loss":0.0,"gold_gain":0.0,"cards_transformed":["Strike_R"],"event_name":"Transmorgrifier","player_choice":"Transformed","floor":30.0,"gold_loss":0.0,"damage_taken":0.0,"cards_obtained":["Reaper"]},{"damage_healed":0.0,"max_hp_gain":0.0,"max_hp_loss":0.0,"gold_gain":0.0,"cards_transformed":["Strike_R"],"event_name":"Transmorgrifier","player_choice":"Transformed","floor":36.0,"gold_loss":0.0,"damage_taken":0.0,"cards_obtained":["Metallicize"]},{"damage_healed":0,"gold_gain":0,"player_choice":"Copied","damage_taken":0,"max_hp_gain":0,"max_hp_loss":0,"event_name":"Duplicator","floor":46,"gold_loss":0,"cards_obtained":["Fire Breathing"]}],"is_beta":false,"boss_relics":[{"not_picked":["Runic Dome","Runic Pyramid"],"picked":"Cursed Key"},{"not_picked":["Busted Crown","Velvet Choker"],"picked":"SlaversCollar"}],"items_purged_floors":[22,47],"is_endless":false,"potions_floor_spawned":[6,8,11,16,20,24,28,31,33,35,37,41,48],"ascension_level":16}}