{"host":"q8o6l8eqnoevndy4","time":1612496899,"event":{"mods":["2.2 Compatiblity","AchievementEnabler","Act Like it!","AlwaysNeverKeys","Bard","BaseMod","Bestiary","Better Altar","Better Match","Better Note","Better Sensory Stone","Better Skull","Better Third Choice","Better Vampires","Better-Laid Plans","Booster Modes","Colored Map","Colored Powertips","Custom Start","Disable Question Mark Monsters","Displayed Cursed Tome","Downfall","Friendly Minions","GifTheSpireLib","Hermit","Highlight Path","Infinite Spire","Keyboard Shortcuts","Minty Spire (QoL Compilation)","Permanent Neow","Quick Restart","Random Character Button","Random Character Mod","Rare Cards Sparkle","Relic Filter","Relic Sorter","Relic Stats","Reliquary","Reorder Act Four","Spicy Shops","Spire Arcade","StSLib","The Blackbeard","The Gatherer","TheSurvivalist","Transform Curses","Virulent Crown"],"gold_per_floor":[99,109,109,109,26,50,50,76,76,92,92,92,17,30,42,76,94,94,94,94],"floor_reached":18,"language":"ENG","playtime":961,"items_purged":[],"score":110,"play_id":"c7d3243e-e688-42c1-851c-c096d0b0cf4c","local_time":"20210204214819","is_ascension_mode":false,"campfire_choices":[{"data":"hexamod:Sear","floor":1,"key":"SMITH"},{"data":"Flash of Steel","floor":9,"key":"SMITH"},{"floor":11,"key":"RECALL"},{"data":"hexamod:ThermalTransfer","floor":12,"key":"SMITH"}],"circlet_count":0,"master_deck":["hexamod:Strike","hexamod:Strike","hexamod:Strike","hexamod:Strike","hexamod:Defend","hexamod:Defend","hexamod:Defend","hexamod:Defend","hexamod:Sear+1","hexamod:Float","hexamod:PowerFromBeyond","Flash of Steel+1","hexamod:BurningTouch","hexamod:ThermalTransfer+1","Flash of Steel+1","hexamod:RecurringNightmare+1","hexamod:Firestarter","hexamod:SpectersWail","hexamod:AdvancingGuard","hexamod:GhostLash"],"relics":["hexamod:SpiritBrand","Dream Catcher","infinitespire:Golems Mask","reliquary:BallBearing","Juzu Bracelet","infinitespire:Magic Flask"],"acts_visited":["Exordium"],"potions_floor_usage":[18],"damage_taken":[{"damage":0,"enemies":"2 Louse","floor":2,"turns":2},{"damage":0,"enemies":"downfall:FleeingMerchant","floor":5,"turns":4},{"damage":6,"enemies":"Jaw Worm","floor":10,"turns":3},{"damage":0,"enemies":"Small Slimes","floor":14,"turns":2},{"damage":0,"enemies":"Exordium Wildlife","floor":15,"turns":3},{"damage":30,"enemies":"Lagavulin","floor":16,"turns":6},{"damage":17,"enemies":"Exordium Thugs","floor":17,"turns":3},{"damage":25,"enemies":"WA_ARCHETYPE_RETAIN","floor":18,"turns":4}],"seed_played":"-2835130894345505721","potions_obtained":[{"floor":10,"key":"BlessingOfTheForge"},{"floor":14,"key":"Dexterity Potion"},{"floor":17,"key":"DistilledChaos"}],"is_trial":false,"path_per_floor":["R","M","?","?","$","T","T","T","R","M","R","R","?","M","M","E","M","B"],"character_chosen":"THE_SPIRIT","items_purchased":["infinitespire:Golems Mask"],"campfire_rested":0,"item_purchase_floors":[5],"current_hp_per_floor":[70,70,70,70,70,70,70,70,70,64,64,64,64,64,64,34,17,0,0,0],"gold":94,"neow_bonus":"RANDOM_COMMON_RELIC","is_daily":false,"chose_seed":false,"campfire_upgraded":3,"win_rate":0.0,"timestamp":1612496899,"path_taken":["R","M","?","?","$","?","T","T","R","M","R","R","?","M","M","E","M","BOSS"],"items_purchased_type":["Relic"],"build_version":"2020-12-22","purchased_purges":0,"victory":false,"max_hp_per_floor":[70,70,70,70,70,70,70,70,70,70,70,70,70,70,70,70,70,70,70,70],"relic_stats":{"Dream Catcher":0,"counters":[8,27],"Juzu Bracelet":1,"obtain_stats":[{"Dream Catcher":0,"infinitespire:Golems Mask":5,"reliquary:BallBearing":7,"Juzu Bracelet":8,"infinitespire:Magic Flask":16,"hexamod:SpiritBrand":0},{"Dream Catcher":0,"infinitespire:Golems Mask":2,"reliquary:BallBearing":2,"Juzu Bracelet":2,"infinitespire:Magic Flask":6,"hexamod:SpiritBrand":0},{"Dream Catcher":0,"infinitespire:Golems Mask":6,"reliquary:BallBearing":6,"Juzu Bracelet":6,"infinitespire:Magic Flask":20,"hexamod:SpiritBrand":0}]},"card_choices":[{"not_picked":["hexamod:AdvancingGuard","hexamod:ExtraCrispy"],"picked":"hexamod:PowerFromBeyond","floor":2},{"not_picked":["Panacea","Finesse"],"picked":"Flash of Steel","floor":4},{"not_picked":["hexamod:ChargedBarrage","hexamod:GhostShield"],"picked":"hexamod:BurningTouch","floor":5},{"not_picked":["hexamod:HauntingEcho","hexamod:EmpoweredFlame"],"picked":"hexamod:ThermalTransfer","floor":10},{"not_picked":["Mind Blast+1","Trip+1"],"picked":"Flash of Steel+1","floor":13},{"not_picked":["hexamod:GhostOfSpireFuture+1","hexamod:Again+1"],"picked":"hexamod:RecurringNightmare+1","floor":13},{"not_picked":["hexamod:NightmareStrike","hexamod:InspiringFlames"],"picked":"hexamod:Firestarter","floor":14},{"not_picked":["hexamod:ThermalTransfer","hexamod:SpectralSpark"],"picked":"hexamod:SpectersWail","floor":15},{"not_picked":["hexamod:UnleashSpirits","hexamod:GhostflameBarrier"],"picked":"hexamod:AdvancingGuard","floor":16},{"not_picked":["hexamod:RetreatToShadows","hexamod:SwordOfDarkness"],"picked":"hexamod:GhostLash","floor":17}],"player_experience":1212443,"relics_obtained":[{"floor":7,"key":"reliquary:BallBearing"},{"floor":8,"key":"Juzu Bracelet"},{"floor":16,"key":"infinitespire:Magic Flask"}],"event_choices":[{"damage_healed":0,"gold_gain":1,"player_choice":"1","damage_taken":0,"max_hp_gain":0,"max_hp_loss":0,"event_name":"betterStone:BetterStone","floor":4,"gold_loss":0},{"damage_healed":0,"gold_gain":0,"player_choice":"2","damage_taken":0,"max_hp_gain":0,"max_hp_loss":0,"event_name":"betterMatch:BetterMatch","floor":13,"gold_loss":0,"cards_obtained":["betterMatch:UncommonCard","betterMatch:ColorlessUncommonCard"]}],"is_beta":false,"boss_relics":[],"items_purged_floors":[],"is_endless":false,"potions_floor_spawned":[10,14,15,17],"killed_by":"WA_ARCHETYPE_RETAIN","ascension_level":0}}