{"host":"pletss163z7s8pvv","time":1612507265,"event":{"mods":["AchievementEnabler","BaseMod","Better Altar","Better Match","Better Note","Better Sensory Stone","Better Skull","Better Third Choice","BetterRewards","CapriCore","ChefMod","Colored Map","Colored Powertips","Conspire","Energized Spire","Evolution","GifTheSpireLib","Hermit","Ironclad Rager","Marked Mod","Minty Spire (QoL Compilation)","Retaliation","Spicy Shops","StS++","StSLib","The Alterego","The Blue Laboratory","The Cursed","The Disciple","The Forsaken"],"gold_per_floor":[113,126,142,142,153,183,258,258,258,2,2,21,94,21,21,124,124,138,138,150,170,48,60,60,71,71,87,87,37,56,80,80,177,177,189,26,41,41,41,41],"floor_reached":39,"language":"ENG","playtime":1173,"items_purged":["conspire:Blindness"],"score":458,"play_id":"406f817f-5a02-42be-a4b0-b47147b11bcc","local_time":"20210205004105","is_ascension_mode":false,"campfire_choices":[{"floor":11,"key":"REST"},{"floor":15,"key":"RECALL"},{"floor":24,"key":"REST"},{"floor":28,"key":"REST"},{"floor":32,"key":"REST"}],"circlet_count":0,"master_deck":["Flying Knee","Flying Knee","Flying Knee","Flying Knee","Cloak And Dagger","Cloak And Dagger","Cloak And Dagger","Cloak And Dagger","Survivor","Neutralize","Footwork","Poisoned Stab","Backstab","Decay","Blade Dance","Cloak And Dagger","Catalyst","Escape Plan","Poisoned Stab","Underhanded Strike","Noxious Fumes","Flying Knee","Accuracy","DDmod:PotionAddictCard","Clothesline+1","StSpp:PoisonousPunch+1","ReachHeaven","PiercingWail+1","Recurrance","alterego_mod:GoddessCore","alterego_mod:SuperDuperMasochism+1","alterego_mod:Alter","DeusExMachina","Sucker Punch+1","Doppelganger+1","Tactician+1","CrushJoints+1","Noxious Fumes","Blade Dance","theForsaken:CreepingInfection"],"relics":["Ring of the Snake","EVO:Axolotl","Ice Cream","Peace Pipe","StoneCalendar","PrismaticShard","energizedSpire:DeadBattery","StSpp:SailorCap","Toy Ornithopter","Astrolabe"],"acts_visited":["Exordium","TheCity","TheBeyond"],"potions_floor_usage":[16,21,27,27,27,33],"damage_taken":[{"damage":0,"enemies":"Jaw Worm","floor":1,"turns":2},{"damage":0,"enemies":"Cultist","floor":2,"turns":3},{"damage":0,"enemies":"Small Slimes","floor":3,"turns":3},{"damage":0,"enemies":"2 Fungi Beasts","floor":5,"turns":2},{"damage":19,"enemies":"Lagavulin","floor":6,"turns":6},{"damage":10,"enemies":"Gremlin Gang","floor":12,"turns":5},{"damage":14,"enemies":"Slime Boss","floor":16,"turns":7},{"damage":28,"enemies":"Spheric Guardian","floor":18,"turns":4},{"damage":6,"enemies":"Chosen","floor":20,"turns":3},{"damage":22,"enemies":"Snake Plant","floor":21,"turns":3},{"damage":20,"enemies":"Centurion and Healer","floor":23,"turns":5},{"damage":27,"enemies":"Shelled Parasite and Fungi","floor":25,"turns":5},{"damage":12,"enemies":"Snecko","floor":27,"turns":5},{"damage":17,"enemies":"Snake Plant","floor":30,"turns":4},{"damage":75,"enemies":"Champ","floor":33,"turns":10},{"damage":24,"enemies":"3 Darklings","floor":35,"turns":6},{"damage":13,"enemies":"3 Shapes","floor":37,"turns":4},{"damage":40,"enemies":"Spire Growth","floor":39,"turns":4}],"seed_played":"-3794383063458350913","potions_obtained":[{"floor":1,"key":"Regen Potion"},{"floor":2,"key":"conspire:TimeTravelPotion"},{"floor":3,"key":"blueLaboratory:BottledHope"},{"floor":18,"key":"blueLaboratory:BottleOfRum"},{"floor":21,"key":"blueLaboratory:ArtificerPotion"},{"floor":27,"key":"blueLaboratory:NinjaPotion"},{"floor":33,"key":"DDmod:CleansePotion"},{"floor":35,"key":"DuplicationPotion"},{"floor":37,"key":"LiquidBronze"}],"is_trial":false,"path_per_floor":["M","M","M","?","M","E","?","?","T","$","R","M","?","$","R","B",null,"M","?","M","M","$","M","R","M","T","M","R","?","M","T","R","B",null,"M","$","M","?","M"],"character_chosen":"THE_SILENT","items_purchased":["PrismaticShard","Noxious Fumes","Flying Knee","Accuracy","StSpp:SailorCap","Noxious Fumes","Blade Dance"],"campfire_rested":4,"item_purchase_floors":[10,10,10,14,22,36,36],"current_hp_per_floor":[70,70,70,70,70,51,40,40,40,40,61,51,51,51,51,52,70,42,42,36,27,27,7,28,1,1,4,25,25,8,8,29,3,70,46,46,33,33,0,0],"gold":41,"neow_bonus":"ONE_RARE_RELIC","is_daily":false,"chose_seed":false,"campfire_upgraded":0,"win_rate":0.0,"timestamp":1612507265,"path_taken":["M","M","M","?","?","E","?","?","T","$","R","M","?","$","R","BOSS","M","?","?","M","$","?","R","M","T","M","R","?","?","?","R","BOSS","M","$","M","?","M"],"items_purchased_type":["Relic","Card","Card","Card","Relic","Card","Card"],"build_version":"2020-12-22","purchased_purges":1,"victory":false,"max_hp_per_floor":[70,70,70,70,70,70,70,70,70,70,70,70,70,70,70,70,70,70,70,70,70,70,70,70,70,70,70,70,70,70,70,70,70,70,70,70,70,70,70,70],"card_choices":[{"not_picked":["Bane","Outmaneuver"],"picked":"Footwork","floor":1},{"not_picked":["Deadly Poison","Bouncing Flask"],"picked":"Poisoned Stab","floor":2},{"not_picked":["StSpp:PoisonousPunch","Endless Agony"],"picked":"Backstab","floor":3},{"not_picked":["Outmaneuver","Riddle With Holes"],"picked":"Blade Dance","floor":5},{"not_picked":["Expertise","Quick Slash"],"picked":"Cloak And Dagger","floor":6},{"not_picked":["chefmod:Leftovers","DDmod:CallousedSkill","StSpp:Dive"],"picked":"SKIP","floor":12},{"not_picked":["StSpp:Cataclysm","chefmod:RisingDough"],"picked":"DDmod:PotionAddictCard","floor":16},{"not_picked":["TheCursedMod:RavingStaff","DDmod:ScaleUpSkill"],"picked":"Clothesline+1","floor":18},{"not_picked":["Halt","TheCursedMod:Grudge"],"picked":"ReachHeaven","floor":20},{"not_picked":["Lockon","Compile Driver"],"picked":"PiercingWail+1","floor":21},{"not_picked":["TheCursedMod:Evocation","TheCursedMod:CursedMace"],"picked":"Recurrance","floor":23},{"not_picked":["StSpp:TheBiggerTheyAre+1","TheCursedMod:CursedBlade"],"picked":"alterego_mod:GoddessCore","floor":25},{"not_picked":["HandsUpB","hermit:TrackingShot"],"picked":"alterego_mod:SuperDuperMasochism+1","floor":27},{"not_picked":["theForsaken:BountifulSunlight","All Out Attack+1"],"picked":"alterego_mod:Alter","floor":30},{"not_picked":["Thinking Ahead","Fiend Fire"],"picked":"DeusExMachina","floor":33},{"not_picked":["Coolheaded","EmptyMind"],"picked":"CrushJoints+1","floor":35},{"not_picked":["chefmod:Gelato","Dual Wield+1"],"picked":"theForsaken:CreepingInfection","floor":37}],"player_experience":496878,"relics_obtained":[{"floor":6,"key":"Peace Pipe"},{"floor":9,"key":"StoneCalendar"},{"floor":26,"key":"Toy Ornithopter"}],"event_choices":[{"damage_healed":0,"gold_gain":0,"player_choice":"Cursed","damage_taken":0,"max_hp_gain":0,"max_hp_loss":0,"event_name":"Wheel of Change","floor":4,"gold_loss":0,"cards_obtained":["Decay"]},{"damage_healed":0,"gold_gain":75,"player_choice":"Gold","damage_taken":11,"max_hp_gain":0,"max_hp_loss":0,"event_name":"betterThird:BetterGoop","floor":7,"gold_loss":0},{"damage_healed":0,"gold_gain":73,"player_choice":"Gained Gold","damage_taken":0,"max_hp_gain":0,"max_hp_loss":0,"event_name":"Golden Wing","floor":13,"gold_loss":0},{"cards_removed":["Backstab"],"damage_healed":0,"gold_gain":0,"player_choice":"Take \u0026 Give","damage_taken":0,"max_hp_gain":0,"max_hp_loss":0,"event_name":"betterNote:BetterNote","floor":19,"gold_loss":0,"cards_obtained":["StSpp:PoisonousPunch"]},{"damage_healed":0,"gold_gain":0,"player_choice":"Bet on Murderer","damage_taken":0,"max_hp_gain":0,"max_hp_loss":0,"event_name":"The Joust","floor":29,"gold_loss":50},{"damage_healed":0,"gold_gain":0,"player_choice":"Leave","damage_taken":0,"max_hp_gain":0,"max_hp_loss":0,"event_name":"conspire:Investor","floor":38,"gold_loss":0}],"is_beta":false,"boss_relics":[{"not_picked":["conspire:RunicOctahedron","HoveringKite"],"picked":"energizedSpire:DeadBattery"},{"not_picked":["Philosopher\u0027s Stone","StSpp:FireArrow"],"picked":"Astrolabe"}],"items_purged_floors":[10],"is_endless":false,"potions_floor_spawned":[1,2,3,18,21,25,27,33,35,37],"killed_by":"Spire Growth","ascension_level":0}}