{"host":"rmsq46plbpwfbxcc","time":1612541507,"event":{"mods":["AchievementEnabler","BaseMod","Colored Map","Colored Powertips","DeckTracker","KOR Keyword Fix","Minty Spire (QoL Compilation)","Permanent Neow","Quick Restart","SuperFastMode"],"gold_per_floor":[117,117,135,210,230,260,260,294,294,304,338,338,338,1,1,102,102,114,132,132,150,50,50,83,98,98,98,10,39,51,82,94,207,219,248,278,290,317,309,321,346,384,396,441,453,480,367,367,367,367,367,367,67,95,95,95],"floor_reached":55,"language":"KOR","playtime":1809,"items_purged":["Strike_G","Defend_G","Defend_G","Strike_G"],"score":1250,"play_id":"ff155b9c-b713-4aef-973c-e63801e479fa","local_time":"20210206011147","is_ascension_mode":true,"campfire_choices":[{"data":"After Image","floor":7.0,"key":"SMITH"},{"data":"Blade Dance","floor":12.0,"key":"SMITH"},{"data":"Neutralize","floor":15.0,"key":"SMITH"},{"data":"Phantasmal Killer","floor":23.0,"key":"SMITH"},{"data":"Finisher","floor":27.0,"key":"SMITH"},{"data":"Trip","floor":32.0,"key":"SMITH"},{"data":"Cloak And Dagger","floor":40,"key":"SMITH"},{"data":"After Image","floor":45,"key":"SMITH"},{"floor":49,"key":"RECALL"},{"data":"Survivor","floor":52,"key":"SMITH"}],"circlet_count":0,"master_deck":["AscendersBane","Strike_G","Defend_G","Defend_G","Defend_G","Survivor+1","Neutralize+1","Blade Dance+1","After Image+1","Dagger Spray","Finisher+1","Phantasmal Killer+1","Backflip+1","Trip+1","Cloak And Dagger+1","PiercingWail+1","After Image+1","PiercingWail+1","Choke+1","Blade Dance"],"relics":["WristBlade","Snake Skull","Bottled Tornado","Vajra","Potion Belt","Kunai","Ninja Scroll","Coffee Dripper","Mango","Ornamental Fan","MawBank","HoveringKite","Mercury Hourglass","Bag of Marbles","Pen Nib","Orichalcum"],"acts_visited":["Exordium","TheCity","TheBeyond","TheEnding"],"potions_floor_usage":[44,46,50,55,55,55,55],"damage_taken":[{"damage":2.0,"enemies":"Jaw Worm","floor":1.0,"turns":5.0},{"damage":1.0,"enemies":"2 Louse","floor":3.0,"turns":4.0},{"damage":0.0,"enemies":"Small Slimes","floor":5.0,"turns":2.0},{"damage":12.0,"enemies":"Lagavulin","floor":6.0,"turns":5.0},{"damage":14.0,"enemies":"3 Sentries","floor":8.0,"turns":11.0},{"damage":5.0,"enemies":"Blue Slaver","floor":10.0,"turns":4.0},{"damage":4.0,"enemies":"Gremlin Nob","floor":11.0,"turns":3.0},{"damage":0.0,"enemies":"Hexaghost","floor":16.0,"turns":9.0},{"damage":0.0,"enemies":"Spheric Guardian","floor":18.0,"turns":1.0},{"damage":0.0,"enemies":"2 Thieves","floor":19.0,"turns":1.0},{"damage":0.0,"enemies":"3 Cultists","floor":21.0,"turns":5.0},{"damage":5.0,"enemies":"Gremlin Leader","floor":24.0,"turns":2.0},{"damage":2.0,"enemies":"Centurion and Healer","floor":25.0,"turns":4.0},{"damage":0.0,"enemies":"Book of Stabbing","floor":29.0,"turns":3.0},{"damage":0.0,"enemies":"Sentry and Sphere","floor":31.0,"turns":2.0},{"damage":31.0,"enemies":"Automaton","floor":33.0,"turns":9.0},{"damage":0,"enemies":"Orb Walker","floor":35,"turns":2},{"damage":0,"enemies":"3 Darklings","floor":36,"turns":6},{"damage":0,"enemies":"Writhing Mass","floor":38,"turns":5},{"damage":2,"enemies":"Sphere and 2 Shapes","floor":41,"turns":5},{"damage":15,"enemies":"Giant Head","floor":42,"turns":8},{"damage":0,"enemies":"Reptomancer","floor":44,"turns":5},{"damage":0,"enemies":"3 Darklings","floor":46,"turns":4},{"damage":45,"enemies":"Donu and Deca","floor":50,"turns":9},{"damage":10,"enemies":"Shield and Spear","floor":54,"turns":6},{"damage":82,"enemies":"The Heart","floor":55,"turns":8}],"seed_played":"2047832979502153552","potions_obtained":[{"floor":3.0,"key":"DuplicationPotion"},{"floor":5.0,"key":"Energy Potion"},{"floor":10.0,"key":"Regen Potion"},{"floor":16.0,"key":"ColorlessPotion"},{"floor":18.0,"key":"Block Potion"},{"floor":29.0,"key":"Regen Potion"},{"floor":31.0,"key":"DuplicationPotion"},{"floor":33.0,"key":"BlessingOfTheForge"},{"floor":39,"key":"FairyPotion"},{"floor":42,"key":"Regen Potion"},{"floor":44,"key":"AttackPotion"}],"is_trial":false,"path_per_floor":["M","?","M","?","M","E","R","E","T","M","E","R","?","$","R","B",null,"M","M","?","M","$","R","E","M","T","R","$","E","$","M","R","B",null,"M","M","?","M","?","R","M","E","T","E","R","M","$","T","R","B",null,"R","$","E","B"],"character_chosen":"THE_SILENT","items_purchased":["Ninja Scroll","Trip","Blade Dance","Swift Potion","EssenceOfSteel"],"campfire_rested":0,"item_purchase_floors":[14,28,53,53,53],"current_hp_per_floor":[61,61,60,49,49,37,37,23,23,18,14,14,2,2,2,17,57,57,57,57,57,57,57,66,64,64,64,64,64,64,64,64,33,71,71,71,71,71,71,71,69,54,54,68,68,77,77,77,77,32,68,68,68,58,0,0],"gold":95,"neow_bonus":"BOSS_RELIC","is_daily":false,"chose_seed":false,"campfire_upgraded":9,"win_rate":0.0,"timestamp":1612541507,"path_taken":["M","?","M","?","M","E","R","E","T","M","E","R","?","$","R","BOSS","M","M","?","?","$","R","E","M","T","R","$","E","$","M","R","BOSS","M","M","?","M","?","R","M","E","T","E","R","?","$","?","R","BOSS","R","$","E","BOSS"],"items_purchased_type":["Relic","Card","Card","Potion","Potion"],"build_version":"2020-12-22","purchased_purges":4,"victory":false,"max_hp_per_floor":[70,70,70,70,70,70,70,70,70,70,70,70,70,70,70,70,70,70,70,70,70,70,70,84,84,84,84,84,84,84,84,84,84,84,84,84,80,80,80,80,80,80,80,80,80,80,80,80,80,80,80,80,80,80,80,80],"card_choices":[{"not_picked":["Acrobatics","Flying Knee"],"picked":"Blade Dance","floor":1.0},{"not_picked":["Dagger Throw","Outmaneuver","Endless Agony"],"picked":"SKIP","floor":3.0},{"not_picked":["Blade Dance","Acrobatics","Bane"],"picked":"SKIP","floor":5.0},{"not_picked":["PiercingWail","Well Laid Plans"],"picked":"After Image","floor":6.0},{"not_picked":["Backstab","Bane"],"picked":"Dagger Spray","floor":8.0},{"not_picked":["Acrobatics","Bane"],"picked":"Finisher","floor":10.0},{"not_picked":["After Image","Setup","Quick Slash"],"picked":"SKIP","floor":11.0},{"not_picked":["Glass Knife","Doppelganger"],"picked":"Phantasmal Killer","floor":16.0},{"not_picked":["Poisoned Stab+1","Dodge and Roll","Endless Agony+1"],"picked":"SKIP","floor":18.0},{"not_picked":["Slice","Flying Knee","Deadly Poison"],"picked":"SKIP","floor":19.0},{"not_picked":["Underhanded Strike","Distraction+1","Expertise"],"picked":"SKIP","floor":21.0},{"not_picked":["Dagger Spray+1","Cloak And Dagger"],"picked":"Backflip+1","floor":24.0},{"not_picked":["Slice","Infinite Blades","Underhanded Strike"],"picked":"SKIP","floor":25.0},{"not_picked":["Grand Finale","Dagger Spray"],"picked":"Cloak And Dagger","floor":29.0},{"not_picked":["Underhanded Strike","Bouncing Flask"],"picked":"PiercingWail+1","floor":31.0},{"not_picked":["Phantasmal Killer","Tools of the Trade"],"picked":"After Image","floor":33.0},{"not_picked":["Crippling Poison+1","Eviscerate+1"],"picked":"PiercingWail+1","floor":35},{"not_picked":["Distraction+1","Dagger Throw","Outmaneuver+1"],"picked":"SKIP","floor":36},{"not_picked":["Bouncing Flask+1","Bane+1","Leg Sweep+1"],"picked":"SKIP","floor":38},{"not_picked":["Backstab","Eviscerate+1","Setup+1"],"picked":"SKIP","floor":41},{"not_picked":["Flying Knee","Infinite Blades+1"],"picked":"Choke+1","floor":42},{"not_picked":["Backflip","Leg Sweep","Choke+1"],"picked":"SKIP","floor":44},{"not_picked":["Reflex","Deadly Poison+1","Dodge and Roll"],"picked":"SKIP","floor":46},{"not_picked":["Distraction","Reflex","Flechettes"],"picked":"SKIP","floor":54}],"player_experience":657586,"relics_obtained":[{"floor":6.0,"key":"Snake Skull"},{"floor":8.0,"key":"Bottled Tornado"},{"floor":9.0,"key":"Vajra"},{"floor":11.0,"key":"Potion Belt"},{"floor":24.0,"key":"Mango"},{"floor":26.0,"key":"Ornamental Fan"},{"floor":29.0,"key":"MawBank"},{"floor":42,"key":"Mercury Hourglass"},{"floor":44,"key":"Bag of Marbles"},{"floor":48,"key":"Pen Nib"},{"floor":54,"key":"Orichalcum"}],"event_choices":[{"cards_removed":["Strike_G"],"damage_healed":0.0,"max_hp_gain":0.0,"max_hp_loss":0.0,"gold_gain":0.0,"event_name":"Living Wall","player_choice":"Forget","floor":2.0,"gold_loss":0.0,"damage_taken":0.0},{"damage_healed":0.0,"max_hp_gain":0.0,"max_hp_loss":0.0,"gold_gain":75.0,"event_name":"World of Goop","player_choice":"Gather Gold","floor":4.0,"gold_loss":0.0,"damage_taken":11.0},{"damage_healed":0.0,"max_hp_gain":0.0,"max_hp_loss":0.0,"gold_gain":0.0,"event_name":"Scrap Ooze","player_choice":"Success","floor":13.0,"gold_loss":0.0,"damage_taken":12.0,"relics_obtained":["Kunai"]},{"cards_removed":["Strike_G"],"damage_healed":0.0,"max_hp_gain":0.0,"max_hp_loss":0.0,"gold_gain":0.0,"event_name":"Purifier","player_choice":"Purged","floor":20.0,"gold_loss":0.0,"damage_taken":0.0},{"damage_healed":0,"gold_gain":0,"player_choice":"Max HP","damage_taken":0,"max_hp_gain":0,"max_hp_loss":4,"event_name":"Winding Halls","floor":37,"gold_loss":0},{"damage_healed":0,"gold_gain":0,"player_choice":"Bought 1 Potion","damage_taken":0,"max_hp_gain":0,"max_hp_loss":0,"event_name":"The Woman in Blue","floor":39,"gold_loss":0}],"is_beta":false,"boss_relics":[{"not_picked":["Busted Crown","Snecko Eye"],"picked":"Coffee Dripper"},{"not_picked":["Pandora\u0027s Box","Fusion Hammer"],"picked":"HoveringKite"}],"items_purged_floors":[14,22,47,53],"is_endless":false,"potions_floor_spawned":[3,5,10,16,18,29,31,33,42,44],"killed_by":"The Heart","ascension_level":10}}