{"host":"ga4s3hj9m6nkn6gp","time":1612559862,"event":{"mods":["AchievementEnabler","BaseMod","Bestiary","Colored Powertips","Highlight Path","Minty Spire (QoL Compilation)","Relic Stats","everything is the same but u backflip on backflip"],"gold_per_floor":[109,109,109,122,122,122,122,138,211,211,244,259,288,307,307,381,381,398,398,398,330,349,375,375,408,408,426,426,426,25,54,54,132,132,150,150,161,178,178,178,212,54,54,4,4,4,4,19,19,19,19],"floor_reached":52,"language":"ENG","playtime":2686,"items_purged":[],"score":1847,"play_id":"db2f8bd8-939d-47f7-9aa5-b70c16224c75","local_time":"20210205221742","is_ascension_mode":true,"campfire_choices":[{"data":"Dagger Spray","floor":6.0,"key":"SMITH"},{"data":"Catalyst","floor":10.0,"key":"SMITH"},{"data":"Leg Sweep","floor":15.0,"key":"SMITH"},{"floor":24.0,"key":"REST"},{"data":"Blur","floor":28.0,"key":"SMITH"},{"data":"Well Laid Plans","floor":32.0,"key":"SMITH"},{"floor":40.0,"key":"REST"},{"floor":45.0,"key":"RECALL"},{"data":"Wraith Form v2","floor":49.0,"key":"SMITH"}],"circlet_count":0,"master_deck":["AscendersBane","Defend_G+1","Defend_G+1","Defend_G+1","Defend_G+1","Survivor","Neutralize","Poisoned Stab","Expertise","Blur+1","Catalyst+1","Leg Sweep+1","Deadly Poison+1","Prepared+1","Doppelganger+1","Crippling Poison+1","Calculated Gamble+1","Crippling Poison+1","Escape Plan+1","Well Laid Plans+1","Night Terror+1","Flying Knee+1","Outmaneuver+1","Dagger Throw+1","PiercingWail+1","Catalyst+1","PanicButton+1","Madness+1","Madness+1","Wraith Form v2+1","PiercingWail+1","Acrobatics+1"],"relics":["Ring of the Snake","Sundial","Pantograph","Toxic Egg 2","Cursed Key","Bag of Preparation","Juzu Bracelet","Red Mask","Mercury Hourglass","Spirit Poop","Incense Burner","Molten Egg 2","Astrolabe","Prayer Wheel","TwistedFunnel"],"acts_visited":["Exordium","TheCity","TheBeyond"],"potions_floor_usage":[],"damage_taken":[{"damage":1.0,"enemies":"2 Louse","floor":1.0,"turns":6.0},{"damage":4.0,"enemies":"Small Slimes","floor":4.0,"turns":4.0},{"damage":0.0,"enemies":"Cultist","floor":8.0,"turns":4.0},{"damage":36.0,"enemies":"Gremlin Nob","floor":11.0,"turns":4.0},{"damage":15.0,"enemies":"Exordium Wildlife","floor":12.0,"turns":10.0},{"damage":11.0,"enemies":"Lagavulin","floor":13.0,"turns":7.0},{"damage":0.0,"enemies":"2 Fungi Beasts","floor":14.0,"turns":3.0},{"damage":10.0,"enemies":"Hexaghost","floor":16.0,"turns":9.0},{"damage":4.0,"enemies":"3 Byrds","floor":18.0,"turns":7.0},{"damage":0.0,"enemies":"Spheric Guardian","floor":22.0,"turns":3.0},{"damage":14.0,"enemies":"Slavers","floor":23.0,"turns":3.0},{"damage":0.0,"enemies":"Masked Bandits","floor":25.0,"turns":2.0},{"damage":8.0,"enemies":"Shelled Parasite and Fungi","floor":27.0,"turns":4.0},{"damage":15.0,"enemies":"Book of Stabbing","floor":31.0,"turns":5.0},{"damage":2.0,"enemies":"Automaton","floor":33.0,"turns":6.0},{"damage":0.0,"enemies":"3 Shapes","floor":35.0,"turns":2.0},{"damage":17.0,"enemies":"Orb Walker","floor":37.0,"turns":4.0},{"damage":8.0,"enemies":"3 Darklings","floor":38.0,"turns":4.0},{"damage":1.0,"enemies":"Reptomancer","floor":41.0,"turns":3.0},{"damage":0.0,"enemies":"Transient","floor":48.0,"turns":6.0},{"damage":26.0,"enemies":"Donu and Deca","floor":50.0,"turns":10.0},{"damage":16,"enemies":"Time Eater","floor":51,"turns":6}],"seed_played":"8416687086595748241","potions_obtained":[{"floor":4.0,"key":"DistilledChaos"},{"floor":8.0,"key":"Regen Potion"},{"floor":11.0,"key":"Swift Potion"},{"floor":22.0,"key":"AttackPotion"},{"floor":25.0,"key":"BlessingOfTheForge"},{"floor":31.0,"key":"Block Potion"},{"floor":33.0,"key":"SpeedPotion"}],"is_trial":false,"path_per_floor":["M","?","?","M","?","R","?","M","T","R","E","M","E","M","R","B",null,"M","?","?","?","M","E","R","?","T","M","R","?","$","E","R","B",null,"M","?","M","M","?","R","E","$","T","$","R","?","?","M","R","B","B",null],"character_chosen":"THE_SILENT","items_purchased":["Well Laid Plans","Incense Burner","TwistedFunnel","PiercingWail+1"],"campfire_rested":2,"item_purchase_floors":[30,30,42,44],"current_hp_per_floor":[64,64,64,60,53,53,53,53,53,53,17,2,6,6,6,21,59,55,55,35,35,35,21,44,44,44,36,36,36,36,21,21,44,69,69,69,52,44,34,55,54,54,54,54,54,54,54,54,54,47,56],"gold":19,"neow_bonus":"TEN_PERCENT_HP_BONUS","is_daily":false,"chose_seed":false,"campfire_upgraded":6,"win_rate":0.0,"timestamp":1612559862,"path_taken":["M","?","?","M","?","R","?","?","T","R","E","M","E","M","R","BOSS","M","?","?","?","M","E","R","?","T","M","R","?","$","E","R","BOSS","M","?","M","M","?","R","E","$","T","$","R","?","?","M","R","BOSS","BOSS"],"items_purchased_type":["Card","Relic","Relic","Card"],"build_version":"2020-12-22","purchased_purges":0,"victory":true,"max_hp_per_floor":[72,72,72,72,72,72,72,72,72,72,72,72,72,72,72,72,72,72,72,77,77,77,77,77,77,77,77,77,77,77,77,77,77,77,77,73,73,73,73,73,73,73,73,73,73,73,73,73,73,73,73],"relic_stats":{"counters":[22,112],"Sundial":[16],"Pantograph":94,"Astrolabe":["Flying Knee","Outmaneuver","Dagger Throw"],"Prayer Wheel":1,"Bag of Preparation":[26],"Juzu Bracelet":2,"Cursed Key":1,"obtain_stats":[{"TwistedFunnel":42,"Astrolabe":34,"Spirit Poop":29,"Bag of Preparation":21,"Juzu Bracelet":23,"Incense Burner":30,"Cursed Key":17,"Mercury Hourglass":26,"Sundial":9,"Pantograph":11,"Molten Egg 2":31,"Prayer Wheel":41,"Red Mask":25,"Toxic Egg 2":13,"Ring of the Snake":0},{"TwistedFunnel":19,"Astrolabe":15,"Spirit Poop":13,"Bag of Preparation":9,"Juzu Bracelet":11,"Incense Burner":13,"Cursed Key":8,"Mercury Hourglass":12,"Sundial":3,"Pantograph":4,"Molten Egg 2":14,"Prayer Wheel":19,"Red Mask":12,"Toxic Egg 2":6,"Ring of the Snake":0},{"TwistedFunnel":90,"Astrolabe":77,"Spirit Poop":66,"Bag of Preparation":54,"Juzu Bracelet":60,"Incense Burner":66,"Cursed Key":47,"Mercury Hourglass":62,"Sundial":14,"Pantograph":18,"Molten Egg 2":71,"Prayer Wheel":90,"Red Mask":62,"Toxic Egg 2":35,"Ring of the Snake":0}],"Ring of the Snake":[44],"Mercury Hourglass":[196]},"card_choices":[{"not_picked":["Backflip","Outmaneuver"],"picked":"Poisoned Stab","floor":1.0},{"not_picked":["Poisoned Stab","Quick Slash"],"picked":"Dagger Spray","floor":4.0},{"not_picked":["Noxious Fumes","Masterful Stab"],"picked":"Catalyst","floor":8.0},{"not_picked":["Underhanded Strike","Finisher"],"picked":"Leg Sweep","floor":11.0},{"not_picked":["Prepared","Bane","Dagger Spray"],"picked":"SKIP","floor":12.0},{"not_picked":["PiercingWail+1","Dagger Throw"],"picked":"Deadly Poison+1","floor":13.0},{"not_picked":["Escape Plan+1","Flechettes"],"picked":"Prepared+1","floor":14.0},{"not_picked":["Storm of Steel+1","Grand Finale"],"picked":"Doppelganger+1","floor":16.0},{"not_picked":["Skewer","Flying Knee"],"picked":"Crippling Poison+1","floor":18.0},{"not_picked":["Masterful Stab+1","Dagger Spray"],"picked":"Calculated Gamble+1","floor":22.0},{"not_picked":["Poisoned Stab","Underhanded Strike"],"picked":"Crippling Poison+1","floor":23.0},{"not_picked":["Heel Hook","Poisoned Stab"],"picked":"Escape Plan+1","floor":25.0},{"not_picked":["Slice","Backstab","Sucker Punch+1"],"picked":"SKIP","floor":27.0},{"not_picked":["Cloak And Dagger+1","Well Laid Plans+1","Bane+1"],"picked":"SKIP","floor":31.0},{"not_picked":["Tools of the Trade","Glass Knife+1"],"picked":"Night Terror+1","floor":33.0},{"not_picked":["Backstab+1","Blade Dance+1"],"picked":"PiercingWail+1","floor":35.0},{"not_picked":["Distraction+1","Sucker Punch+1"],"picked":"Catalyst+1","floor":37.0},{"not_picked":["Blur+1","Dodge and Roll+1","Concentrate+1"],"picked":"SKIP","floor":38.0},{"not_picked":["Mind Blast+1","Forethought+1"],"picked":"PanicButton+1","floor":39.0},{"not_picked":["Thinking Ahead+1","Trip+1"],"picked":"Madness+1","floor":39.0},{"not_picked":["Flash of Steel+1","Trip+1"],"picked":"Madness+1","floor":39.0},{"not_picked":["Bane+1","Infinite Blades"],"picked":"Wraith Form v2","floor":41.0},{"not_picked":["Deadly Poison+1","Dagger Throw+1"],"picked":"Acrobatics+1","floor":48.0},{"not_picked":["Distraction+1","Heel Hook+1","Deflect+1"],"picked":"SKIP","floor":48.0}],"player_experience":735420,"relics_obtained":[{"floor":9.0,"key":"Sundial"},{"floor":11.0,"key":"Pantograph"},{"floor":13.0,"key":"Toxic Egg 2"},{"floor":23.0,"key":"Juzu Bracelet"},{"floor":25.0,"key":"Red Mask"},{"floor":26.0,"key":"Mercury Hourglass"},{"floor":31.0,"key":"Molten Egg 2"},{"floor":41.0,"key":"Prayer Wheel"}],"event_choices":[{"damage_healed":0.0,"max_hp_gain":0.0,"max_hp_loss":0.0,"gold_gain":0.0,"event_name":"Liars Game","player_choice":"Ignored","floor":2.0,"gold_loss":0.0,"damage_taken":0.0},{"damage_healed":0.0,"max_hp_gain":0.0,"max_hp_loss":0.0,"gold_gain":0.0,"cards_transformed":["Strike_G"],"event_name":"Living Wall","player_choice":"Change","floor":3.0,"gold_loss":0.0,"damage_taken":0.0,"cards_obtained":["Expertise"]},{"cards_removed":["Strike_G"],"damage_healed":0.0,"max_hp_gain":0.0,"max_hp_loss":0.0,"gold_gain":0.0,"event_name":"Golden Wing","player_choice":"Card Removal","floor":5.0,"gold_loss":0.0,"damage_taken":7.0},{"damage_healed":0.0,"max_hp_gain":0.0,"max_hp_loss":0.0,"gold_gain":0.0,"cards_transformed":["Defend_G"],"event_name":"Transmorgrifier","player_choice":"Transformed","floor":7.0,"gold_loss":0.0,"damage_taken":0.0,"cards_obtained":["Blur"]},{"damage_healed":0.0,"max_hp_gain":0.0,"max_hp_loss":0.0,"gold_gain":0.0,"event_name":"Back to Basics","player_choice":"Simplicity","floor":19.0,"gold_loss":0.0,"damage_taken":0.0,"cards_upgraded":["Strike_G","Strike_G","Strike_G","Defend_G","Defend_G","Defend_G","Defend_G"]},{"damage_healed":0.0,"max_hp_gain":5.0,"max_hp_loss":0.0,"gold_gain":0.0,"event_name":"Forgotten Altar","player_choice":"Shed Blood","floor":20.0,"gold_loss":0.0,"damage_taken":25.0},{"damage_healed":0.0,"max_hp_gain":0.0,"max_hp_loss":0.0,"gold_gain":0.0,"event_name":"WeMeetAgain","player_choice":"Paid Gold","floor":21.0,"gold_loss":68.0,"damage_taken":0.0,"relics_obtained":["Bag of Preparation"]},{"damage_healed":0.0,"max_hp_gain":0.0,"max_hp_loss":0.0,"gold_gain":0.0,"event_name":"Masked Bandits","player_choice":"Fought Bandits","floor":25.0,"gold_loss":0.0,"damage_taken":0.0},{"cards_removed":["Shame"],"damage_healed":0.0,"max_hp_gain":0.0,"max_hp_loss":0.0,"gold_gain":0.0,"event_name":"Bonfire Elementals","player_choice":"Offered Curse","floor":29.0,"gold_loss":0.0,"damage_taken":0.0,"relics_obtained":["Spirit Poop"]},{"damage_healed":0.0,"max_hp_gain":0.0,"max_hp_loss":4.0,"gold_gain":0.0,"event_name":"Winding Halls","player_choice":"Max HP","floor":36.0,"gold_loss":0.0,"damage_taken":0.0},{"damage_healed":0.0,"max_hp_gain":0.0,"max_hp_loss":0.0,"gold_gain":0.0,"event_name":"SensoryStone","player_choice":"Memory 3","floor":39.0,"gold_loss":0.0,"damage_taken":10.0},{"damage_healed":0.0,"max_hp_gain":0.0,"max_hp_loss":0.0,"gold_gain":0.0,"event_name":"SecretPortal","player_choice":"Ignored","floor":46.0,"gold_loss":0.0,"damage_taken":0.0},{"cards_removed":["Dagger Spray"],"damage_healed":0.0,"max_hp_gain":0.0,"max_hp_loss":0.0,"gold_gain":0.0,"event_name":"Falling","player_choice":"Removed Attack","floor":47.0,"gold_loss":0.0,"damage_taken":0.0}],"is_beta":false,"boss_relics":[{"not_picked":["Calling Bell","Empty Cage"],"picked":"Cursed Key"},{"not_picked":["Sozu","HoveringKite"],"picked":"Astrolabe"}],"items_purged_floors":[],"is_endless":false,"potions_floor_spawned":[4,8,11,22,25,31,33,38],"ascension_level":20}}