{"host":"dggqshehf2ar9kzd","time":1612485513,"event":{"mods":["BaseMod","Highlight Path","Minty Spire (QoL Compilation)"],"gold_per_floor":[147,147,192,246,19,94,196,286,333,408,507,612,612,711,711,996,996,1047,494,536,130,166,250,352,436,436,535,38,137,221,320,320,611,611,668,99,99,99,147,246,330,7,7,100,190,286,376,463,463,463],"floor_reached":51,"language":"ENG","playtime":3760,"items_purged":["WaveOfTheHand","Thunderclap","Rebound","Compile Driver","Meteor Strike","Beam Cell"],"score":1764,"play_id":"f9efab8d-34e3-415c-a43f-e62767dab51c","local_time":"20210204193833","daily_mods":["Draft","Diverse","Colorless Cards","Flight","DeadlyEvents","Elite Swarm","Midas"],"is_ascension_mode":true,"campfire_choices":[{"floor":13.0,"key":"REST"},{"floor":15.0,"key":"REST"},{"floor":32,"key":"REST"},{"floor":49,"key":"REST"}],"circlet_count":0,"master_deck":["Dagger Spray","Ball Lightning","Dramatic Entrance","Evaluate","Go for the Eyes","Cleave","Evaluate+1","Cold Snap","Quick Slash","PiercingWail+1","CutThroughFate","Flash of Steel","A Thousand Cuts+1","All For One","LessonLearned","Storm of Steel+1","Feed","Vault","Clash+1","Blade Dance","Master of Strategy","Good Instincts+1","Stack+1","Panache","Adrenaline","Fission","Flex","Secret Weapon","Sadistic Nature","Panache+1","Exhume+1","Accuracy","Mind Blast","Accuracy","Malaise","ConjureBlade","Offering","Secret Technique"],"relics":["Cracked Core","Frozen Eye","Gambling Chip","Unceasing Top","Pen Nib","Centennial Puzzle","StrikeDummy","Regal Pillow","Bottled Tornado","Boot","SlaversCollar","Blood Vial","Emotion Chip","Mercury Hourglass","Turnip","Letter Opener","White Beast Statue","Ginger","Pantograph","Incense Burner","Ornamental Fan","Busted Crown","Chemical X","War Paint","Ice Cream","Kunai","Membership Card","Bronze Scales","Peace Pipe","Strawberry","Du-Vu Doll","Akabeko","Ancient Tea Set","Cables"],"acts_visited":["Exordium","TheCity","TheBeyond"],"potions_floor_usage":[50,50,50],"damage_taken":[{"damage":0.0,"enemies":"2 Louse","floor":1.0,"turns":1.0},{"damage":0.0,"enemies":"Cultist","floor":3.0,"turns":2.0},{"damage":6.0,"enemies":"Jaw Worm","floor":4.0,"turns":2.0},{"damage":6.0,"enemies":"Gremlin Nob","floor":6.0,"turns":3.0},{"damage":4.0,"enemies":"3 Sentries","floor":7.0,"turns":3.0},{"damage":12.0,"enemies":"Gremlin Nob","floor":8.0,"turns":3.0},{"damage":2.0,"enemies":"3 Sentries","floor":10.0,"turns":3.0},{"damage":12.0,"enemies":"Lagavulin","floor":11.0,"turns":5.0},{"damage":6.0,"enemies":"Gremlin Nob","floor":12.0,"turns":3.0},{"damage":20.0,"enemies":"3 Sentries","floor":14.0,"turns":3.0},{"damage":0.0,"enemies":"Slime Boss","floor":16.0,"turns":4.0},{"damage":5.0,"enemies":"Spheric Guardian","floor":18.0,"turns":4.0},{"damage":4.0,"enemies":"2 Thieves","floor":20.0,"turns":3.0},{"damage":5.0,"enemies":"Sentry and Sphere","floor":22.0,"turns":4.0},{"damage":2.0,"enemies":"Gremlin Leader","floor":23.0,"turns":2.0},{"damage":20.0,"enemies":"Book of Stabbing","floor":24.0,"turns":3.0},{"damage":0.0,"enemies":"Gremlin Leader","floor":25.0,"turns":3.0},{"damage":0.0,"enemies":"Slavers","floor":27.0,"turns":2.0},{"damage":2.0,"enemies":"Book of Stabbing","floor":29.0,"turns":2.0},{"damage":0,"enemies":"Slavers","floor":30,"turns":2},{"damage":0,"enemies":"Gremlin Leader","floor":31,"turns":2},{"damage":0,"enemies":"Collector","floor":33,"turns":4},{"damage":5,"enemies":"3 Shapes","floor":35,"turns":2},{"damage":8,"enemies":"Orb Walker","floor":39,"turns":2},{"damage":0,"enemies":"Nemesis","floor":40,"turns":4},{"damage":0,"enemies":"Reptomancer","floor":41,"turns":3},{"damage":0,"enemies":"Giant Head","floor":44,"turns":4},{"damage":0,"enemies":"Nemesis","floor":45,"turns":4},{"damage":6,"enemies":"Reptomancer","floor":46,"turns":2},{"damage":9,"enemies":"Giant Head","floor":47,"turns":4},{"damage":6,"enemies":"Reptomancer","floor":48,"turns":2},{"damage":25,"enemies":"Time Eater","floor":50,"turns":7}],"seed_played":"-8811593339939738378","potions_obtained":[{"floor":4.0,"key":"Ancient Potion"},{"floor":8.0,"key":"Regen Potion"},{"floor":10.0,"key":"Block Potion"},{"floor":25.0,"key":"Dexterity Potion"},{"floor":27.0,"key":"AttackPotion"},{"floor":29,"key":"DistilledChaos"},{"floor":39,"key":"FocusPotion"},{"floor":40,"key":"FocusPotion"}],"is_trial":true,"path_per_floor":["M","?","M","M","$","E","E","E","T","E","E","E","R","E","R","B",null,"M","$","M","$","M","E","E","E","T","E","$","E","E","E","R","B",null,"M","$","?","?","M","E","E","$","T","E","E","E","E","E","R","B",null],"character_chosen":"DEFECT","items_purchased":["Frozen Eye","Blood Vial","Blade Dance","Master of Strategy","Good Instincts","Prostrate","Beam Cell","Panache","Flex","Ginger","Chemical X","Mind Blast","War Paint","Membership Card","Bronze Scales"],"campfire_rested":4,"item_purchase_floors":[5,19,19,19,19,21,21,21,28,28,36,36,36,42,42],"current_hp_per_floor":[75,68,68,62,62,56,52,40,40,38,26,20,57,40,78,78,78,73,73,71,71,71,71,62,64,64,66,66,66,68,70,81,81,81,76,76,76,76,70,72,74,74,74,83,85,81,74,70,88,63],"gold":463,"neow_bonus":"","is_daily":false,"chose_seed":false,"campfire_upgraded":0,"win_rate":0.0,"timestamp":1612485513,"path_taken":["M","?","M","M","$","E","E","E","T","E","E","E","R","E","R","BOSS","M","$","M","$","M","E","E","E","T","E","$","E","E","E","R","BOSS","M","$","?","?","M","E","E","$","T","E","E","E","E","E","R","BOSS"],"items_purchased_type":["Relic","Relic","Card","Card","Card","Card","Card","Card","Card","Relic","Relic","Card","Relic","Relic","Relic"],"build_version":"2020-12-22","purchased_purges":6,"victory":true,"max_hp_per_floor":[75,75,75,75,75,75,75,75,75,75,75,75,75,78,78,78,78,78,78,78,78,81,81,81,81,81,81,81,81,81,81,81,81,81,81,81,81,81,81,81,81,81,81,88,88,88,88,88,88,88],"card_choices":[{"not_picked":["Streamline","Force Field"],"picked":"Dagger Spray","floor":0.0},{"not_picked":["PanicButton","Crescendo"],"picked":"Thunderclap","floor":0.0},{"not_picked":["Streamline","SandsOfTime"],"picked":"Sword Boomerang","floor":0.0},{"not_picked":["Steam","Forethought"],"picked":"WaveOfTheHand","floor":0.0},{"not_picked":["Crescendo","ClearTheMind"],"picked":"Compile Driver","floor":0.0},{"not_picked":["Heavy Blade","Thunderclap"],"picked":"Ball Lightning","floor":0.0},{"not_picked":["Dagger Throw","Perfected Strike"],"picked":"Rebound","floor":0.0},{"not_picked":["Lockon","Outmaneuver"],"picked":"Dramatic Entrance","floor":0.0},{"not_picked":["Spot Weakness","Redo"],"picked":"Evaluate","floor":0.0},{"not_picked":["ClearTheMind","Turbo"],"picked":"Go for the Eyes","floor":0.0},{"not_picked":["Wallop","Discovery"],"picked":"Cleave","floor":0.0},{"not_picked":["Battle Trance","Eviscerate"],"picked":"Evaluate","floor":0.0},{"not_picked":["JustLucky","Indignation"],"picked":"Cold Snap","floor":0.0},{"not_picked":["Ball Lightning","BattleHymn"],"picked":"Quick Slash","floor":0.0},{"not_picked":["Ball Lightning","Hello World"],"picked":"PiercingWail","floor":0.0},{"not_picked":["Bane","Heavy Blade"],"picked":"CutThroughFate","floor":1.0},{"not_picked":["Underhanded Strike","FlyingSleeves"],"picked":"Flash of Steel","floor":3.0},{"not_picked":["Genetic Algorithm","SashWhip","Thunderclap"],"picked":"SKIP","floor":4.0},{"not_picked":["Secret Weapon","Rainbow","Wraith Form v2"],"picked":"SKIP","floor":6.0},{"not_picked":["Secret Technique","Fiend Fire"],"picked":"A Thousand Cuts","floor":7.0},{"not_picked":["Phantasmal Killer","Buffer"],"picked":"All For One","floor":8.0},{"not_picked":["The Bomb","Magnetism"],"picked":"LessonLearned","floor":10.0},{"not_picked":["Reaper","Double Tap"],"picked":"Storm of Steel","floor":11.0},{"not_picked":["Corpse Explosion","Electrodynamics"],"picked":"Feed","floor":12.0},{"not_picked":["MasterReality","LessonLearned"],"picked":"Vault","floor":14.0},{"not_picked":["Scrape","Perfected Strike"],"picked":"Clash+1","floor":18.0},{"not_picked":["SashWhip","CutThroughFate"],"picked":"Stack+1","floor":20.0},{"not_picked":["CarveReality","Sucker Punch","Swivel+1"],"picked":"SKIP","floor":22.0},{"not_picked":["Glass Knife","Multi-Cast"],"picked":"Adrenaline","floor":23.0},{"not_picked":["Transmutation","Magnetism","Night Terror"],"picked":"SKIP","floor":24.0},{"not_picked":["Corpse Explosion","Double Tap"],"picked":"Fission","floor":25.0},{"not_picked":["Immolate","Storm of Steel"],"picked":"Meteor Strike","floor":27.0},{"not_picked":["Metamorphosis","Brilliance"],"picked":"Secret Weapon","floor":29},{"not_picked":["ConjureBlade","Master of Strategy"],"picked":"Sadistic Nature","floor":30},{"not_picked":["Corruption","Phantasmal Killer"],"picked":"Panache","floor":31},{"not_picked":["Magnetism","Reboot"],"picked":"Exhume","floor":33},{"not_picked":[],"picked":"Accuracy","floor":35},{"not_picked":[],"picked":"Accuracy","floor":39},{"not_picked":[],"picked":"Malaise","floor":40},{"not_picked":[],"picked":"ConjureBlade","floor":41},{"not_picked":[],"picked":"Offering","floor":44},{"not_picked":["Devotion"],"picked":"SKIP","floor":45},{"not_picked":["Bullet Time"],"picked":"SKIP","floor":46},{"not_picked":[],"picked":"Secret Technique","floor":47},{"not_picked":["Die Die Die"],"picked":"SKIP","floor":48}],"player_experience":331613,"relics_obtained":[{"floor":6.0,"key":"Gambling Chip"},{"floor":7.0,"key":"Unceasing Top"},{"floor":8.0,"key":"Pen Nib"},{"floor":9.0,"key":"Centennial Puzzle"},{"floor":10.0,"key":"StrikeDummy"},{"floor":11.0,"key":"Regal Pillow"},{"floor":12.0,"key":"Bottled Tornado"},{"floor":14.0,"key":"Boot"},{"floor":23.0,"key":"Emotion Chip"},{"floor":24.0,"key":"Mercury Hourglass"},{"floor":25.0,"key":"Turnip"},{"floor":26.0,"key":"Letter Opener"},{"floor":27.0,"key":"White Beast Statue"},{"floor":29,"key":"Pantograph"},{"floor":30,"key":"Incense Burner"},{"floor":31,"key":"Ornamental Fan"},{"floor":40,"key":"Ice Cream"},{"floor":41,"key":"Kunai"},{"floor":43,"key":"Peace Pipe"},{"floor":44,"key":"Strawberry"},{"floor":45,"key":"Du-Vu Doll"},{"floor":46,"key":"Akabeko"},{"floor":47,"key":"Ancient Tea Set"},{"floor":48,"key":"Cables"}],"event_choices":[{"cards_removed":["Sword Boomerang"],"damage_healed":0.0,"max_hp_gain":0.0,"max_hp_loss":0.0,"gold_gain":0.0,"event_name":"Golden Wing","player_choice":"Card Removal","floor":2.0,"gold_loss":0.0,"damage_taken":7.0},{"cards_removed":["Prostrate"],"damage_healed":0,"gold_gain":0,"player_choice":"Removed Skill","damage_taken":0,"max_hp_gain":0,"max_hp_loss":0,"event_name":"Falling","floor":37,"gold_loss":0},{"damage_healed":0,"gold_gain":0,"player_choice":"Forge","damage_taken":0,"max_hp_gain":0,"max_hp_loss":0,"event_name":"Accursed Blacksmith","floor":38,"gold_loss":0,"cards_upgraded":["A Thousand Cuts"]}],"is_beta":false,"boss_relics":[{"not_picked":["Black Star","Philosopher\u0027s Stone"],"picked":"SlaversCollar"},{"not_picked":["Inserter","Tiny House"],"picked":"Busted Crown"}],"items_purged_floors":[5,19,21,28,36,42],"is_endless":false,"potions_floor_spawned":[4,8,10,14,18,25,27,29,30,31,33,35,39,40,41,44,45,46,47,48],"ascension_level":4}}