{"host":"wbn3xdfsa5pc2kse","time":1612500346,"event":{"mods":["AchievementEnabler","BaseMod","Bestiary","Colored Map","Colored Powertips","Curses Come First","Highlight Path","Minty Spire (QoL Compilation)","Permanent Neow","Rare Cards Sparkle","Relic Stats","StSLib"],"gold_per_floor":[117,127,145,145,163,163,189,206,206,206,231,38,53,65,65,138,138,154,165,177,227,227,227,254,273,299,299,328,361,371,382,382,382,382],"floor_reached":33,"language":"ZHT","playtime":1417,"items_purged":["Strike_G"],"score":542,"play_id":"a3eb33b6-7a39-4eea-9ada-2f6209679362","local_time":"20210205124546","is_ascension_mode":true,"campfire_choices":[{"data":"Poisoned Stab","floor":6,"key":"SMITH"},{"floor":10,"key":"REST"},{"data":"Crippling Poison","floor":15,"key":"SMITH"},{"data":"Leg Sweep","floor":23,"key":"SMITH"},{"data":"Well Laid Plans","floor":27,"key":"SMITH"},{"floor":32,"key":"REST"}],"circlet_count":0,"master_deck":["AscendersBane","Strike_G+1","Defend_G+1","Defend_G+1","Defend_G+1","Defend_G+1","Defend_G+1","Survivor","Neutralize","Poisoned Stab+1","Bane","Backstab","Predator","Deadly Poison","PiercingWail","Crippling Poison+1","Well Laid Plans+1","Corpse Explosion","Leg Sweep+1","Caltrops","Doppelganger","Backflip","Adrenaline"],"relics":["Ring of the Snake","The Courier","Bag of Marbles","Vajra","Orichalcum","Empty Cage","Sundial","MealTicket","Centennial Puzzle","Red Mask"],"acts_visited":["Exordium","TheCity"],"potions_floor_usage":[7,7,24,28],"damage_taken":[{"damage":0,"enemies":"2 Louse","floor":1,"turns":3},{"damage":3,"enemies":"Small Slimes","floor":2,"turns":4},{"damage":6,"enemies":"Jaw Worm","floor":3,"turns":4},{"damage":6,"enemies":"3 Louse","floor":5,"turns":3},{"damage":27,"enemies":"Lagavulin","floor":7,"turns":5},{"damage":1,"enemies":"Looter","floor":8,"turns":3},{"damage":10,"enemies":"3 Sentries","floor":11,"turns":9},{"damage":1,"enemies":"Exordium Thugs","floor":13,"turns":3},{"damage":0,"enemies":"3 Louse","floor":14,"turns":2},{"damage":11,"enemies":"The Guardian","floor":16,"turns":11},{"damage":5,"enemies":"Shell Parasite","floor":18,"turns":4},{"damage":0,"enemies":"Spheric Guardian","floor":19,"turns":3},{"damage":0,"enemies":"3 Cultists","floor":20,"turns":3},{"damage":7,"enemies":"Slavers","floor":24,"turns":4},{"damage":3,"enemies":"Centurion and Healer","floor":25,"turns":6},{"damage":14,"enemies":"Book of Stabbing","floor":28,"turns":8},{"damage":9,"enemies":"Masked Bandits","floor":29,"turns":4},{"damage":7,"enemies":"Chosen and Byrds","floor":30,"turns":6},{"damage":10,"enemies":"Sentry and Sphere","floor":31,"turns":5},{"damage":45,"enemies":"Champ","floor":33,"turns":12}],"seed_played":"-899189714597865272","potions_obtained":[{"floor":2,"key":"Strength Potion"},{"floor":3,"key":"DuplicationPotion"},{"floor":5,"key":"DuplicationPotion"},{"floor":18,"key":"Block Potion"},{"floor":19,"key":"Block Potion"},{"floor":28,"key":"FearPotion"},{"floor":30,"key":"LiquidBronze"}],"is_trial":false,"path_per_floor":["M","M","M","?","M","R","E","M","T","R","E","$","M","M","R","B",null,"M","M","M","?","?","R","E","M","T","R","E","?","M","M","R","B"],"character_chosen":"THE_SILENT","items_purchased":["Orichalcum"],"campfire_rested":2,"item_purchase_floors":[12],"current_hp_per_floor":[56,53,47,40,34,34,7,6,6,29,19,19,18,18,18,7,60,55,55,55,55,55,55,48,45,45,45,31,22,15,5,28,0,0],"gold":382,"neow_bonus":"TWENTY_PERCENT_HP_BONUS","is_daily":false,"chose_seed":false,"campfire_upgraded":4,"win_rate":0.0,"timestamp":1612500346,"path_taken":["M","M","M","?","M","R","E","M","T","R","E","$","M","M","R","BOSS","M","M","M","?","?","R","E","M","T","R","E","?","M","M","R","BOSS"],"items_purchased_type":["Relic"],"build_version":"2020-12-22","purchased_purges":1,"victory":false,"max_hp_per_floor":[78,78,78,78,78,78,78,78,78,78,78,78,78,78,78,78,78,78,78,78,78,78,78,78,78,78,78,78,78,78,78,78,78,78],"relic_stats":{"Centennial Puzzle":[12],"counters":[20,102],"Sundial":[6],"MealTicket":0,"Orichalcum":[186],"obtain_stats":[{"Centennial Puzzle":28,"Sundial":24,"Vajra":11,"MealTicket":26,"The Courier":7,"Bag of Marbles":9,"Red Mask":29,"Orichalcum":12,"Empty Cage":17,"Ring of the Snake":0},{"Centennial Puzzle":16,"Sundial":14,"Vajra":7,"MealTicket":15,"The Courier":5,"Bag of Marbles":6,"Red Mask":17,"Orichalcum":7,"Empty Cage":10,"Ring of the Snake":0},{"Centennial Puzzle":75,"Sundial":61,"Vajra":31,"MealTicket":67,"The Courier":19,"Bag of Marbles":22,"Red Mask":79,"Orichalcum":31,"Empty Cage":47,"Ring of the Snake":0}],"Ring of the Snake":[40]},"card_choices":[{"not_picked":["Backflip","Footwork"],"picked":"Poisoned Stab","floor":1},{"not_picked":["Leg Sweep","Flying Knee"],"picked":"Bane","floor":2},{"not_picked":["Prepared","Flying Knee"],"picked":"Backstab","floor":3},{"not_picked":["Flying Knee","Accuracy"],"picked":"Predator","floor":5},{"not_picked":["Underhanded Strike","Concentrate","Dagger Spray"],"picked":"SKIP","floor":7},{"not_picked":["Backflip","Flying Knee"],"picked":"Deadly Poison","floor":8},{"not_picked":["Storm of Steel","Expertise"],"picked":"PiercingWail","floor":11},{"not_picked":["Underhanded Strike","Prepared"],"picked":"Crippling Poison","floor":13},{"not_picked":["Slice","Dagger Throw"],"picked":"Well Laid Plans","floor":14},{"not_picked":["Burst","Adrenaline"],"picked":"Corpse Explosion","floor":16},{"not_picked":["Poisoned Stab","Cloak And Dagger","Dagger Spray"],"picked":"SKIP","floor":18},{"not_picked":["Finisher+1","PiercingWail"],"picked":"Leg Sweep","floor":19},{"not_picked":["Expertise","Well Laid Plans"],"picked":"Caltrops","floor":20},{"not_picked":["Bane","Outmaneuver+1"],"picked":"Doppelganger","floor":24},{"not_picked":["Deflect","Storm of Steel","Cloak And Dagger"],"picked":"SKIP","floor":25},{"not_picked":["Crippling Poison","Endless Agony","Cloak And Dagger"],"picked":"SKIP","floor":28},{"not_picked":["Reflex","Bane"],"picked":"Backflip","floor":29},{"not_picked":["Cloak And Dagger","Blade Dance","Slice"],"picked":"SKIP","floor":30},{"not_picked":["Distraction+1","Bane"],"picked":"Adrenaline","floor":31}],"player_experience":788515,"relics_obtained":[{"floor":7,"key":"The Courier"},{"floor":9,"key":"Bag of Marbles"},{"floor":11,"key":"Vajra"},{"floor":24,"key":"Sundial"},{"floor":26,"key":"MealTicket"},{"floor":28,"key":"Centennial Puzzle"},{"floor":29,"key":"Red Mask"}],"event_choices":[{"cards_removed":["Strike_G"],"damage_healed":0,"gold_gain":0,"player_choice":"Card Removal","damage_taken":7,"max_hp_gain":0,"max_hp_loss":0,"event_name":"Golden Wing","floor":4,"gold_loss":0},{"damage_healed":0,"gold_gain":50,"player_choice":"Stole From Cult","damage_taken":0,"max_hp_gain":0,"max_hp_loss":0,"event_name":"Nest","floor":21,"gold_loss":0},{"damage_healed":0,"gold_gain":0,"player_choice":"Simplicity","damage_taken":0,"max_hp_gain":0,"max_hp_loss":0,"event_name":"Back to Basics","floor":22,"gold_loss":0,"cards_upgraded":["Strike_G","Defend_G","Defend_G","Defend_G","Defend_G","Defend_G"]},{"damage_healed":0,"gold_gain":0,"player_choice":"Fought Bandits","damage_taken":0,"max_hp_gain":0,"max_hp_loss":0,"event_name":"Masked Bandits","floor":29,"gold_loss":0}],"is_beta":false,"boss_relics":[{"not_picked":["Pandora\u0027s Box","Snecko Eye"],"picked":"Empty Cage"}],"items_purged_floors":[12],"is_endless":false,"potions_floor_spawned":[2,3,5,18,19,28,30],"killed_by":"Champ","ascension_level":16}}