{"host":"bf5upntvbdompq33","time":1612507330,"event":{"mods":["BaseMod","Colored Map","Colored Powertips","Curses Come First","Minty Spire (QoL Compilation)","StSLib","The Dragon Tamer","The Hierophant","The Marked","The Mystic","The Servant 0.9.4"],"gold_per_floor":[118,129,139,64,64,64,96,17,17,17,43,43,43,55,55,153,153,169,169,69,86,86,86,86],"floor_reached":23,"language":"ENG","playtime":1828,"items_purged":["Strike_G","Strike_G"],"score":301,"play_id":"47d2fa54-00e8-4fef-a471-56541bb400f0","local_time":"20210204234210","is_ascension_mode":true,"campfire_choices":[{"data":"Survivor","floor":6,"key":"SMITH"},{"data":"Footwork","floor":10,"key":"SMITH"},{"floor":13,"key":"REST"},{"floor":15,"key":"REST"}],"circlet_count":0,"master_deck":["Strike_G","Strike_G","Defend_G","Defend_G","Defend_G","Defend_G","Defend_G","Survivor+1","Neutralize+1","Reflex","Dagger Throw","Footwork+1","Slice","Venomology","Deflect"],"relics":["SacredBark","Matryoshka","Strawberry","Oddly Smooth Stone","Bottled Flame","Runic Pyramid","Bag of Marbles"],"acts_visited":["Exordium","TheCity"],"potions_floor_usage":[7,7,16,16,18,18,23,23,23],"damage_taken":[{"damage":4,"enemies":"Cultist","floor":1,"turns":5},{"damage":1,"enemies":"Small Slimes","floor":2,"turns":4},{"damage":5,"enemies":"2 Louse","floor":3,"turns":2},{"damage":6,"enemies":"3 Sentries","floor":7,"turns":15},{"damage":38,"enemies":"Gremlin Nob","floor":11,"turns":7},{"damage":11,"enemies":"Blue Slaver","floor":14,"turns":4},{"damage":2,"enemies":"The Guardian","floor":16,"turns":16},{"damage":8,"enemies":"3 Byrds","floor":18,"turns":7},{"damage":4,"enemies":"Shell Parasite","floor":21,"turns":8},{"damage":74,"enemies":"Gremlin Leader","floor":23,"turns":12}],"seed_played":"-2595212561556109140","potions_obtained":[{"floor":1,"key":"Poison Potion"},{"floor":3,"key":"EssenceOfSteel"},{"floor":11,"key":"ColorlessPotion"},{"floor":14,"key":"Swift Potion"},{"floor":16,"key":"Dexterity Potion"},{"floor":21,"key":"Fruit Juice"}],"is_trial":false,"path_per_floor":["M","M","M","$","?","R","E","$","T","R","E","$","R","M","R","B",null,"M","?","$","M","?","E"],"character_chosen":"THE_SILENT","items_purchased":["Footwork"],"campfire_rested":2,"item_purchase_floors":[8],"current_hp_per_floor":[59,58,53,53,53,53,47,47,54,54,16,16,39,28,51,49,70,62,62,62,58,58,0,0],"gold":86,"neow_bonus":"BOSS_RELIC","is_daily":false,"chose_seed":false,"campfire_upgraded":2,"win_rate":0.0,"timestamp":1612507330,"path_taken":["M","?","M","$","?","R","E","$","T","R","E","$","R","?","R","BOSS","M","?","$","M","?","E"],"items_purchased_type":["Card"],"build_version":"2020-12-22","purchased_purges":2,"victory":false,"max_hp_per_floor":[70,70,70,70,70,70,70,70,77,77,77,77,77,77,77,77,77,77,77,77,77,77,87,87],"card_choices":[{"not_picked":["Escape Plan","Leg Sweep"],"picked":"Reflex","floor":1},{"not_picked":["Acrobatics","Prepared"],"picked":"Dagger Throw","floor":2},{"not_picked":["Blur","Deflect","Dagger Throw"],"picked":"SKIP","floor":3},{"not_picked":["Choke","Reflex","Bouncing Flask"],"picked":"SKIP","floor":7},{"not_picked":["Blade Dance","Prepared","Skewer"],"picked":"SKIP","floor":11},{"not_picked":["Blade Dance","Bouncing Flask"],"picked":"Slice","floor":14},{"not_picked":["Burst","Bullet Time"],"picked":"Venomology","floor":16},{"not_picked":["Dodge and Roll","Expertise"],"picked":"Deflect","floor":18},{"not_picked":["Accuracy","Flying Knee","Caltrops+1"],"picked":"SKIP","floor":21}],"player_experience":1419713,"relics_obtained":[{"floor":7,"key":"Matryoshka"},{"floor":9,"key":"Strawberry"},{"floor":9,"key":"Oddly Smooth Stone"},{"floor":11,"key":"Bottled Flame"}],"event_choices":[{"damage_healed":0,"gold_gain":0,"player_choice":"Upgraded","damage_taken":0,"max_hp_gain":0,"max_hp_loss":0,"event_name":"Upgrade Shrine","floor":5,"gold_loss":0,"cards_upgraded":["Neutralize"]},{"damage_healed":0,"gold_gain":0,"player_choice":"Opened","damage_taken":0,"relics_obtained":["Bag of Marbles"],"max_hp_gain":0,"max_hp_loss":0,"event_name":"The Mausoleum","floor":19,"gold_loss":0},{"cards_removed":["Strike_G"],"damage_healed":0,"gold_gain":0,"player_choice":"Elegance","damage_taken":0,"max_hp_gain":0,"max_hp_loss":0,"event_name":"Back to Basics","floor":22,"gold_loss":0}],"is_beta":false,"boss_relics":[{"not_picked":["Empty Cage","WristBlade"],"picked":"Runic Pyramid"}],"items_purged_floors":[4,20],"is_endless":false,"potions_floor_spawned":[1,3,11,14,16,21],"killed_by":"Gremlin Leader","ascension_level":8}}