{"host":"l7l2v2zs4hqku4vk","time":1612524147,"event":{"mods":["Act Like it!","BaseMod","Colored Powertips","Highlight Path","Minty Spire (QoL Compilation)","Replay The Spire","RumiaBox-露米娅的神秘盒子","StSLib","TestMod","The Servant 0.9.4","篝火指南"],"gold_per_floor":[115,126,146,156,156,156,185,195,195,215,83,83,102,116,116,116,116],"floor_reached":16,"language":"ZHS","playtime":613,"items_purged":["Strike_R"],"score":212,"play_id":"033f10a2-f28d-42af-8539-0440818c8a9b","local_time":"20210205192227","is_ascension_mode":true,"campfire_choices":[{"data":"Twin Strike","floor":6,"key":"SMITH"},{"floor":15,"key":"DIG"}],"circlet_count":0,"master_deck":["AscendersBane","Strike_R","Strike_R","Strike_R","Strike_R","Defend_R","Defend_R","Defend_R","Defend_R","Bash+1","Inflame","Twin Strike+1","Clash+1","Body Slam","Armaments+1","Barricade"],"relics":["Burning Blood","testmod-TestBox","testmod-Hope","PreservedInsect","Ancient Tea Set","Pen Nib"],"acts_visited":["Exordium"],"potions_floor_usage":[16],"damage_taken":[{"damage":11,"enemies":"Jaw Worm","floor":1,"turns":4},{"damage":12,"enemies":"Cultist","floor":2,"turns":4},{"damage":7,"enemies":"2 Louse","floor":3,"turns":2},{"damage":5,"enemies":"Gremlin Gang","floor":4,"turns":2},{"damage":35,"enemies":"Lagavulin","floor":7,"turns":4},{"damage":10,"enemies":"Exordium Thugs","floor":8,"turns":4},{"damage":12,"enemies":"Lots of Slimes","floor":10,"turns":2},{"damage":2,"enemies":"3 Louse","floor":13,"turns":3},{"damage":17,"enemies":"Looter","floor":14,"turns":4},{"damage":79,"enemies":"Slime Boss","floor":16,"turns":9}],"seed_played":"1928219601592836211","potions_obtained":[{"floor":3,"key":"Ancient Potion"},{"floor":4,"key":"BloodPotion"}],"is_trial":false,"path_per_floor":["M","M","M","M","?","R","E","M","T","M","$","?","M","M","R","B"],"character_chosen":"IRONCLAD","items_purchased":["Armaments"],"campfire_rested":0,"item_purchase_floors":[11],"current_hp_per_floor":[63,57,56,75,75,75,46,42,42,75,75,75,75,64,64,0,0],"gold":116,"neow_bonus":"UPGRADE_CARD","is_daily":false,"chose_seed":false,"campfire_upgraded":1,"win_rate":0.0,"timestamp":1612524147,"path_taken":["M","M","M","M","?","R","E","M","T","M","?","?","M","M","R","BOSS"],"items_purchased_type":["Card"],"build_version":"2020-12-22","purchased_purges":1,"victory":false,"max_hp_per_floor":[75,75,75,75,75,75,75,75,75,75,75,75,75,75,75,75,75],"card_choices":[{"not_picked":["Iron Wave","Sever Soul"],"picked":"Inflame","floor":1},{"not_picked":["ReplayTheSpireMod:Corrosion Curse","ReplayReversal"],"picked":"Twin Strike","floor":2},{"not_picked":["Run Through","Sentinel","Dark Embrace"],"picked":"SKIP","floor":3},{"not_picked":["True Grit","Pummel"],"picked":"Clash","floor":4},{"not_picked":["Shrug It Off","Disarm"],"picked":"Body Slam","floor":7},{"not_picked":["Bloodletting","Iron Wave","Fire Breathing"],"picked":"SKIP","floor":8},{"not_picked":["Heavy Blade","Warcry","Body Slam"],"picked":"SKIP","floor":10},{"not_picked":["Replay:Undeath\u0027s Touch","Heavy Blade"],"picked":"Barricade","floor":13},{"not_picked":["Combust","ReplayTheSpireMod:Strike From Hell","Thunderclap"],"picked":"SKIP","floor":14}],"player_experience":1746601,"relics_obtained":[{"floor":7,"key":"PreservedInsect"},{"floor":9,"key":"Ancient Tea Set"},{"floor":15,"key":"Pen Nib"}],"event_choices":[{"damage_healed":0,"gold_gain":0,"player_choice":"Forge","damage_taken":0,"max_hp_gain":0,"max_hp_loss":0,"event_name":"Accursed Blacksmith","floor":5,"gold_loss":0,"cards_upgraded":["Clash"]},{"damage_healed":0,"gold_gain":0,"player_choice":"Upgraded","damage_taken":0,"max_hp_gain":0,"max_hp_loss":0,"event_name":"Upgrade Shrine","floor":12,"gold_loss":0,"cards_upgraded":["Armaments"]}],"is_beta":false,"boss_relics":[],"items_purged_floors":[11],"is_endless":false,"potions_floor_spawned":[3,4,7,14],"killed_by":"Slime Boss","ascension_level":20}}