{"host":"pi8b3ffzwvxqztac","time":1612489791,"event":{"mods":["BaseMod","Colored Map","Custom Start","Downfall","Minty Spire (QoL Compilation)","StSLib"],"gold_per_floor":[110,129,56,75,75,102,49,49,49,83,96,61,61,75,75,176,226,237,237,250,22,37,37,68,88,142,142,158,158,158,73,73,172,172,192,89,89,107,107,107,127,127,127,78,96,96,96,124,124,124],"floor_reached":51,"language":"ENG","playtime":2614,"items_purged":["Strike_B"],"score":866,"play_id":"9076071c-403c-4653-99f1-b367fe9cc5a8","local_time":"20210205144951","is_ascension_mode":true,"campfire_choices":[{"data":"Fission","floor":8.0,"key":"SMITH"},{"data":"Fusion","floor":13.0,"key":"SMITH"},{"data":"Dualcast","floor":15.0,"key":"SMITH"},{"data":"Fission","floor":23.0,"key":"SMITH"},{"data":"Sunder","floor":27,"key":"SMITH"},{"floor":30,"key":"REST"},{"data":"Defragment","floor":32,"key":"SMITH"},{"data":"Defragment","floor":40,"key":"SMITH"},{"data":"Glacier","floor":42,"key":"SMITH"},{"floor":47,"key":"REST"},{"data":"Reboot","floor":49,"key":"SMITH"}],"circlet_count":0,"master_deck":["Strike_B","Strike_B","Defend_B","Defend_B","Defend_B+1","Defend_B","Zap+1","Dualcast+1","Fission+1","Ball Lightning","Fusion+1","Sunder+1","Glacier+1","Cold Snap","Leap","Seek","Compile Driver","Defragment+1","Capacitor","Defragment+1","Fission+1","Coolheaded","Reboot+1","Stack","Coolheaded","Cold Snap","Hologram+1","Parasite","Go for the Eyes+1","Cold Snap+1"],"relics":["Cracked Core","White Beast Statue","Letter Opener","Bottled Lightning","Tiny House","DollysMirror","Turnip","Bronze Scales","Anchor","Inserter","Pantograph","Happy Flower"],"acts_visited":["Exordium","TheCity","TheBeyond"],"potions_floor_usage":[24,24,24,28,35,48,50,50,50],"damage_taken":[{"damage":2.0,"enemies":"Jaw Worm","floor":1.0,"turns":3.0},{"damage":1.0,"enemies":"Cultist","floor":2.0,"turns":3.0},{"damage":0.0,"enemies":"2 Louse","floor":4.0,"turns":1.0},{"damage":30.0,"enemies":"3 Sentries","floor":6.0,"turns":7.0},{"damage":6.0,"enemies":"Gremlin Nob","floor":10.0,"turns":3.0},{"damage":0.0,"enemies":"Exordium Wildlife","floor":11.0,"turns":2.0},{"damage":0.0,"enemies":"Gremlin Gang","floor":14.0,"turns":3.0},{"damage":28.0,"enemies":"Hexaghost","floor":16.0,"turns":11.0},{"damage":0.0,"enemies":"Chosen","floor":18.0,"turns":5.0},{"damage":4.0,"enemies":"Shell Parasite","floor":20.0,"turns":7.0},{"damage":8.0,"enemies":"Snake Plant","floor":22.0,"turns":3.0},{"damage":9,"enemies":"Book of Stabbing","floor":24,"turns":5},{"damage":7,"enemies":"Shelled Parasite and Fungi","floor":25,"turns":8},{"damage":13,"enemies":"Centurion and Healer","floor":28,"turns":3},{"damage":10,"enemies":"Collector","floor":33,"turns":12},{"damage":21,"enemies":"3 Darklings","floor":35,"turns":7},{"damage":7,"enemies":"Orb Walker","floor":38,"turns":6},{"damage":8,"enemies":"Writhing Mass","floor":41,"turns":7},{"damage":21,"enemies":"4 Shapes","floor":45,"turns":4},{"damage":24,"enemies":"Reptomancer","floor":48,"turns":11},{"damage":6,"enemies":"Awakened One","floor":50,"turns":18}],"seed_played":"-4467525195480642094","potions_obtained":[{"floor":2.0,"key":"CultistPotion"},{"floor":6.0,"key":"Energy Potion"},{"floor":10.0,"key":"FearPotion"},{"floor":11.0,"key":"Swift Potion"},{"floor":14.0,"key":"PowerPotion"},{"floor":16.0,"key":"PowerPotion"},{"floor":17.0,"key":"CultistPotion"},{"floor":18.0,"key":"FocusPotion"},{"floor":22.0,"key":"LiquidBronze"},{"floor":24,"key":"GamblersBrew"},{"floor":25,"key":"ColorlessPotion"},{"floor":28,"key":"Fire Potion"},{"floor":33,"key":"Dexterity Potion"},{"floor":35,"key":"SpeedPotion"},{"floor":38,"key":"Guardian:BlockOnCardUsePotion"},{"floor":41,"key":"EssenceOfSteel"},{"floor":45,"key":"Ancient Potion"},{"floor":48,"key":"Ancient Potion"}],"is_trial":false,"path_per_floor":["M","M","$","M","?","E","$","R","T","E","M","?","R","M","R","B",null,"M","?","M","$","M","R","E","M","T","R","M","?","R","?","R","B",null,"M","$","?","M","?","R","M","R","T","$","M","?","R","E","R","B",null],"character_chosen":"DEFECT","items_purchased":["Fusion","Cold Snap","DollysMirror","Coolheaded","Cold Snap","Go for the Eyes"],"campfire_rested":2,"item_purchase_floors":[3,7,21,36,36,44],"current_hp_per_floor":[73,72,72,72,72,42,42,42,42,36,36,54,54,54,54,26,68,68,68,64,64,56,56,47,40,40,40,27,27,51,51,51,41,70,49,49,80,73,73,73,65,65,65,65,44,44,68,44,44,63],"gold":124,"neow_bonus":"ONE_RANDOM_RARE_CARD","is_daily":false,"chose_seed":false,"campfire_upgraded":9,"win_rate":0.0,"timestamp":1612489791,"path_taken":["M","M","$","M","?","E","$","R","T","E","?","?","R","M","R","BOSS","M","?","?","$","M","R","E","M","T","R","M","?","R","?","R","BOSS","M","$","?","?","?","R","M","R","T","?","M","?","R","E","R","BOSS"],"items_purchased_type":["Card","Card","Relic","Card","Card","Card"],"build_version":"2020-12-22","purchased_purges":1,"victory":true,"max_hp_per_floor":[75,75,75,75,75,75,75,75,75,75,75,75,75,75,75,75,80,80,80,80,80,80,80,80,80,80,80,80,80,80,80,80,80,80,80,80,80,80,80,80,80,80,80,80,80,80,80,80,80,80],"card_choices":[{"not_picked":["Streamline","Barrage"],"picked":"Ball Lightning","floor":1.0},{"not_picked":["Heatsinks","Turbo","Gash"],"picked":"SKIP","floor":2.0},{"not_picked":["BootSequence","Storm"],"picked":"Sunder","floor":4.0},{"not_picked":["Skim","FTL"],"picked":"Glacier","floor":6.0},{"not_picked":["Gash","Sunder"],"picked":"Leap","floor":10.0},{"not_picked":["Auto Shields","Turbo","Rebound"],"picked":"SKIP","floor":11.0},{"not_picked":["All For One","Stack","FTL"],"picked":"SKIP","floor":14.0},{"not_picked":["Hyperbeam","Electrodynamics"],"picked":"Seek","floor":16.0},{"not_picked":["Consume","Gash"],"picked":"Compile Driver","floor":17.0},{"not_picked":["Sunder","Coolheaded"],"picked":"Defragment","floor":18.0},{"not_picked":["Barrage+1","Go for the Eyes"],"picked":"Capacitor","floor":20.0},{"not_picked":["Stack","Ball Lightning+1"],"picked":"Fission","floor":22.0},{"not_picked":["Gash","Leap","Amplify"],"picked":"SKIP","floor":24},{"not_picked":["Beam Cell","Sweeping Beam"],"picked":"Coolheaded","floor":25},{"not_picked":["Beam Cell+1","Heatsinks","Reprogram"],"picked":"SKIP","floor":28},{"not_picked":["Thunder Strike","Fission"],"picked":"Reboot","floor":33},{"not_picked":["Hello World","Turbo"],"picked":"Stack","floor":35},{"not_picked":["Sweeping Beam","Compile Driver"],"picked":"Hologram+1","floor":38},{"not_picked":["Reinforced Body","Sweeping Beam","Lockon"],"picked":"SKIP","floor":41},{"not_picked":["Hologram+1","FTL"],"picked":"Cold Snap+1","floor":45},{"not_picked":["Skim+1","Scrape","Steam"],"picked":"SKIP","floor":48}],"player_experience":703908,"relics_obtained":[{"floor":6.0,"key":"White Beast Statue"},{"floor":9.0,"key":"Letter Opener"},{"floor":10.0,"key":"Bottled Lightning"},{"floor":24,"key":"Turnip"},{"floor":26,"key":"Bronze Scales"},{"floor":43,"key":"Pantograph"},{"floor":48,"key":"Happy Flower"}],"event_choices":[{"damage_healed":0.0,"max_hp_gain":0.0,"max_hp_loss":0.0,"gold_gain":0.0,"event_name":"Upgrade Shrine","player_choice":"Upgraded","floor":5.0,"gold_loss":0.0,"damage_taken":0.0,"cards_upgraded":["Zap"]},{"damage_healed":18.0,"max_hp_gain":0.0,"max_hp_loss":0.0,"gold_gain":0.0,"event_name":"The Cleric","player_choice":"Healed","floor":12.0,"gold_loss":35.0,"damage_taken":0.0},{"cards_removed":["Strike_B"],"damage_healed":0.0,"max_hp_gain":0.0,"max_hp_loss":0.0,"gold_gain":0.0,"event_name":"Purifier","player_choice":"Purged","floor":19.0,"gold_loss":0.0,"damage_taken":0.0},{"damage_healed":0,"gold_gain":0,"player_choice":"Ignored","damage_taken":0,"max_hp_gain":0,"max_hp_loss":0,"event_name":"Ghosts","floor":29,"gold_loss":0},{"damage_healed":0,"gold_gain":0,"player_choice":"Obtained Relic","damage_taken":0,"relics_obtained":["Anchor"],"max_hp_gain":0,"max_hp_loss":0,"event_name":"Addict","floor":31,"gold_loss":85},{"damage_healed":31,"gold_gain":0,"player_choice":"Full Heal","damage_taken":0,"max_hp_gain":0,"max_hp_loss":0,"event_name":"Wheel of Change","floor":37,"gold_loss":0},{"damage_healed":0,"gold_gain":0,"player_choice":"Ignored","damage_taken":0,"max_hp_gain":0,"max_hp_loss":0,"event_name":"SecretPortal","floor":39,"gold_loss":0},{"damage_healed":0,"gold_gain":0,"player_choice":"Upgraded","damage_taken":0,"max_hp_gain":0,"max_hp_loss":0,"event_name":"Upgrade Shrine","floor":46,"gold_loss":0,"cards_upgraded":["Go for the Eyes"]}],"is_beta":false,"boss_relics":[{"not_picked":["Sozu","SlaversCollar"],"picked":"Tiny House"},{"not_picked":["Pandora\u0027s Box","Snecko Eye"],"picked":"Inserter"}],"items_purged_floors":[21],"is_endless":false,"potions_floor_spawned":[2,6,10,11,14,16,18,20,22,24,25,28,33,35,38,41,45,48],"ascension_level":5}}