{"host":"6rz02yiipefhcw4r","time":1612492573,"event":{"mods":["2.2 Compatiblity","Arknights","BaseMod","Better Match","Better Third Choice","Better Vampires","BetterRewards","Block Reminder","Colored Map","Curses Come First","DeckTracker","Googly Eyes","Hubris","Minty Spire (QoL Compilation)","Quick Restart","Rare Cards Sparkle","Reliquary","Shade Mod","Spicy Shops","StSLib","The Bladedancer","The Cursed","The Marked","The Necromancer","The Runesmith"],"gold_per_floor":[111,125,125,20,33,44,44,61,61,87,104,133,16,32,32,32,32],"floor_reached":16,"language":"ENG","playtime":490,"items_purged":[],"score":228,"play_id":"64b606c7-98f7-427f-934b-db364cc7dc2d","local_time":"20210205003613","is_ascension_mode":true,"campfire_choices":[{"data":"Skewer","floor":15,"key":"SMITH"}],"circlet_count":0,"master_deck":["AscendersBane","Strike_G","Strike_G","Strike_G","Strike_G","Strike_G","Defend_G","Defend_G","Defend_G","Defend_G","Defend_G","Survivor","Neutralize","Skewer+1","All Out Attack","Blade Dance","Deadly Poison","Cloak And Dagger","Deadly Poison","Die Die Die","PiercingWail","Blade Dance"],"relics":["Ring of the Snake","NeowsBlessing","Runesmith:Locket","reliquary:KillPill","reliquary:PrincelyHelmet"],"acts_visited":["Exordium"],"potions_floor_usage":[10],"damage_taken":[{"damage":0.0,"enemies":"Cultist","floor":1.0,"turns":1.0},{"damage":0.0,"enemies":"Small Slimes","floor":2.0,"turns":1.0},{"damage":0.0,"enemies":"Jaw Worm","floor":5.0,"turns":1.0},{"damage":0,"enemies":"Gremlin Gang","floor":6,"turns":7},{"damage":3,"enemies":"Looter","floor":8,"turns":3},{"damage":24,"enemies":"Lagavulin","floor":10,"turns":6},{"damage":0,"enemies":"3 Louse","floor":11,"turns":4},{"damage":17,"enemies":"3 Sentries","floor":12,"turns":5},{"damage":9,"enemies":"Red Slaver","floor":14,"turns":3},{"damage":39,"enemies":"Slime Boss","floor":16,"turns":7}],"seed_played":"1630006153198764204","potions_obtained":[{"floor":1.0,"key":"FairyPotion"},{"floor":2.0,"key":"LiquidBronze"},{"floor":6,"key":"AttackPotion"}],"is_trial":false,"path_per_floor":["M","M","?","$","M","M","?","M","T","E","M","E","$","M","R","B"],"character_chosen":"THE_SILENT","items_purchased":["Blade Dance","Deadly Poison","Blade Dance"],"campfire_rested":0,"item_purchase_floors":[4,4,13],"current_hp_per_floor":[59,59,64,64,64,64,54,51,51,27,27,10,10,1,1,0,0],"gold":32,"neow_bonus":"THREE_ENEMY_KILL","is_daily":false,"chose_seed":false,"campfire_upgraded":1,"win_rate":0.0,"timestamp":1612492573,"path_taken":["M","?","?","$","M","M","?","M","T","E","M","E","$","M","R","BOSS"],"items_purchased_type":["Card","Card","Card"],"build_version":"2020-12-22","purchased_purges":0,"victory":false,"max_hp_per_floor":[66,66,71,71,71,71,71,71,71,71,71,71,71,71,71,71,71],"card_choices":[{"not_picked":["Blur","Flechettes"],"picked":"Skewer","floor":1.0},{"not_picked":["Prepared","Quick Slash"],"picked":"All Out Attack","floor":2.0},{"not_picked":["Quick Slash","Flechettes"],"picked":"Cloak And Dagger","floor":5.0},{"not_picked":["Riddle With Holes","Dodge and Roll"],"picked":"Deadly Poison","floor":6},{"not_picked":["Masterful Stab","Caltrops","Concentrate"],"picked":"SKIP","floor":8},{"not_picked":["Prepared","Bane"],"picked":"Die Die Die","floor":10},{"not_picked":["Riddle With Holes","Sucker Punch","Outmaneuver"],"picked":"SKIP","floor":11},{"not_picked":["Cloak And Dagger","Backflip"],"picked":"PiercingWail","floor":12},{"not_picked":["hubris:TrickCloak","hubris:SlightOfHand","Deflect"],"picked":"SKIP","floor":14}],"player_experience":805385,"relics_obtained":[{"floor":9,"key":"Runesmith:Locket"},{"floor":10,"key":"reliquary:KillPill"},{"floor":12,"key":"reliquary:PrincelyHelmet"}],"event_choices":[{"damage_healed":0.0,"max_hp_gain":5.0,"max_hp_loss":0.0,"gold_gain":0.0,"event_name":"Big Fish","player_choice":"Donut","floor":3.0,"gold_loss":0.0,"damage_taken":0.0},{"damage_healed":0,"gold_gain":0,"player_choice":"Damaged","damage_taken":10,"max_hp_gain":0,"max_hp_loss":0,"event_name":"Wheel of Change","floor":7,"gold_loss":0}],"is_beta":false,"boss_relics":[],"items_purged_floors":[],"is_endless":false,"potions_floor_spawned":[1,2,6],"killed_by":"Slime Boss","ascension_level":20}}