{"host":"rtczl7o4e2em2rmi","time":1612567822,"event":{"mods":["AchievementEnabler","BaseMod","Bestiary","Block Reminder","Filter the Spire","Minty Spire (QoL Compilation)","Permanent Neow","Relic Filter","Relic Stats","StSLib"],"gold_per_floor":[117,50,62,62,76,76,109,109,132,132,146,176,176,194,194,268,268,282,300,65,82,96,96,131,147,147,237,247,247,281,298,298,375,375,395,405,72,72,82,82,115,115,115,131,144,163,163,163,163,163,163],"floor_reached":50,"language":"ZHS","playtime":2837,"items_purged":[],"score":971,"play_id":"caddaf7a-5924-44fb-8e71-78388b3c0efe","local_time":"20210205183022","is_ascension_mode":true,"campfire_choices":[{"data":"Buffer","floor":6.0,"key":"SMITH"},{"floor":8.0,"key":"REST"},{"data":"Zap","floor":15.0,"key":"SMITH"},{"floor":23.0,"key":"REST"},{"floor":29.0,"key":"REST"},{"floor":32.0,"key":"REST"},{"data":"Storm","floor":40.0,"key":"SMITH"},{"data":"Static Discharge","floor":42.0,"key":"SMITH"},{"data":"Defragment","floor":49.0,"key":"SMITH"}],"circlet_count":0,"master_deck":["AscendersBane","Zap+1","Dualcast","Buffer+1","Rip and Tear","BootSequence","Self Repair","Gash","Cold Snap","Tempest","Capacitor","Coolheaded","Echo Form","Static Discharge","Force Field","Static Discharge","Gash","Glacier","Static Discharge+1","Machine Learning","Stack","Leap","Storm+1","Skim","Reboot","Recycle","Force Field","Force Field","Conserve Battery","Reprogram","Static Discharge","Barrage+1","Recycle+1","Defragment+1","Thunder Strike","Capacitor","Loop","Beam Cell","Chrysalis","Storm+1"],"relics":["Cracked Core","Nunchaku","Bird Faced Urn","Unceasing Top","Meat on the Bone","Bottled Lightning","Black Star","Cables","Pen Nib","Bag of Preparation","Ornamental Fan","Shuriken","Calipers","Pandora\u0027s Box","Runic Capacitor","Eternal Feather","Turnip","Bronze Scales","Dream Catcher"],"acts_visited":["Exordium","TheCity","TheBeyond"],"potions_floor_usage":[50,50],"damage_taken":[{"damage":13.0,"enemies":"2 Louse","floor":1.0,"turns":3.0},{"damage":4.0,"enemies":"Small Slimes","floor":3.0,"turns":3.0},{"damage":2.0,"enemies":"Jaw Worm","floor":5.0,"turns":2.0},{"damage":17.0,"enemies":"Gremlin Nob","floor":7.0,"turns":5.0},{"damage":0.0,"enemies":"Gremlin Gang","floor":11.0,"turns":2.0},{"damage":18.0,"enemies":"3 Sentries","floor":12.0,"turns":6.0},{"damage":16.0,"enemies":"3 Louse","floor":14.0,"turns":3.0},{"damage":12.0,"enemies":"Slime Boss","floor":16.0,"turns":11.0},{"damage":29.0,"enemies":"2 Thieves","floor":18.0,"turns":3.0},{"damage":17.0,"enemies":"3 Byrds","floor":19.0,"turns":3.0},{"damage":18.0,"enemies":"Centurion and Healer","floor":21.0,"turns":7.0},{"damage":39.0,"enemies":"3 Cultists","floor":22.0,"turns":6.0},{"damage":51.0,"enemies":"Book of Stabbing","floor":24.0,"turns":5.0},{"damage":39.0,"enemies":"Cultist and Chosen","floor":25.0,"turns":5.0},{"damage":3.0,"enemies":"Snecko","floor":28.0,"turns":6.0},{"damage":44.0,"enemies":"Slavers","floor":30.0,"turns":6.0},{"damage":46.0,"enemies":"3 Cultists","floor":31.0,"turns":5.0},{"damage":33.0,"enemies":"Collector","floor":33.0,"turns":7.0},{"damage":21.0,"enemies":"3 Shapes","floor":35.0,"turns":10.0},{"damage":18.0,"enemies":"3 Darklings","floor":36.0,"turns":6.0},{"damage":54.0,"enemies":"Spire Growth","floor":39.0,"turns":6.0},{"damage":32.0,"enemies":"Reptomancer","floor":41.0,"turns":4.0},{"damage":30.0,"enemies":"Jaw Worm Horde","floor":44.0,"turns":6.0},{"damage":11.0,"enemies":"Transient","floor":45.0,"turns":5.0},{"damage":29.0,"enemies":"3 Darklings","floor":46.0,"turns":4.0},{"damage":94,"enemies":"Awakened One","floor":50,"turns":3}],"seed_played":"2688861389630764187","potions_obtained":[{"floor":7.0,"key":"Explosive Potion"},{"floor":11.0,"key":"LiquidBronze"},{"floor":12.0,"key":"Strength Potion"},{"floor":19.0,"key":"Explosive Potion"},{"floor":24.0,"key":"SpeedPotion"},{"floor":31.0,"key":"PowerPotion"},{"floor":36.0,"key":"Explosive Potion"},{"floor":39.0,"key":"AttackPotion"},{"floor":44.0,"key":"Strength Potion"},{"floor":45.0,"key":"Block Potion"}],"is_trial":false,"path_per_floor":["M","$","M","?","M","R","E","R","T","?","M","E","T","M","R","B",null,"M","M","$","M","M","R","E","M","T","?","M","R","E","M","R","B",null,"M","M","$","?","M","R","E","R","T","M","M","M","?","?","R","B"],"character_chosen":"DEFECT","items_purchased":["BootSequence","Cables","Static Discharge","Gash","Runic Capacitor","Defragment","Eternal Feather"],"campfire_rested":4,"item_purchase_floors":[2,20,20,20,37,37,37],"current_hp_per_floor":[51,51,47,47,52,52,42,63,63,63,63,56,56,49,49,50,66,37,43,43,53,43,64,44,29,29,17,45,66,54,39,60,57,68,71,71,71,71,52,71,54,71,71,58,71,46,46,46,70,0,0],"gold":163,"neow_bonus":"TRANSFORM_CARD","is_daily":false,"chose_seed":false,"campfire_upgraded":5,"win_rate":0.0,"timestamp":1612567822,"path_taken":["M","$","M","?","M","R","E","R","T","?","M","E","?","M","R","BOSS","M","M","$","M","?","R","E","M","T","?","?","R","E","?","R","BOSS","M","M","$","?","M","R","E","R","T","M","M","M","?","?","R","BOSS"],"items_purchased_type":["Card","Relic","Card","Card","Relic","Card","Relic"],"build_version":"2020-12-22","purchased_purges":0,"victory":false,"max_hp_per_floor":[71,71,71,71,71,71,71,71,71,71,71,71,71,71,71,71,71,71,71,71,71,71,71,71,71,71,71,71,71,71,71,71,71,71,71,71,71,71,71,71,71,71,71,71,71,71,71,71,71,71,71],"relic_stats":{"counters":[26,132],"Eternal Feather":60,"Pen Nib":[6],"Bag of Preparation":[26],"Cables":[83,72,11,0,0],"Nunchaku":[14],"Dream Catcher":0,"Ornamental Fan":[8],"Shuriken":[2],"Bird Faced Urn":[238],"Bronze Scales":[83],"Pandora\u0027s Box":["Recycle","Force Field","Force Field","Conserve Battery","Reprogram","Static Discharge"],"Turnip":[0],"Black Star":3,"obtain_stats":[{"Calipers":30,"Eternal Feather":37,"Pen Nib":24,"Bag of Preparation":24,"Runic Capacitor":37,"Cables":20,"Nunchaku":7,"Dream Catcher":43,"Ornamental Fan":26,"Shuriken":30,"Bird Faced Urn":9,"Bronze Scales":41,"Pandora\u0027s Box":34,"Turnip":41,"Black Star":17,"Bottled Lightning":13,"Cracked Core":0,"Unceasing Top":10,"Meat on the Bone":12},{"Calipers":16,"Eternal Feather":20,"Pen Nib":13,"Bag of Preparation":13,"Runic Capacitor":20,"Cables":10,"Nunchaku":4,"Dream Catcher":22,"Ornamental Fan":14,"Shuriken":16,"Bird Faced Urn":4,"Bronze Scales":22,"Pandora\u0027s Box":18,"Turnip":22,"Black Star":8,"Bottled Lightning":6,"Cracked Core":0,"Unceasing Top":4,"Meat on the Bone":6},{"Calipers":76,"Eternal Feather":104,"Pen Nib":59,"Bag of Preparation":59,"Runic Capacitor":104,"Cables":41,"Nunchaku":13,"Dream Catcher":114,"Ornamental Fan":64,"Shuriken":76,"Bird Faced Urn":13,"Bronze Scales":114,"Pandora\u0027s Box":88,"Turnip":114,"Black Star":35,"Bottled Lightning":21,"Cracked Core":0,"Unceasing Top":13,"Meat on the Bone":21}],"Unceasing Top":[18],"Meat on the Bone":96},"card_choices":[{"not_picked":["Steam","Sweeping Beam"],"picked":"Rip and Tear","floor":1.0},{"not_picked":["Barrage","Scrape"],"picked":"Self Repair","floor":3.0},{"not_picked":["Redo","Heatsinks"],"picked":"Gash","floor":5.0},{"not_picked":["Rebound","Reprogram"],"picked":"Cold Snap","floor":7.0},{"not_picked":["Stack","Fusion"],"picked":"Tempest","floor":11.0},{"not_picked":["Force Field","Redo"],"picked":"Capacitor","floor":12.0},{"not_picked":["Fusion","Rip and Tear"],"picked":"Coolheaded","floor":14.0},{"not_picked":["All For One","Core Surge"],"picked":"Echo Form","floor":16.0},{"not_picked":["Sweeping Beam","Leap"],"picked":"Static Discharge","floor":18.0},{"not_picked":["Coolheaded","Steam Power"],"picked":"Force Field","floor":19.0},{"not_picked":["Go for the Eyes","Lockon"],"picked":"Glacier","floor":21.0},{"not_picked":["Sweeping Beam","Leap"],"picked":"Static Discharge","floor":22.0},{"not_picked":["Scrape","Ball Lightning"],"picked":"Machine Learning","floor":24.0},{"not_picked":["Cold Snap","Streamline"],"picked":"Stack","floor":25.0},{"not_picked":["Steam","Auto Shields"],"picked":"Leap","floor":28.0},{"not_picked":["Ball Lightning","Recycle"],"picked":"Storm","floor":30.0},{"not_picked":["Redo","Beam Cell"],"picked":"Skim","floor":31.0},{"not_picked":["Machine Learning","Echo Form"],"picked":"Reboot","floor":33.0},{"not_picked":["Steam Power","Steam+1"],"picked":"Barrage+1","floor":35.0},{"not_picked":["Streamline","Lockon"],"picked":"Recycle+1","floor":36.0},{"not_picked":["Stack+1","Leap"],"picked":"Thunder Strike","floor":39.0},{"not_picked":["Reprogram+1","Cold Snap"],"picked":"Capacitor","floor":41.0},{"not_picked":["Compile Driver","Beam Cell"],"picked":"Loop","floor":44.0},{"not_picked":["Doom and Gloom","Lockon+1"],"picked":"Beam Cell","floor":45.0},{"not_picked":["Rip and Tear","Rebound+1","Reprogram"],"picked":"SKIP","floor":46.0},{"not_picked":["Trip","Swift Strike"],"picked":"Chrysalis","floor":47.0}],"player_experience":547612,"relics_obtained":[{"floor":7.0,"key":"Nunchaku"},{"floor":9.0,"key":"Bird Faced Urn"},{"floor":12.0,"key":"Meat on the Bone"},{"floor":13.0,"key":"Bottled Lightning"},{"floor":24.0,"key":"Pen Nib"},{"floor":24.0,"key":"Bag of Preparation"},{"floor":26.0,"key":"Ornamental Fan"},{"floor":30.0,"key":"Shuriken"},{"floor":30.0,"key":"Calipers"},{"floor":41.0,"key":"Turnip"},{"floor":41.0,"key":"Bronze Scales"},{"floor":43.0,"key":"Dream Catcher"}],"event_choices":[{"damage_healed":0.0,"max_hp_gain":0.0,"max_hp_loss":0.0,"gold_gain":0.0,"cards_transformed":["Defend_B"],"event_name":"Living Wall","player_choice":"Change","floor":4.0,"gold_loss":0.0,"damage_taken":0.0,"cards_obtained":["Compile Driver"]},{"damage_healed":0.0,"max_hp_gain":0.0,"max_hp_loss":0.0,"gold_gain":0.0,"event_name":"Dead Adventurer","player_choice":"Searched \u00272\u0027 times","floor":10.0,"gold_loss":0.0,"damage_taken":0.0,"relics_obtained":["Unceasing Top"]},{"damage_healed":0.0,"max_hp_gain":0.0,"max_hp_loss":0.0,"gold_gain":90.0,"event_name":"Knowing Skull","player_choice":"GOLD ","floor":27.0,"potions_obtained":[],"gold_loss":0.0,"damage_taken":12.0,"cards_obtained":[]},{"cards_removed":["Compile Driver"],"damage_healed":0.0,"max_hp_gain":0.0,"max_hp_loss":0.0,"gold_gain":0.0,"event_name":"Falling","player_choice":"Removed Attack","floor":38.0,"gold_loss":0.0,"damage_taken":0.0},{"damage_healed":0.0,"max_hp_gain":0.0,"max_hp_loss":0.0,"gold_gain":0.0,"event_name":"SensoryStone","player_choice":"Memory 1","floor":47.0,"gold_loss":0.0,"damage_taken":0.0},{"damage_healed":0.0,"max_hp_gain":0.0,"max_hp_loss":0.0,"gold_gain":0.0,"event_name":"Duplicator","player_choice":"Copied","floor":48.0,"gold_loss":0.0,"damage_taken":0.0,"cards_obtained":["Storm"]}],"is_beta":false,"boss_relics":[{"not_picked":["Calling Bell","Astrolabe"],"picked":"Black Star"},{"not_picked":["FrozenCore","SacredBark"],"picked":"Pandora\u0027s Box"}],"items_purged_floors":[],"is_endless":false,"potions_floor_spawned":[7,11,12,14,19,24,25,31,36,39,44,45],"killed_by":"Awakened One","ascension_level":15}}