{"host":"qmnyg5dk1o6rw6mz","time":1612519841,"event":{"mods":["2.2 Compatiblity","AchievementEnabler","Act Like it!","Aspiration","Astrologer","BaseMod","Better Altar","Better Match","Better Note","Better Sensory Stone","Better Skull","Better Third Choice","Better Vampires","Block Reminder","ChefMod","Colored Map","Colored Powertips","Conspire","Defuse TimeMaze Blight","Disable Question Mark Monsters","Displayed Cursed Tome","Downfall","Energized Spire","GifTheSpireLib","Hermit","Highlight Path","Hubris","Infinite Spire","Jedi Mod","Marisa¡]Ãú«B¡@Å]²z¨F¡^","Minty Spire (QoL Compilation)","Monster B Gone","Pale of the Ancients","Permanent Neow","Quick Restart","Reimu¡]³Õ???¡^","Relic Filter","Relic Sorter","Reliquary","Replay The Spire","Shop Mod","Spicy Shops","StSLib","Synergy Search","The Blue Laboratory","The Construct","The Cursed","The Disciple","The Dragon Tamer","The Gatherer","The Hierophant","The Poker Player","The Runesmith","The Showman","Unceasing Turn Reminder","Wide Potions"],"gold_per_floor":[15,115,75,90,110,138,152,178,246,263,279,294,294,65,65,163,113,127,140,140,158,13,13,43,43,43,43,94,94,122,154,154,264,264,297,297,332,367,4,4,52,52,52,52,79,92,92,124,124,104,104],"floor_reached":50,"language":"ENG","playtime":2511,"items_purged":["Writhe"],"score":874,"play_id":"527c139f-c6d7-483a-9cad-bfd8682ec23e","local_time":"20210205181041","is_ascension_mode":false,"campfire_choices":[{"data":"construct:ClockworkEgg","floor":23,"key":"SMITH"},{"data":"construct:ClockworkEgg+1","floor":27,"key":"SMITH"},{"data":"construct:ClockworkEgg+2","floor":29,"key":"SMITH"},{"data":"construct:ShieldBurst","floor":32,"key":"SMITH"},{"data":"construct:PanicFire","floor":40,"key":"SMITH"},{"data":"construct:ClockworkEgg+1","floor":42,"key":"SMITH"},{"data":"construct:ClockworkEgg+3","floor":47,"key":"SMITH"},{"data":"construct:Construct_Overclock+1","floor":49,"key":"SMITH"}],"circlet_count":0,"master_deck":["construct:Strike_Gold","construct:Strike_Gold","construct:Strike_Gold","construct:Strike_Gold","construct:Strike_Gold","construct:Defend_Gold","construct:Defend_Gold","construct:Defend_Gold","construct:Defend_Gold","construct:Defend_Gold","construct:DefenseMode","construct:PanicFire+1","construct:Synchronize+1","conspire:Blindness","construct:ShieldBurst+1","hubris:Gluttony","construct:ForceCore","construct:Autoturret","construct:Autoturret","hubris:Despair","Hallucinations","construct:Strike_Gold","construct:ReactiveShield","construct:SyphonStrike","construct:ReactiveShield+1","construct:Synchronize","hubris:Wrath","hubris:Greed","hubris:Greed","construct:Construct_Overclock+2","hubris:Greed","construct:Overcharge+1","construct:MemoryTap+1","construct:HeavyBolt+1","construct:ForceCore+1","jedi:thedog","construct:ClockworkEgg+4","Clumsy","Poor:ReiMu","downfall:Malfunctioning","downfall:Icky","construct:HeavyBolt+1","construct:MemoryTap+1","hubris:Greed","hubris:Greed","hubris:Greed"],"relics":["construct:Cogwheel","Sundial","ReplayTheSpireMod:Ring of Challenge","Frozen Egg 2","ReplayTheSpireMod:Ring of Addiction","downfall:ExtraCursedKey","ReplayFunnel","Runesmith:AutoHammer","reliquary:FeatherDuster","Ring of Misfortune","ReplayTheSpireMod:Ring of Collecting","PreservedInsect","energizedSpire:HugeHouse","hubris:TenFootPole","jedi:bottledfury","Tiny Chest","Molten Egg 2","Toxic Egg 2","construct:ClockworkPhoenix","Black Star","Blue Candle","ReplayTheSpireMod:CursedCoin","Pantograph","reliquary:NewFriend","infinitespire:Golems Mask","Meat on the Bone","Toy Ornithopter","SacredBark","Ring of Fury","Oddly Smooth Stone"],"acts_visited":["Exordium","TheCity","TheBeyond"],"potions_floor_usage":[28,28,33,37,46,46,46,50,50],"damage_taken":[{"damage":5.0,"enemies":"conspire:RoseBush","floor":1.0,"turns":6.0},{"damage":14.0,"enemies":"Jaw Worm","floor":4.0,"turns":5.0},{"damage":15.0,"enemies":"Cultist","floor":5.0,"turns":7.0},{"damage":0.0,"enemies":"Gremlin Nob","floor":6.0,"turns":3.0},{"damage":10.0,"enemies":"Lots of Slimes","floor":7.0,"turns":2.0},{"damage":13.0,"enemies":"Lagavulin","floor":8.0,"turns":4.0},{"damage":7.0,"enemies":"3 Louse","floor":10.0,"turns":2.0},{"damage":6.0,"enemies":"conspire:2 RoseBushes","floor":11.0,"turns":5.0},{"damage":17.0,"enemies":"Lots of Slimes","floor":12.0,"turns":3.0},{"damage":0.0,"enemies":"The Guardian","floor":16.0,"turns":10.0},{"damage":8,"enemies":"3 Byrds","floor":18,"turns":7},{"damage":1,"enemies":"Chosen","floor":19,"turns":5},{"damage":3,"enemies":"Snake Plant","floor":21,"turns":3},{"damage":10,"enemies":"Book of Stabbing","floor":24,"turns":4},{"damage":0,"enemies":"conspire:Head Lice","floor":28,"turns":5},{"damage":27,"enemies":"3 Cultists","floor":30,"turns":4},{"damage":16,"enemies":"Sentry and Sphere","floor":31,"turns":7},{"damage":12,"enemies":"Automaton","floor":33,"turns":10},{"damage":11,"enemies":"3 Shapes","floor":35,"turns":4},{"damage":2,"enemies":"Orb Walker","floor":37,"turns":5},{"damage":37,"enemies":"Jaw Worm Horde","floor":38,"turns":6},{"damage":29,"enemies":"Nightmare","floor":41,"turns":8},{"damage":2,"enemies":"Transient","floor":46,"turns":5},{"damage":0,"enemies":"Maw","floor":48,"turns":7},{"damage":94,"enemies":"infinitespire:MassOfShapes","floor":50,"turns":4}],"seed_played":"1366909595296479371","potions_obtained":[{"floor":3.0,"key":"GamblersBrew"},{"floor":3.0,"key":"CultistPotion"},{"floor":5.0,"key":"DistilledChaos"},{"floor":6.0,"key":"Weak Potion"},{"floor":10.0,"key":"Dexterity Potion"},{"floor":11.0,"key":"SkillPotion"},{"floor":12.0,"key":"Venom Potion"},{"floor":16.0,"key":"Toxic Potion"},{"floor":18,"key":"Explosive Potion"},{"floor":21,"key":"Explosive Potion"},{"floor":31,"key":"BlessingOfTheForge"},{"floor":33,"key":"blueLaboratory:BottledHope"},{"floor":38,"key":"blueLaboratory:PyrophylliteBrew"},{"floor":43,"key":"Block Potion"},{"floor":46,"key":"Explosive Potion"},{"floor":48,"key":"blueLaboratory:BottledHope"}],"is_trial":false,"path_per_floor":["M","?","?","M","M","E","M","E","T","M","M","M","?","$","R_BF","B",null,"M","M","?","M","$","R","E","$","T","R","E","R","M","M","R","B",null,"M","?","M","M","$","R","NM","R","T","?","T","M","R","M","R","B"],"character_chosen":"THE_CONSTRUCT_MOD","items_purchased":["PreservedInsect","hubris:TenFootPole","Blue Candle","ReplayTheSpireMod:CursedCoin","Pantograph"],"campfire_rested":0,"item_purchase_floors":[14,22,39,39,39],"current_hp_per_floor":[80,85,85,71,56,56,46,33,33,26,20,3,3,3,30,30,85,77,76,76,73,73,73,63,63,63,63,63,63,36,20,20,8,85,74,74,72,35,35,35,6,6,6,6,6,31,31,43,43,0,0],"gold":104,"neow_bonus":"THREE_RARE_CARDS","is_daily":false,"chose_seed":false,"campfire_upgraded":8,"win_rate":0.0,"timestamp":1612519841,"path_taken":["M","?","?","?","M","E","?","E","T","M","M","M","?","$","R_BF","BOSS","M","M","?","?","$","R","E","$","T","R","E","R","?","M","R","BOSS","M","?","M","M","$","R","NM","R","T","?","?","?","R","M","R","BOSS"],"items_purchased_type":["Relic","Relic","Relic","Relic","Relic"],"build_version":"2020-12-22","purchased_purges":1,"victory":false,"max_hp_per_floor":[85,90,90,90,90,90,90,90,90,90,90,90,90,90,90,90,85,85,85,85,85,85,85,85,85,85,85,85,85,85,85,85,85,85,85,85,85,85,85,85,85,85,85,85,85,85,85,85,85,83,83],"card_choices":[{"not_picked":["construct:HastyRepair","construct:SpinDrive"],"picked":"construct:PanicFire","floor":0.0},{"not_picked":["construct:Zapper","construct:Accumulate"],"picked":"construct:Synchronize","floor":1.0},{"not_picked":["construct:FocusedBeam","construct:Analyze","construct:Hazardproof"],"picked":"SKIP","floor":4.0},{"not_picked":["construct:Enhance","construct:Backup"],"picked":"construct:ForceCore","floor":5.0},{"not_picked":["construct:Chainstrike","construct:GatlingGun"],"picked":"construct:Autoturret","floor":6.0},{"not_picked":["construct:Forcefield","construct:ClusterMines"],"picked":"construct:Isolate","floor":7.0},{"not_picked":["construct:Analyze","construct:ScrapCannon"],"picked":"construct:Autoturret","floor":8.0},{"not_picked":["construct:Accumulate","construct:Reinforce","construct:OneWayMirror"],"picked":"SKIP","floor":10.0},{"not_picked":["construct:HeavyBolt","construct:FocusedBeam","construct:Enhance"],"picked":"SKIP","floor":11.0},{"not_picked":["construct:Forcefield","construct:ShiftStrike","construct:SuppressiveFire"],"picked":"SKIP","floor":12.0},{"not_picked":["construct:ShiftingStance","construct:MemoryTap"],"picked":"construct:ClockworkEgg","floor":16.0},{"not_picked":["construct:ScrapCannon","construct:ShiftStrike"],"picked":"construct:SyphonStrike","floor":18},{"not_picked":["construct:Autoturret","construct:Overcharge"],"picked":"construct:ReactiveShield+1","floor":19},{"not_picked":["construct:SaveState","construct:Boost+1","construct:FierceBash+1"],"picked":"SKIP","floor":21},{"not_picked":["construct:Disrupt","construct:ShieldBurst"],"picked":"construct:Synchronize","floor":24},{"not_picked":["construct:MetalShell","construct:FierceBash"],"picked":"construct:Construct_Overclock+1","floor":28},{"not_picked":["construct:Forcefield","construct:SuppressiveFire+1","construct:MetalShell"],"picked":"SKIP","floor":30},{"not_picked":["construct:Boost+1","construct:SiegeForm+1"],"picked":"construct:Overcharge+1","floor":31},{"not_picked":["construct:HyperBeam+1","construct:Multistage+1"],"picked":"construct:MemoryTap+1","floor":33},{"not_picked":["construct:CriticalHit+1","construct:Versatility+1"],"picked":"construct:HeavyBolt+1","floor":35},{"not_picked":["construct:ShiftStrike+1","construct:Backfire+1","construct:Isolate+1"],"picked":"SKIP","floor":37},{"not_picked":["construct:FierceBash+1","construct:ClusterMines+1"],"picked":"construct:ForceCore+1","floor":38},{"not_picked":["construct:SyphonStrike+1","construct:Disrupt+1"],"picked":"construct:ClockworkEgg+1","floor":41},{"not_picked":["construct:Forcefield+1","construct:Disrupt+1"],"picked":"construct:HeavyBolt+1","floor":46},{"not_picked":["construct:MetalShell+1","construct:Backfire+1"],"picked":"construct:MemoryTap+1","floor":48}],"player_experience":241201,"relics_obtained":[{"floor":6.0,"key":"ReplayFunnel"},{"floor":8.0,"key":"Runesmith:AutoHammer"},{"floor":9.0,"key":"reliquary:FeatherDuster"},{"floor":13.0,"key":"Ring of Misfortune"},{"floor":13.0,"key":"ReplayTheSpireMod:Ring of Collecting"},{"floor":24,"key":"jedi:bottledfury"},{"floor":26,"key":"ReplayTheSpireMod:Ring of Challenge"},{"floor":26,"key":"Frozen Egg 2"},{"floor":28,"key":"Tiny Chest"},{"floor":41,"key":"reliquary:NewFriend"},{"floor":41,"key":"infinitespire:Golems Mask"},{"floor":43,"key":"ReplayTheSpireMod:Ring of Addiction"},{"floor":43,"key":"Meat on the Bone"},{"floor":43,"key":"Toy Ornithopter"},{"floor":43,"key":"SacredBark"},{"floor":45,"key":"Ring of Fury"},{"floor":45,"key":"Oddly Smooth Stone"},{"floor":48,"key":"Sundial"}],"event_choices":[{"damage_healed":0.0,"max_hp_gain":0.0,"max_hp_loss":0.0,"gold_gain":0.0,"event_name":"The Woman in Blue","player_choice":"Bought 3 Potions","floor":3.0,"gold_loss":0.0,"damage_taken":0.0},{"cards_removed":["construct:ClockworkEgg"],"damage_healed":0,"gold_gain":0,"player_choice":"Give","damage_taken":0,"max_hp_gain":0,"max_hp_loss":0,"event_name":"betterNote:BetterNote","floor":20,"gold_loss":0,"cards_obtained":["None"]},{"damage_healed":0,"gold_gain":0,"player_choice":"Leave","damage_taken":0,"max_hp_gain":0,"max_hp_loss":0,"event_name":"conspire:Investor","floor":36,"gold_loss":0},{"damage_healed":0,"gold_gain":0,"player_choice":"Forge","damage_taken":0,"max_hp_gain":0,"max_hp_loss":0,"event_name":"Accursed Blacksmith","floor":44,"gold_loss":0,"cards_upgraded":["construct:ClockworkEgg"]}],"is_beta":false,"boss_relics":[{"not_picked":["SlaversCollar","Coffee Dripper"],"picked":"energizedSpire:HugeHouse"},{"not_picked":["reliquary:KinkedSpring","hubris:CrackedHourglass"],"picked":"Black Star"}],"items_purged_floors":[14],"is_endless":false,"potions_floor_spawned":[5,6,10,11,12,16,18,21,31,33,38,46,48],"killed_by":"infinitespire:MassOfShapes","ascension_level":0}}