{"host":"j4g6ia6asvpyu2b0","time":1612554508,"event":{"mods":["BaseMod","Colored Map","Downfall","Minty Spire (QoL Compilation)","Permanent Neow","Quick Restart","Relic Stats","StSLib","Unceasing Turn Reminder"],"gold_per_floor":[99,109,59,59,44,144,144,164,164,164,164],"floor_reached":9,"language":"ENG","playtime":500,"items_purged":[],"score":49,"play_id":"261c8569-0e19-4470-a33b-801ffd04027a","local_time":"20210205124828","is_ascension_mode":false,"campfire_choices":[{"data":"Metamorphosis","floor":1,"key":"SMITH"}],"circlet_count":0,"master_deck":["champ:Strike","champ:Strike","champ:Strike","champ:Defend","champ:Defend","champ:Defend","champ:Defend","champ:Execute","champ:Taunt","Metamorphosis+1","champ:EnGarde","champ:ArenaPreparation","champ:GladiatorStyle","champ:FanOfKnives","champ:FanOfKnives","champ:EnragedBash"],"relics":["champ:ChampionCrown","CloakClasp","Question Card"],"acts_visited":["Exordium"],"potions_floor_usage":[9],"damage_taken":[{"damage":1,"enemies":"Cultist","floor":2,"turns":3},{"damage":5,"enemies":"downfall:FleeingMerchant","floor":3,"turns":5},{"damage":15,"enemies":"downfall:FleeingMerchant","floor":5,"turns":4},{"damage":41,"enemies":"downfall:FleeingMerchant","floor":6,"turns":10},{"damage":0,"enemies":"Jaw Worm","floor":8,"turns":3},{"damage":26,"enemies":"Gremlin Nob","floor":9,"turns":3}],"seed_played":"-5629113224464235221","potions_obtained":[{"floor":6,"key":"BlessingOfTheForge"}],"is_trial":false,"path_per_floor":["R","M","$","?","$","?","T","M","E"],"character_chosen":"THE_CHAMP","items_purchased":["champ:GladiatorStyle"],"campfire_rested":0,"item_purchase_floors":[3],"current_hp_per_floor":[63,62,57,57,42,17,17,17,0,0,0],"gold":164,"neow_bonus":"RANDOM_COLORLESS_2","is_daily":false,"chose_seed":false,"campfire_upgraded":1,"win_rate":0.0,"timestamp":1612554508,"path_taken":["R","M","$","?","$","?","T","M","E"],"items_purchased_type":["Card"],"build_version":"2020-12-22","purchased_purges":0,"victory":false,"max_hp_per_floor":[90,90,90,90,90,90,90,90,90,90,90],"relic_stats":{"counters":[6,28],"CloakClasp":[11],"Question Card":1,"obtain_stats":[{"champ:ChampionCrown":0,"CloakClasp":6,"Question Card":7},{"champ:ChampionCrown":0,"CloakClasp":4,"Question Card":4},{"champ:ChampionCrown":0,"CloakClasp":22,"Question Card":22}]},"card_choices":[{"not_picked":["Violence","Thinking Ahead"],"picked":"Metamorphosis","floor":0},{"not_picked":["champ:DefensiveShout","champ:StanceDance"],"picked":"champ:EnGarde","floor":2},{"not_picked":["champ:BerserkersShout","champ:StanceDance"],"picked":"champ:ArenaPreparation","floor":3},{"not_picked":["champ:AdrenalArmor","champ:CrownThrow"],"picked":"champ:FanOfKnives","floor":5},{"not_picked":["champ:CrownThrow","champ:BladeFlurry"],"picked":"champ:FanOfKnives","floor":6},{"not_picked":["champ:FanOfKnives","champ:DefensiveShout","champ:CrownThrow"],"picked":"champ:EnragedBash","floor":8}],"player_experience":1175322,"relics_obtained":[{"floor":6,"key":"CloakClasp"},{"floor":7,"key":"Question Card"}],"event_choices":[],"is_beta":false,"boss_relics":[],"items_purged_floors":[],"is_endless":false,"potions_floor_spawned":[6],"killed_by":"Gremlin Nob","ascension_level":0}}