{"host":"eaiphzh066bwqdh7","time":1612549108,"event":{"mods":["BaseMod","Better Note","Halation","Hubris","Minty Spire (QoL Compilation)","Reliquary","Replay The Spire","StSLib"],"gold_per_floor":[118,118,133,151,169,169,180,180,229,249,249,22,48,48,48,48,48],"floor_reached":16,"language":"ENG","playtime":396,"items_purged":[],"score":117,"play_id":"8b030218-f707-4cd1-ba28-99f609aac726","local_time":"20210205131828","is_ascension_mode":true,"campfire_choices":[{"floor":6,"key":"REST"},{"floor":8,"key":"REST"},{"floor":11,"key":"REST"},{"floor":15,"key":"REST"}],"circlet_count":0,"master_deck":["Strike_P","Strike_P","Strike_P","Strike_P","Defend_P","Defend_P","Defend_P","Eruption","Vigilance","Secret Weapon","CarveReality","Replay:LoomingThreat","BattleHymn"],"relics":["PureWater","halation:LettersToHer","Blue Doll","Gambling Chip"],"acts_visited":["Exordium"],"potions_floor_usage":[13,13,13],"damage_taken":[{"damage":2,"enemies":"Jaw Worm","floor":1,"turns":3},{"damage":0,"enemies":"Cultist","floor":3,"turns":2},{"damage":0,"enemies":"2 Louse","floor":4,"turns":2},{"damage":34,"enemies":"Exordium Wildlife","floor":5,"turns":5},{"damage":18,"enemies":"3 Louse","floor":7,"turns":4},{"damage":8,"enemies":"Blue Slaver","floor":10,"turns":3},{"damage":30,"enemies":"Replay:BlueRogue","floor":13,"turns":4},{"damage":58,"enemies":"Fading Forest","floor":16,"turns":7}],"seed_played":"-308596733459243916","potions_obtained":[{"floor":1,"key":"EssenceOfSteel"},{"floor":4,"key":"Languid Potion"},{"floor":7,"key":"Ancient Potion"}],"is_trial":false,"path_per_floor":["M","?","M","M","M","R","M","R","T","M","R","$","E","$","R","B"],"character_chosen":"WATCHER","items_purchased":["Blue Doll","BattleHymn"],"campfire_rested":4,"item_purchase_floors":[12,12],"current_hp_per_floor":[49,49,49,49,15,36,18,39,39,31,52,52,22,22,43,0,0],"gold":48,"neow_bonus":"RANDOM_COLORLESS_2","is_daily":false,"chose_seed":false,"campfire_upgraded":0,"win_rate":0.0,"timestamp":1612549108,"path_taken":["M","?","M","?","M","R","M","R","T","M","R","$","E","$","R","BOSS"],"items_purchased_type":["Relic","Card"],"build_version":"2020-12-22","purchased_purges":0,"victory":false,"max_hp_per_floor":[72,72,72,72,72,72,72,72,72,72,72,72,72,72,72,72,72],"card_choices":[{"not_picked":["Violence","Midas Touch"],"picked":"Secret Weapon","floor":0},{"not_picked":["FlyingSleeves","ClearTheMind","EmptyFist"],"picked":"SKIP","floor":1},{"not_picked":["Replay:Battleflow","MentalFortress","InnerPeace"],"picked":"SKIP","floor":3},{"not_picked":["ClearTheMind","Replay:Cycle","Vengeance"],"picked":"SKIP","floor":4},{"not_picked":["FollowUp","Replay:AtTheReady","ThirdEye"],"picked":"SKIP","floor":5},{"not_picked":["MentalFortress","Replay:ManipulateFuture","SandsOfTime"],"picked":"SKIP","floor":7},{"not_picked":["Nirvana","Replay:Anticipation"],"picked":"Replay:LoomingThreat","floor":10},{"not_picked":["FearNoEvil","BowlingBash","CarveReality"],"picked":"SKIP","floor":13}],"player_experience":263243,"relics_obtained":[{"floor":9,"key":"halation:LettersToHer"},{"floor":13,"key":"Gambling Chip"}],"event_choices":[{"damage_healed":0,"gold_gain":0,"cards_transformed":["Defend_P"],"player_choice":"Transformed","damage_taken":0,"max_hp_gain":0,"max_hp_loss":0,"event_name":"Transmorgrifier","floor":2,"gold_loss":0,"cards_obtained":["CarveReality"]}],"is_beta":false,"boss_relics":[],"items_purged_floors":[],"is_endless":false,"potions_floor_spawned":[1,4,7],"killed_by":"Fading Forest","ascension_level":3}}