{"host":"vqgrg90fv56geajp","time":1612549861,"event":{"mods":["BaseMod","Colored Map","Colored Powertips","Minty Spire (QoL Compilation)","Quick Restart","Rare Cards Sparkle","Relic Stats"],"gold_per_floor":[113,113,37,47,47,79,79,94,121,152,170,170,186,200,200,200,200],"floor_reached":16,"language":"ENG","playtime":562,"items_purged":[],"score":224,"play_id":"56990011-e1c9-4617-9f5f-e2494e846e2e","local_time":"20210205203101","is_ascension_mode":true,"campfire_choices":[{"data":"Noxious Fumes","floor":7,"key":"SMITH"},{"floor":12,"key":"REST"},{"floor":15,"key":"REST"}],"circlet_count":0,"master_deck":["AscendersBane","Strike_G","Strike_G+1","Strike_G","Strike_G+1","Defend_G","Defend_G","Defend_G","Defend_G","Defend_G","Survivor","Neutralize","Crippling Poison","Noxious Fumes+1","Dagger Spray","Decay","Deadly Poison","Backflip","Poisoned Stab","Envenom","Blur","Expertise"],"relics":["Ring of the Snake","NeowsBlessing","Whetstone","Bronze Scales","Ginger"],"acts_visited":["Exordium"],"potions_floor_usage":[10,11],"damage_taken":[{"damage":0,"enemies":"Small Slimes","floor":1,"turns":1},{"damage":0,"enemies":"Cultist","floor":4,"turns":1},{"damage":2,"enemies":"Lagavulin","floor":6,"turns":1},{"damage":11,"enemies":"Jaw Worm","floor":8,"turns":4},{"damage":22,"enemies":"3 Sentries","floor":10,"turns":6},{"damage":7,"enemies":"Lots of Slimes","floor":11,"turns":3},{"damage":3,"enemies":"2 Fungi Beasts","floor":13,"turns":4},{"damage":9,"enemies":"Looter","floor":14,"turns":4},{"damage":50,"enemies":"Slime Boss","floor":16,"turns":6}],"seed_played":"-5206274185639490567","potions_obtained":[{"floor":1,"key":"SneckoOil"},{"floor":10,"key":"Poison Potion"}],"is_trial":false,"path_per_floor":["M","?","$","M","?","E","R","M","T","E","M","R","M","M","R","B"],"character_chosen":"THE_SILENT","items_purchased":["Noxious Fumes"],"campfire_rested":2,"item_purchase_floors":[3],"current_hp_per_floor":[59,52,52,52,52,50,50,39,39,17,10,29,26,17,36,0,0],"gold":200,"neow_bonus":"THREE_ENEMY_KILL","is_daily":false,"chose_seed":false,"campfire_upgraded":1,"win_rate":0.0,"timestamp":1612549861,"path_taken":["M","?","$","M","?","E","R","M","T","E","M","R","?","M","R","BOSS"],"items_purchased_type":["Card"],"build_version":"2020-12-22","purchased_purges":0,"victory":false,"max_hp_per_floor":[66,66,66,66,66,66,66,66,66,66,66,66,66,66,66,66,66],"relic_stats":{"counters":[9,30],"Bronze Scales":[57],"Whetstone":["Strike_G","Strike_G"],"Ginger":[2],"obtain_stats":[{"NeowsBlessing":0,"Bronze Scales":9,"Whetstone":6,"Ginger":10,"Ring of the Snake":0},{"NeowsBlessing":0,"Bronze Scales":4,"Whetstone":3,"Ginger":5,"Ring of the Snake":0},{"NeowsBlessing":0,"Bronze Scales":7,"Whetstone":3,"Ginger":13,"Ring of the Snake":0}],"Ring of the Snake":[18]},"card_choices":[{"not_picked":["Quick Slash","Slice"],"picked":"Crippling Poison","floor":1},{"not_picked":["Flying Knee","Setup"],"picked":"Dagger Spray","floor":4},{"not_picked":["Calculated Gamble","Escape Plan"],"picked":"Deadly Poison","floor":6},{"not_picked":["Eviscerate","Terror"],"picked":"Backflip","floor":8},{"not_picked":["Reflex","Riddle With Holes"],"picked":"Poisoned Stab","floor":10},{"not_picked":["Dagger Spray","Backflip"],"picked":"Envenom","floor":11},{"not_picked":["Slice","Prepared"],"picked":"Blur","floor":13},{"not_picked":["Terror","Setup"],"picked":"Expertise","floor":14}],"player_experience":2554144,"relics_obtained":[{"floor":6,"key":"Whetstone"},{"floor":9,"key":"Bronze Scales"},{"floor":10,"key":"Ginger"}],"event_choices":[{"cards_removed":["Strike_G"],"damage_healed":0,"gold_gain":0,"player_choice":"Card Removal","damage_taken":7,"max_hp_gain":0,"max_hp_loss":0,"event_name":"Golden Wing","floor":2,"gold_loss":0},{"damage_healed":0,"gold_gain":0,"player_choice":"Cursed","damage_taken":0,"max_hp_gain":0,"max_hp_loss":0,"event_name":"Wheel of Change","floor":5,"gold_loss":0,"cards_obtained":["Decay"]}],"is_beta":false,"boss_relics":[],"items_purged_floors":[],"is_endless":false,"potions_floor_spawned":[1,10],"killed_by":"Slime Boss","ascension_level":20}}