{"host":"2g68u5ewu4bp0ui7","time":1612543120,"event":{"mods":["AchievementEnabler","BaseMod","Best Route Mod","Block Reminder","Colored Map","Colored Powertips","Highlight Path","Minty Spire (QoL Compilation)","Quick Restart","Shop Mod","SuperFastMode","everything is the same but u backflip on backflip","slay the spire mod where everything is the same but ironclad has a cowboy hat"],"gold_per_floor":[116,116,188,128,147,174,194,194,221,231,231,283,283,294,294,389,439,454,464,464,379,379,379,379,379],"floor_reached":24,"language":"ENG","playtime":2296,"items_purged":["Strike_R"],"score":194,"play_id":"bedb3119-73de-4865-9c4a-ef805b374cd5","local_time":"20210205183840","is_ascension_mode":false,"campfire_choices":[{"floor":13,"key":"REST"},{"floor":15,"key":"REST"},{"floor":23,"key":"REST"}],"circlet_count":0,"master_deck":["Strike_R","Strike_R+1","Strike_R","Defend_R","Defend_R","Defend_R","Defend_R","Bash+1","Armaments","Shrug It Off","Demon Form","Shrug It Off","Flame Barrier","Body Slam","True Grit+1"],"relics":["Burning Blood","The Courier","Vajra","Juzu Bracelet","Lantern","Tiny House","Paper Frog"],"acts_visited":["Exordium","TheCity"],"potions_floor_usage":[14,16],"damage_taken":[{"damage":5,"enemies":"Small Slimes","floor":1,"turns":5},{"damage":2,"enemies":"Jaw Worm","floor":5,"turns":5},{"damage":64,"enemies":"Gremlin Nob","floor":6,"turns":7},{"damage":3,"enemies":"2 Louse","floor":7,"turns":6},{"damage":7,"enemies":"Blue Slaver","floor":10,"turns":6},{"damage":16,"enemies":"Large Slime","floor":14,"turns":6},{"damage":47,"enemies":"Slime Boss","floor":16,"turns":17},{"damage":11,"enemies":"Shell Parasite","floor":18,"turns":8},{"damage":34,"enemies":"3 Byrds","floor":19,"turns":9},{"damage":103,"enemies":"Book of Stabbing","floor":24,"turns":9}],"seed_played":"-867992860205702312","potions_obtained":[{"floor":1,"key":"CultistPotion"},{"floor":6,"key":"ElixirPotion"},{"floor":7,"key":"Swift Potion"},{"floor":17,"key":"FairyPotion"},{"floor":18,"key":"GamblersBrew"}],"is_trial":false,"path_per_floor":["M","?","T","$","M","E","M","?","T","M","?","T","R","M","R","B",null,"M","M","?","?","?","R","E"],"character_chosen":"IRONCLAD","items_purchased":[],"campfire_rested":3,"item_purchase_floors":[],"current_hp_per_floor":[80,73,73,73,77,19,22,22,22,21,21,21,45,35,59,18,85,80,52,36,36,36,63,0,0],"gold":379,"neow_bonus":"UPGRADE_CARD","is_daily":false,"chose_seed":false,"campfire_upgraded":0,"win_rate":0.0,"timestamp":1612543120,"path_taken":["M","?","?","?","M","E","?","?","T","M","?","?","R","M","R","BOSS","M","M","?","?","?","R","E"],"items_purchased_type":[],"build_version":"2020-12-22","purchased_purges":1,"victory":false,"max_hp_per_floor":[80,80,80,80,80,80,80,80,80,80,80,80,80,80,80,80,85,85,85,90,90,90,90,90,90],"card_choices":[{"not_picked":["Battle Trance","Feel No Pain"],"picked":"Armaments","floor":1},{"not_picked":["Reckless Charge","Wild Strike"],"picked":"Shrug It Off","floor":5},{"not_picked":["Dropkick","Anger"],"picked":"Demon Form","floor":6},{"not_picked":["Warcry","Feel No Pain","Disarm"],"picked":"SKIP","floor":7},{"not_picked":["Seeing Red","Armaments"],"picked":"Shrug It Off","floor":10},{"not_picked":["Pummel","Feel No Pain"],"picked":"Flame Barrier","floor":14},{"not_picked":["Burning Pact","Sword Boomerang"],"picked":"Body Slam","floor":17},{"not_picked":["Uppercut","Twin Strike"],"picked":"True Grit+1","floor":18},{"not_picked":["Heavy Blade+1","Anger","Warcry+1"],"picked":"SKIP","floor":19}],"player_experience":71523,"relics_obtained":[{"floor":3,"key":"The Courier"},{"floor":6,"key":"Vajra"},{"floor":9,"key":"Juzu Bracelet"},{"floor":12,"key":"Lantern"}],"event_choices":[{"cards_removed":["Strike_R"],"damage_healed":0,"gold_gain":0,"player_choice":"Card Removal","damage_taken":7,"max_hp_gain":0,"max_hp_loss":0,"event_name":"Golden Wing","floor":2,"gold_loss":0},{"damage_healed":0,"gold_gain":0,"player_choice":"Fled","damage_taken":0,"max_hp_gain":0,"max_hp_loss":0,"event_name":"Scrap Ooze","floor":8,"gold_loss":0},{"damage_healed":0,"gold_gain":0,"player_choice":"Searched \u00270\u0027 times","damage_taken":0,"max_hp_gain":0,"max_hp_loss":0,"event_name":"Dead Adventurer","floor":11,"gold_loss":0},{"damage_healed":0,"gold_gain":0,"player_choice":"Shed Blood","damage_taken":21,"max_hp_gain":5,"max_hp_loss":0,"event_name":"Forgotten Altar","floor":20,"gold_loss":0},{"damage_healed":0,"gold_gain":0,"player_choice":"Obtained Relic","damage_taken":0,"relics_obtained":["Paper Frog"],"max_hp_gain":0,"max_hp_loss":0,"event_name":"Addict","floor":21,"gold_loss":85},{"damage_healed":0,"gold_gain":0,"player_choice":"Ignored","damage_taken":0,"max_hp_gain":0,"max_hp_loss":0,"event_name":"NoteForYourself","floor":22,"gold_loss":0}],"is_beta":false,"boss_relics":[{"not_picked":["Astrolabe","Runic Cube"],"picked":"Tiny House"}],"items_purged_floors":[4],"is_endless":false,"potions_floor_spawned":[1,6,7,18],"killed_by":"Book of Stabbing","ascension_level":0}}