{"host":"c6u7e77myxvw4d0m","time":1612515202,"event":{"mods":["AchievementEnabler","BaseMod","Bestiary","Colored Map","Colored Powertips","Minty Spire (QoL Compilation)","Rare Cards Sparkle","Relic Stats","everything is the same but u backflip on backflip"],"gold_per_floor":[119,84,104,116,133,166,166,191,264,264,264,264,321,40,40,40,40],"floor_reached":16,"language":"ENG","playtime":863,"items_purged":["Strike_G"],"score":216,"play_id":"74ab312d-2e55-4a77-8462-c8792836e103","local_time":"20210205105322","is_ascension_mode":true,"campfire_choices":[{"floor":7,"key":"REST"},{"floor":10,"key":"REST"},{"data":"Die Die Die","floor":11,"key":"SMITH"},{"data":"Quick Slash","floor":12,"key":"SMITH"},{"floor":15,"key":"REST"}],"circlet_count":0,"master_deck":["AscendersBane","Strike_G","Strike_G","Strike_G","Strike_G","Defend_G","Defend_G","Defend_G","Defend_G","Defend_G","Survivor","Neutralize","CurseOfTheBell","Eviscerate","Die Die Die+1","Prepared","Quick Slash+1","Dagger Throw","Cloak And Dagger","Blur"],"relics":["Calling Bell","Ginger","Singing Bowl","Nunchaku","Bottled Flame","WingedGreaves","Paper Crane","Bronze Scales","Vajra"],"acts_visited":["Exordium"],"potions_floor_usage":[5,6,13],"damage_taken":[{"damage":6,"enemies":"2 Louse","floor":1,"turns":4},{"damage":1,"enemies":"Small Slimes","floor":3,"turns":3},{"damage":0,"enemies":"Jaw Worm","floor":4,"turns":3},{"damage":10,"enemies":"Gremlin Gang","floor":5,"turns":4},{"damage":42,"enemies":"Gremlin Nob","floor":6,"turns":5},{"damage":22,"enemies":"3 Sentries","floor":8,"turns":7},{"damage":22,"enemies":"Gremlin Nob","floor":13,"turns":4},{"damage":31,"enemies":"Slime Boss","floor":16,"turns":7}],"seed_played":"-9189670469096450565","potions_obtained":[{"floor":3,"key":"LiquidMemories"},{"floor":4,"key":"Block Potion"},{"floor":8,"key":"ColorlessPotion"}],"is_trial":false,"path_per_floor":["M","?","M","M","M","E","R","E","T","R","R","R","?","$","R","B"],"character_chosen":"THE_SILENT","items_purchased":["Vajra","Blur"],"campfire_rested":3,"item_purchase_floors":[14,14],"current_hp_per_floor":[53,66,65,65,55,13,32,10,10,29,29,29,9,9,29,0,0],"gold":40,"neow_bonus":"BOSS_RELIC","is_daily":false,"chose_seed":false,"campfire_upgraded":2,"win_rate":0.0,"timestamp":1612515202,"path_taken":["M","?","M","M","M","E","R","E","T","R","R","R","?","$","R","BOSS"],"items_purchased_type":["Relic","Card"],"build_version":"2020-12-22","purchased_purges":1,"victory":false,"max_hp_per_floor":[66,66,66,66,66,66,66,66,66,66,66,66,68,68,68,68,68],"relic_stats":{"Nunchaku":[6],"Singing Bowl":2,"counters":[8,37],"Bronze Scales":[3],"Ginger":[4],"obtain_stats":[{"Calling Bell":0,"Nunchaku":0,"Bottled Flame":6,"Singing Bowl":0,"Bronze Scales":13,"Vajra":14,"WingedGreaves":8,"Ginger":0,"Paper Crane":9,"Ring of the Snake":0},{"Calling Bell":0,"Nunchaku":0,"Bottled Flame":5,"Singing Bowl":0,"Bronze Scales":7,"Vajra":7,"WingedGreaves":6,"Ginger":0,"Paper Crane":6,"Ring of the Snake":0},{"Calling Bell":0,"Nunchaku":0,"Bottled Flame":19,"Singing Bowl":0,"Bronze Scales":30,"Vajra":30,"WingedGreaves":26,"Ginger":0,"Paper Crane":26,"Ring of the Snake":0}]},"card_choices":[{"not_picked":["Terror","Prepared"],"picked":"Eviscerate","floor":1},{"not_picked":["Poisoned Stab","Calculated Gamble"],"picked":"Die Die Die","floor":3},{"not_picked":["Accuracy","Flying Knee"],"picked":"Prepared","floor":4},{"not_picked":["Reflex","Escape Plan"],"picked":"Quick Slash","floor":5},{"not_picked":["Poisoned Stab","Bane"],"picked":"Dagger Throw","floor":6},{"not_picked":["Dagger Spray","Flechettes"],"picked":"Cloak And Dagger","floor":8},{"not_picked":["Eviscerate","Flying Knee","Outmaneuver"],"picked":"Singing Bowl","floor":13}],"player_experience":681178,"relics_obtained":[{"floor":0,"key":"Ginger"},{"floor":0,"key":"Singing Bowl"},{"floor":0,"key":"Nunchaku"},{"floor":6,"key":"Bottled Flame"},{"floor":8,"key":"WingedGreaves"},{"floor":9,"key":"Paper Crane"},{"floor":13,"key":"Bronze Scales"}],"event_choices":[{"damage_healed":16,"gold_gain":0,"player_choice":"Healed","damage_taken":0,"max_hp_gain":0,"max_hp_loss":0,"event_name":"The Cleric","floor":2,"gold_loss":35},{"damage_healed":0,"gold_gain":0,"player_choice":"Searched \u00271\u0027 times","damage_taken":0,"max_hp_gain":0,"max_hp_loss":0,"event_name":"Dead Adventurer","floor":13,"gold_loss":0}],"is_beta":false,"boss_relics":[],"items_purged_floors":[14],"is_endless":false,"potions_floor_spawned":[3,4,8],"killed_by":"Slime Boss","ascension_level":20}}