{"host":"p8bnstsjdxjza4jm","time":1612534581,"event":{"mods":["BaseMod","Colored Powertips","Marisa£¨Ùöéë¡¡Øª×âÞÞ£©","Minty Spire (QoL Compilation)","Quick Restart","StSLib"],"gold_per_floor":[117,117,67,242,252,278,291,86,113,140,151,223,123,151,151,252,252,269,269,269,269,49,49,49,76,76,86,103,117,117,137,137,137,137],"floor_reached":33,"language":"KOR","playtime":1554,"items_purged":["Doubt","Strike_R","Defend_R"],"score":350,"play_id":"ae8a903b-2632-4616-aaa4-8ccf200d133f","local_time":"20210205231621","is_ascension_mode":true,"campfire_choices":[{"data":"Inflame","floor":15.0,"key":"SMITH"},{"floor":23.0,"key":"REST"},{"floor":30,"key":"REST"},{"data":"Heavy Blade","floor":32,"key":"SMITH"}],"circlet_count":0,"master_deck":["Strike_R","Strike_R","Strike_R","Defend_R","Defend_R","Defend_R","Bash","Flex","Evolve","Heavy Blade","Inflame+1","Heavy Blade+1","Infernal Blade","Spot Weakness","Heavy Blade+1","Shockwave"],"relics":["Black Blood","NeowsBlessing","Lantern","Thread and Needle","Tiny Chest","Torii","Paper Frog","The Courier","Enchiridion","Gremlin Horn","Vajra","TungstenRod","Blood Vial"],"acts_visited":["Exordium","TheCity"],"potions_floor_usage":[25,25,28,29,31,33],"damage_taken":[{"damage":0.0,"enemies":"Small Slimes","floor":1.0,"turns":1.0},{"damage":0.0,"enemies":"2 Louse","floor":5.0,"turns":1.0},{"damage":0.0,"enemies":"Lagavulin","floor":6.0,"turns":2.0},{"damage":8.0,"enemies":"Jaw Worm","floor":7.0,"turns":4.0},{"damage":0.0,"enemies":"Gremlin Nob","floor":10.0,"turns":3.0},{"damage":7.0,"enemies":"3 Louse","floor":11.0,"turns":3.0},{"damage":10.0,"enemies":"3 Sentries","floor":14.0,"turns":6.0},{"damage":56.0,"enemies":"Hexaghost","floor":16.0,"turns":8.0},{"damage":45.0,"enemies":"3 Byrds","floor":18.0,"turns":7.0},{"damage":38,"enemies":"Slavers","floor":25,"turns":2},{"damage":5,"enemies":"Spheric Guardian","floor":27,"turns":3},{"damage":8,"enemies":"Chosen and Byrds","floor":28,"turns":4},{"damage":12,"enemies":"Snake Plant","floor":29,"turns":2},{"damage":10,"enemies":"Shelled Parasite and Fungi","floor":31,"turns":3},{"damage":88,"enemies":"Automaton","floor":33,"turns":6}],"seed_played":"-6762802193602980657","potions_obtained":[{"floor":5.0,"key":"Block Potion"},{"floor":7.0,"key":"DuplicationPotion"},{"floor":14.0,"key":"CultistPotion"},{"floor":21.0,"key":"CultistPotion"},{"floor":21.0,"key":"SteroidPotion"},{"floor":21.0,"key":"GamblersBrew"},{"floor":27,"key":"Fire Potion"},{"floor":28,"key":"SkillPotion"},{"floor":29,"key":"ColorlessPotion"}],"is_trial":false,"path_per_floor":["M","?","?","?","M","E","M","$","T","E","M","T","$","E","R","B",null,"M","?","T","?","$","R","$","E","T","M","M","M","R","M","R","B"],"character_chosen":"IRONCLAD","items_purchased":["Inflame","Heavy Blade","Vajra"],"campfire_rested":2,"item_purchase_floors":[8,8,22],"current_hp_per_floor":[80,68,68,68,74,80,78,78,78,80,79,79,79,75,75,25,80,47,31,31,31,31,55,55,29,29,38,44,46,70,74,74,0,0],"gold":137,"neow_bonus":"THREE_ENEMY_KILL","is_daily":false,"chose_seed":false,"campfire_upgraded":2,"win_rate":0.0,"timestamp":1612534581,"path_taken":["M","?","?","?","M","E","M","$","T","E","M","?","?","E","R","BOSS","M","?","?","?","$","R","$","E","T","?","M","M","R","M","R","BOSS"],"items_purchased_type":["Card","Card","Relic"],"build_version":"2020-12-22","purchased_purges":3,"victory":false,"max_hp_per_floor":[80,80,80,80,80,80,80,80,80,80,80,80,80,80,80,80,80,80,80,80,80,80,80,80,80,80,80,80,80,80,80,80,80,80],"card_choices":[{"not_picked":["Cleave","Perfected Strike"],"picked":"Flex","floor":1.0},{"not_picked":["Havoc","Whirlwind"],"picked":"Evolve","floor":5.0},{"not_picked":["Perfected Strike","Body Slam"],"picked":"Heavy Blade","floor":6.0},{"not_picked":["Flame Barrier","Sword Boomerang","Shockwave"],"picked":"SKIP","floor":7.0},{"not_picked":["Intimidate","Warcry","True Grit"],"picked":"SKIP","floor":10.0},{"not_picked":["Iron Wave","Clothesline","Anger"],"picked":"SKIP","floor":11.0},{"not_picked":["Dark Embrace","Power Through"],"picked":"Infernal Blade","floor":14.0},{"not_picked":["Rupture","Second Wind","Cleave"],"picked":"SKIP","floor":18.0},{"not_picked":["Sever Soul+1","Dropkick","Fiend Fire"],"picked":"SKIP","floor":25},{"not_picked":["Feel No Pain","Intimidate"],"picked":"Spot Weakness","floor":27},{"not_picked":["Rampage","Dropkick","Havoc"],"picked":"SKIP","floor":28},{"not_picked":["Disarm","Spot Weakness"],"picked":"Heavy Blade+1","floor":29},{"not_picked":["Sentinel","Wild Strike+1"],"picked":"Shockwave","floor":31}],"player_experience":93173,"relics_obtained":[{"floor":6.0,"key":"Thread and Needle"},{"floor":9.0,"key":"Tiny Chest"},{"floor":10.0,"key":"Torii"},{"floor":12.0,"key":"Paper Frog"},{"floor":14.0,"key":"The Courier"},{"floor":19.0,"key":"Enchiridion"},{"floor":20.0,"key":"Gremlin Horn"},{"floor":25,"key":"TungstenRod"},{"floor":26,"key":"Blood Vial"}],"event_choices":[{"damage_healed":0.0,"max_hp_gain":0.0,"max_hp_loss":0.0,"gold_gain":0.0,"event_name":"Scrap Ooze","player_choice":"Success","floor":2.0,"gold_loss":0.0,"damage_taken":12.0,"relics_obtained":["Lantern"]},{"cards_removed":["Strike_R"],"damage_healed":0.0,"max_hp_gain":0.0,"max_hp_loss":0.0,"gold_gain":0.0,"event_name":"The Cleric","player_choice":"Card Removal","floor":3.0,"gold_loss":50.0,"damage_taken":0.0},{"damage_healed":0.0,"max_hp_gain":0.0,"max_hp_loss":0.0,"gold_gain":175.0,"event_name":"Liars Game","player_choice":"AGREE","floor":4.0,"gold_loss":0.0,"damage_taken":0.0,"cards_obtained":["Doubt"]},{"damage_healed":0.0,"max_hp_gain":0.0,"max_hp_loss":0.0,"gold_gain":0.0,"event_name":"Cursed Tome","player_choice":"Obtained Book","floor":19.0,"gold_loss":0.0,"damage_taken":16.0},{"damage_healed":0.0,"max_hp_gain":0.0,"max_hp_loss":0.0,"gold_gain":0.0,"event_name":"Lab","player_choice":"Got Potions","floor":21.0,"gold_loss":0.0,"damage_taken":0.0}],"is_beta":false,"boss_relics":[{"not_picked":["Black Star","Coffee Dripper"],"picked":"Black Blood"}],"items_purged_floors":[8,13,22],"is_endless":false,"potions_floor_spawned":[5,7,14,27,28,29],"killed_by":"Automaton","ascension_level":1}}