{"host":"gk5m6v7zec9neb0j","time":1612551506,"event":{"mods":["AchievementEnabler","AlwaysNeverKeys","BaseMod","BetterRewards","Block Reminder","Minty Spire (QoL Compilation)","Rare Cards Sparkle","Relic Stats","StSLib"],"gold_per_floor":[113,125,136,148,223,223,238,264,345,418,91,110,110,32,32,130,130,130,141,66,80,80,80,95,47,47,47,47,60,79,79,79],"floor_reached":31,"language":"ENG","playtime":1173,"items_purged":["Strike_R"],"score":329,"play_id":"85669ae7-bde1-417e-bb5f-80ba0f650079","local_time":"20210205135826","is_ascension_mode":false,"campfire_choices":[{"data":"Barricade","floor":6,"key":"SMITH"},{"data":"Bash","floor":13,"key":"SMITH"},{"floor":15,"key":"REST"},{"floor":23,"key":"REST"},{"floor":27,"key":"REST"}],"circlet_count":0,"master_deck":["Strike_R","Strike_R","Strike_R","Defend_R","Defend_R","Defend_R","Defend_R","Bash+1","Armaments","Cleave","Barricade+1","Shrug It Off","Warcry","Warcry","Iron Wave","Battle Trance","Impervious","Headbutt","Body Slam","Body Slam","Wild Strike","Shrug It Off","Shrug It Off"],"relics":["Burning Blood","Prayer Wheel","Odd Mushroom","Paper Frog","Kunai","Sundial","Black Star","StoneCalendar","Pantograph"],"acts_visited":["Exordium","TheCity"],"potions_floor_usage":[7,8,16,18,31],"damage_taken":[{"damage":0,"enemies":"Small Slimes","floor":1,"turns":3},{"damage":14,"enemies":"Jaw Worm","floor":2,"turns":4},{"damage":3,"enemies":"Cultist","floor":3,"turns":5},{"damage":21,"enemies":"Lots of Slimes","floor":4,"turns":5},{"damage":6,"enemies":"2 Fungi Beasts","floor":7,"turns":4},{"damage":1,"enemies":"The Mushroom Lair","floor":8,"turns":5},{"damage":6,"enemies":"Exordium Wildlife","floor":12,"turns":6},{"damage":70,"enemies":"Hexaghost","floor":16,"turns":16},{"damage":0,"enemies":"3 Byrds","floor":18,"turns":3},{"damage":43,"enemies":"Spheric Guardian","floor":19,"turns":10},{"damage":33,"enemies":"Snecko","floor":21,"turns":9},{"damage":33,"enemies":"3 Cultists","floor":24,"turns":7},{"damage":21,"enemies":"Centurion and Healer","floor":29,"turns":7},{"damage":7,"enemies":"Snake Plant","floor":30,"turns":7},{"damage":27,"enemies":"Chosen and Byrds","floor":31,"turns":6}],"seed_played":"2129890042296975897","potions_obtained":[{"floor":3,"key":"Regen Potion"},{"floor":7,"key":"DistilledChaos"},{"floor":8,"key":"Fire Potion"},{"floor":12,"key":"SmokeBomb"},{"floor":21,"key":"Fire Potion"},{"floor":24,"key":"SteroidPotion"}],"is_trial":false,"path_per_floor":["M","M","M","M","?","R","M","?","T","T","$","M","R","$","R","B",null,"M","M","?","M","?","R","M","$","T","R","$","M","M","M"],"character_chosen":"IRONCLAD","items_purchased":["Prayer Wheel","Armaments","Sundial","Battle Trance","Shrug It Off"],"campfire_rested":3,"item_purchase_floors":[0,0,11,14,25],"current_hp_per_floor":[73,65,68,53,42,42,47,52,52,52,52,52,52,52,76,12,80,80,43,43,16,16,40,13,13,13,37,37,22,21,0,0],"gold":79,"neow_bonus":"","is_daily":false,"chose_seed":false,"campfire_upgraded":2,"win_rate":0.0,"timestamp":1612551506,"path_taken":["M","M","M","M","?","R","M","?","T","?","$","M","R","$","R","BOSS","M","M","?","M","?","R","?","$","T","R","$","M","M","M"],"items_purchased_type":["Relic","Card","Relic","Card","Card"],"build_version":"2020-12-22","purchased_purges":1,"victory":false,"max_hp_per_floor":[80,80,80,80,80,80,80,80,80,80,80,80,80,80,80,80,80,80,80,80,80,80,80,80,80,80,80,80,80,80,80,80],"relic_stats":{"counters":[54,305],"Sundial":[14],"Pantograph":47,"Prayer Wheel":11,"StoneCalendar":[81],"Black Star":0,"Kunai":[7],"obtain_stats":[{"Singing Bowl":0,"Vajra":0,"Black Blood":17,"StoneCalendar":22,"Juzu Bracelet":25,"Whetstone":43,"Bottled Tornado":31,"PrismaticShard":19,"Burning Blood":0,"ClockworkSouvenir":0,"Dream Catcher":17,"Shovel":0,"Sundial":11,"Pantograph":9,"MealTicket":9,"Prayer Wheel":0,"Kunai":10,"Paper Frog":0,"Oddly Smooth Stone":0,"Frozen Egg 2":0,"Odd Mushroom":8,"Mercury Hourglass":26,"Calling Bell":17,"Ornamental Fan":17,"Bag of Marbles":12,"Black Star":17,"Champion Belt":0,"Bottled Lightning":26,"Pocketwatch":17},{"Singing Bowl":0,"Vajra":0,"Black Blood":7,"StoneCalendar":50,"Juzu Bracelet":35,"Whetstone":20,"Bottled Tornado":15,"PrismaticShard":32,"Burning Blood":0,"ClockworkSouvenir":0,"Dream Catcher":31,"Shovel":0,"Sundial":45,"Pantograph":28,"MealTicket":3,"Prayer Wheel":39,"Kunai":45,"Paper Frog":0,"Oddly Smooth Stone":0,"Frozen Egg 2":0,"Odd Mushroom":45,"Mercury Hourglass":13,"Calling Bell":31,"Ornamental Fan":31,"Bag of Marbles":5,"Black Star":47,"Champion Belt":0,"Bottled Lightning":35,"Pocketwatch":31},{"Singing Bowl":0,"Vajra":0,"Black Blood":34,"StoneCalendar":278,"Juzu Bracelet":186,"Whetstone":116,"Bottled Tornado":78,"PrismaticShard":173,"Burning Blood":0,"ClockworkSouvenir":0,"Dream Catcher":170,"Shovel":0,"Sundial":234,"Pantograph":155,"MealTicket":13,"Prayer Wheel":208,"Kunai":234,"Paper Frog":0,"Oddly Smooth Stone":0,"Frozen Egg 2":0,"Odd Mushroom":234,"Mercury Hourglass":64,"Calling Bell":170,"Ornamental Fan":170,"Bag of Marbles":23,"Black Star":256,"Champion Belt":0,"Bottled Lightning":186,"Pocketwatch":170}],"Burning Blood":390},"card_choices":[{"not_picked":["Body Slam","Anger"],"picked":"Cleave","floor":1},{"not_picked":["Burning Pact","True Grit","Wild Strike"],"picked":"SKIP","floor":1},{"not_picked":["Burning Pact","True Grit","Wild Strike"],"picked":"SKIP","floor":1},{"not_picked":["Clash","Seeing Red"],"picked":"Barricade","floor":2},{"not_picked":["Sentinel","Armaments","Heavy Blade"],"picked":"SKIP","floor":2},{"not_picked":["Reckless Charge","Clash","Sword Boomerang"],"picked":"SKIP","floor":3},{"not_picked":["Thunderclap","Shockwave","Rupture"],"picked":"SKIP","floor":3},{"not_picked":["Perfected Strike","Twin Strike"],"picked":"Shrug It Off","floor":4},{"not_picked":["Cleave","Shockwave","Sword Boomerang"],"picked":"SKIP","floor":4},{"not_picked":["Heavy Blade","Power Through"],"picked":"Warcry","floor":7},{"not_picked":["Power Through","Clash"],"picked":"Warcry","floor":7},{"not_picked":["Heavy Blade","Reaper"],"picked":"Iron Wave","floor":12},{"not_picked":["Pummel","Fire Breathing","Warcry"],"picked":"SKIP","floor":12},{"not_picked":["Fiend Fire","Double Tap"],"picked":"Impervious","floor":16},{"not_picked":["Wild Strike","Dark Embrace+1"],"picked":"Headbutt","floor":19},{"not_picked":["True Grit","Wild Strike","Armaments"],"picked":"SKIP","floor":19},{"not_picked":["Sword Boomerang+1","Wild Strike+1"],"picked":"Body Slam","floor":21},{"not_picked":["Anger","Second Wind","Flex"],"picked":"SKIP","floor":21},{"not_picked":["Flex","Reaper"],"picked":"Body Slam","floor":24},{"not_picked":["Thunderclap+1","Heavy Blade"],"picked":"Wild Strike","floor":24},{"not_picked":["Flame Barrier","Burning Pact","Bloodletting"],"picked":"SKIP","floor":29},{"not_picked":["Heavy Blade","Anger+1","Reckless Charge"],"picked":"SKIP","floor":29},{"not_picked":["Flame Barrier","Carnage"],"picked":"Shrug It Off","floor":30},{"not_picked":["Whirlwind","Sword Boomerang","Armaments"],"picked":"SKIP","floor":30}],"player_experience":783555,"relics_obtained":[{"floor":8,"key":"Odd Mushroom"},{"floor":9,"key":"Paper Frog"},{"floor":10,"key":"Kunai"},{"floor":26,"key":"Pantograph"}],"event_choices":[{"damage_healed":0,"gold_gain":75,"player_choice":"Gather Gold","damage_taken":11,"max_hp_gain":0,"max_hp_loss":0,"event_name":"World of Goop","floor":5,"gold_loss":0},{"damage_healed":0,"gold_gain":0,"player_choice":"Fought Mushrooms","damage_taken":0,"max_hp_gain":0,"max_hp_loss":0,"event_name":"Mushrooms","floor":8,"gold_loss":0},{"cards_removed":["Strike_R"],"damage_healed":0,"gold_gain":0,"player_choice":"Gave Gold","damage_taken":0,"max_hp_gain":0,"max_hp_loss":0,"event_name":"Beggar","floor":20,"gold_loss":75},{"damage_healed":0,"gold_gain":0,"player_choice":"Gave Potion","damage_taken":0,"relics_obtained":["StoneCalendar"],"max_hp_gain":0,"max_hp_loss":0,"event_name":"WeMeetAgain","floor":22,"gold_loss":0}],"is_beta":false,"boss_relics":[{"not_picked":["Mark of Pain","SacredBark"],"picked":"Black Star"}],"items_purged_floors":[11],"is_endless":false,"potions_floor_spawned":[3,7,8,12,21,24],"killed_by":"Chosen and Byrds","ascension_level":0}}