{"host":"d73an99q9oevilk5","time":1612557592,"event":{"mods":["2.2 Compatiblity","AchievementEnabler","Act Like it!","Aspiration","BaseMod","Beaked The Cultist","Better Third Choice","BetterRewards","Colored Map","Colored Powertips","Conspire","Downfall","GifTheSpireLib","Halation","Hubris","Infinite Spire","Marisa????????","Mimic Mod","Minty Spire (QoL Compilation)","Quick Restart","Relic Sorter","Reliquary","Replay The Spire","Shop Mod","Spikes Relics","StSLib","Stuff the Spire","The Cursed","The Necromancer","The Saiyan","Waifu the Spire","egg","slay the spire mod where everything is the same but ironclad has a cowboy hat"],"gold_per_floor":[124,158,185,273,273,273,286,135,216,216,267,307,307,348,348,348,348],"floor_reached":16,"language":"ENG","playtime":786,"items_purged":[],"score":152,"play_id":"4f6d7e76-f6ad-4336-aeba-a26036cea222","local_time":"20210205133952","is_ascension_mode":false,"campfire_choices":[{"floor":6,"key":"REST"},{"data":"WitchOfGreed","floor":6,"key":"SMITH"},{"floor":15,"key":"REST"},{"data":"MysteriousBeam","floor":15,"key":"SMITH"}],"circlet_count":0,"master_deck":["Strike_MRS","Strike_MRS","Strike_MRS","Defend_MRS","Defend_MRS","Defend_MRS","Defend_MRS","MasterSpark","UpSweep","GravityBeat","GalacticHalo","PulseMagic","WitchOfGreed+1","AsteroidBelt+1","MachineGunSpark","DC","UnstableBomb","UnstableBomb","MysteriousBeam","MysteriousBeam+1","Injury"],"relics":["MiniHakkero","infinitespire:Magic Flask","StuffTheSpire:NeowsTribute","reliquary:SilkGlove","halation:NonexistentMirror","ShockBauble","infinitespire:Lucky Rock","Frozen Egg 2"],"acts_visited":["Exordium"],"potions_floor_usage":[11,16],"damage_taken":[{"damage":11,"enemies":"Jaw Worm","floor":1,"turns":3},{"damage":5,"enemies":"Small Slimes","floor":2,"turns":3},{"damage":2,"enemies":"conspire:RoseBush","floor":3,"turns":3},{"damage":4,"enemies":"Blue Slaver","floor":7,"turns":4},{"damage":13,"enemies":"Lagavulin","floor":11,"turns":8},{"damage":0,"enemies":"3 Louse","floor":12,"turns":3},{"damage":13,"enemies":"Exordium Thugs","floor":14,"turns":5},{"damage":67,"enemies":"Fading Forest","floor":16,"turns":10}],"seed_played":"5098017491217234193","potions_obtained":[{"floor":1,"key":"Adrenaline Potion"},{"floor":1,"key":"SmokeBomb"},{"floor":11,"key":"StarNLove"}],"is_trial":false,"path_per_floor":["M","M","M","?","?","R","M","$","T","?","E","M","?","M","R","B"],"character_chosen":"MARISA","items_purchased":["infinitespire:Magic Flask","GalacticHalo","PulseMagic","WitchOfGreed","Weak Potion","halation:NonexistentMirror"],"campfire_rested":2,"item_purchase_floors":[0,0,0,0,0,8],"current_hp_per_floor":[64,59,57,39,39,61,57,57,57,57,44,44,44,31,53,0,0],"gold":348,"neow_bonus":"","is_daily":false,"chose_seed":false,"campfire_upgraded":2,"win_rate":0.0,"timestamp":1612557592,"path_taken":["M","M","M","?","?","R","M","$","T","?","E","M","?","M","R","BOSS"],"items_purchased_type":["Relic","Card","Card","Card","Potion","Relic"],"build_version":"2020-12-22","purchased_purges":0,"victory":false,"max_hp_per_floor":[75,75,75,75,75,75,75,75,75,75,75,75,75,75,75,75,75],"card_choices":[{"not_picked":["ShootTheMoon","6A"],"picked":"AsteroidBelt","floor":1},{"not_picked":["GalacticHalo","ShootingEcho","Occultation"],"picked":"SKIP","floor":2},{"not_picked":["AsteroidBelt","LuminesStrike","WitchOfGreed"],"picked":"SKIP","floor":3},{"not_picked":["AsteroidBelt","BinaryStars"],"picked":"MachineGunSpark","floor":4},{"not_picked":["ShootingEcho","IllusionStar"],"picked":"DC","floor":4},{"not_picked":["ChargeUpSpray","WitchOfGreed","GasGiant"],"picked":"SKIP","floor":7},{"not_picked":["SporeBomb","EscapeVelocity"],"picked":"UnstableBomb","floor":11},{"not_picked":["MilkyWay","PowerUp"],"picked":"MysteriousBeam","floor":12},{"not_picked":["GravityBeat","IllusionStar","DarkSpark"],"picked":"SKIP","floor":14}],"player_experience":1834703,"relics_obtained":[{"floor":4,"key":"reliquary:SilkGlove"},{"floor":9,"key":"ShockBauble"},{"floor":11,"key":"infinitespire:Lucky Rock"}],"event_choices":[{"damage_healed":0,"gold_gain":0,"player_choice":"Ignored","damage_taken":0,"max_hp_gain":0,"max_hp_loss":0,"event_name":"Golden Wing","floor":5,"gold_loss":0},{"damage_healed":0,"gold_gain":0,"player_choice":"Grow","damage_taken":0,"max_hp_gain":0,"max_hp_loss":0,"event_name":"Living Wall","floor":10,"gold_loss":0,"cards_upgraded":["AsteroidBelt"]}],"is_beta":false,"boss_relics":[],"items_purged_floors":[],"is_endless":false,"potions_floor_spawned":[1,7,12],"killed_by":"Fading Forest","ascension_level":0}}