{"host":"06t6i6dwlvtvdxau","time":1612507470,"event":{"mods":["BaseMod","Colored Map","Colored Powertips","GifTheSpireLib","Minty Spire (QoL Compilation)","Quick Restart","Shop Mod","StSLib"],"gold_per_floor":[118,68,243,255,102,102,137,137,209,231,231,248,262,282,282,382,382,396,311,211,86,97,124,137,169,195,195,195],"floor_reached":27,"language":"FRA","playtime":1333,"items_purged":["Doubt","Strike_R","Defend_R"],"score":351,"play_id":"c41649dd-1efa-4f8e-be3b-2119a4ad0be9","local_time":"20210205074430","is_ascension_mode":true,"campfire_choices":[{"data":"Armaments","floor":6.0,"key":"SMITH"},{"data":"Shockwave","floor":8.0,"key":"SMITH"},{"data":"1","floor":11.0,"key":"LIFT"},{"data":"Spot Weakness","floor":15.0,"key":"SMITH"}],"circlet_count":0,"master_deck":["Strike_R","Strike_R","Strike_R","Strike_R","Defend_R","Defend_R","Defend_R","Master of Strategy","Spot Weakness","Shockwave+1","Armaments+1","Cleave","Spot Weakness+1","Sword Boomerang","Fiend Fire","Iron Wave","Reaper"],"relics":["Burning Blood","Girya","Letter Opener","Odd Mushroom","Black Star","StoneCalendar","Tiny Chest","Oddly Smooth Stone","Kunai","White Beast Statue","Centennial Puzzle"],"acts_visited":["Exordium","TheCity"],"potions_floor_usage":[25],"damage_taken":[{"damage":1.0,"enemies":"2 Louse","floor":1.0,"turns":4.0},{"damage":9.0,"enemies":"Small Slimes","floor":4.0,"turns":5.0},{"damage":23.0,"enemies":"Gremlin Nob","floor":7.0,"turns":4.0},{"damage":6.0,"enemies":"The Mushroom Lair","floor":10.0,"turns":3.0},{"damage":7.0,"enemies":"Jaw Worm","floor":12.0,"turns":3.0},{"damage":12.0,"enemies":"Exordium Thugs","floor":13.0,"turns":3.0},{"damage":6.0,"enemies":"3 Louse","floor":14.0,"turns":3.0},{"damage":18.0,"enemies":"Hexaghost","floor":16.0,"turns":7.0},{"damage":17.0,"enemies":"3 Byrds","floor":18.0,"turns":4.0},{"damage":19.0,"enemies":"2 Thieves","floor":22.0,"turns":4.0},{"damage":34.0,"enemies":"Gremlin Leader","floor":23.0,"turns":5.0},{"damage":2.0,"enemies":"Chosen and Byrds","floor":24.0,"turns":4.0},{"damage":24,"enemies":"Book of Stabbing","floor":25,"turns":4},{"damage":16,"enemies":"Sentry and Sphere","floor":27,"turns":3}],"seed_played":"7800939215882098735","potions_obtained":[{"floor":7.0,"key":"DistilledChaos"},{"floor":10.0,"key":"BloodPotion"},{"floor":14.0,"key":"Strength Potion"},{"floor":16.0,"key":"DuplicationPotion"},{"floor":25,"key":"Dexterity Potion"}],"is_trial":false,"path_per_floor":["M","?","?","M","$","R","E","R","T","?","R","M","M","M","R","B",null,"M","?","$","$","M","E","M","E","T","M"],"character_chosen":"IRONCLAD","items_purchased":["Armaments","Cleave"],"campfire_rested":0,"item_purchase_floors":[5,5],"current_hp_per_floor":[72,72,72,69,69,69,52,52,52,52,52,51,45,45,45,33,62,51,51,51,51,52,24,28,10,10,0,0],"gold":195,"neow_bonus":"RANDOM_COLORLESS_2","is_daily":false,"chose_seed":false,"campfire_upgraded":3,"win_rate":0.0,"timestamp":1612507470,"path_taken":["M","?","?","M","$","R","E","R","T","?","R","M","M","M","R","BOSS","M","?","?","$","M","E","M","E","T","M"],"items_purchased_type":["Card","Card"],"build_version":"2020-12-22","purchased_purges":3,"victory":false,"max_hp_per_floor":[72,72,72,72,72,72,72,72,72,72,72,72,72,72,72,72,72,72,72,72,72,72,72,72,72,72,72,72],"card_choices":[{"not_picked":["Secret Technique","Thinking Ahead"],"picked":"Master of Strategy","floor":0.0},{"not_picked":["Warcry","Pummel"],"picked":"Spot Weakness","floor":1.0},{"not_picked":["Clothesline","Warcry"],"picked":"Shockwave","floor":4.0},{"not_picked":["Exhume","Shrug It Off"],"picked":"Spot Weakness","floor":7.0},{"not_picked":["Dual Wield","Perfected Strike"],"picked":"Sword Boomerang","floor":12.0},{"not_picked":["Searing Blow","True Grit","Clothesline"],"picked":"SKIP","floor":13.0},{"not_picked":["Cleave","Clash","Infernal Blade"],"picked":"SKIP","floor":14.0},{"not_picked":["Corruption","Offering"],"picked":"Fiend Fire","floor":16.0},{"not_picked":["Havoc","Thunderclap"],"picked":"Iron Wave","floor":18.0},{"not_picked":["Spot Weakness","Thunderclap","Headbutt"],"picked":"SKIP","floor":22.0},{"not_picked":["Shrug It Off","Reckless Charge","Infernal Blade+1"],"picked":"SKIP","floor":23.0},{"not_picked":["Heavy Blade","Warcry"],"picked":"Reaper","floor":24.0},{"not_picked":["Whirlwind+1","Body Slam","Warcry"],"picked":"SKIP","floor":25}],"player_experience":783223,"relics_obtained":[{"floor":7.0,"key":"Girya"},{"floor":9.0,"key":"Letter Opener"},{"floor":10.0,"key":"Odd Mushroom"},{"floor":23.0,"key":"Tiny Chest"},{"floor":23.0,"key":"Oddly Smooth Stone"},{"floor":25,"key":"Kunai"},{"floor":25,"key":"White Beast Statue"},{"floor":26,"key":"Centennial Puzzle"}],"event_choices":[{"cards_removed":["Bash"],"damage_healed":0.0,"max_hp_gain":0.0,"max_hp_loss":0.0,"gold_gain":0.0,"event_name":"The Cleric","player_choice":"Card Removal","floor":2.0,"gold_loss":50.0,"damage_taken":0.0},{"damage_healed":0.0,"max_hp_gain":0.0,"max_hp_loss":0.0,"gold_gain":175.0,"event_name":"Liars Game","player_choice":"AGREE","floor":3.0,"gold_loss":0.0,"damage_taken":0.0,"cards_obtained":["Doubt"]},{"damage_healed":0.0,"max_hp_gain":0.0,"max_hp_loss":0.0,"gold_gain":0.0,"event_name":"Mushrooms","player_choice":"Fought Mushrooms","floor":10.0,"gold_loss":0.0,"damage_taken":0.0},{"damage_healed":0.0,"max_hp_gain":0.0,"max_hp_loss":0.0,"gold_gain":0.0,"event_name":"Addict","player_choice":"Obtained Relic","floor":19.0,"gold_loss":85.0,"damage_taken":0.0,"relics_obtained":["StoneCalendar"]}],"is_beta":false,"boss_relics":[{"not_picked":["Coffee Dripper","Busted Crown"],"picked":"Black Star"}],"items_purged_floors":[5,20,21],"is_endless":false,"potions_floor_spawned":[7,10,14,16,18,25],"killed_by":"Sentry and Sphere","ascension_level":8}}