{"host":"vl29iwkwnyytuw8q","time":1612541399,"event":{"mods":["BaseMod","Minty Spire (QoL Compilation)","Permanent Neow","Relic Stats","StSLib"],"gold_per_floor":[113,113,128,143,159,159,199,214,214,214,214,252,275,296,296,296,296],"floor_reached":16,"language":"ENG","playtime":485,"items_purged":[],"score":228,"play_id":"eaf6e68e-38a8-4505-8f71-3e02c9c7eacf","local_time":"20210205170959","is_ascension_mode":true,"campfire_choices":[{"data":"Bouncing Flask","floor":6.0,"key":"SMITH"},{"floor":10.0,"key":"REST"},{"data":"Envenom","floor":15.0,"key":"SMITH"}],"circlet_count":0,"master_deck":["AscendersBane","Strike_G","Strike_G","Strike_G","Strike_G","Defend_G","Defend_G","Defend_G","Defend_G","Defend_G","Survivor","Neutralize","Bouncing Flask+1","Predator","Backflip","Poisoned Stab","Die Die Die","Deadly Poison","Envenom+1","Sucker Punch"],"relics":["Sozu","Golden Idol","Ninja Scroll","Eternal Feather","Question Card"],"acts_visited":["Exordium"],"potions_floor_usage":[],"damage_taken":[{"damage":0.0,"enemies":"Small Slimes","floor":1.0,"turns":5.0},{"damage":0.0,"enemies":"Cultist","floor":3.0,"turns":4.0},{"damage":2.0,"enemies":"2 Louse","floor":4.0,"turns":2.0},{"damage":7.0,"enemies":"Lots of Slimes","floor":5.0,"turns":5.0},{"damage":37.0,"enemies":"3 Sentries","floor":7.0,"turns":12.0},{"damage":6.0,"enemies":"Large Slime","floor":8.0,"turns":5.0},{"damage":17.0,"enemies":"Lagavulin","floor":12.0,"turns":5.0},{"damage":0.0,"enemies":"Looter","floor":13.0,"turns":2.0},{"damage":0.0,"enemies":"3 Louse","floor":14.0,"turns":2.0},{"damage":38,"enemies":"Slime Boss","floor":16,"turns":6}],"seed_played":"-8521740229912275505","potions_obtained":[],"is_trial":false,"path_per_floor":["M","?","M","M","M","R","E","M","T","R","?","E","M","M","R","B"],"character_chosen":"THE_SILENT","items_purchased":[],"campfire_rested":1,"item_purchase_floors":[],"current_hp_per_floor":[59,59,59,57,50,50,13,7,7,34,34,17,17,17,29,0,0],"gold":296,"neow_bonus":"BOSS_RELIC","is_daily":false,"chose_seed":false,"campfire_upgraded":2,"win_rate":0.0,"timestamp":1612541399,"path_taken":["M","?","M","M","M","R","E","M","T","R","?","E","M","M","R","BOSS"],"items_purchased_type":[],"build_version":"2020-12-22","purchased_purges":0,"victory":false,"max_hp_per_floor":[66,60,60,60,60,60,60,60,60,60,60,60,60,60,60,60,60],"relic_stats":{"Sozu":3,"counters":[10,48],"Golden Idol":37,"Eternal Feather":21,"Question Card":2,"obtain_stats":[{"Sozu":0,"Golden Idol":2,"Ninja Scroll":7,"Eternal Feather":9,"Question Card":12,"Ring of the Snake":0},{"Sozu":0,"Golden Idol":1,"Ninja Scroll":5,"Eternal Feather":6,"Question Card":7,"Ring of the Snake":0},{"Sozu":0,"Golden Idol":5,"Ninja Scroll":28,"Eternal Feather":33,"Question Card":38,"Ring of the Snake":0}]},"card_choices":[{"not_picked":["Catalyst","Concentrate"],"picked":"Bouncing Flask","floor":1.0},{"not_picked":["Poisoned Stab","Calculated Gamble"],"picked":"Predator","floor":3.0},{"not_picked":["Quick Slash","Choke"],"picked":"Backflip","floor":4.0},{"not_picked":["Riddle With Holes","Dagger Spray"],"picked":"Poisoned Stab","floor":5.0},{"not_picked":["Outmaneuver","Prepared"],"picked":"Die Die Die","floor":7.0},{"not_picked":["Reflex","Slice","Poisoned Stab"],"picked":"SKIP","floor":8.0},{"not_picked":["Prepared","Backflip"],"picked":"Deadly Poison","floor":12.0},{"not_picked":["Predator","Underhanded Strike","Dodge and Roll"],"picked":"Envenom","floor":13.0},{"not_picked":["Deadly Poison","Dodge and Roll","Poisoned Stab"],"picked":"Sucker Punch","floor":14.0}],"player_experience":665714,"relics_obtained":[{"floor":7.0,"key":"Ninja Scroll"},{"floor":9.0,"key":"Eternal Feather"},{"floor":12.0,"key":"Question Card"}],"event_choices":[{"damage_healed":0.0,"max_hp_gain":0.0,"max_hp_loss":6.0,"gold_gain":0.0,"event_name":"Golden Idol","player_choice":"Lose Max HP","floor":2.0,"gold_loss":0.0,"damage_taken":0.0,"relics_obtained":["Golden Idol"]},{"cards_removed":["Strike_G"],"damage_healed":0.0,"max_hp_gain":0.0,"max_hp_loss":0.0,"gold_gain":0.0,"event_name":"Bonfire Elementals","player_choice":"Offered Basic","floor":11.0,"gold_loss":0.0,"damage_taken":0.0}],"is_beta":false,"boss_relics":[],"items_purged_floors":[],"is_endless":false,"potions_floor_spawned":[1,12,13],"killed_by":"Slime Boss","ascension_level":20}}