{"host":"4eao2pkwlmv012cz","time":1612496920,"event":{"mods":["BaseMod","Colored Powertips","Minty Spire (QoL Compilation)","Permanent Neow","Quick Restart","Random Character Button","StSLib"],"gold_per_floor":[367,367,367,367,210,248,248,284,336,361,361,379,379,418,418,514,514,529,7,30,71,21,21,21],"floor_reached":23,"language":"ENG","playtime":611,"items_purged":["Strike_B","Strike_B"],"score":410,"play_id":"7dd2d3bc-1503-4390-a561-4c3da7f96513","local_time":"20210204224840","is_ascension_mode":true,"campfire_choices":[{"floor":7.0,"key":"REST"},{"data":"Rainbow","floor":11.0,"key":"SMITH"},{"data":"Barrage","floor":13.0,"key":"SMITH"},{"floor":15.0,"key":"REST"}],"circlet_count":0,"master_deck":["AscendersBane","Strike_B","Strike_B","Defend_B","Defend_B","Defend_B","Defend_B","Zap","Dualcast","Chaos","Seek","Rainbow+1","Compile Driver","Sweeping Beam","Hologram","Ball Lightning","Force Field","Ball Lightning","Barrage+1","Static Discharge+1","Rainbow+1","Consume+1","HandOfGreed","Loop+1","Conserve Battery+1","Steam+1"],"relics":["Cracked Core","Toy Ornithopter","Golden Idol","Orrery","Pantograph","Frozen Egg 2","Blood Vial","Toxic Egg 2","Inserter","Bronze Scales","Smiling Mask"],"acts_visited":["Exordium","TheCity"],"potions_floor_usage":[],"damage_taken":[{"damage":14.0,"enemies":"Jaw Worm","floor":1.0,"turns":4.0},{"damage":21.0,"enemies":"Lagavulin","floor":6.0,"turns":6.0},{"damage":14.0,"enemies":"3 Sentries","floor":8.0,"turns":6.0},{"damage":1.0,"enemies":"Small Slimes","floor":10.0,"turns":3.0},{"damage":0.0,"enemies":"2 Louse","floor":12.0,"turns":1.0},{"damage":31.0,"enemies":"Lagavulin","floor":14.0,"turns":7.0},{"damage":31.0,"enemies":"Hexaghost","floor":16.0,"turns":6.0},{"damage":5.0,"enemies":"3 Byrds","floor":18.0,"turns":3.0},{"damage":21,"enemies":"2 Thieves","floor":21,"turns":3},{"damage":27,"enemies":"Book of Stabbing","floor":23,"turns":3}],"seed_played":"-376611109153116540","potions_obtained":[{"floor":6.0,"key":"SkillPotion"},{"floor":10.0,"key":"Explosive Potion"}],"is_trial":false,"path_per_floor":["M","?","?","?","$","E","R","E","T","M","R","M","R","E","R","B",null,"M","$","T","M","$","E"],"character_chosen":"DEFECT","items_purchased":["Orrery","Bronze Scales","HandOfGreed","Loop+1","Conserve Battery+1"],"campfire_rested":2,"item_purchase_floors":[5,19,19,19,19],"current_hp_per_floor":[50,39,39,39,39,18,37,28,28,29,29,36,36,7,26,22,54,51,51,51,32,32,7,7],"gold":21,"neow_bonus":"TWO_FIFTY_GOLD","is_daily":false,"chose_seed":false,"campfire_upgraded":2,"win_rate":0.0,"timestamp":1612496920,"path_taken":["M","?","?","?","$","E","R","E","T","?","R","M","R","E","R","BOSS","M","$","?","M","$","E"],"items_purchased_type":["Relic","Relic","Card","Card","Card"],"build_version":"2020-12-22","purchased_purges":2,"victory":false,"max_hp_per_floor":[64,64,64,64,64,64,64,64,64,64,64,64,64,64,64,64,64,64,64,64,64,64,64,64],"card_choices":[{"not_picked":["Hologram","BootSequence"],"picked":"Chaos","floor":1.0},{"not_picked":["Hologram","Conserve Battery"],"picked":"Seek","floor":5.0},{"not_picked":["Go for the Eyes","Hello World"],"picked":"Rainbow","floor":5.0},{"not_picked":["Hologram","Go for the Eyes"],"picked":"Compile Driver","floor":5.0},{"not_picked":["Go for the Eyes","Force Field"],"picked":"Sweeping Beam","floor":5.0},{"not_picked":["Steam","Tempest"],"picked":"Hologram","floor":5.0},{"not_picked":["Gash","Lockon"],"picked":"Ball Lightning","floor":6.0},{"not_picked":["Stack","Tempest"],"picked":"Force Field","floor":8.0},{"not_picked":["Skim","Go for the Eyes"],"picked":"Ball Lightning","floor":10.0},{"not_picked":["Skim","Lockon"],"picked":"Barrage","floor":12.0},{"not_picked":["Conserve Battery+1","Barrage"],"picked":"Static Discharge+1","floor":14.0},{"not_picked":["All For One","Reboot+1"],"picked":"Rainbow+1","floor":16.0},{"not_picked":["Conserve Battery+1","Coolheaded+1"],"picked":"Consume+1","floor":18},{"not_picked":["Stack+1","Streamline"],"picked":"Steam+1","floor":21}],"player_experience":2878098,"relics_obtained":[{"floor":6.0,"key":"Pantograph"},{"floor":8.0,"key":"Frozen Egg 2"},{"floor":9.0,"key":"Blood Vial"},{"floor":14.0,"key":"Toxic Egg 2"},{"floor":20,"key":"Smiling Mask"}],"event_choices":[{"damage_healed":0.0,"max_hp_gain":0.0,"max_hp_loss":0.0,"gold_gain":0.0,"event_name":"Scrap Ooze","player_choice":"Success","floor":2.0,"gold_loss":0.0,"damage_taken":11.0,"relics_obtained":["Toy Ornithopter"]},{"damage_healed":0.0,"max_hp_gain":0.0,"max_hp_loss":0.0,"gold_gain":0.0,"event_name":"Golden Idol","player_choice":"Take Wound","floor":3.0,"gold_loss":0.0,"damage_taken":0.0,"relics_obtained":["Golden Idol"],"cards_obtained":["Injury"]},{"cards_removed":["Injury"],"damage_healed":0.0,"max_hp_gain":0.0,"max_hp_loss":0.0,"gold_gain":0.0,"event_name":"Fountain of Cleansing","player_choice":"Removed Curses","floor":4.0,"gold_loss":0.0,"damage_taken":0.0}],"is_beta":false,"boss_relics":[{"not_picked":["Nuclear Battery","Busted Crown"],"picked":"Inserter"}],"items_purged_floors":[19,22],"is_endless":false,"potions_floor_spawned":[6,10],"killed_by":"Book of Stabbing","ascension_level":20}}