{"host":"f6w7z8zvb0mi4wy9","time":1612529103,"event":{"mods":["BaseMod","Colored Map","Minty Spire (QoL Compilation)","READ ME - Guardian Mod","StSLib","SuperFastMode","The Jungle"],"gold_per_floor":[117,130,130,144,155,155,182,182,207,242,242,277,293,308,308,405,405,419,430,244,260,74,108,125,160,185,216,216,236,82,82,82,181,181,196,196,71,82,102,127,138,164,189,189,189,239,219,233,233,233,233,233,44,75,75,75],"floor_reached":55,"language":"KOR","playtime":1662,"items_purged":["Strike_B","Strike_B","Strike_B"],"score":1002,"play_id":"c939642f-a236-4957-b763-841e474b45cf","local_time":"20210205214503","is_ascension_mode":true,"campfire_choices":[{"data":"Streamline","floor":6,"key":"SMITH"},{"floor":8,"key":"RECALL"},{"data":"Scrape","floor":11,"key":"SMITH"},{"data":"Beam Cell","floor":15,"key":"SMITH"},{"data":"Trip","floor":28,"key":"SMITH"},{"floor":32,"key":"REST"},{"data":"Madness","floor":49,"key":"SMITH"},{"data":"Madness","floor":52,"key":"SMITH"}],"circlet_count":0,"master_deck":["Defend_B","Defend_B","Defend_B","Defend_B","Zap+1","Dualcast+1","Scrape+1","Streamline+1","Reboot","Chill","Go for the Eyes","Scrape","Beam Cell+1","Reboot","Scrape+1","Go for the Eyes","Gash","Trip+1","Beam Cell+1","Panacea","Go for the Eyes","Steam","Gash","Chill","Seek","Scrape+1","Madness+1","Madness+1","Gash+1","Beam Cell+1","Gash","FTL","Glacier+1"],"relics":["FrozenCore","Oddly Smooth Stone","Bag of Preparation","Frozen Egg 2","Blue Candle","Letter Opener","Regal Pillow","Bag of Marbles","Runic Capacitor","theJungle:BirthdayCakeSlice","SlaversCollar","MealTicket","Ornamental Fan","Juzu Bracelet","Incense Burner","Boot","Art of War"],"acts_visited":["Exordium","Exordium","TheBeyond","TheEnding"],"potions_floor_usage":[7,16,27,50,54],"damage_taken":[{"damage":1,"enemies":"Jaw Worm","floor":1,"turns":3},{"damage":0,"enemies":"Cultist","floor":2,"turns":2},{"damage":0,"enemies":"Small Slimes","floor":4,"turns":2},{"damage":0,"enemies":"Exordium Wildlife","floor":5,"turns":2},{"damage":6,"enemies":"Gremlin Nob","floor":7,"turns":3},{"damage":6,"enemies":"3 Sentries","floor":10,"turns":7},{"damage":12,"enemies":"Lagavulin","floor":12,"turns":5},{"damage":0,"enemies":"Blue Slaver","floor":13,"turns":2},{"damage":0,"enemies":"3 Louse","floor":14,"turns":1},{"damage":28,"enemies":"Hexaghost","floor":16,"turns":4},{"damage":0,"enemies":"Shell Parasite","floor":18,"turns":2},{"damage":0,"enemies":"theJungle:MUSHROOMGANG","floor":19,"turns":4},{"damage":0,"enemies":"theJungle:JungleHuntersEncounter","floor":21,"turns":5},{"damage":2,"enemies":"theJungle:2_Phrogs","floor":23,"turns":5},{"damage":5,"enemies":"theJungle:SlimyTreeVines","floor":24,"turns":3},{"damage":2,"enemies":"theJungle:Cassacara","floor":25,"turns":4},{"damage":26,"enemies":"theJungle:MamaSnecko","floor":27,"turns":5},{"damage":0,"enemies":"theJungle:Lyon","floor":29,"turns":2},{"damage":0,"enemies":"theJungle:QueenSpyder","floor":33,"turns":10},{"damage":0,"enemies":"3 Shapes","floor":35,"turns":4},{"damage":0,"enemies":"3 Darklings","floor":38,"turns":3},{"damage":0,"enemies":"Jaw Worm Horde","floor":39,"turns":3},{"damage":0,"enemies":"Giant Head","floor":40,"turns":4},{"damage":0,"enemies":"4 Shapes","floor":41,"turns":2},{"damage":2,"enemies":"Reptomancer","floor":42,"turns":6},{"damage":0,"enemies":"Mind Bloom Boss Battle","floor":46,"turns":3},{"damage":0,"enemies":"Maw","floor":48,"turns":4},{"damage":0,"enemies":"Awakened One","floor":50,"turns":8},{"damage":8,"enemies":"Shield and Spear","floor":54,"turns":5},{"damage":108,"enemies":"The Heart","floor":55,"turns":8}],"seed_played":"-616079877361703766","potions_obtained":[{"floor":1,"key":"SpeedPotion"},{"floor":2,"key":"PowerPotion"},{"floor":12,"key":"SpeedPotion"},{"floor":13,"key":"LiquidBronze"},{"floor":18,"key":"FairyPotion"},{"floor":23,"key":"Block Potion"},{"floor":27,"key":"Explosive Potion"},{"floor":29,"key":"FearPotion"},{"floor":38,"key":"Regen Potion"},{"floor":46,"key":"DistilledChaos"},{"floor":48,"key":"Strength Potion"}],"is_trial":false,"path_per_floor":["M","M","?","M","M","R","E","R","T","E","R","E","M","M","R","B",null,"M","M","$","M","$","E","M","E","T","E","R","M","$","?","R","B",null,"M","?","$","M","M","E","M","E","T","?","?","?","?","M","R","B",null,"R","$","E","B"],"character_chosen":"DEFECT","items_purchased":["Gash","Trip","Panacea","Runic Capacitor","Boot","FTL"],"campfire_rested":1,"item_purchase_floors":[20,20,22,30,53,53],"current_hp_per_floor":[74,74,74,74,74,74,68,68,68,62,62,50,50,50,50,22,75,75,75,75,75,75,73,70,68,68,42,42,42,42,47,80,80,80,80,70,70,70,70,70,70,68,68,68,68,68,68,68,68,68,80,80,80,72,0,0],"gold":75,"neow_bonus":"UPGRADE_CARD","is_daily":false,"chose_seed":false,"campfire_upgraded":6,"win_rate":0.0,"timestamp":1612529103,"path_taken":["M","M","?","M","M","R","E","R","T","E","R","E","?","M","R","BOSS","M","M","$","M","$","E","M","E","T","E","R","M","$","?","R","BOSS","M","?","$","M","M","E","M","E","T","?","?","?","?","M","R","BOSS","R","$","E","BOSS"],"items_purchased_type":["Card","Card","Card","Relic","Relic","Card"],"build_version":"2020-12-22","purchased_purges":3,"victory":false,"max_hp_per_floor":[75,75,75,75,75,75,75,75,75,75,75,75,75,75,75,75,75,75,75,75,75,75,75,75,75,75,75,75,75,75,80,80,80,80,80,80,80,80,80,80,80,80,80,80,80,80,80,80,80,80,80,80,80,80,80,80],"card_choices":[{"not_picked":["Tempest","Cold Snap"],"picked":"Scrape","floor":1},{"not_picked":["Beam Cell","Force Field"],"picked":"Streamline","floor":2},{"not_picked":["Doom and Gloom","Reinforced Body","Leap"],"picked":"SKIP","floor":4},{"not_picked":["Hologram","Ball Lightning"],"picked":"Reboot","floor":5},{"not_picked":["Streamline","Stack"],"picked":"Chill","floor":7},{"not_picked":["Compile Driver","Rip and Tear","Rainbow"],"picked":"SKIP","floor":10},{"not_picked":["Hello World+1","Thunder Strike"],"picked":"Go for the Eyes","floor":12},{"not_picked":["Turbo","Streamline"],"picked":"Scrape","floor":13},{"not_picked":["Compile Driver","Ball Lightning"],"picked":"Beam Cell","floor":14},{"not_picked":["Seek","Biased Cognition+1"],"picked":"Reboot","floor":16},{"not_picked":["Compile Driver+1","Turbo"],"picked":"Scrape+1","floor":18},{"not_picked":["Turbo+1","Loop+1"],"picked":"Go for the Eyes","floor":19},{"not_picked":["Coolheaded","Cold Snap+1"],"picked":"Beam Cell+1","floor":21},{"not_picked":["Steam Power+1","Loop+1"],"picked":"Go for the Eyes","floor":23},{"not_picked":["Gash","Ball Lightning"],"picked":"Steam","floor":24},{"not_picked":["Glacier","Ball Lightning","Undo"],"picked":"SKIP","floor":25},{"not_picked":["Coolheaded","Fusion"],"picked":"Gash","floor":27},{"not_picked":["Barrage","Buffer+1"],"picked":"Chill","floor":29},{"not_picked":["Multi-Cast","Rainbow"],"picked":"Seek","floor":33},{"not_picked":["Ball Lightning","Barrage+1"],"picked":"Scrape+1","floor":35},{"not_picked":["Stack+1","Go for the Eyes"],"picked":"Gash+1","floor":38},{"not_picked":["Redo","Leap+1","Consume+1"],"picked":"SKIP","floor":39},{"not_picked":["Chaos","Glacier","Melter+1"],"picked":"SKIP","floor":40},{"not_picked":["Turbo+1","Static Discharge+1"],"picked":"Beam Cell+1","floor":41},{"not_picked":["Rebound","Melter","Beam Cell"],"picked":"SKIP","floor":42},{"not_picked":["Streamline","Steam Power+1"],"picked":"Gash","floor":46},{"not_picked":["Stack","Recycle+1","Creative AI+1"],"picked":"SKIP","floor":48},{"not_picked":["Turbo+1","Cold Snap+1"],"picked":"Glacier+1","floor":54}],"player_experience":912874,"relics_obtained":[{"floor":7,"key":"Oddly Smooth Stone"},{"floor":10,"key":"Bag of Preparation"},{"floor":12,"key":"Frozen Egg 2"},{"floor":23,"key":"Blue Candle"},{"floor":25,"key":"Letter Opener"},{"floor":26,"key":"Regal Pillow"},{"floor":27,"key":"Bag of Marbles"},{"floor":40,"key":"MealTicket"},{"floor":42,"key":"Ornamental Fan"},{"floor":43,"key":"Juzu Bracelet"},{"floor":46,"key":"Incense Burner"},{"floor":54,"key":"Art of War"}],"event_choices":[{"damage_healed":0,"gold_gain":0,"player_choice":"Upgraded","damage_taken":0,"max_hp_gain":0,"max_hp_loss":0,"event_name":"Upgrade Shrine","floor":3,"gold_loss":0,"cards_upgraded":["Dualcast"]},{"damage_healed":0,"gold_gain":0,"player_choice":"Embrace Madness","damage_taken":10,"max_hp_gain":0,"max_hp_loss":0,"event_name":"Winding Halls","floor":36,"gold_loss":0,"cards_obtained":["Madness","Madness"]},{"damage_healed":0,"gold_gain":0,"player_choice":"Ignored","damage_taken":0,"max_hp_gain":0,"max_hp_loss":0,"event_name":"Tomb of Lord Red Mask","floor":44,"gold_loss":0},{"cards_removed":["Strike_B"],"damage_healed":0,"gold_gain":0,"player_choice":"Removed Attack","damage_taken":0,"max_hp_gain":0,"max_hp_loss":0,"event_name":"Falling","floor":45,"gold_loss":0},{"damage_healed":0,"gold_gain":0,"player_choice":"Fight","damage_taken":0,"max_hp_gain":0,"max_hp_loss":0,"event_name":"MindBloom","floor":46,"gold_loss":0},{"damage_healed":0,"gold_gain":0,"player_choice":"Bought 1 Potion","damage_taken":0,"max_hp_gain":0,"max_hp_loss":0,"event_name":"The Woman in Blue","floor":47,"gold_loss":0}],"is_beta":false,"boss_relics":[{"not_picked":["Coffee Dripper","Runic Pyramid"],"picked":"FrozenCore"},{"not_picked":["Runic Dome","Black Star"],"picked":"SlaversCollar"}],"items_purged_floors":[20,22,37],"is_endless":false,"potions_floor_spawned":[1,2,12,13,18,23,27,29,38,40,42,46,48],"killed_by":"The Heart","ascension_level":1}}