{"host":"0luxfixkkfk9wck3","time":1612559351,"event":{"mods":["BaseMod","DeckTracker","Downfall","Highlight Path","Minty Spire (QoL Compilation)","StSLib"],"gold_per_floor":[99,119,119,119,132,4,4,4,33,33,52,71,71,90,105,105,105,105],"floor_reached":16,"language":"ENG","playtime":830,"items_purged":["sneckomod:Strike"],"score":148,"play_id":"1a4af9cb-0eb2-4f32-9b5b-fc1b129bd2f6","local_time":"20210205150911","is_ascension_mode":true,"campfire_choices":[{"floor":13,"key":"REST"}],"circlet_count":0,"master_deck":["sneckomod:Strike","sneckomod:Defend","sneckomod:Defend","sneckomod:Defend","sneckomod:TailWhip","sneckomod:SnekBite","sneckomod:Unknown","sneckomod:UnknownCommonAttack","Guardian:StasisStrike","Guardian:Gem_Cyan","sneckomod:QuickBite","sneckomod:UnknownCommonSkill","sneckomod:SlitherStrike","sneckomod:MasterEye","sneckomod:UnendingSupply","sneckomod:UnknownBlock+1","Leg Sweep+1","sneckomod:UnknownBoss+1","sneckomod:CheapStock","sneckomod:UnknownVulnerable+1","sneckomod:ImprovisedAttack"],"relics":["sneckomod:SneckoSoul","Toxic Egg 2","Shuriken"],"acts_visited":["Exordium"],"potions_floor_usage":[16],"damage_taken":[{"damage":0,"enemies":"Small Slimes","floor":2,"turns":3},{"damage":0,"enemies":"Jaw Worm","floor":5,"turns":3},{"damage":7,"enemies":"downfall:FleeingMerchant","floor":6,"turns":4},{"damage":0,"enemies":"Cultist","floor":8,"turns":1},{"damage":15,"enemies":"Lagavulin","floor":9,"turns":7},{"damage":20,"enemies":"Large Slime","floor":11,"turns":5},{"damage":3,"enemies":"Red Slaver","floor":12,"turns":3},{"damage":7,"enemies":"Blue Slaver","floor":14,"turns":4},{"damage":12,"enemies":"Lots of Slimes","floor":15,"turns":4},{"damage":48,"enemies":"DF_ARCHETYPE_STREAMLINE","floor":16,"turns":10}],"seed_played":"-978471938404915912","potions_obtained":[{"floor":5,"key":"Energy Potion"},{"floor":9,"key":"Strength Potion"},{"floor":12,"key":"Explosive Potion"},{"floor":14,"key":"AttackPotion"}],"is_trial":false,"path_per_floor":["R","M","?","?","M","$","T","M","E","R","M","M","R","M","M","B"],"character_chosen":"THE_SNECKO","items_purchased":["sneckomod:MasterEye"],"campfire_rested":1,"item_purchase_floors":[6],"current_hp_per_floor":[81,81,81,81,81,74,74,74,59,59,39,36,63,56,44,0,0,0],"gold":105,"neow_bonus":"THREE_CARDS","is_daily":false,"chose_seed":false,"campfire_upgraded":0,"win_rate":0.0,"timestamp":1612559351,"path_taken":["R","M","?","?","M","$","T","M","E","R","M","M","R","M","M","BOSS"],"items_purchased_type":["Card"],"build_version":"2020-12-22","purchased_purges":1,"victory":false,"max_hp_per_floor":[90,90,90,90,90,90,90,90,90,90,90,90,90,90,90,90,90,90],"card_choices":[{"not_picked":["sneckomod:Nope","sneckomod:IronFang"],"picked":"sneckomod:UnknownCommonAttack","floor":0},{"not_picked":["Guardian:Gem_Red","Guardian:Gem_Green"],"picked":"Guardian:Gem_Cyan","floor":2},{"not_picked":["sneckomod:UnknownDraw","sneckomod:QuickMove"],"picked":"sneckomod:QuickBite","floor":2},{"not_picked":["sneckomod:DiceBoulder","sneckomod:DiceBlock"],"picked":"sneckomod:UnknownCommonSkill","floor":5},{"not_picked":["sneckomod:SoulRoll","sneckomod:UnknownUncommonAttack"],"picked":"sneckomod:SlitherStrike","floor":6},{"not_picked":["sneckomod:MasterEye","sneckomod:ImprovisedGuard+1"],"picked":"sneckomod:UnendingSupply","floor":8},{"not_picked":["sneckomod:TrashToTreasure+1","sneckomod:IronFang"],"picked":"sneckomod:UnknownBlock+1","floor":9},{"not_picked":["sneckomod:DiceBlock+1","sneckomod:UnendingSupply"],"picked":"sneckomod:UnknownBoss+1","floor":11},{"not_picked":["sneckomod:SoulRoll+1","sneckomod:WideSting"],"picked":"sneckomod:CheapStock","floor":12},{"not_picked":["sneckomod:UnknownWeak+1","sneckomod:DiceBlock+1"],"picked":"sneckomod:UnknownVulnerable+1","floor":14},{"not_picked":["sneckomod:WideSting","sneckomod:DiceBlock+1"],"picked":"sneckomod:ImprovisedAttack","floor":15}],"player_experience":11581497,"relics_obtained":[{"floor":7,"key":"Toxic Egg 2"},{"floor":9,"key":"Shuriken"}],"event_choices":[],"is_beta":false,"boss_relics":[],"items_purged_floors":[6],"is_endless":false,"potions_floor_spawned":[5,9,12,14,15],"killed_by":"DF_ARCHETYPE_STREAMLINE","ascension_level":9}}