{"host":"1ooxfz79hmpvpehx","time":1612557920,"event":{"mods":["BaseMod","Minty Spire (QoL Compilation)","Quick Restart","Replay The Spire","StSLib","SuperFastMode"],"gold_per_floor":[118,154,154,54,69,100,100,116,142,156,166,166,166,186,186,287,287,307,27,27,27,27,27,60,60,110,129,139,169,188,208,208,303,303,315,330,73,87,102,102,127,97,97,123,123,149,159,15,15,15,15,15,15,47,47,47],"floor_reached":55,"language":"ENG","playtime":2153,"items_purged":["Injury","Strike_B","Strike_B","Dualcast"],"score":809,"play_id":"1ff14096-e8c0-4f1f-a5c8-e24a2602cd28","local_time":"20210205174520","is_ascension_mode":true,"campfire_choices":[{"data":"Zap","floor":7,"key":"SMITH"},{"data":"Gash","floor":15,"key":"SMITH"},{"data":"White Noise","floor":23,"key":"SMITH"},{"data":"Loop","floor":25,"key":"SMITH"},{"data":"Gash","floor":32,"key":"SMITH"},{"data":"Defragment","floor":40,"key":"SMITH"},{"floor":45,"key":"REST"},{"floor":49,"key":"RECALL"},{"data":"Storm","floor":52,"key":"SMITH"}],"circlet_count":0,"master_deck":["Defend_B+1","Defend_B","Zap+1","Conserve Battery+1","White Noise+1","White Noise+1","Conserve Battery","Skim","Gash+1","Creative AI+1","Ghostly+1","Ghostly","Ghostly","Ghostly","Ghostly","Loop+1","Gash+1","Electrodynamics","Defragment+1","Storm+1","Consume+1","Heatsinks+1","Gash+1"],"relics":["Cracked Core","NeowsBlessing","ReplayTheSpireMod:CursedCoin","Bag of Marbles","Regal Pillow","Black Star","Guide Book","War Paint","Potion Belt","Replay:Rubber Ducky","Bird Faced Urn","Letter Opener","Empty Cage","BargainBundle","Replay:Wax Seal","PreservedInsect","White Beast Statue","ReplayFunnel","Divine Protection","Bottled Lightning","Medical Kit","Mango","Ginger"],"acts_visited":["Exordium","TheCity","TheBeyond","TheEnding"],"potions_floor_usage":[11,16,18,27,29,41,41,50,50,50,50],"damage_taken":[{"damage":0,"enemies":"2 Louse","floor":1,"turns":1},{"damage":0,"enemies":"Cultist","floor":5,"turns":1},{"damage":0,"enemies":"Gremlin Nob","floor":6,"turns":1},{"damage":0,"enemies":"Small Slimes","floor":8,"turns":3},{"damage":4,"enemies":"Blue Slaver","floor":10,"turns":3},{"damage":0,"enemies":"Large Slime","floor":11,"turns":5},{"damage":1,"enemies":"Exordium Wildlife","floor":14,"turns":4},{"damage":0,"enemies":"Fading Forest","floor":16,"turns":11},{"damage":21,"enemies":"Shell Parasite","floor":18,"turns":6},{"damage":5,"enemies":"Slavers","floor":24,"turns":6},{"damage":0,"enemies":"Spheric Guardian","floor":27,"turns":4},{"damage":1,"enemies":"Chosen and Byrds","floor":28,"turns":7},{"damage":25,"enemies":"Gremlin Leader","floor":29,"turns":8},{"damage":0,"enemies":"Shelled Parasite and Fungi","floor":30,"turns":5},{"damage":0,"enemies":"3 Cultists","floor":31,"turns":6},{"damage":0,"enemies":"Champ","floor":33,"turns":9},{"damage":1,"enemies":"Orb Walker","floor":35,"turns":5},{"damage":15,"enemies":"3 Darklings","floor":36,"turns":3},{"damage":0,"enemies":"Jaw Worm Horde","floor":38,"turns":3},{"damage":0,"enemies":"Spire Growth","floor":39,"turns":5},{"damage":0,"enemies":"R_Hoarder","floor":41,"turns":9},{"damage":37,"enemies":"Nemesis","floor":44,"turns":5},{"damage":10,"enemies":"R_Hoarder","floor":46,"turns":6},{"damage":0,"enemies":"Sphere and 2 Shapes","floor":47,"turns":4},{"damage":0,"enemies":"Replay:Hell Engine","floor":50,"turns":11},{"damage":22,"enemies":"Shield and Spear","floor":54,"turns":5},{"damage":76,"enemies":"The Heart","floor":55,"turns":9}],"seed_played":"-8014055681062616496","potions_obtained":[{"floor":6,"key":"BlessingOfTheForge"},{"floor":8,"key":"ColorlessPotion"},{"floor":16,"key":"Adrenaline Potion"},{"floor":18,"key":"Adrenaline Potion"},{"floor":28,"key":"SpeedPotion"},{"floor":33,"key":"PotionOfCapacity"},{"floor":38,"key":"FocusPotion"},{"floor":42,"key":"BlessingOfTheForge"},{"floor":42,"key":"Regen Potion"},{"floor":46,"key":"FairyPotion"},{"floor":54,"key":"Explosive Potion"}],"is_trial":false,"path_per_floor":["M","$","?","$","M","E","R","M","T","M","M","?","?","M","R","B",null,"M","$","?","?","$","R","E","R","T","M","M","E","M","M","R","B",null,"M","M","$","M","M","R","E","?","T","E","R","E","M","$","R","B",null,"R","$","E","B"],"character_chosen":"DEFECT","items_purchased":["ReplayTheSpireMod:CursedCoin","Conserve Battery+1","Guide Book","BargainBundle","Storm","Strength Potion","Dexterity Potion","Explosive Potion","Medical Kit"],"campfire_rested":1,"item_purchase_floors":[2,2,19,37,37,37,37,37,48],"current_hp_per_floor":[75,75,75,75,75,75,75,75,75,71,71,71,71,70,70,75,75,54,54,38,37,37,37,32,32,32,32,31,6,30,37,37,37,37,37,28,28,37,37,37,37,37,37,16,37,37,37,37,37,37,37,37,37,33,0,0],"gold":47,"neow_bonus":"THREE_ENEMY_KILL","is_daily":false,"chose_seed":false,"campfire_upgraded":7,"win_rate":0.0,"timestamp":1612557920,"path_taken":["M","$","?","$","M","E","R","?","T","M","M","?","?","?","R","BOSS","M","$","?","?","$","R","E","R","T","M","?","E","M","M","R","BOSS","M","M","$","M","?","R","E","?","T","E","R","E","M","?","R","BOSS","R","$","E","BOSS"],"items_purchased_type":["Relic","Card","Relic","Relic","Card","Potion","Potion","Potion","Relic"],"build_version":"2020-12-22","purchased_purges":4,"victory":false,"max_hp_per_floor":[75,75,75,75,75,75,75,75,75,75,75,75,75,75,75,75,75,75,75,75,37,37,37,37,37,37,37,37,37,37,37,37,37,37,37,37,37,37,37,37,37,37,37,37,37,37,37,37,37,37,37,37,37,51,51,51],"card_choices":[{"not_picked":["Hologram","Genetic Algorithm","Chaos"],"picked":"SKIP","floor":1},{"not_picked":["BasicCrystalCard","Crystallizer","Steam"],"picked":"SKIP","floor":5},{"not_picked":["Reinforced Body","Barrage"],"picked":"White Noise","floor":6},{"not_picked":["Beam Cell","ReplayRNGCard","Rebound"],"picked":"SKIP","floor":8},{"not_picked":["Fusion","Sweeping Beam"],"picked":"White Noise","floor":10},{"not_picked":["Self Repair","Ball Lightning"],"picked":"Conserve Battery","floor":11},{"not_picked":["Cold Snap","Multi-Cast"],"picked":"Gash","floor":14},{"not_picked":["ReplayTheSpireMod:Omega Cannon","Fission"],"picked":"Creative AI","floor":16},{"not_picked":["Panic Button","Leap+1","Steam"],"picked":"SKIP","floor":18},{"not_picked":["Seek","Consume"],"picked":"Loop","floor":24},{"not_picked":["Ball Lightning","Turbo","Static Discharge"],"picked":"SKIP","floor":27},{"not_picked":["ReplayTheSpireMod:System Scan+1","Aggregate","BasicCrystalCard"],"picked":"SKIP","floor":28},{"not_picked":["Compile Driver","Ball Lightning","Sweeping Beam+1"],"picked":"SKIP","floor":29},{"not_picked":["Cold Snap","Beam Cell","Sweeping Beam"],"picked":"SKIP","floor":30},{"not_picked":["Coolheaded","Go for the Eyes"],"picked":"Gash","floor":31},{"not_picked":["Multi-Cast","Seek"],"picked":"Electrodynamics","floor":33},{"not_picked":["Redo","Go for the Eyes+1"],"picked":"Defragment","floor":35},{"not_picked":["Turbo+1","ReplaySort+1","Hologram+1"],"picked":"SKIP","floor":36},{"not_picked":["Redo+1","Steam","Go for the Eyes+1"],"picked":"SKIP","floor":38},{"not_picked":["Cold Snap+1","Coolheaded+1"],"picked":"Consume+1","floor":39},{"not_picked":["Force Field","Streamline+1"],"picked":"Heatsinks+1","floor":41},{"not_picked":["Ball Lightning","Scrape+1","Steam+1"],"picked":"SKIP","floor":44},{"not_picked":["Hologram+1","Compile Driver+1","Tempest"],"picked":"SKIP","floor":46},{"not_picked":["Rip and Tear","Reprogram","Gash"],"picked":"SKIP","floor":47},{"not_picked":["Rebound","Steam Power"],"picked":"Gash+1","floor":54}],"player_experience":20477,"relics_obtained":[{"floor":6,"key":"Bag of Marbles"},{"floor":9,"key":"Regal Pillow"},{"floor":24,"key":"War Paint"},{"floor":24,"key":"Potion Belt"},{"floor":26,"key":"Replay:Rubber Ducky"},{"floor":29,"key":"Bird Faced Urn"},{"floor":29,"key":"Letter Opener"},{"floor":41,"key":"Replay:Wax Seal"},{"floor":41,"key":"PreservedInsect"},{"floor":44,"key":"White Beast Statue"},{"floor":44,"key":"ReplayFunnel"},{"floor":46,"key":"Divine Protection"},{"floor":46,"key":"Bottled Lightning"},{"floor":54,"key":"Mango"},{"floor":54,"key":"Ginger"}],"event_choices":[{"cards_removed":["Defend_B"],"damage_healed":0,"gold_gain":0,"player_choice":"Purged","damage_taken":0,"max_hp_gain":0,"max_hp_loss":0,"event_name":"Purifier","floor":3,"gold_loss":0},{"damage_healed":0,"gold_gain":0,"cards_transformed":["ReplaySolidLightProjector"],"player_choice":"Transformed","damage_taken":0,"max_hp_gain":0,"max_hp_loss":0,"event_name":"Transmorgrifier","floor":13,"gold_loss":0,"cards_obtained":["Skim"]},{"damage_healed":0,"gold_gain":0,"player_choice":"Obtained Book","damage_taken":16,"max_hp_gain":0,"max_hp_loss":0,"event_name":"Cursed Tome","floor":20,"gold_loss":0},{"damage_healed":0,"gold_gain":0,"player_choice":"Became a Ghost","damage_taken":0,"max_hp_gain":0,"max_hp_loss":38,"event_name":"Ghosts","floor":21,"gold_loss":0,"cards_obtained":["Ghostly","Ghostly","Ghostly","Ghostly","Ghostly"]},{"damage_healed":0,"gold_gain":0,"player_choice":"Bought 2 Potions","damage_taken":0,"max_hp_gain":0,"max_hp_loss":0,"event_name":"The Woman in Blue","floor":42,"gold_loss":0}],"is_beta":false,"boss_relics":[{"not_picked":["Inserter","SlaversCollar"],"picked":"Black Star"},{"not_picked":["Replay:Grab Bag","Abe\u0027s Treasure"],"picked":"Empty Cage"}],"items_purged_floors":[2,4,19,37],"is_endless":false,"potions_floor_spawned":[6,8,16,18,28,33,38,46,47,54],"killed_by":"The Heart","ascension_level":1}}