{"host":"d5zlp9udt2hvvjfh","time":1612548869,"event":{"mods":["AchievementEnabler","BaseMod","Minty Spire (QoL Compilation)","Permanent Neow","Relic Stats","StSLib"],"gold_per_floor":[112,123,133,146,0,0,32,32,80,80,80,80,90,122,122,220,220,231,231,231,231],"floor_reached":20,"language":"ENG","playtime":1108,"items_purged":[],"score":325,"play_id":"cd6ce03c-1448-4156-bf2a-a7d28266877c","local_time":"20210205191429","is_ascension_mode":true,"campfire_choices":[{"data":"WheelKick","floor":6.0,"key":"SMITH"},{"data":"CutThroughFate","floor":8.0,"key":"SMITH"},{"data":"Omniscience","floor":11.0,"key":"SMITH"},{"data":"WindmillStrike","floor":15.0,"key":"SMITH"}],"circlet_count":0,"master_deck":["Strike_P","Strike_P","Defend_P","Defend_P","Eruption","Vigilance+1","WheelKick+1","CutThroughFate+1","EmptyFist","Consecrate","Flash of Steel","ThirdEye","Omniscience+1","Nirvana","WindmillStrike+1","LessonLearned"],"relics":["Empty Cage","Pantograph","Potion Belt","Fusion Hammer"],"acts_visited":["Exordium","TheCity"],"potions_floor_usage":[],"damage_taken":[{"damage":0.0,"enemies":"Cultist","floor":1.0,"turns":3.0},{"damage":2.0,"enemies":"2 Louse","floor":2.0,"turns":3.0},{"damage":5.0,"enemies":"Small Slimes","floor":3.0,"turns":3.0},{"damage":11.0,"enemies":"3 Louse","floor":4.0,"turns":4.0},{"damage":16.0,"enemies":"Gremlin Nob","floor":7.0,"turns":3.0},{"damage":12.0,"enemies":"Exordium Wildlife","floor":13.0,"turns":4.0},{"damage":14.0,"enemies":"Lagavulin","floor":14.0,"turns":7.0},{"damage":0.0,"enemies":"Slime Boss","floor":16.0,"turns":4.0},{"damage":31.0,"enemies":"2 Thieves","floor":18.0,"turns":3.0},{"damage":0,"enemies":"3 Byrds","floor":20,"turns":1}],"seed_played":"146340382612011395","potions_obtained":[{"floor":1.0,"key":"SmokeBomb"},{"floor":2.0,"key":"Fire Potion"}],"is_trial":false,"path_per_floor":["M","M","M","M","$","R","E","R","T","?","R","?","M","E","R","B",null,"M","?","M"],"character_chosen":"WATCHER","items_purchased":["Flash of Steel","ThirdEye"],"campfire_rested":0,"item_purchase_floors":[5,5],"current_hp_per_floor":[65,63,58,47,47,47,31,31,31,31,31,36,24,10,10,35,67,36,36,36,36],"gold":231,"neow_bonus":"BOSS_RELIC","is_daily":false,"chose_seed":false,"campfire_upgraded":4,"win_rate":0.0,"timestamp":1612548869,"path_taken":["M","M","M","?","?","R","E","R","T","?","R","?","M","E","R","BOSS","M","?","M"],"items_purchased_type":["Card","Card"],"build_version":"2020-12-22","purchased_purges":0,"victory":false,"max_hp_per_floor":[72,72,72,72,72,72,72,72,72,72,72,77,77,77,77,77,77,77,77,77,77],"relic_stats":{"counters":[10,34],"Pantograph":25,"obtain_stats":[{"Potion Belt":14,"Pantograph":7,"Fusion Hammer":17,"PureWater":0,"Empty Cage":0},{"Potion Belt":7,"Pantograph":5,"Fusion Hammer":8,"PureWater":0,"Empty Cage":0},{"Potion Belt":27,"Pantograph":16,"Fusion Hammer":31,"PureWater":0,"Empty Cage":0}]},"card_choices":[{"not_picked":["FearNoEvil","ClearTheMind"],"picked":"WheelKick","floor":1.0},{"not_picked":["PathToVictory","Study"],"picked":"CutThroughFate","floor":2.0},{"not_picked":["Prostrate","JustLucky"],"picked":"EmptyFist","floor":3.0},{"not_picked":["Collect","Halt"],"picked":"Consecrate","floor":4.0},{"not_picked":["WreathOfFlame","FlyingSleeves"],"picked":"Omniscience","floor":7.0},{"not_picked":["BowlingBash","Consecrate"],"picked":"Nirvana","floor":13.0},{"not_picked":["Halt","EmptyFist"],"picked":"WindmillStrike","floor":14.0},{"not_picked":["DevaForm","Ragnarok"],"picked":"LessonLearned","floor":16.0},{"not_picked":["PathToVictory","Crescendo","WindmillStrike+1"],"picked":"SKIP","floor":18.0}],"player_experience":1136491,"relics_obtained":[{"floor":7.0,"key":"Pantograph"},{"floor":14.0,"key":"Potion Belt"}],"event_choices":[{"cards_removed":["Strike_P"],"damage_healed":0.0,"max_hp_gain":0.0,"max_hp_loss":0.0,"gold_gain":0.0,"event_name":"Living Wall","player_choice":"Forget","floor":10.0,"gold_loss":0.0,"damage_taken":0.0},{"damage_healed":0.0,"max_hp_gain":5.0,"max_hp_loss":0.0,"gold_gain":0.0,"event_name":"Big Fish","player_choice":"Donut","floor":12.0,"gold_loss":0.0,"damage_taken":0.0},{"cards_removed":["Strike_P"],"damage_healed":0.0,"max_hp_gain":0.0,"max_hp_loss":0.0,"gold_gain":0.0,"event_name":"Back to Basics","player_choice":"Elegance","floor":19.0,"gold_loss":0.0,"damage_taken":0.0}],"is_beta":false,"boss_relics":[{"not_picked":["SlaversCollar","Sozu"],"picked":"Fusion Hammer"}],"items_purged_floors":[],"is_endless":false,"potions_floor_spawned":[1,2],"killed_by":"3 Byrds","ascension_level":8}}