{"host":"w4b7hmige5bnqipq","time":1612543017,"event":{"mods":["2.2 Compatiblity","BaseMod","Colored Map","DeckTracker","Keyboard Shortcuts","Minty Spire (QoL Compilation)","Permanent Neow","Rare Cards Sparkle","SuperFastMode","everything is the same but u backflip on backflip","slay the spire mod where everything is the same but ironclad has a cowboy hat"],"gold_per_floor":[112,129,129,129,404,404,418,418,496,526,542,175,209,221,221,297,297,312,252,72,83,98,131,146,146,195,195,110,140,152,152,152,152,152],"floor_reached":33,"language":"KOR","playtime":1033,"items_purged":["Regret"],"score":502,"play_id":"7fecb0b3-91b7-462f-8fc0-9a1bdc674cf3","local_time":"20210206013657","is_ascension_mode":true,"campfire_choices":[{"data":"Zap","floor":6,"key":"SMITH"},{"floor":8,"key":"REST"},{"floor":15,"key":"REST"},{"data":"Defragment","floor":27,"key":"SMITH"},{"floor":32,"key":"REST"}],"circlet_count":0,"master_deck":["AscendersBane","Strike_B+1","Defend_B","Defend_B","Defend_B","Defend_B","Zap+1","Dualcast","White Noise+1","Fusion+1","Go for the Eyes","Capacitor","Beam Cell","Coolheaded","Creative AI","Defragment+1","Reboot","Consume+1","Ball Lightning+1","Go for the Eyes+1","Conserve Battery+1","Chill+1","Hologram","Storm","Heatsinks","Coolheaded","Defragment","Capacitor+1","Writhe"],"relics":["Cracked Core","Incense Burner","MealTicket","Question Card","Darkstone Periapt","Astrolabe","Bronze Scales","StrikeDummy","Blood Vial","Centennial Puzzle","Blue Candle","Frozen Egg 2"],"acts_visited":["Exordium","TheCity"],"potions_floor_usage":[16,18,23,29,33],"damage_taken":[{"damage":2,"enemies":"Jaw Worm","floor":1,"turns":3},{"damage":1,"enemies":"2 Louse","floor":2,"turns":2},{"damage":1,"enemies":"Cultist","floor":7,"turns":3},{"damage":25,"enemies":"Gremlin Nob","floor":10,"turns":4},{"damage":14,"enemies":"Looter","floor":11,"turns":4},{"damage":22,"enemies":"3 Sentries","floor":13,"turns":7},{"damage":0,"enemies":"Large Slime","floor":14,"turns":4},{"damage":2,"enemies":"Slime Boss","floor":16,"turns":9},{"damage":13,"enemies":"3 Byrds","floor":18,"turns":4},{"damage":10,"enemies":"2 Thieves","floor":19,"turns":4},{"damage":14,"enemies":"Chosen and Byrds","floor":21,"turns":6},{"damage":6,"enemies":"Snecko","floor":22,"turns":6},{"damage":2,"enemies":"Gremlin Leader","floor":23,"turns":7},{"damage":2,"enemies":"Centurion and Healer","floor":24,"turns":6},{"damage":8,"enemies":"Slavers","floor":29,"turns":7},{"damage":2,"enemies":"Snake Plant","floor":30,"turns":4},{"damage":59,"enemies":"Collector","floor":33,"turns":5}],"seed_played":"-6890563073110926446","potions_obtained":[{"floor":11,"key":"Explosive Potion"},{"floor":13,"key":"SkillPotion"},{"floor":21,"key":"Block Potion"},{"floor":22,"key":"ColorlessPotion"},{"floor":29,"key":"Swift Potion"}],"is_trial":false,"path_per_floor":["M","M","?","?","?","R","M","R","T","E","M","$","E","M","R","B",null,"M","M","$","M","M","E","M","?","T","R","?","E","M","?","R","B"],"character_chosen":"DEFECT","items_purchased":["Question Card","Coolheaded","Bronze Scales","Hologram"],"campfire_rested":3,"item_purchase_floors":[12,12,20,20],"current_hp_per_floor":[44,43,29,29,29,29,28,49,49,24,10,25,3,3,24,22,59,46,36,51,37,31,29,27,27,27,27,27,21,21,27,50,0,0],"gold":152,"neow_bonus":"ONE_RARE_RELIC","is_daily":false,"chose_seed":false,"campfire_upgraded":2,"win_rate":0.0,"timestamp":1612543017,"path_taken":["M","M","?","?","?","R","M","R","T","E","?","$","E","M","R","BOSS","M","M","$","M","M","E","M","?","T","R","?","E","M","?","R","BOSS"],"items_purchased_type":["Relic","Card","Relic","Card"],"build_version":"2020-12-22","purchased_purges":1,"victory":false,"max_hp_per_floor":[71,71,71,71,71,71,71,71,71,71,71,71,71,71,71,71,71,71,71,71,71,71,71,71,71,71,71,71,71,71,77,77,77,77],"card_choices":[{"not_picked":["Conserve Battery","Cold Snap"],"picked":"White Noise","floor":1},{"not_picked":["Stack","Ball Lightning"],"picked":"Fusion","floor":2},{"not_picked":["Rip and Tear","Hologram"],"picked":"Go for the Eyes","floor":7},{"not_picked":["Blizzard","Beam Cell"],"picked":"Capacitor","floor":10},{"not_picked":["Storm","Redo"],"picked":"Beam Cell","floor":11},{"not_picked":["Capacitor","Scrape","Coolheaded"],"picked":"Creative AI","floor":13},{"not_picked":["Force Field","Storm","Beam Cell"],"picked":"Defragment","floor":14},{"not_picked":["Creative AI","Hyperbeam","All For One"],"picked":"Reboot","floor":16},{"not_picked":["Go for the Eyes","Barrage","Chaos"],"picked":"Conserve Battery+1","floor":18},{"not_picked":["Conserve Battery","Go for the Eyes","Meteor Strike"],"picked":"Chill+1","floor":19},{"not_picked":["Sunder","Cold Snap","Gash"],"picked":"Storm","floor":21},{"not_picked":["Genetic Algorithm","White Noise","Sweeping Beam"],"picked":"Heatsinks","floor":22},{"not_picked":["Gash","Recycle+1","Rainbow"],"picked":"Coolheaded","floor":23},{"not_picked":["Sunder","Auto Shields","Chaos"],"picked":"Defragment","floor":24},{"not_picked":["Hello World","Stack","Sweeping Beam+1","Aggregate"],"picked":"SKIP","floor":29},{"not_picked":["Redo","Chaos","Fusion"],"picked":"Capacitor+1","floor":30}],"player_experience":710226,"relics_obtained":[{"floor":10,"key":"MealTicket"},{"floor":13,"key":"Darkstone Periapt"},{"floor":23,"key":"StrikeDummy"},{"floor":26,"key":"Blood Vial"},{"floor":29,"key":"Blue Candle"}],"event_choices":[{"damage_healed":0,"gold_gain":0,"player_choice":"Entered Light","damage_taken":14,"max_hp_gain":0,"max_hp_loss":0,"event_name":"Shining Light","floor":3,"gold_loss":0,"cards_upgraded":["Fusion","Strike_B"]},{"damage_healed":0,"gold_gain":0,"player_choice":"Grow","damage_taken":0,"max_hp_gain":0,"max_hp_loss":0,"event_name":"Living Wall","floor":4,"gold_loss":0,"cards_upgraded":["White Noise"]},{"damage_healed":0,"gold_gain":275,"player_choice":"Desecrate","damage_taken":0,"max_hp_gain":0,"max_hp_loss":0,"event_name":"Golden Shrine","floor":5,"gold_loss":0,"cards_obtained":["Regret"]},{"damage_healed":0,"gold_gain":0,"player_choice":"Ignored","damage_taken":0,"max_hp_gain":0,"max_hp_loss":0,"event_name":"Ghosts","floor":25,"gold_loss":0},{"damage_healed":0,"gold_gain":0,"player_choice":"Obtained Relic","damage_taken":0,"relics_obtained":["Centennial Puzzle"],"max_hp_gain":0,"max_hp_loss":0,"event_name":"Addict","floor":28,"gold_loss":85},{"damage_healed":0,"gold_gain":0,"player_choice":"Opened","damage_taken":0,"relics_obtained":["Frozen Egg 2"],"max_hp_gain":0,"max_hp_loss":0,"event_name":"The Mausoleum","floor":31,"gold_loss":0,"cards_obtained":["Writhe"]}],"is_beta":false,"boss_relics":[{"not_picked":["Empty Cage","Tiny House"],"picked":"Astrolabe"}],"items_purged_floors":[12],"is_endless":false,"potions_floor_spawned":[11,13,21,22,29],"killed_by":"Collector","ascension_level":14}}