{"host":"dfpl7xml5jko8we2","time":1612544013,"event":{"mods":["2.2 Compatiblity","Act Like it!","Ascension Reborn","Astrologer","Bard","BaseMod","Beaked The Cultist","Bestiary","Better Note","Better Third Choice","Challenge The Spire","Colored Map","Colored Powertips","Conspire","Curses Come First","Downfall","Duelist Mod","Energized Spire","GifTheSpireLib","Gremlin Mod","Hallownest","Hermit","Hubris","Jorbs\u0027s Wanderer Trilogy","Mad Scientist","Marisa????????","Minty Spire (QoL Compilation)","Quick Restart","Rare Cards Sparkle","Reliquary","Remilia??????","Replay The Spire","Robot Space Explorer","Shade Mod","Shop Mod","Somnambulant","Spire Arcade","StSLib","The Bladedancer","The Bug Knight","The Construct","The Disciple","The Dragon Tamer","The Elementalist","The Forsaken","The Gatherer","The Hayseed","The Hierophant","The Marked","The Mystic","The Necromancer","The Poker Player","The Runesmith","The Saiyan","The Servant 0.9.4","The Wild Card","TheBandit","Wandering Minibosses","everything is the same but u backflip on backflip","slay the spire mod where everything is the same but ironclad has a cowboy hat"],"gold_per_floor":[113,113,43,54,65,92,108,121,121,148,148,165,183,233,233,336,336,323,323,323,343,362,362,362],"floor_reached":23,"language":"ENG","playtime":2582,"items_purged":[],"score":205,"play_id":"2110a47d-8df0-470e-9760-66d7de6274a7","local_time":"20210205105333","is_ascension_mode":true,"campfire_choices":[{"floor":11,"key":"RECALL"},{"floor":15,"key":"REST"}],"circlet_count":0,"master_deck":["beaked:Strike_Y","beaked:Strike_Y","beaked:Strike_Y","beaked:Strike_Y","beaked:Strike_Y","beaked:Strike_Y","beaked:Defend_Y","beaked:Defend_Y","beaked:Defend_Y","beaked:Defend_Y","beaked:Ceremony","beaked:Ceremony","beaked:Ceremony","beaked:Insight","beaked:BraceForImpact","ReplayTheSpireMod:Wings of Steel","beaked:TuckingFeathers","beaked:Evade","beaked:RuinSticks","beaked:Evade","beaked:SacrificialAttack","beaked:BloodForTheGods","beaked:WindBringer+1","beaked:AwakenedForm","beaked:StunningBlow+1","beaked:CrazyRituals"],"relics":["beaked:MendingPlumage","reliquary:Stiletto","reliquary:Sideboard","White Beast Statue","Painkiller Herb"],"acts_visited":["Exordium","TheCity"],"potions_floor_usage":[10,10,16,16,16,23,23],"damage_taken":[{"damage":5.0,"enemies":"conspire:RoseBush","floor":1.0,"turns":5.0},{"damage":12.0,"enemies":"Small Slimes","floor":4.0,"turns":5.0},{"damage":5,"enemies":"Cultist","floor":5,"turns":4},{"damage":11,"enemies":"Replay:BlueRogue","floor":6,"turns":7},{"damage":1,"enemies":"Blue Slaver","floor":7,"turns":6},{"damage":6,"enemies":"3 Louse","floor":8,"turns":5},{"damage":48,"enemies":"Gremlin Nob","floor":10,"turns":6},{"damage":28,"enemies":"Lots of Slimes","floor":12,"turns":7},{"damage":5,"enemies":"Red Slaver","floor":13,"turns":7},{"damage":139,"enemies":"Fading Forest","floor":16,"turns":11},{"damage":49,"enemies":"2 Thieves","floor":18,"turns":5},{"damage":52,"enemies":"conspire:FuzzyDice","floor":21,"turns":7},{"damage":90,"enemies":"Shelled Parasite and Fungi","floor":22,"turns":6},{"damage":27,"enemies":"theDuelist:KaibaA2","floor":23,"turns":4}],"seed_played":"8948988859503779763","potions_obtained":[{"floor":4,"key":"FearPotion"},{"floor":6,"key":"sneckomod:MuddlingPotion"},{"floor":7,"key":"Flashbang"},{"floor":10,"key":"Cursed Concoction"},{"floor":12,"key":"GamblersBrew"},{"floor":13,"key":"champ:CounterPotion"},{"floor":16,"key":"sneckomod:MuddlingPotion"},{"floor":18,"key":"Dexterity Potion"},{"floor":21,"key":"SkillPotion"},{"floor":22,"key":"Adrenaline Potion"}],"is_trial":false,"path_per_floor":["M","?","?","M","M","E","M","M","T","E","R","M","M","?","R","B",null,"?","?","?","?","?","E"],"character_chosen":"BEAKED_THE_CULTIST","items_purchased":[],"campfire_rested":1,"item_purchase_floors":[],"current_hp_per_floor":[55,58,58,57,58,58,58,58,58,20,20,16,35,35,52,6,58,43,43,43,58,12,0,0],"gold":362,"neow_bonus":"TEN_PERCENT_HP_BONUS","is_daily":false,"chose_seed":false,"campfire_upgraded":0,"win_rate":0.0,"timestamp":1612544013,"path_taken":["M","?","?","?","M","E","M","M","T","E","R","M","M","?","R","BOSS","?","?","?","?","?","E"],"items_purchased_type":[],"build_version":"2020-12-22","purchased_purges":0,"victory":false,"max_hp_per_floor":[55,58,58,58,58,58,58,58,58,58,58,58,58,58,58,58,58,58,58,58,58,58,58,58],"card_choices":[{"not_picked":["beaked:Windmill","ReplayTheSpireMod:RavenHex"],"picked":"beaked:Insight","floor":1.0},{"not_picked":["beaked:Foresight","beaked:WindBringer"],"picked":"beaked:BraceForImpact","floor":4},{"not_picked":["beaked:Daydream","beaked:Resilience"],"picked":"ReplayTheSpireMod:Wings of Steel","floor":5},{"not_picked":["beaked:Pecker","ReplayTheSpireMod:Wings of Steel"],"picked":"beaked:TuckingFeathers","floor":6},{"not_picked":["beaked:Devastation","beaked:Daydream"],"picked":"beaked:Evade","floor":7},{"not_picked":["beaked:MimicMachine","beaked:Negation"],"picked":"beaked:RuinSticks","floor":8},{"not_picked":["beaked:Redirect","beaked:FakeOut"],"picked":"beaked:SacrificialAttack","floor":10},{"not_picked":["beaked:Insight","beaked:Cower"],"picked":"beaked:Evade","floor":12},{"not_picked":["beaked:WarriorEssence","beaked:HuntressSpirit"],"picked":"beaked:BloodForTheGods","floor":13},{"not_picked":["beaked:FullHouse","beaked:FakeOut"],"picked":"beaked:AwakenedForm","floor":16},{"not_picked":["beaked:RuinSticks","beaked:Brace"],"picked":"beaked:WindBringer+1","floor":18},{"not_picked":["beaked:Evade","beaked:Foresight"],"picked":"beaked:CrazyRituals","floor":21},{"not_picked":["beaked:Evade+1","ReplayTheSpireMod:RavenHex+1"],"picked":"beaked:StunningBlow+1","floor":22}],"player_experience":322175,"relics_obtained":[{"floor":6,"key":"reliquary:Sideboard"},{"floor":10,"key":"White Beast Statue"}],"event_choices":[{"damage_healed":0.0,"max_hp_gain":0.0,"max_hp_loss":0.0,"gold_gain":0.0,"event_name":"WeMeetAgain","player_choice":"Paid Gold","floor":3.0,"gold_loss":70.0,"damage_taken":0.0,"relics_obtained":["reliquary:Stiletto"]},{"cards_removed":["beaked:BraceForImpact"],"damage_healed":0,"gold_gain":0,"player_choice":"Give","damage_taken":0,"max_hp_gain":0,"max_hp_loss":0,"event_name":"betterNote:BetterNote","floor":19,"gold_loss":0,"cards_obtained":["Defend_R"]}],"is_beta":false,"boss_relics":[{"not_picked":["reliquary:Craggleroot","Ectoplasm"],"picked":"Painkiller Herb"}],"items_purged_floors":[],"is_endless":false,"potions_floor_spawned":[4,6,7,10,12,13,16,18,21,22],"killed_by":"theDuelist:KaibaA2","ascension_level":0}}