{"host":"3xls0xm49ftugio7","time":1612560025,"event":{"mods":["2.2 Compatiblity","AchievementEnabler","Act Like it!","BaseMod","Colored Powertips","Downfall","GifTheSpireLib","Mimic Mod","Minty Spire (QoL Compilation)","Quick Restart","Relic Stats","Spire Arcade","StSLib","Trackpad","Wandering Minibosses","slay the spire mod where everything is the same but ironclad has a cowboy hat"],"gold_per_floor":[99,117,134,159,173,192,232,232,248,398,298,329,347,68,87,87,87,87],"floor_reached":16,"language":"ENG","playtime":934,"items_purged":[],"score":140,"play_id":"49d7b02a-c489-47c5-8815-146d9384a13d","local_time":"20210205232025","is_ascension_mode":true,"campfire_choices":[{"data":"Guardian:TwinSlam","floor":1.0,"key":"SMITH"},{"data":"Guardian:PrismaticBarrier","floor":11,"key":"SMITH"}],"circlet_count":0,"master_deck":["Guardian:Strike_Guardian","Guardian:Strike_Guardian","Guardian:Strike_Guardian","Guardian:Strike_Guardian","Guardian:Defend_Guardian","Guardian:Defend_Guardian","Guardian:Defend_Guardian","Guardian:Defend_Guardian","Guardian:CurlUp","Guardian:TwinSlam+1","Guardian:PolyBeam","Guardian:SentryBeam","Guardian:PrismaticBarrier+1","Guardian:TemporalShield","downfall:Icky","Guardian:ExploitGems","Guardian:Incinerate","Guardian:EvasiveProtocol","Guardian:Gem_White","Guardian:TimeCapacitor","Guardian:Gem_Cyan"],"relics":["Guardian:ModeShifter","Dead Branch","Art of War","Tiny Chest","downfall:HeartBlessingBlue","trackpad:SappingStone","MealTicket"],"acts_visited":["Exordium"],"potions_floor_usage":[12],"damage_taken":[{"damage":0.0,"enemies":"Small Slimes","floor":2.0,"turns":3.0},{"damage":9.0,"enemies":"2 Louse","floor":3.0,"turns":2.0},{"damage":1,"enemies":"Cultist","floor":5,"turns":3},{"damage":10,"enemies":"2 Fungi Beasts","floor":6,"turns":4},{"damage":0,"enemies":"Blue Slaver","floor":7,"turns":6},{"damage":5,"enemies":"Blue Slaver","floor":9,"turns":4},{"damage":12,"enemies":"3 Sentries","floor":12,"turns":5},{"damage":0,"enemies":"Exordium Wildlife","floor":13,"turns":3},{"damage":0,"enemies":"downfall:FleeingMerchant","floor":14,"turns":4},{"damage":8,"enemies":"2 Fungi Beasts","floor":15,"turns":6},{"damage":5,"enemies":"WA_ARCHETYPE_RETAIN","floor":16,"turns":4}],"seed_played":"6310851426958774785","potions_obtained":[{"floor":2.0,"key":"Strength Potion"},{"floor":3.0,"key":"SkillPotion"},{"floor":6,"key":"LiquidBronze"},{"floor":9,"key":"ColorlessPotion"}],"is_trial":false,"path_per_floor":["R","M","M","?","M","M","MIM","?","M","?","R","E","M","$","M","B"],"character_chosen":"GUARDIAN","items_purchased":["Guardian:Gem_White","MealTicket","Guardian:TimeCapacitor"],"campfire_rested":0,"item_purchase_floors":[14,14,14],"current_hp_per_floor":[72,72,63,63,62,52,52,19,14,14,24,12,12,12,4,0,0,0],"gold":87,"neow_bonus":"ONE_RARE_RELIC","is_daily":false,"chose_seed":false,"campfire_upgraded":2,"win_rate":0.0,"timestamp":1612560025,"path_taken":["R","M","M","?","M","M","MIM","?","M","?","R","E","M","$","M","BOSS"],"items_purchased_type":["Card","Relic","Card"],"build_version":"2020-12-22","purchased_purges":0,"victory":false,"max_hp_per_floor":[72,72,72,72,72,72,72,72,72,72,82,82,82,82,82,82,82,82],"relic_stats":{"counters":[11,44],"Dead Branch":[77],"Tiny Chest":0,"MealTicket":0,"Art of War":[2],"obtain_stats":[{"downfall:HeartBlessingBlue":11,"trackpad:SappingStone":12,"Dead Branch":0,"Guardian:ModeShifter":0,"Tiny Chest":8,"MealTicket":14,"Art of War":4},{"downfall:HeartBlessingBlue":6,"trackpad:SappingStone":7,"Dead Branch":0,"Guardian:ModeShifter":0,"Tiny Chest":5,"MealTicket":9,"Art of War":2},{"downfall:HeartBlessingBlue":22,"trackpad:SappingStone":27,"Dead Branch":0,"Guardian:ModeShifter":0,"Tiny Chest":18,"MealTicket":34,"Art of War":5}]},"card_choices":[{"not_picked":["Guardian:BodySlam","Guardian:EvasiveProtocol"],"picked":"Guardian:PolyBeam","floor":2.0},{"not_picked":["Guardian:TemporalShield","Guardian:ChargeCore"],"picked":"Guardian:Gem_Cyan","floor":3.0},{"not_picked":["Guardian:ShieldCharger","Guardian:Incinerate"],"picked":"Guardian:SentryBeam","floor":5},{"not_picked":["Guardian:Gem_Lightblue","Guardian:EvasiveProtocol"],"picked":"Guardian:Gem_Cyan","floor":6},{"not_picked":["Guardian:ShieldCharger","Guardian:WalkerClaw"],"picked":"Guardian:PrismaticBarrier","floor":7},{"not_picked":["Guardian:TemporalStrike","Guardian:PrimingBeam"],"picked":"Guardian:TemporalShield","floor":9},{"not_picked":["Guardian:Suspension","Guardian:TimeCapacitor"],"picked":"Guardian:ExploitGems","floor":12},{"not_picked":["Guardian:RollAttack","Guardian:TemporalShield"],"picked":"Guardian:Incinerate","floor":13},{"not_picked":["Guardian:Incinerate","Guardian:HyperBeam_Guardian"],"picked":"Guardian:EvasiveProtocol","floor":14},{"not_picked":["Guardian:Gem_Red","Guardian:TemporalShield"],"picked":"Guardian:Gem_Cyan","floor":15}],"player_experience":1033237,"relics_obtained":[{"floor":12,"key":"trackpad:SappingStone"}],"event_choices":[{"damage_healed":0,"gold_gain":0,"player_choice":"Success","damage_taken":33,"relics_obtained":["Tiny Chest"],"max_hp_gain":0,"max_hp_loss":0,"event_name":"Scrap Ooze","floor":8,"gold_loss":0}],"is_beta":false,"boss_relics":[],"items_purged_floors":[],"is_endless":false,"potions_floor_spawned":[2,3,6,9],"killed_by":"WA_ARCHETYPE_RETAIN","ascension_level":7}}