{"host":"yuwyc1esdalgjt4e","time":1612539774,"event":{"mods":["Arknights","Astrologer","BaseMod","CapriCore","Hermit","KomeijiMod","Marisa????????","Minty Spire (QoL Compilation)","Railgun Mod","Reimu??????","StSLib","The Bug Knight","The Death Knight","The Dragon Tamer","The Hierophant","The Immortal","The Marked","The Servant 0.9.4","The Wild Card","TheSwordswoman","Yuri Mod"],"gold_per_floor":[116,116,116,133,149,174,154,154,154,154,79,105,120,120,120,224,224,234,247,247,266,166,166,166],"floor_reached":23,"language":"ENG","playtime":916,"items_purged":["DeathKnight:Strike_DeathKnight","DeathKnight:Strike_DeathKnight"],"score":199,"play_id":"e2c0ae9c-c265-4291-8c9c-6d1b045e6e18","local_time":"20210205164254","is_ascension_mode":false,"campfire_choices":[{"data":"DeathKnight:BladedArmor","floor":8,"key":"SMITH"},{"data":"DeathKnight:Defend_DeathKnight","floor":10,"key":"PURGE"},{"data":"DeathKnight:DarkSuccor","floor":15,"key":"SMITH"}],"circlet_count":0,"master_deck":["DeathKnight:Strike_DeathKnight","DeathKnight:Strike_DeathKnight","DeathKnight:Strike_DeathKnight","DeathKnight:Defend_DeathKnight","DeathKnight:Defend_DeathKnight","DeathKnight:Defend_DeathKnight","DeathKnight:Defend_DeathKnight","DeathKnight:RuneTap+1","DeathKnight:RuneStrike","DeathKnight:IcyTouch+1","DeathKnight:Obliterate","DeathKnight:BladedArmor+1","DeathKnight:DarkSuccor+1","DeathKnight:Frostscythe"],"relics":["DeathKnight:BrokenRuneblade","NeowsBlessing","Thread and Needle","DeathKnight:PreciousRibbon","Runic Pyramid","Nloth\u0027s Gift"],"acts_visited":["Exordium","TheCity"],"potions_floor_usage":[16,16,16,18],"damage_taken":[{"damage":0,"enemies":"Cultist","floor":1,"turns":1},{"damage":0,"enemies":"Small Slimes","floor":4,"turns":1},{"damage":0,"enemies":"2 Louse","floor":5,"turns":1},{"damage":20,"enemies":"3 Sentries","floor":6,"turns":6},{"damage":9,"enemies":"Gremlin Nob","floor":12,"turns":4},{"damage":5,"enemies":"Looter","floor":13,"turns":2},{"damage":7,"enemies":"Slime Boss","floor":16,"turns":8},{"damage":6,"enemies":"3 Byrds","floor":18,"turns":3},{"damage":6,"enemies":"Shell Parasite","floor":19,"turns":4},{"damage":36,"enemies":"Sentry and Sphere","floor":21,"turns":6},{"damage":32,"enemies":"Slavers","floor":23,"turns":4}],"seed_played":"5420329160180905515","potions_obtained":[{"floor":4,"key":"Ancient Potion"},{"floor":5,"key":"CalmPotion"},{"floor":7,"key":"Fire Potion"},{"floor":12,"key":"Block Potion"},{"floor":13,"key":"DeathKnight:RunicPotion"},{"floor":16,"key":"BlessingOfTheForge"},{"floor":19,"key":"LiquidMemories"}],"is_trial":false,"path_per_floor":["M","?","?","M","M","E","?","R","T","R","$","E","M","?","R","B",null,"M","M","?","M","$","E"],"character_chosen":"DEATH_KNIGHT","items_purchased":[],"campfire_rested":0,"item_purchase_floors":[],"current_hp_per_floor":[75,75,75,75,75,55,55,55,55,55,55,46,41,46,46,39,80,74,68,68,32,32,0,0],"gold":166,"neow_bonus":"THREE_ENEMY_KILL","is_daily":false,"chose_seed":false,"campfire_upgraded":2,"win_rate":0.0,"timestamp":1612539774,"path_taken":["M","?","?","M","?","E","?","R","T","R","?","E","M","?","R","BOSS","M","M","?","?","$","E"],"items_purchased_type":[],"build_version":"2020-12-22","purchased_purges":2,"victory":false,"max_hp_per_floor":[75,75,75,75,75,75,75,75,75,75,75,75,75,80,80,80,80,80,80,80,80,80,80,80],"card_choices":[{"not_picked":["DeathKnight:FrosPresence","DeathKnight:RaiseAlly"],"picked":"DeathKnight:IcyTouch","floor":1},{"not_picked":["DeathKnight:RaiseAlly","DeathKnight:RunicCorruption"],"picked":"DeathKnight:Obliterate","floor":4},{"not_picked":["DeathKnight:ShatteringStrikes","DeathKnight:Culling","DeathKnight:FesteringStrike"],"picked":"SKIP","floor":5},{"not_picked":["DeathKnight:Razorice","DeathKnight:IcyTouch"],"picked":"DeathKnight:BladedArmor","floor":6},{"not_picked":["DeathKnight:BladedArmor","DeathKnight:Contagion"],"picked":"DeathKnight:DarkSuccor","floor":12},{"not_picked":["DeathKnight:MutagenicPlague","DeathKnight:BloodStrike","DeathKnight:Obliterate"],"picked":"SKIP","floor":13},{"not_picked":["DeathKnight:Defile","DeathKnight:RunicDetonation"],"picked":"DeathKnight:Frostscythe","floor":16},{"not_picked":["DeathKnight:Hysteria","DeathKnight:ChainsOfIce","DeathKnight:FesteringStrike+1"],"picked":"SKIP","floor":18},{"not_picked":["DeathKnight:BloodPact","DeathKnight:BludPresence","DeathKnight:MutagenicPlague"],"picked":"SKIP","floor":19},{"not_picked":["DeathKnight:Hemostasis","DeathKnight:RunicCorruption","DeathKnight:MutagenicPlague"],"picked":"SKIP","floor":21}],"player_experience":104728,"relics_obtained":[{"floor":6,"key":"Thread and Needle"},{"floor":9,"key":"Peace Pipe"},{"floor":12,"key":"DeathKnight:PreciousRibbon"}],"event_choices":[{"damage_healed":0,"gold_gain":0,"player_choice":"Grow","damage_taken":0,"max_hp_gain":0,"max_hp_loss":0,"event_name":"Living Wall","floor":2,"gold_loss":0,"cards_upgraded":["DeathKnight:RuneTap"]},{"damage_healed":0,"gold_gain":0,"player_choice":"Upgraded","damage_taken":0,"max_hp_gain":0,"max_hp_loss":0,"event_name":"Upgrade Shrine","floor":3,"gold_loss":0,"cards_upgraded":["DeathKnight:IcyTouch"]},{"damage_healed":0,"gold_gain":0,"player_choice":"Bought 1 Potion","damage_taken":0,"max_hp_gain":0,"max_hp_loss":0,"event_name":"The Woman in Blue","floor":7,"gold_loss":0},{"damage_healed":0,"gold_gain":0,"player_choice":"Donut","damage_taken":0,"max_hp_gain":5,"max_hp_loss":0,"event_name":"Big Fish","floor":14,"gold_loss":0},{"damage_healed":0,"gold_gain":0,"player_choice":"Traded Relic","damage_taken":0,"relics_obtained":["Nloth\u0027s Gift"],"max_hp_gain":0,"max_hp_loss":0,"event_name":"N\u0027loth","floor":20,"relics_lost":["Peace Pipe"],"gold_loss":0}],"is_beta":false,"boss_relics":[{"not_picked":["RedLine:ReiMu","Astrolabe"],"picked":"Runic Pyramid"}],"items_purged_floors":[11,22],"is_endless":false,"potions_floor_spawned":[4,5,12,13,16,19],"killed_by":"Slavers","ascension_level":0}}