{"host":"s9dep4x43c14s74h","time":1612553078,"event":{"mods":["BaseMod","Downfall","Gremlin Mod","Hermit","HololiveMod","Jorbs\u0027s Wanderer Trilogy","Lobotomy","Marisa????????","Minty Spire (QoL Compilation)","StSLib","The Animator","The Bug Knight","The Construct","The Cursed","The Necromancer","The Runesmith","The Servant 0.9.4"],"gold_per_floor":[99,116,116,134,134,164,213,243,243,255,265,300,200,218,237,338,338,338,356,356,53,43,143,168,168,200,212,224,236,273,285,311,428,490,502,528,552,291,339,389,389,189,205,205,205,224,59,73,92,92,92,125,47,47,47,47,47],"floor_reached":55,"language":"RUS","playtime":5097,"items_purged":[],"score":848,"play_id":"ff9620a8-9aeb-4470-a0e1-ab069c648bae","local_time":"20210205222438","is_ascension_mode":false,"campfire_choices":[{"data":"champ:Taunt","floor":1.0,"key":"SMITH"},{"data":"champ:RecklessLeap","floor":9.0,"key":"SMITH"},{"data":"champ:PerfectedStrike","floor":13.0,"key":"SMITH"},{"data":"champ:TripleStrike","floor":18.0,"key":"SMITH"},{"data":"champ:PerfectedStrike","floor":25.0,"key":"SMITH"},{"data":"champ:PerfectedStrike","floor":29.0,"key":"SMITH"},{"floor":35.0,"key":"RECALL"},{"data":"champ:PerfectedStrike","floor":42.0,"key":"SMITH"},{"floor":45.0,"key":"REST"},{"floor":54,"key":"REST"}],"circlet_count":0,"master_deck":["champ:Strike","champ:Strike","champ:Strike","champ:Strike","champ:Defend","champ:Defend","champ:Defend","champ:Execute","champ:Taunt+1","champ:PerfectedStrike+1","champ:Devastate","champ:FocusedBerserking","champ:GladiatorStyle","champ:RecklessLeap+1","champ:PerfectedStrike+1","champ:HeartStrike","champ:BringItOn","champ:ArenaPreparation","champ:RecklessLeap","champ:TripleStrike+1","champ:PerfectedStrike+1","champ:PreciseThrust","champ:PerfectedStrike+1","champ:EnGarde","champ:EnGarde","champ:RageSigil","champ:PreciseThrust+1","Pride","champ:DefensiveShout","champ:DefensiveStyle+1","Slimebound:CheckThePlaybook","champ:StrikeOfGenius","champ:ViciousMockery","champ:ShieldSigil","champ:PerfectedStrike+1","champ:PerfectedStrike+1","champ:Backstep+1","champ:BringItOn+1","champ:ShieldWall+1","expansioncontent:Chronoboost+1","champ:ShieldWall","champ:SkillfulDodge","champ:IronFortress+1"],"relics":["champ:ChampionCrown","Anchor","Bottled Lightning","champ:DefensiveTrainingManual","Bag of Preparation","Runesmith:Locket","downfall:HeartBlessingGreen","Sozu","downfall:KnowingSkull","Pear","Guardian:PocketSentry","MawBank","HollowMod:StagPassRelic","Art of War","Tiny House","Lee\u0027s Waffle","construct:BoolHorns","Boot","CatCart","Unceasing Top","downfall:HeartBlessingBlue","downfall:HeartBlessingRed","HollowMod:LifeEnderRelic"],"acts_visited":["Exordium","TheCity","TheBeyond","TheEnding"],"potions_floor_usage":[],"damage_taken":[{"damage":12.0,"enemies":"2 Louse","floor":2.0,"turns":3.0},{"damage":10.0,"enemies":"Cultist","floor":4.0,"turns":3.0},{"damage":39.0,"enemies":"Lagavulin","floor":6.0,"turns":5.0},{"damage":51.0,"enemies":"HollowMod:MossKnight","floor":8.0,"turns":8.0},{"damage":25.0,"enemies":"Jaw Worm","floor":10.0,"turns":2.0},{"damage":0.0,"enemies":"2 Fungi Beasts","floor":11.0,"turns":1.0},{"damage":55.0,"enemies":"3 Sentries","floor":12.0,"turns":8.0},{"damage":0.0,"enemies":"Red Slaver","floor":14.0,"turns":2.0},{"damage":10.0,"enemies":"Blue Slaver","floor":15.0,"turns":3.0},{"damage":42.0,"enemies":"SI_SHIV_ARCHETYPE","floor":16.0,"turns":5.0},{"damage":25.0,"enemies":"3 Byrds","floor":19.0,"turns":4.0},{"damage":43.0,"enemies":"downfall:FleeingMerchant","floor":21.0,"turns":4.0},{"damage":37.0,"enemies":"downfall:FleeingMerchant","floor":22.0,"turns":4.0},{"damage":11.0,"enemies":"Slavers","floor":26.0,"turns":4.0},{"damage":0.0,"enemies":"Chosen","floor":28.0,"turns":1.0},{"damage":62.0,"enemies":"HollowMod:Nosk","floor":30.0,"turns":4.0},{"damage":42.0,"enemies":"3 Cultists","floor":32.0,"turns":3.0},{"damage":54.0,"enemies":"WA_ARCHETYPE_CALM","floor":33.0,"turns":7.0},{"damage":4.0,"enemies":"3 Darklings","floor":36.0,"turns":5.0},{"damage":12.0,"enemies":"Orb Walker","floor":37.0,"turns":3.0},{"damage":23.0,"enemies":"downfall:FleeingMerchant","floor":38.0,"turns":4.0},{"damage":63.0,"enemies":"Orin","floor":39.0,"turns":10.0},{"damage":0.0,"enemies":"Orin","floor":40.0,"turns":5.0},{"damage":70.0,"enemies":"Transient","floor":43.0,"turns":5.0},{"damage":22.0,"enemies":"Maw","floor":46.0,"turns":6.0},{"damage":10.0,"enemies":"Spire Growth","floor":48.0,"turns":4.0},{"damage":31.0,"enemies":"Sphere and 2 Shapes","floor":49.0,"turns":4.0},{"damage":60,"enemies":"DF_ARCHETYPE_ORBS","floor":50,"turns":8},{"damage":135,"enemies":"downfall:CharBossMerchant","floor":52,"turns":8},{"damage":71,"enemies":"downfall:NeowBoss","floor":55,"turns":15}],"seed_played":"2906340472225046067","potions_obtained":[{"floor":2.0,"key":"PowerPotion"},{"floor":6.0,"key":"SkillPotion"},{"floor":10.0,"key":"LiquidMemories"},{"floor":12.0,"key":"Dexterity Potion"},{"floor":15.0,"key":"Explosive Potion"}],"is_trial":false,"path_per_floor":["R","M","?","M","?","E","T","E","R","M","M","E","R","M","M","B",null,"R","M","?","$","$","?","T","R","E","?","M","R","E","?","M","B",null,"R","M","M","$","?","?","T","R","M","?","R","M","$","M","M","B",null,"E","$","R","B"],"character_chosen":"THE_CHAMP","items_purchased":["Pear","champ:PerfectedStrike","champ:EnGarde","champ:RageSigil","Lee\u0027s Waffle","construct:BoolHorns","Boot","champ:ShieldWall","expansioncontent:Chronoboost","champ:IronFortress"],"campfire_rested":2,"item_purchase_floors":[21,21,21,22,38,38,38,47,47,53],"current_hp_per_floor":[90,88,88,88,88,69,69,58,58,58,58,28,28,28,28,11,90,90,90,81,88,81,81,81,81,80,80,80,80,78,43,42,28,105,105,101,99,112,79,79,79,89,54,54,90,78,78,78,47,31,122,8,8,44,0,0,0],"gold":47,"neow_bonus":"RANDOM_COMMON_RELIC","is_daily":false,"chose_seed":false,"campfire_upgraded":7,"win_rate":0.0,"timestamp":1612553078,"path_taken":["R","M","?","?","?","E","T","E","R","M","M","E","R","M","M","BOSS","R","M","?","?","$","?","T","R","E","?","M","R","E","?","M","BOSS","R","M","M","$","?","?","T","R","M","?","R","?","$","M","M","BOSS","E","$","R","BOSS"],"items_purchased_type":["Relic","Card","Card","Card","Relic","Relic","Relic","Card","Card","Card"],"build_version":"2020-12-22","purchased_purges":0,"victory":false,"max_hp_per_floor":[90,90,90,90,90,90,90,90,90,90,90,90,90,90,90,90,90,90,90,90,100,100,100,100,100,100,100,100,100,100,100,100,100,105,105,105,105,112,112,112,112,122,122,122,122,122,122,122,122,122,122,122,122,122,122,122,122],"card_choices":[{"not_picked":["champ:Duel","champ:Encircle"],"picked":"champ:PerfectedStrike","floor":2.0},{"not_picked":["champ:RapidStrikes","champ:Endure"],"picked":"champ:FocusedBerserking","floor":4.0},{"not_picked":["champ:Lariat","champ:RapidStrikes"],"picked":"champ:GladiatorStyle","floor":6.0},{"not_picked":["champ:BerserkerStyle","champ:ShieldSlam"],"picked":"champ:RecklessLeap","floor":8.0},{"not_picked":["champ:FaceSlap","champ:BerserkersShout"],"picked":"champ:PerfectedStrike","floor":10.0},{"not_picked":["champ:Parry","champ:ShieldWall"],"picked":"champ:HeartStrike","floor":11.0},{"not_picked":["champ:RapidStrikes","champ:AdrenalArmor"],"picked":"champ:BringItOn","floor":12.0},{"not_picked":["champ:PreciseThrust","champ:AdrenalArmor"],"picked":"champ:ArenaPreparation","floor":14.0},{"not_picked":["champ:BladeFlurry","champ:GutPunch"],"picked":"champ:RecklessLeap","floor":15.0},{"not_picked":["champ:EnchantShield","champ:LastStand"],"picked":"champ:TripleStrike","floor":16.0},{"not_picked":["champ:EnGarde","champ:Circumvent+1"],"picked":"champ:PerfectedStrike","floor":19.0},{"not_picked":["champ:ShieldSigil","champ:PreemptiveStrike"],"picked":"champ:PreciseThrust","floor":21.0},{"not_picked":["champ:SwordSigil","champ:FocusedBerserking"],"picked":"champ:EnGarde","floor":22.0},{"not_picked":["champ:Endure","champ:Haymaker"],"picked":"champ:PreciseThrust+1","floor":26.0},{"not_picked":["champ:PerfectedStrike","champ:IronFortress"],"picked":"champ:DefensiveShout","floor":28.0},{"not_picked":["champ:FanOfKnives","champ:BerserkersShout"],"picked":"champ:DefensiveStyle","floor":30.0},{"not_picked":["champ:BerserkersShout","champ:PreemptiveStrike","champ:ShieldWall"],"picked":"SKIP","floor":32.0},{"not_picked":["champ:SteelEdge","champ:CheapShot"],"picked":"champ:StrikeOfGenius","floor":33.0},{"not_picked":["champ:FocusedBerserking","champ:Lariat"],"picked":"champ:ViciousMockery","floor":34.0},{"not_picked":["champ:DefensiveShout","champ:GutPunch+1"],"picked":"champ:ShieldSigil","floor":36.0},{"not_picked":["champ:FanOfKnives+1","champ:PreciseThrust+1"],"picked":"champ:PerfectedStrike+1","floor":37.0},{"not_picked":["champ:LastStand","champ:SwordSigil+1"],"picked":"champ:PerfectedStrike","floor":38.0},{"not_picked":["champ:EnragedBash+1","champ:Lariat"],"picked":"champ:Backstep+1","floor":39.0},{"not_picked":["champ:TornadoPunch","champ:PreciseThrust+1"],"picked":"champ:BringItOn+1","floor":40.0},{"not_picked":["champ:Circumvent","champ:Haymaker","champ:EnragedBash+1"],"picked":"SKIP","floor":43.0},{"not_picked":["champ:Shatter+1","champ:PreemptiveStrike","champ:Endure"],"picked":"SKIP","floor":46.0},{"not_picked":["champ:Haymaker","champ:FlashCut"],"picked":"champ:ShieldWall","floor":48.0},{"not_picked":["champ:Circumvent+1","champ:FlashCut"],"picked":"champ:SkillfulDodge","floor":49.0},{"not_picked":["champ:PerfectedStrike+1","champ:Haymaker+1","champ:EnGarde"],"picked":"SKIP","floor":52}],"player_experience":907652,"relics_obtained":[{"floor":6.0,"key":"Bottled Lightning"},{"floor":7.0,"key":"champ:DefensiveTrainingManual"},{"floor":8.0,"key":"Bag of Preparation"},{"floor":12.0,"key":"Runesmith:Locket"},{"floor":24.0,"key":"Guardian:PocketSentry"},{"floor":26.0,"key":"MawBank"},{"floor":30.0,"key":"Art of War"},{"floor":39.0,"key":"CatCart"},{"floor":40.0,"key":"Unceasing Top"},{"floor":52,"key":"HollowMod:LifeEnderRelic"}],"event_choices":[{"damage_healed":0.0,"max_hp_gain":0.0,"max_hp_loss":0.0,"gold_gain":0.0,"event_name":"Addict","player_choice":"Stole Relic","floor":27.0,"gold_loss":0.0,"damage_taken":0.0,"relics_obtained":["HollowMod:StagPassRelic"],"cards_obtained":["Pride"]},{"damage_healed":0.0,"max_hp_gain":0.0,"max_hp_loss":0.0,"gold_gain":0.0,"event_name":"OrinTheCat","player_choice":"Fight","floor":39.0,"gold_loss":0.0,"damage_taken":0.0}],"is_beta":false,"boss_relics":[{"not_picked":["SlaversCollar","Coffee Dripper"],"picked":"Sozu"},{"not_picked":["Cursed Key","construct:WeddingRing"],"picked":"Tiny House"}],"items_purged_floors":[],"is_endless":false,"potions_floor_spawned":[2,6,10,12,15,30,32,33,37,39,46,49],"killed_by":"downfall:NeowBoss","ascension_level":0}}