{"host":"nz11ypxva4e39b7q","time":1612564719,"event":{"mods":["BaseMod","Better Third Choice","Better Vampires","Colored Map","Minty Spire (QoL Compilation)","Quick Restart","StSLib"],"gold_per_floor":[117,117,137,156,167,202,202,236,236,253,265,265,285,319,319,396,396,406,406,54,54,36,62,62,87,112,149,183,183,183],"floor_reached":29,"language":"ENG","playtime":2053,"items_purged":["Rip and Tear"],"score":696,"play_id":"90c8e4b0-64a3-47ff-b653-447e7edea425","local_time":"20210205233839","is_ascension_mode":true,"campfire_choices":[{"data":"Hologram","floor":7.0,"key":"SMITH"},{"data":"Reinforced Body","floor":12.0,"key":"SMITH"},{"data":"Chaos","floor":15.0,"key":"SMITH"},{"data":"RitualDagger","floor":24.0,"key":"SMITH"}],"circlet_count":0,"master_deck":["AscendersBane","Dualcast+1","Core Surge","Self Repair","Sweeping Beam","Chaos+1","Recycle","Beam Cell","Gash","Hologram+1","Ball Lightning","Gash","Reinforced Body+1","Leap","Coolheaded","Double Energy+1","Buffer","Echo Form","Sunder","RitualDagger+1","Go for the Eyes","Glacier+1","Hologram","Defragment"],"relics":["Pandora\u0027s Box","FossilizedHelix","DataDisk","WingedGreaves","Black Star","Ornamental Fan","Akabeko","War Paint","Mummified Hand","Pear","Smiling Mask","Dream Catcher","CeramicFish","Oddly Smooth Stone","Prayer Wheel"],"acts_visited":["Exordium","TheCity"],"potions_floor_usage":[],"damage_taken":[{"damage":12.0,"enemies":"Jaw Worm","floor":1.0,"turns":2.0},{"damage":6.0,"enemies":"Cultist","floor":3.0,"turns":3.0},{"damage":15.0,"enemies":"Small Slimes","floor":4.0,"turns":4.0},{"damage":19.0,"enemies":"Looter","floor":5.0,"turns":3.0},{"damage":18.0,"enemies":"Lagavulin","floor":6.0,"turns":5.0},{"damage":6.0,"enemies":"Gremlin Nob","floor":8.0,"turns":4.0},{"damage":0.0,"enemies":"3 Louse","floor":10.0,"turns":4.0},{"damage":0.0,"enemies":"2 Fungi Beasts","floor":11.0,"turns":3.0},{"damage":10.0,"enemies":"Gremlin Gang","floor":13.0,"turns":2.0},{"damage":0.0,"enemies":"Lagavulin","floor":14.0,"turns":6.0},{"damage":8.0,"enemies":"The Guardian","floor":16.0,"turns":10.0},{"damage":0.0,"enemies":"Spheric Guardian","floor":18.0,"turns":5.0},{"damage":8.0,"enemies":"2 Thieves","floor":22.0,"turns":4.0},{"damage":16.0,"enemies":"Slavers","floor":23.0,"turns":5.0},{"damage":32.0,"enemies":"Book of Stabbing","floor":25.0,"turns":5.0},{"damage":31.0,"enemies":"Slavers","floor":27.0,"turns":10.0},{"damage":7.0,"enemies":"Book of Stabbing","floor":28.0,"turns":6.0},{"damage":21,"enemies":"Slavers","floor":29,"turns":1}],"seed_played":"4764320330517547871","potions_obtained":[{"floor":5.0,"key":"PotionOfCapacity"},{"floor":8.0,"key":"Explosive Potion"},{"floor":10.0,"key":"Fruit Juice"},{"floor":11.0,"key":"FocusPotion"},{"floor":14.0,"key":"SpeedPotion"},{"floor":16.0,"key":"Energy Potion"},{"floor":23.0,"key":"LiquidBronze"},{"floor":27.0,"key":"EssenceOfSteel"}],"is_trial":false,"path_per_floor":["M","?","M","M","M","E","R","E","T","M","M","R","M","E","R","B",null,"M","?","$","?","M","E","R","E","T","E","E","E"],"character_chosen":"DEFECT","items_purchased":["Ornamental Fan"],"campfire_rested":0,"item_purchase_floors":[20],"current_hp_per_floor":[59,71,71,63,51,40,40,41,41,48,60,60,50,57,57,56,71,76,76,76,70,69,60,60,45,45,21,21,0,0],"gold":183,"neow_bonus":"BOSS_RELIC","is_daily":false,"chose_seed":false,"campfire_upgraded":4,"win_rate":0.0,"timestamp":1612564719,"path_taken":["M","?","M","M","?","E","R","E","T","M","M","R","M","E","R","BOSS","M","?","$","?","M","E","R","E","T","E","E","E"],"items_purchased_type":["Relic"],"build_version":"2020-12-22","purchased_purges":1,"victory":false,"max_hp_per_floor":[71,71,71,71,71,71,71,71,71,71,76,76,76,76,76,76,76,76,76,76,76,76,76,76,86,86,86,86,86,86],"card_choices":[{"not_picked":["Coolheaded","Stack"],"picked":"Gash","floor":1.0},{"not_picked":["Auto Shields","Self Repair"],"picked":"Hologram","floor":3.0},{"not_picked":["Reprogram","Turbo"],"picked":"Ball Lightning","floor":4.0},{"not_picked":["Darkness","Streamline"],"picked":"Gash","floor":5.0},{"not_picked":["Redo","Fusion"],"picked":"Reinforced Body","floor":6.0},{"not_picked":["Turbo","Reprogram","Capacitor"],"picked":"SKIP","floor":8.0},{"not_picked":["Stack","White Noise"],"picked":"Leap","floor":10.0},{"not_picked":["Steam","Stack"],"picked":"Coolheaded","floor":11.0},{"not_picked":["Coolheaded","Conserve Battery"],"picked":"Double Energy","floor":13.0},{"not_picked":["Electrodynamics","Turbo"],"picked":"Buffer","floor":14.0},{"not_picked":["Creative AI","Hyperbeam"],"picked":"Echo Form","floor":16.0},{"not_picked":["Darkness+1","Rip and Tear","Ball Lightning"],"picked":"SKIP","floor":18.0},{"not_picked":["Redo","Force Field"],"picked":"Go for the Eyes","floor":22.0},{"not_picked":["Go for the Eyes","Doom and Gloom"],"picked":"Glacier+1","floor":23.0},{"not_picked":["Compile Driver","Self Repair"],"picked":"Hologram","floor":25.0},{"not_picked":["Glacier","Rainbow"],"picked":"Defragment","floor":27.0},{"not_picked":["Turbo+1","Darkness","Redo"],"picked":"SKIP","floor":28.0}],"player_experience":1017209,"relics_obtained":[{"floor":6.0,"key":"FossilizedHelix"},{"floor":8.0,"key":"DataDisk"},{"floor":14.0,"key":"WingedGreaves"},{"floor":23.0,"key":"Akabeko"},{"floor":23.0,"key":"War Paint"},{"floor":25.0,"key":"Mummified Hand"},{"floor":25.0,"key":"Pear"},{"floor":26.0,"key":"Smiling Mask"},{"floor":27.0,"key":"Dream Catcher"},{"floor":27.0,"key":"CeramicFish"},{"floor":28.0,"key":"Oddly Smooth Stone"},{"floor":28.0,"key":"Prayer Wheel"}],"event_choices":[{"cards_removed":["Force Field"],"damage_healed":12.0,"max_hp_gain":0.0,"max_hp_loss":0.0,"gold_gain":0.0,"event_name":"Bonfire Elementals","player_choice":"Offered Uncommon","floor":2.0,"gold_loss":0.0,"damage_taken":0.0},{"damage_healed":0.0,"max_hp_gain":0.0,"max_hp_loss":0.0,"gold_gain":0.0,"cards_transformed":["Zap","Darkness"],"event_name":"Drug Dealer","player_choice":"Became Test Subject","floor":19.0,"gold_loss":0.0,"damage_taken":0.0,"cards_obtained":["Rip and Tear","Sunder"]},{"damage_healed":0.0,"max_hp_gain":0.0,"max_hp_loss":0.0,"gold_gain":0.0,"event_name":"betterThird:BetterNest","player_choice":"Dagger","floor":21.0,"gold_loss":0.0,"damage_taken":6.0,"cards_obtained":["RitualDagger"]}],"is_beta":false,"boss_relics":[{"not_picked":["Tiny House","Snecko Eye"],"picked":"Black Star"}],"items_purged_floors":[20],"is_endless":false,"potions_floor_spawned":[5,8,10,11,14,16,23,27],"killed_by":"Slavers","ascension_level":20}}