{"host":"sian7qp8a9pc9xwd","time":1612504330,"event":{"mods":["BaseMod","Minty Spire (QoL Compilation)","StSLib","SuperFastMode"],"gold_per_floor":[109,109,126,126,136,136,171,171,171,118,118,129,141,6,6,81,81,97,12,12,28,28,28,60,60,86,103,103,123,76,176,176,251,251,269,16,31,50,0,0,0,0,25,25,40,58,35,50,50,50],"floor_reached":51,"language":"ENG","playtime":1514,"items_purged":[],"score":1151,"play_id":"e86c7fd4-fc54-42d6-96bf-402425a77f2b","local_time":"20210205005210","is_ascension_mode":true,"campfire_choices":[{"data":"Defragment","floor":6,"key":"SMITH"},{"data":"Zap","floor":8,"key":"SMITH"},{"data":"Beam Cell","floor":11,"key":"SMITH"},{"data":"Fission","floor":15,"key":"SMITH"},{"floor":23,"key":"REST"},{"floor":25,"key":"REST"},{"floor":28,"key":"REST"},{"floor":32,"key":"REST"},{"data":"Amplify","floor":40,"key":"SMITH"},{"data":"Storm","floor":42,"key":"SMITH"},{"data":"Biased Cognition","floor":44,"key":"SMITH"},{"data":"Storm","floor":49,"key":"SMITH"}],"circlet_count":0,"master_deck":["AscendersBane","Strike_B+1","Strike_B+1","Strike_B+1","Defend_B+1","Defend_B+1","Defend_B+1","Defend_B+1","Zap+1","Dualcast","Beam Cell+1","Conserve Battery","Defragment+1","White Noise","Ball Lightning","Ball Lightning","Thunder Strike","Fission+1","Core Surge","Coolheaded","Conserve Battery+1","Conserve Battery+1","Coolheaded","Storm+1","Chaos+1","Cold Snap","Biased Cognition+1","Amplify+1","Cold Snap","Self Repair","Storm+1","Loop","Echo Form","Coolheaded","Storm+1","Fusion+1"],"relics":["Cracked Core","NeowsBlessing","Prayer Wheel","Ice Cream","Sozu","Bronze Scales","Enchiridion","Toy Ornithopter","Vajra","Girya","Mercury Hourglass","Runic Pyramid","HornCleat","Eternal Feather","Happy Flower"],"acts_visited":["Exordium","TheCity","TheBeyond"],"potions_floor_usage":[7,16,24],"damage_taken":[{"damage":0,"enemies":"Small Slimes","floor":1,"turns":1},{"damage":0,"enemies":"Cultist","floor":3,"turns":1},{"damage":0,"enemies":"Jaw Worm","floor":5,"turns":1},{"damage":25,"enemies":"Gremlin Nob","floor":7,"turns":4},{"damage":1,"enemies":"Exordium Wildlife","floor":12,"turns":3},{"damage":8,"enemies":"Blue Slaver","floor":13,"turns":2},{"damage":8,"enemies":"Hexaghost","floor":16,"turns":6},{"damage":23,"enemies":"2 Thieves","floor":18,"turns":3},{"damage":0,"enemies":"Chosen","floor":21,"turns":3},{"damage":21,"enemies":"Book of Stabbing","floor":24,"turns":4},{"damage":16,"enemies":"Snake Plant","floor":27,"turns":2},{"damage":14,"enemies":"Snecko","floor":29,"turns":3},{"damage":2,"enemies":"Colosseum Slavers","floor":31,"turns":3},{"damage":3,"enemies":"Colosseum Nobs","floor":31,"turns":3},{"damage":36,"enemies":"Automaton","floor":33,"turns":8},{"damage":16,"enemies":"Orb Walker","floor":35,"turns":2},{"damage":0,"enemies":"3 Shapes","floor":37,"turns":4},{"damage":0,"enemies":"Maw","floor":38,"turns":5},{"damage":0,"enemies":"4 Shapes","floor":45,"turns":3},{"damage":33,"enemies":"Jaw Worm Horde","floor":46,"turns":3},{"damage":0,"enemies":"Transient","floor":48,"turns":5},{"damage":25,"enemies":"Donu and Deca","floor":50,"turns":4}],"seed_played":"-1515145584039883929","potions_obtained":[{"floor":1,"key":"Ancient Potion"},{"floor":5,"key":"Explosive Potion"},{"floor":13,"key":"SteroidPotion"},{"floor":16,"key":"Fire Potion"}],"is_trial":false,"path_per_floor":["M","?","M","?","M","R","E","R","T","$","R","M","M","$","R","B",null,"M","?","?","M","?","R","E","R","T","M","R","M","$","?","R","B",null,"M","$","M","M","?","R","$","R","T","R","M","M","$","M","R","B",null],"character_chosen":"DEFECT","items_purchased":["Ball Lightning","Fission","Cold Snap","HornCleat","Coolheaded"],"campfire_rested":4,"item_purchase_floors":[10,14,30,36,47],"current_hp_per_floor":[64,64,64,43,43,43,18,18,18,18,18,17,9,9,9,1,54,31,31,10,10,10,31,10,31,31,15,36,22,22,17,38,2,54,38,38,38,38,38,56,56,71,71,71,71,52,52,52,71,46],"gold":50,"neow_bonus":"THREE_ENEMY_KILL","is_daily":false,"chose_seed":false,"campfire_upgraded":8,"win_rate":0.0,"timestamp":1612504330,"path_taken":["M","?","?","?","M","R","E","R","T","$","R","M","M","?","R","BOSS","M","?","?","M","?","R","E","R","T","M","R","?","$","?","R","BOSS","M","$","M","M","?","R","?","R","T","R","M","M","$","M","R","BOSS"],"items_purchased_type":["Card","Card","Card","Relic","Card"],"build_version":"2020-12-22","purchased_purges":0,"victory":true,"max_hp_per_floor":[71,71,71,71,71,71,71,71,71,71,71,71,71,71,71,71,71,71,71,71,71,71,71,71,71,71,71,71,71,71,71,71,71,71,71,71,71,71,71,71,71,71,71,71,71,71,71,71,71,71],"card_choices":[{"not_picked":["Static Discharge","Go for the Eyes"],"picked":"Beam Cell","floor":1},{"not_picked":["Barrage","Stack"],"picked":"Conserve Battery","floor":3},{"not_picked":["Streamline","Melter"],"picked":"Defragment","floor":5},{"not_picked":["Coolheaded","Skim"],"picked":"White Noise","floor":7},{"not_picked":["Chill","Turbo"],"picked":"Ball Lightning","floor":12},{"not_picked":["Hologram","Reinforced Body","Blizzard"],"picked":"SKIP","floor":12},{"not_picked":["Scrape","Compile Driver"],"picked":"Thunder Strike","floor":13},{"not_picked":["Redo","Steam","Reprogram"],"picked":"SKIP","floor":13},{"not_picked":["Creative AI","Amplify"],"picked":"Core Surge","floor":16},{"not_picked":["Barrage","Force Field"],"picked":"Coolheaded","floor":18},{"not_picked":["Turbo","Gash"],"picked":"Conserve Battery+1","floor":18},{"not_picked":["Gash","Leap+1"],"picked":"Conserve Battery+1","floor":21},{"not_picked":["Recycle","Hello World","Go for the Eyes"],"picked":"SKIP","floor":21},{"not_picked":["Static Discharge+1","Redo","White Noise"],"picked":"SKIP","floor":24},{"not_picked":["Sunder","Beam Cell"],"picked":"Coolheaded","floor":27},{"not_picked":["Streamline","Turbo"],"picked":"Storm","floor":27},{"not_picked":["Double Energy","Steam"],"picked":"Chaos+1","floor":29},{"not_picked":["Barrage","Double Energy","Conserve Battery"],"picked":"SKIP","floor":29},{"not_picked":["Conserve Battery","Coolheaded"],"picked":"Biased Cognition","floor":31},{"not_picked":["Electrodynamics","Machine Learning"],"picked":"Amplify","floor":33},{"not_picked":["Redo","Beam Cell","Go for the Eyes"],"picked":"SKIP","floor":35},{"not_picked":["Auto Shields","Gash","Darkness"],"picked":"SKIP","floor":35},{"not_picked":["Blizzard","Auto Shields"],"picked":"Cold Snap","floor":37},{"not_picked":["Reinforced Body+1","Compile Driver+1","Redo"],"picked":"SKIP","floor":37},{"not_picked":["Stack+1","Leap"],"picked":"Self Repair","floor":38},{"not_picked":["Steam Power","Compile Driver","Genetic Algorithm"],"picked":"SKIP","floor":38},{"not_picked":["Reinforced Body","Coolheaded"],"picked":"Storm","floor":45},{"not_picked":["Streamline","Gash"],"picked":"Loop","floor":45},{"not_picked":["Go for the Eyes","Barrage"],"picked":"Echo Form","floor":46},{"not_picked":["Beam Cell","Redo","Lockon"],"picked":"SKIP","floor":46},{"not_picked":["Blizzard+1","Leap"],"picked":"Storm+1","floor":48},{"not_picked":["Steam","Static Discharge"],"picked":"Fusion+1","floor":48}],"player_experience":878860,"relics_obtained":[{"floor":7,"key":"Prayer Wheel"},{"floor":9,"key":"Ice Cream"},{"floor":20,"key":"Enchiridion"},{"floor":24,"key":"Toy Ornithopter"},{"floor":26,"key":"Vajra"},{"floor":31,"key":"Girya"},{"floor":31,"key":"Mercury Hourglass"},{"floor":43,"key":"Happy Flower"}],"event_choices":[{"cards_removed":["Strike_B"],"damage_healed":0,"gold_gain":0,"player_choice":"Purged","damage_taken":0,"max_hp_gain":0,"max_hp_loss":0,"event_name":"Purifier","floor":2,"gold_loss":0},{"damage_healed":0,"gold_gain":0,"player_choice":"Entered Light","damage_taken":21,"max_hp_gain":0,"max_hp_loss":0,"event_name":"Shining Light","floor":4,"gold_loss":0,"cards_upgraded":["Defend_B","Defend_B"]},{"damage_healed":0,"gold_gain":0,"player_choice":"Obtained Relic","damage_taken":0,"relics_obtained":["Bronze Scales"],"max_hp_gain":0,"max_hp_loss":0,"event_name":"Addict","floor":19,"gold_loss":85},{"damage_healed":0,"gold_gain":0,"player_choice":"Obtained Book","damage_taken":21,"max_hp_gain":0,"max_hp_loss":0,"event_name":"Cursed Tome","floor":20,"gold_loss":0},{"damage_healed":0,"gold_gain":0,"player_choice":"Simplicity","damage_taken":0,"max_hp_gain":0,"max_hp_loss":0,"event_name":"Back to Basics","floor":22,"gold_loss":0,"cards_upgraded":["Strike_B","Strike_B","Strike_B","Defend_B","Defend_B"]},{"damage_healed":0,"gold_gain":0,"player_choice":"Fight","damage_taken":0,"max_hp_gain":0,"max_hp_loss":0,"event_name":"Colosseum","floor":31,"gold_loss":0},{"damage_healed":0,"gold_gain":0,"player_choice":"Fought Nobs","damage_taken":0,"max_hp_gain":0,"max_hp_loss":0,"event_name":"Colosseum","floor":31,"gold_loss":0},{"damage_healed":0,"gold_gain":0,"player_choice":"Paid Gold","damage_taken":0,"relics_obtained":["Eternal Feather"],"max_hp_gain":0,"max_hp_loss":0,"event_name":"WeMeetAgain","floor":39,"gold_loss":50}],"is_beta":false,"boss_relics":[{"not_picked":["Runic Dome","Astrolabe"],"picked":"Sozu"},{"not_picked":["Philosopher\u0027s Stone","Coffee Dripper"],"picked":"Runic Pyramid"}],"items_purged_floors":[],"is_endless":false,"potions_floor_spawned":[1,5,13,16,18,24,31,33,37,45,48],"ascension_level":15}}