{"host":"6p0attdrtjqaih7v","time":1612499110,"event":{"mods":["2.2 Compatiblity","AchievementEnabler","Bard","BaseMod","Better Skull","Better Third Choice","Colored Powertips","Hermit","Highlight Path","Key Reminder","Minty Spire (QoL Compilation)","Permanent Neow","Quick Restart","Random Character Button","Relic Stats","Reliquary","Replay The Spire","Robot Space Explorer","StSLib","The Witch"],"gold_per_floor":[111,111,73,90,107,141,152,152,225,252,268,280,293,15,15,120,120,133,151,171,204,32,32,60,260,336,336,336],"floor_reached":27,"language":"ENG","playtime":1570,"items_purged":["CorruptBlood"],"score":319,"play_id":"20588092-4817-45fb-a0eb-a12214dd0fd2","local_time":"20210204232510","is_ascension_mode":true,"campfire_choices":[{"data":"GrimVengeance","floor":8,"key":"SMITH"},{"data":"KarmaDrain","floor":15,"key":"SMITH"},{"floor":23,"key":"REST"}],"circlet_count":0,"master_deck":["Strike_Witch","Strike_Witch","Strike_Witch","Strike_Witch","Defend_Witch","Defend_Witch","Defend_Witch","Defend_Witch","Hexguard","ZombieSpit","Demonfyre","Athame","GrimVengeance+1","KarmaDrain+1","EternalThirst","Twitch","PlagueSpreader","BoneCarving","SummonRavenFamiliar","Malady","ChosenOfTheMoon","Demonfyre","GrimVengeance","BleedOut","ReplayTheSpireMod:Splinters","Twitch"],"relics":["BlackCat","Counterbalance","ReplayTheSpireMod:Ninjato","Lantern","reliquary:RedCape","Replay:Multitool","Potion Belt","reliquary:Firecrackers"],"acts_visited":["Exordium","TheCity"],"potions_floor_usage":[6,6,10,12,20,24,24,27],"damage_taken":[{"damage":2,"enemies":"2 Louse","floor":1,"turns":3},{"damage":1,"enemies":"Cultist","floor":4,"turns":5},{"damage":7,"enemies":"Jaw Worm","floor":5,"turns":5},{"damage":18,"enemies":"Gremlin Nob","floor":6,"turns":4},{"damage":1,"enemies":"Large Slime","floor":7,"turns":8},{"damage":7,"enemies":"Lagavulin","floor":10,"turns":5},{"damage":3,"enemies":"Looter","floor":11,"turns":5},{"damage":9,"enemies":"Exordium Thugs","floor":12,"turns":5},{"damage":0,"enemies":"Exordium Wildlife","floor":13,"turns":3},{"damage":2,"enemies":"Hexaghost","floor":16,"turns":7},{"damage":18,"enemies":"Chosen","floor":18,"turns":6},{"damage":17,"enemies":"3 Byrds","floor":19,"turns":6},{"damage":31,"enemies":"Cultist and Chosen","floor":20,"turns":7},{"damage":27,"enemies":"Gremlin Leader","floor":24,"turns":6},{"damage":6,"enemies":"Centurion and Healer","floor":27,"turns":3}],"seed_played":"8267617348319005082","potions_obtained":[{"floor":0,"key":"PowerPotion"},{"floor":0,"key":"Fire Potion"},{"floor":1,"key":"PowerPotion"},{"floor":6,"key":"DuplicationPotion"},{"floor":12,"key":"FairyPotion"},{"floor":16,"key":"Adrenaline Potion"},{"floor":24,"key":"AttackPotion"}],"is_trial":false,"path_per_floor":["M","?","$","M","M","E","M","R","T","E","M","M","M","$","R","B",null,"M","M","M","?","$","R","E","?","T","M"],"character_chosen":"WITCH","items_purchased":["GrimVengeance","SummonRavenFamiliar","Malady","Dexterity Potion","Swift Potion","Strength Potion"],"campfire_rested":1,"item_purchase_floors":[3,14,14,14,22,22],"current_hp_per_floor":[58,58,58,57,50,32,31,31,31,24,21,12,12,12,12,10,53,35,18,8,8,8,28,1,1,1,0,0],"gold":336,"neow_bonus":"THREE_SMALL_POTIONS","is_daily":false,"chose_seed":false,"campfire_upgraded":2,"win_rate":0.0,"timestamp":1612499110,"path_taken":["M","?","$","M","M","E","M","R","T","E","?","M","M","$","R","BOSS","M","M","M","?","$","R","E","?","T","M"],"items_purchased_type":["Card","Card","Card","Potion","Potion","Potion"],"build_version":"2020-12-22","purchased_purges":1,"victory":false,"max_hp_per_floor":[67,67,67,67,67,67,67,67,67,67,67,67,67,67,67,67,67,67,67,67,67,67,67,67,67,67,67,67],"relic_stats":{"counters":[15,78],"obtain_stats":[{"Potion Belt":24,"Lantern":10,"ReplayTheSpireMod:Ninjato":9,"Counterbalance":6,"reliquary:Firecrackers":26,"Replay:Multitool":21,"reliquary:RedCape":17,"BlackCat":0},{"Potion Belt":14,"Lantern":6,"ReplayTheSpireMod:Ninjato":5,"Counterbalance":4,"reliquary:Firecrackers":14,"Replay:Multitool":13,"reliquary:RedCape":10,"BlackCat":0},{"Potion Belt":75,"Lantern":30,"ReplayTheSpireMod:Ninjato":25,"Counterbalance":17,"reliquary:Firecrackers":75,"Replay:Multitool":69,"reliquary:RedCape":50,"BlackCat":0}]},"card_choices":[{"not_picked":["KarmaDrain","Atonement"],"picked":"Demonfyre","floor":1},{"not_picked":["WalpurgisNight","KarmaDrain","GnarledBody"],"picked":"SKIP","floor":4},{"not_picked":["FatalRay","RoilingBarrier"],"picked":"KarmaDrain","floor":5},{"not_picked":["IllOmen","RiteOfWinter","RoilingBarrier"],"picked":"SKIP","floor":6},{"not_picked":["MagicFang","IllOmen"],"picked":"EternalThirst","floor":7},{"not_picked":["TwistedMind","GrimVengeance"],"picked":"Twitch","floor":10},{"not_picked":["WickedThoughts","SoulBarrier"],"picked":"PlagueSpreader","floor":11},{"not_picked":["GnarledBody","MementoMori"],"picked":"CorruptBlood","floor":12},{"not_picked":["WretchedNails","Decrepify"],"picked":"BoneCarving","floor":13},{"not_picked":["Graveburst","UnluckySeven"],"picked":"ChosenOfTheMoon","floor":16},{"not_picked":["BoneCarving+1","SaltCircle"],"picked":"Demonfyre","floor":18},{"not_picked":["MercuryWand","GnarledBody"],"picked":"GrimVengeance","floor":19},{"not_picked":["SummonCatFamiliar","Broomstick"],"picked":"BleedOut","floor":20},{"not_picked":["BalefulWard","Broomstick+1"],"picked":"Twitch","floor":24}],"player_experience":999717,"relics_obtained":[{"floor":6,"key":"Counterbalance"},{"floor":9,"key":"ReplayTheSpireMod:Ninjato"},{"floor":10,"key":"Lantern"},{"floor":21,"key":"Replay:Multitool"},{"floor":24,"key":"Potion Belt"},{"floor":26,"key":"reliquary:Firecrackers"}],"event_choices":[{"damage_healed":0,"gold_gain":0,"player_choice":"1 cards matched","damage_taken":0,"max_hp_gain":0,"max_hp_loss":0,"event_name":"Match and Keep!","floor":2,"gold_loss":0,"cards_obtained":["Athame"]},{"damage_healed":0,"gold_gain":200,"player_choice":"Gold","damage_taken":0,"max_hp_gain":0,"max_hp_loss":0,"event_name":"Wheel of Change","floor":25,"gold_loss":0}],"is_beta":false,"boss_relics":[{"not_picked":["reliquary:Craggleroot","Replay:Bronze Core"],"picked":"reliquary:RedCape"}],"items_purged_floors":[22],"is_endless":false,"potions_floor_spawned":[1,6,12,16,19,24],"killed_by":"Centurion and Healer","ascension_level":6}}