{"host":"jlk2k69f9c6o7b3e","time":1612495770,"event":{"mods":["AchievementEnabler","BaseMod","Minty Spire (QoL Compilation)","StSLib"],"gold_per_floor":[115,132,152,8,183,183,209,209,209,220,250,270,297,297,297,297,297],"floor_reached":16,"language":"ZHS","playtime":1004,"items_purged":[],"score":280,"play_id":"8407e4e8-4a06-4676-808c-bb6dcbfef020","local_time":"20210205112930","is_ascension_mode":true,"campfire_choices":[{"data":"Reflex","floor":6,"key":"SMITH"},{"floor":15,"key":"DIG"}],"circlet_count":0,"master_deck":["AscendersBane","Strike_G","Strike_G","Strike_G","Strike_G","Strike_G","Defend_G","Defend_G","Defend_G","Defend_G","Defend_G","Survivor","Neutralize","CurseOfTheBell","Riddle With Holes","Reflex+1","Skewer","Doubt","Burst","Pain","Skewer","Bullet Time","Accuracy","Wraith Form v2","Injury"],"relics":["Calling Bell","Ancient Tea Set","Letter Opener","Gambling Chip","Nunchaku","Shovel","WarpedTongs","Gremlin Horn","The Courier","Shuriken","Golden Idol","Bag of Preparation"],"acts_visited":["Exordium"],"potions_floor_usage":[7,7,11,13,13],"damage_taken":[{"damage":1.0,"enemies":"Cultist","floor":1.0,"turns":4.0},{"damage":0.0,"enemies":"2 Louse","floor":2.0,"turns":2.0},{"damage":4.0,"enemies":"Small Slimes","floor":3.0,"turns":4.0},{"damage":9,"enemies":"Lagavulin","floor":7,"turns":5},{"damage":6,"enemies":"Exordium Wildlife","floor":10,"turns":4},{"damage":33,"enemies":"3 Sentries","floor":11,"turns":9},{"damage":12,"enemies":"Exordium Thugs","floor":12,"turns":6},{"damage":10,"enemies":"Gremlin Nob","floor":13,"turns":4},{"damage":3,"enemies":"Hexaghost","floor":16,"turns":4}],"seed_played":"2581628403259557283","potions_obtained":[{"floor":1.0,"key":"Weak Potion"},{"floor":2.0,"key":"Energy Potion"},{"floor":3.0,"key":"SteroidPotion"},{"floor":10,"key":"Regen Potion"},{"floor":12,"key":"FearPotion"}],"is_trial":false,"path_per_floor":["M","M","M","$","?","R","E","?","T","M","E","M","E","?","R","B"],"character_chosen":"THE_SILENT","items_purchased":["Nunchaku"],"campfire_rested":0,"item_purchase_floors":[4],"current_hp_per_floor":[62,62,58,58,58,58,49,49,49,43,25,13,3,3,3,0,0],"gold":297,"neow_bonus":"BOSS_RELIC","is_daily":false,"chose_seed":false,"campfire_upgraded":1,"win_rate":0.0,"timestamp":1612495770,"path_taken":["M","M","?","$","?","R","E","?","T","?","E","M","E","?","R","BOSS"],"items_purchased_type":["Relic"],"build_version":"2020-12-22","purchased_purges":0,"victory":false,"max_hp_per_floor":[70,70,70,70,70,70,70,70,70,70,70,70,70,70,70,70,70],"card_choices":[{"not_picked":["Underhanded Strike","Heel Hook"],"picked":"Riddle With Holes","floor":1.0},{"not_picked":["Masterful Stab","Prepared"],"picked":"Reflex","floor":2.0},{"not_picked":["PiercingWail","Noxious Fumes"],"picked":"Skewer","floor":3.0},{"not_picked":["Acrobatics","Dodge and Roll"],"picked":"Burst","floor":7},{"not_picked":["Terror","Bouncing Flask"],"picked":"Skewer","floor":10},{"not_picked":["Bouncing Flask","Dagger Spray"],"picked":"Bullet Time","floor":11},{"not_picked":["Sucker Punch","Quick Slash"],"picked":"Accuracy","floor":12},{"not_picked":["Caltrops","Underhanded Strike"],"picked":"Wraith Form v2","floor":13}],"player_experience":354707,"relics_obtained":[{"floor":0.0,"key":"Ancient Tea Set"},{"floor":0.0,"key":"Letter Opener"},{"floor":0.0,"key":"Gambling Chip"},{"floor":7,"key":"Shovel"},{"floor":9,"key":"Gremlin Horn"},{"floor":11,"key":"The Courier"},{"floor":13,"key":"Shuriken"},{"floor":15,"key":"Bag of Preparation"}],"event_choices":[{"damage_healed":0,"gold_gain":175,"player_choice":"AGREE","damage_taken":0,"max_hp_gain":0,"max_hp_loss":0,"event_name":"Liars Game","floor":5,"gold_loss":0,"cards_obtained":["Doubt"]},{"damage_healed":0,"gold_gain":0,"player_choice":"Rummage","damage_taken":0,"relics_obtained":["WarpedTongs"],"max_hp_gain":0,"max_hp_loss":0,"event_name":"Accursed Blacksmith","floor":8,"gold_loss":0,"cards_obtained":["Pain"]},{"damage_healed":0,"gold_gain":0,"player_choice":"Take Wound","damage_taken":0,"relics_obtained":["Golden Idol"],"max_hp_gain":0,"max_hp_loss":0,"event_name":"Golden Idol","floor":14,"gold_loss":0,"cards_obtained":["Injury"]}],"is_beta":false,"boss_relics":[],"items_purged_floors":[],"is_endless":false,"potions_floor_spawned":[1,2,3,10,12],"killed_by":"Hexaghost","ascension_level":10}}