{"host":"u405qgzvukbntmiv","time":1612553191,"event":{"mods":["BaseMod","Minty Spire (QoL Compilation)","Relic Stats","ojb\u0027s Info Mod"],"gold_per_floor":[114,114,114,189,201,201,230,230,230,249,263,363,381,393,393,490,490,509,509,520,531,14,14,40,40,40,40,56,156,156,181,181,276,276,291,291,291,302,351,386,386,33,83,83,111,111,140,151,151,151],"floor_reached":51,"language":"ENG","playtime":2204,"items_purged":["Crippling Poison+1"],"score":996,"play_id":"0e59bb4b-d6da-441b-999b-d2af4360b356","local_time":"20210206022631","is_ascension_mode":false,"campfire_choices":[{"data":"Cloak And Dagger","floor":6.0,"key":"SMITH"},{"data":"Outmaneuver","floor":8.0,"key":"SMITH"},{"data":"Accuracy","floor":15.0,"key":"SMITH"},{"data":"Calculated Gamble","floor":23,"key":"SMITH"},{"data":"Accuracy","floor":27,"key":"SMITH"},{"data":"Adrenaline","floor":30,"key":"SMITH"},{"data":"Reflex","floor":32,"key":"SMITH"},{"data":"Accuracy","floor":44,"key":"SMITH"},{"data":"Footwork","floor":46,"key":"SMITH"},{"data":"Terror","floor":49,"key":"SMITH"}],"circlet_count":0,"master_deck":["Survivor+1","Neutralize+1","Outmaneuver+1","Cloak And Dagger+1","Backflip+1","Leg Sweep+1","Tactician+1","Backstab+1","Accuracy+1","Storm of Steel+1","Expertise+1","Adrenaline+1","Distraction+1","Expertise+1","Backflip+1","Reflex+1","Outmaneuver+1","Eviscerate+1","Adrenaline+1","Escape Plan+1","Cloak And Dagger+1","Skewer+1","Accuracy+1","Calculated Gamble+1","Cloak And Dagger+1","Blade Dance+1","Blade Dance+1","Prepared+1","A Thousand Cuts+1","Cloak And Dagger+1","Acrobatics","Flying Knee","Accuracy+1","Acrobatics","Footwork+1","Terror+1"],"relics":["Ring of the Snake","NeowsBlessing","StoneCalendar","Art of War","Toy Ornithopter","Pandora\u0027s Box","Sling","Potion Belt","Darkstone Periapt","Bottled Lightning","WingedGreaves","Kunai","Matryoshka","Philosopher\u0027s Stone","Mark of the Bloom","Calipers","Thread and Needle","TwistedFunnel","Pen Nib","Oddly Smooth Stone","Akabeko","HornCleat"],"acts_visited":["TheCity","TheBeyond"],"potions_floor_usage":[29,50,50,50],"damage_taken":[{"damage":0.0,"enemies":"Small Slimes","floor":1.0,"turns":1.0},{"damage":0.0,"enemies":"Jaw Worm","floor":5.0,"turns":1.0},{"damage":0.0,"enemies":"3 Sentries","floor":7.0,"turns":1.0},{"damage":1.0,"enemies":"2 Louse","floor":10.0,"turns":2.0},{"damage":0.0,"enemies":"Red Slaver","floor":11.0,"turns":6.0},{"damage":32.0,"enemies":"Exordium Thugs","floor":13.0,"turns":7.0},{"damage":2.0,"enemies":"Lots of Slimes","floor":14.0,"turns":6.0},{"damage":20.0,"enemies":"The Guardian","floor":16.0,"turns":14.0},{"damage":0.0,"enemies":"Spheric Guardian","floor":18.0,"turns":1.0},{"damage":0.0,"enemies":"2 Thieves","floor":20.0,"turns":4.0},{"damage":0.0,"enemies":"Snecko","floor":21.0,"turns":3.0},{"damage":13,"enemies":"Gremlin Leader","floor":24,"turns":4},{"damage":0,"enemies":"Centurion and Healer","floor":28,"turns":3},{"damage":2,"enemies":"Colosseum Slavers","floor":29,"turns":2},{"damage":0,"enemies":"Colosseum Nobs","floor":29,"turns":2},{"damage":0,"enemies":"Book of Stabbing","floor":31,"turns":1},{"damage":29,"enemies":"Automaton","floor":33,"turns":8},{"damage":3,"enemies":"Orb Walker","floor":35,"turns":2},{"damage":0,"enemies":"3 Shapes","floor":38,"turns":2},{"damage":6,"enemies":"2 Orb Walkers","floor":39,"turns":3},{"damage":1,"enemies":"Nemesis","floor":40,"turns":3},{"damage":0,"enemies":"Giant Head","floor":45,"turns":3},{"damage":0,"enemies":"Nemesis","floor":47,"turns":3},{"damage":0,"enemies":"Maw","floor":48,"turns":4},{"damage":0,"enemies":"Time Eater","floor":50,"turns":3}],"seed_played":"-995672326017558824","potions_obtained":[{"floor":11.0,"key":"Swift Potion"},{"floor":14.0,"key":"AttackPotion"},{"floor":16.0,"key":"Weak Potion"},{"floor":20.0,"key":"PowerPotion"},{"floor":28,"key":"PowerPotion"},{"floor":29,"key":"Energy Potion"},{"floor":31,"key":"Poison Potion"},{"floor":38,"key":"PowerPotion"}],"is_trial":false,"path_per_floor":["M","?","T","?","M","R","E","R","T","M","M","?","M","M","R","B",null,"M","?","M","M","$","R","E","?","T","R","M","?","R","E","R","B",null,"M","?","?","M","?","E","?","$","T","R","E","R","E","M","R","B",null],"character_chosen":"THE_SILENT","items_purchased":["Accuracy","Calculated Gamble","Sling","Potion Belt","CunningPotion","TwistedFunnel","Accuracy","Acrobatics"],"campfire_rested":0,"item_purchase_floors":[22,22,22,22,22,42,42,42],"current_hp_per_floor":[70,70,70,59,59,59,59,59,59,58,58,58,26,24,24,9,70,70,70,70,70,70,70,57,57,57,57,57,60,60,60,60,31,70,67,67,67,67,61,60,60,60,60,60,60,60,60,60,60,60],"gold":151,"neow_bonus":"THREE_ENEMY_KILL","is_daily":false,"chose_seed":false,"campfire_upgraded":10,"win_rate":0.0,"timestamp":1612553191,"path_taken":["M","?","?","?","M","R","E","R","T","M","M","?","M","?","R","BOSS","M","?","M","?","$","R","E","?","T","R","M","?","R","E","R","BOSS","M","?","?","?","?","E","?","$","T","R","E","R","E","M","R","BOSS"],"items_purchased_type":["Card","Card","Relic","Relic","Potion","Relic","Card","Card"],"build_version":"2020-12-22","purchased_purges":1,"victory":true,"max_hp_per_floor":[70,70,70,70,70,70,70,70,70,70,70,70,70,70,70,70,70,70,70,70,70,70,70,70,70,70,70,70,70,70,70,70,70,70,70,70,70,70,70,70,70,70,70,70,70,70,70,70,70,70],"relic_stats":{"Darkstone Periapt":0,"Mark of the Bloom":15,"counters":[25,89],"StoneCalendar":[120],"Pandora\u0027s Box":["Expertise","Crippling Poison","Adrenaline","Distraction","Expertise","Backflip","Reflex","Outmaneuver","Eviscerate","Adrenaline"],"Pen Nib":[7],"Art of War":[6],"Kunai":[44],"obtain_stats":[{"Potion Belt":22,"Darkstone Periapt":24,"TwistedFunnel":42,"Mark of the Bloom":36,"Calipers":39,"NeowsBlessing":0,"Oddly Smooth Stone":43,"StoneCalendar":3,"Thread and Needle":40,"Pen Nib":43,"Sling":22,"Akabeko":45,"Matryoshka":31,"HornCleat":47,"Pandora\u0027s Box":17,"Philosopher\u0027s Stone":34,"WingedGreaves":29,"Art of War":7,"Bottled Lightning":26,"Kunai":29,"Toy Ornithopter":9,"Ring of the Snake":0},{"Potion Belt":11,"Darkstone Periapt":12,"TwistedFunnel":21,"Mark of the Bloom":18,"Calipers":20,"NeowsBlessing":0,"Oddly Smooth Stone":21,"StoneCalendar":1,"Thread and Needle":21,"Pen Nib":21,"Sling":11,"Akabeko":22,"Matryoshka":16,"HornCleat":23,"Pandora\u0027s Box":8,"Philosopher\u0027s Stone":17,"WingedGreaves":15,"Art of War":3,"Bottled Lightning":12,"Kunai":15,"Toy Ornithopter":3,"Ring of the Snake":0},{"Potion Belt":46,"Darkstone Periapt":50,"TwistedFunnel":76,"Mark of the Bloom":68,"Calipers":73,"NeowsBlessing":0,"Oddly Smooth Stone":76,"StoneCalendar":1,"Thread and Needle":76,"Pen Nib":76,"Sling":46,"Akabeko":79,"Matryoshka":58,"HornCleat":82,"Pandora\u0027s Box":38,"Philosopher\u0027s Stone":66,"WingedGreaves":57,"Art of War":3,"Bottled Lightning":50,"Kunai":57,"Toy Ornithopter":3,"Ring of the Snake":0}],"Toy Ornithopter":10,"Ring of the Snake":[50]},"card_choices":[{"not_picked":["Deadly Poison","All Out Attack"],"picked":"Outmaneuver","floor":1.0},{"not_picked":["Outmaneuver","Dagger Spray"],"picked":"Cloak And Dagger","floor":5.0},{"not_picked":["Masterful Stab","Poisoned Stab"],"picked":"Backflip","floor":7.0},{"not_picked":["Acrobatics","Sucker Punch"],"picked":"Leg Sweep","floor":10.0},{"not_picked":["Slice","Grand Finale"],"picked":"Tactician","floor":11.0},{"not_picked":["Flechettes","Eviscerate"],"picked":"Backstab","floor":13.0},{"not_picked":["Backflip","Quick Slash"],"picked":"Accuracy","floor":14.0},{"not_picked":["Tools of the Trade","Doppelganger"],"picked":"Storm of Steel","floor":16.0},{"not_picked":["Deflect","Dagger Spray"],"picked":"Escape Plan","floor":18.0},{"not_picked":["Escape Plan","Sucker Punch+1"],"picked":"Skewer","floor":20.0},{"not_picked":["Backstab+1","Sucker Punch","Dagger Spray+1"],"picked":"SKIP","floor":21},{"not_picked":["Well Laid Plans","Grand Finale"],"picked":"Cloak And Dagger+1","floor":24},{"not_picked":["Bouncing Flask","Poisoned Stab"],"picked":"Blade Dance","floor":28},{"not_picked":["Slice+1","Sucker Punch+1"],"picked":"Prepared","floor":31},{"not_picked":["Burst","Envenom"],"picked":"A Thousand Cuts","floor":33},{"not_picked":["Deadly Poison+1","Slice+1","Outmaneuver"],"picked":"SKIP","floor":35},{"not_picked":["Acrobatics","Dodge and Roll+1"],"picked":"Cloak And Dagger+1","floor":38},{"not_picked":["Backflip+1","Quick Slash"],"picked":"Acrobatics","floor":39},{"not_picked":["Distraction+1","Deflect+1"],"picked":"Flying Knee","floor":40},{"not_picked":["Poisoned Stab","A Thousand Cuts"],"picked":"Footwork","floor":45},{"not_picked":["Unload","Dagger Throw+1","Backstab"],"picked":"SKIP","floor":47},{"not_picked":["Reflex+1","Finisher+1"],"picked":"Terror","floor":48}],"player_experience":664050,"relics_obtained":[{"floor":3.0,"key":"StoneCalendar"},{"floor":7.0,"key":"Art of War"},{"floor":9.0,"key":"Toy Ornithopter"},{"floor":24,"key":"Darkstone Periapt"},{"floor":26,"key":"Bottled Lightning"},{"floor":29,"key":"WingedGreaves"},{"floor":29,"key":"Kunai"},{"floor":31,"key":"Matryoshka"},{"floor":39,"key":"Calipers"},{"floor":40,"key":"Thread and Needle"},{"floor":43,"key":"Pen Nib"},{"floor":43,"key":"Oddly Smooth Stone"},{"floor":45,"key":"Akabeko"},{"floor":47,"key":"HornCleat"}],"event_choices":[{"damage_healed":0.0,"max_hp_gain":0.0,"max_hp_loss":0.0,"gold_gain":0.0,"event_name":"Living Wall","player_choice":"Grow","floor":2.0,"gold_loss":0.0,"damage_taken":0.0,"cards_upgraded":["Neutralize"]},{"damage_healed":0.0,"max_hp_gain":0.0,"max_hp_loss":0.0,"gold_gain":75.0,"event_name":"World of Goop","player_choice":"Gather Gold","floor":4.0,"gold_loss":0.0,"damage_taken":11.0},{"damage_healed":0.0,"max_hp_gain":0.0,"max_hp_loss":0.0,"gold_gain":100.0,"event_name":"Wheel of Change","player_choice":"Gold","floor":12.0,"gold_loss":0.0,"damage_taken":0.0},{"damage_healed":0.0,"max_hp_gain":0.0,"max_hp_loss":0.0,"gold_gain":0.0,"event_name":"Duplicator","player_choice":"Copied","floor":19.0,"gold_loss":0.0,"damage_taken":0.0,"cards_obtained":["Cloak And Dagger"]},{"damage_healed":0,"gold_gain":0,"player_choice":"Read","damage_taken":0,"max_hp_gain":0,"max_hp_loss":0,"event_name":"The Library","floor":25,"gold_loss":0,"cards_obtained":["Blade Dance"]},{"damage_healed":0,"gold_gain":0,"player_choice":"Fight","damage_taken":0,"max_hp_gain":0,"max_hp_loss":0,"event_name":"Colosseum","floor":29,"gold_loss":0},{"damage_healed":0,"gold_gain":0,"player_choice":"Fought Nobs","damage_taken":0,"max_hp_gain":0,"max_hp_loss":0,"event_name":"Colosseum","floor":29,"gold_loss":0},{"damage_healed":0,"gold_gain":0,"player_choice":"Upgrade","damage_taken":0,"relics_obtained":["Mark of the Bloom"],"max_hp_gain":0,"max_hp_loss":0,"event_name":"MindBloom","floor":36,"gold_loss":0,"cards_upgraded":["Survivor","Backflip","Leg Sweep","Tactician","Backstab","Storm of Steel","Expertise","Crippling Poison","Adrenaline","Distraction","Expertise","Backflip","Outmaneuver","Eviscerate","Escape Plan","Skewer","Blade Dance","Blade Dance","Prepared","A Thousand Cuts"]},{"damage_healed":0,"gold_gain":0,"player_choice":"Ignored","damage_taken":0,"max_hp_gain":0,"max_hp_loss":0,"event_name":"Accursed Blacksmith","floor":37,"gold_loss":0},{"damage_healed":0,"gold_gain":0,"player_choice":"Fight","damage_taken":0,"max_hp_gain":0,"max_hp_loss":0,"event_name":"Mysterious Sphere","floor":39,"gold_loss":0},{"damage_healed":0,"gold_gain":0,"player_choice":"Ignored","damage_taken":0,"max_hp_gain":0,"max_hp_loss":0,"event_name":"Tomb of Lord Red Mask","floor":41,"gold_loss":0}],"is_beta":false,"boss_relics":[{"not_picked":["Empty Cage","Coffee Dripper"],"picked":"Pandora\u0027s Box"},{"not_picked":["Snecko Eye","Calling Bell"],"picked":"Philosopher\u0027s Stone"}],"items_purged_floors":[42],"is_endless":false,"potions_floor_spawned":[11,14,16,20,28,29,31,38,39,48],"ascension_level":0}}