{"host":"aapp7ew3jk5k1bvd","time":1612532254,"event":{"mods":["AchievementEnabler","BaseMod","Colored Map","Minty Spire (QoL Compilation)","Permanent Neow","StSLib","SuperFastMode"],"gold_per_floor":[112,122,47,66,66,66,92,137,212,212,287,287,314,327,327,401,401,385,400,9,59,75,75,75,75],"floor_reached":24,"language":"KOR","playtime":487,"items_purged":["Strike_B","Strike_B"],"score":357,"play_id":"03355ab5-79ec-4068-92af-646b0bce52d6","local_time":"20210205223734","is_ascension_mode":true,"campfire_choices":[{"data":"Zap","floor":6.0,"key":"SMITH"},{"floor":10.0,"key":"REST"},{"floor":12.0,"key":"REST"},{"floor":15,"key":"REST"},{"floor":23,"key":"REST"}],"circlet_count":0,"master_deck":["AscendersBane","Defend_B","Defend_B","Defend_B","Defend_B","Zap+1","Dualcast","All For One","Streamline","Go for the Eyes","Steam","Redo+1","Go for the Eyes","All For One","Redo+1","Gash"],"relics":["Cracked Core","Juzu Bracelet","Art of War","Toxic Egg 2","Bag of Marbles","Empty Cage","Tiny Chest","Runic Capacitor"],"acts_visited":["Exordium","TheCity"],"potions_floor_usage":[13],"damage_taken":[{"damage":0.0,"enemies":"Cultist","floor":1.0,"turns":4.0},{"damage":7.0,"enemies":"Jaw Worm","floor":2.0,"turns":3.0},{"damage":0.0,"enemies":"2 Louse","floor":4.0,"turns":1.0},{"damage":32.0,"enemies":"Gremlin Nob","floor":7.0,"turns":4.0},{"damage":30,"enemies":"Lagavulin","floor":13,"turns":5},{"damage":0,"enemies":"Exordium Thugs","floor":14,"turns":4},{"damage":35,"enemies":"Slime Boss","floor":16,"turns":7},{"damage":22,"enemies":"2 Thieves","floor":18,"turns":4},{"damage":0,"enemies":"Chosen","floor":19,"turns":3},{"damage":13,"enemies":"Snecko","floor":22,"turns":6},{"damage":44,"enemies":"Cultist and Chosen","floor":24,"turns":6}],"seed_played":"1772546221035621703","potions_obtained":[{"floor":1.0,"key":"DistilledChaos"},{"floor":2.0,"key":"EssenceOfDarkness"},{"floor":14,"key":"EssenceOfSteel"}],"is_trial":false,"path_per_floor":["M","M","$","M","?","R","E","T","T","R","?","R","E","M","R","B",null,"M","M","$","?","M","R","M"],"character_chosen":"DEFECT","items_purchased":["Tiny Chest","Runic Capacitor"],"campfire_rested":4,"item_purchase_floors":[20,20],"current_hp_per_floor":[64,57,57,57,62,62,30,30,30,52,41,63,33,33,55,20,62,40,40,40,40,27,49,5,5],"gold":75,"neow_bonus":"ONE_RANDOM_RARE_CARD","is_daily":false,"chose_seed":false,"campfire_upgraded":1,"win_rate":0.0,"timestamp":1612532254,"path_taken":["M","M","?","M","?","R","E","?","T","R","?","R","E","M","R","BOSS","M","M","$","?","M","R","M"],"items_purchased_type":["Relic","Relic"],"build_version":"2020-12-22","purchased_purges":2,"victory":false,"max_hp_per_floor":[71,71,71,71,76,76,76,76,76,76,76,76,76,76,76,76,76,76,76,76,76,76,76,76,76],"card_choices":[{"not_picked":["Melter","Storm","Compile Driver"],"picked":"SKIP","floor":1.0},{"not_picked":["Capacitor","Barrage"],"picked":"Streamline","floor":2.0},{"not_picked":["Turbo","Double Energy"],"picked":"Go for the Eyes","floor":4.0},{"not_picked":["Loop","Stack"],"picked":"Steam","floor":7.0},{"not_picked":["Sunder","Ball Lightning"],"picked":"Redo+1","floor":13},{"not_picked":["Darkness+1","Leap+1"],"picked":"Go for the Eyes","floor":14},{"not_picked":["Creative AI","Thunder Strike"],"picked":"All For One","floor":16},{"not_picked":["Hologram+1","Sweeping Beam"],"picked":"Redo+1","floor":18},{"not_picked":["Ball Lightning","Fusion+1","Hologram+1"],"picked":"SKIP","floor":19},{"not_picked":["Double Energy+1","Consume+1"],"picked":"Gash","floor":22}],"player_experience":1320630,"relics_obtained":[{"floor":7.0,"key":"Juzu Bracelet"},{"floor":8.0,"key":"Art of War"},{"floor":9.0,"key":"Toxic Egg 2"},{"floor":13,"key":"Bag of Marbles"}],"event_choices":[{"damage_healed":0.0,"max_hp_gain":5.0,"max_hp_loss":0.0,"gold_gain":0.0,"event_name":"Big Fish","player_choice":"Donut","floor":5.0,"gold_loss":0.0,"damage_taken":0.0},{"damage_healed":0.0,"max_hp_gain":0.0,"max_hp_loss":0.0,"gold_gain":75.0,"event_name":"World of Goop","player_choice":"Gather Gold","floor":11.0,"gold_loss":0.0,"damage_taken":11.0},{"damage_healed":0,"gold_gain":50,"player_choice":"Stole From Cult","damage_taken":0,"max_hp_gain":0,"max_hp_loss":0,"event_name":"Nest","floor":21,"gold_loss":0}],"is_beta":false,"boss_relics":[{"not_picked":["Fusion Hammer","Runic Dome"],"picked":"Empty Cage"}],"items_purged_floors":[3,20],"is_endless":false,"potions_floor_spawned":[1,2,7,14,18,19],"killed_by":"Cultist and Chosen","ascension_level":15}}