{"host":"qy6st0zp32tctd9l","time":1612495811,"event":{"mods":["BaseMod","Colored Map","Downfall","GifTheSpireLib","Hermit","Marisa£®ÏF”Í°°ƒß¿Ì…≥£©","Minty Spire (QoL Compilation)","Remilia£®¿Ÿ√◊¿Ú—«£©","StSLib","The Cursed","The Servant 0.9.4","UnlockEverythingMod"],"gold_per_floor":[117,134,59,70,145,174,192,192,192],"floor_reached":8,"language":"ZHS","playtime":282,"items_purged":["Strike_S"],"score":96,"play_id":"31218f5c-cbc3-4f25-8040-02ed7b73f84d","local_time":"20210205113011","is_ascension_mode":true,"campfire_choices":[],"circlet_count":0,"master_deck":["AscendersBane","Strike_S","Strike_S","Strike_S","Defend_S","Defend_S","Defend_S","Defend_S","KidneyShot","Exchange","PendulumOfEternity","FastForward","BestPractice","BottledTime","Sunlight","Replace"],"relics":["Uniform","Toy Ornithopter"],"acts_visited":["Exordium"],"potions_floor_usage":[2,6,8],"damage_taken":[{"damage":0,"enemies":"Small Slimes","floor":1,"turns":4},{"damage":2,"enemies":"2 Louse","floor":2,"turns":3},{"damage":0,"enemies":"Cultist","floor":4,"turns":5},{"damage":28,"enemies":"Gremlin Nob","floor":6,"turns":6},{"damage":0,"enemies":"3 Louse","floor":7,"turns":3},{"damage":5,"enemies":"3 Sentries","floor":8,"turns":2}],"seed_played":"-2824551254531114018","potions_obtained":[{"floor":2,"key":"Fruit Juice"},{"floor":4,"key":"PowerPotion"},{"floor":6,"key":"PowerPotion"}],"is_trial":false,"path_per_floor":["M","M","$","M","?","E","M","E"],"character_chosen":"THE_SERVANT","items_purchased":[],"campfire_rested":0,"item_purchase_floors":[],"current_hp_per_floor":[44,47,47,47,36,8,8,8,8],"gold":192,"neow_bonus":"THREE_RARE_CARDS","is_daily":false,"chose_seed":false,"campfire_upgraded":0,"win_rate":0.0,"timestamp":1612495811,"path_taken":["M","M","$","M","?","E","M","E"],"items_purchased_type":[],"build_version":"2020-12-22","purchased_purges":1,"victory":false,"max_hp_per_floor":[65,70,70,70,70,70,70,70,70],"card_choices":[{"not_picked":["FloweringNight","TrueSight"],"picked":"PendulumOfEternity","floor":0.0},{"not_picked":["Unruled","Rearm"],"picked":"FastForward","floor":1},{"not_picked":["Unruled","Starlight"],"picked":"BestPractice","floor":2},{"not_picked":["Potential","Rewind"],"picked":"BottledTime","floor":4},{"not_picked":["DoubleEdge","MoonPhase"],"picked":"Sunlight","floor":6},{"not_picked":["Advance","ShatteredReality"],"picked":"Replace","floor":7}],"player_experience":206880,"relics_obtained":[{"floor":6,"key":"Toy Ornithopter"}],"event_choices":[{"damage_healed":0,"gold_gain":75,"player_choice":"Gather Gold","damage_taken":11,"max_hp_gain":0,"max_hp_loss":0,"event_name":"World of Goop","floor":5,"gold_loss":0}],"is_beta":false,"boss_relics":[],"items_purged_floors":[3],"is_endless":false,"potions_floor_spawned":[2,4,6],"killed_by":"3 Sentries","ascension_level":13}}