{"host":"40gggw0x72bpm5se","time":1612565513,"event":{"mods":["ATMod(°¢èªMod)","Act Like it!","Aspiration","BaseMod","Better Vampires","Colored Map","Conspire","Energized Spire","Friendly Minions","Gensokyo","GungeonMod","GungeonMod Extend","HololiveMod","Infinite Spire","Koishi","Library of Ruina","Library of Ruina Extra","Lobotomy","LobotomyExtend","Minty Spire (QoL Compilation)","MostiFishMod","Quarter Circle Forward PUNCH!","Quick Restart","Relic Filter Mod","Relic Stats","Replay The Spire","RumiaBox-Â¶Ã×æ«µÄÉñÃØºÐ×Ó","Shop Mod","Spicy Shops","StSLib","TestMod","The Alterego","UnlockEverythingMod","Waifu the Spire","Youmu£¨»êÆÇÑýÃÎ£©","[LAZYMAN]RSMod","¡¾¹¦ÄÜMod¡¿»ìãçÖ®»·ÐÞ¸´²¹¶¡","¡¾ÒÅÎï¿¨ÅÆ¡¿REMEMod","Ä§½ä"],"gold_per_floor":[112,112,112,10,22,51,70,82,107,121,134,165,165,177,177,280,280,296,313,313,301,33,33,45,45,45,45,77,77,77,108,108,108,108],"floor_reached":33,"language":"ZHS","playtime":1924,"items_purged":["Koishi:BasicDefend","Koishi:BasicStrike"],"score":545,"play_id":"d2c789b4-fe76-40b2-ab37-042dd64dc420","local_time":"20210206065153","is_ascension_mode":true,"campfire_choices":[{"data":"Koishi:Ego","floor":13.0,"key":"SMITH"},{"floor":15.0,"key":"RECALL"},{"data":"Secret Weapon","floor":23.0,"key":"SMITH"},{"data":"Koishi:Heartbroken","floor":30.0,"key":"SMITH"},{"data":"RingOfDestiny:BottlePoison","floor":32,"key":"SMITH"}],"circlet_count":0,"master_deck":["Koishi:BasicStrike","Koishi:BasicStrike","Koishi:BasicStrike","Koishi:BasicDefend","Koishi:BasicDefend","Koishi:BasicDefend","Koishi:Provoke","Koishi:HauntingSlash","RingOfDestiny:BottlePoison+1","AT_Desolate","Koishi:BloodcurdlingScream","Koishi:Ego+1","Koishi:Ego","Koishi:HeartAttack","Koishi:PredatoryInstincts","Koishi:SprinkleStarAndHeart","Koishi:BramblyRoseGarden","Koishi:JumpScare","Koishi:Untouchable","Koishi:ImGoingToCallYouNow","Koishi:DNAsFlaw","Koishi:Heartbroken+1","Koishi:BramblyRoseGarden","Koishi:JumpScare+1","Koishi:StrangeCloudFist","Secret Weapon+1","MostiFishMod:ButterFly","Koishi:FidgetySnatcher+1","Koishi:FourthEye","Koishi:PhantomStrike","Koishi:CatchAndRose"],"relics":["Koishi:ImaginaryFriend","REME_ComplimentaryCards","AT_ATBox","testmod-TestBox","DaveBox","Bird Faced Urn","testmod-Maize","SynthV:C4","SynthV:TestCard","dwlrmod:ProjectRecorder","LetterFromLob","ReplayTheSpireMod:Shallot","DemoMod:Antibody","Letter Opener","aspiration:HiddenCompartment","Baka2","Koishi:ColorfulDays","testmod-BouquetWithThorns","qcfpunch:Black_Training_Shirt","ReplayTheSpireMod:ShopPack","PageOfMercenary","Strawberry","AT_ArchangelStaff","SSSystem","Frozen Eye"],"acts_visited":["Gensokyo:Gensokyo","TheCity"],"potions_floor_usage":[33,33,33,33],"damage_taken":[{"damage":4.0,"enemies":"Gensokyo:Python","floor":1.0,"turns":4.0},{"damage":1.0,"enemies":"Gensokyo:Gryphon","floor":5.0,"turns":2.0},{"damage":3.0,"enemies":"Gensokyo:Mamizou","floor":6.0,"turns":4.0},{"damage":0.0,"enemies":"Gensokyo:3_Fairies","floor":7.0,"turns":3.0},{"damage":15.0,"enemies":"Gensokyo:CorruptedTreant","floor":8.0,"turns":1.0},{"damage":0.0,"enemies":"Gensokyo:VengefulSpirit","floor":10.0,"turns":4.0},{"damage":3.0,"enemies":"Gensokyo:Kitsune","floor":11.0,"turns":3.0},{"damage":52.0,"enemies":"Gensokyo:Aya","floor":12.0,"turns":4.0},{"damage":2.0,"enemies":"Gensokyo:5_Fairies","floor":14.0,"turns":3.0},{"damage":3.0,"enemies":"Gensokyo:Kokoro","floor":16.0,"turns":12.0},{"damage":0.0,"enemies":"2 Thieves","floor":18.0,"turns":2.0},{"damage":0.0,"enemies":"Chosen","floor":19.0,"turns":6.0},{"damage":0.0,"enemies":"Sentry and Sphere","floor":21.0,"turns":3.0},{"damage":1.0,"enemies":"3 Cultists","floor":24.0,"turns":4.0},{"damage":8.0,"enemies":"3 Cultists","floor":28.0,"turns":12.0},{"damage":26,"enemies":"3 Cultists","floor":31,"turns":12}],"seed_played":"4126393495698074476","potions_obtained":[{"floor":7.0,"key":"Reflective Coating"},{"floor":11.0,"key":"PowerPotion"},{"floor":12.0,"key":"AttackPotion"}],"is_trial":false,"path_per_floor":["M","M","T","$","M","E","M","M","T","M","M","E","R","M","R","B",null,"M","M","AVR","M","$","R","M","?","T","?","E","?","R","E","R","B"],"character_chosen":"KOISHI","items_purchased":["Koishi:Ego","qcfpunch:Black_Training_Shirt","ReplayTheSpireMod:ShopPack"],"campfire_rested":0,"item_purchase_floors":[4,22,22],"current_hp_per_floor":[42,42,42,42,47,53,60,45,45,60,60,55,55,60,60,60,60,60,60,60,60,60,60,60,60,60,60,67,67,67,67,67,53,53],"gold":108,"neow_bonus":"ONE_RARE_RELIC","is_daily":false,"chose_seed":false,"campfire_upgraded":4,"win_rate":0.0,"timestamp":1612565513,"path_taken":["M","M","?","?","M","E","M","M","T","M","M","E","R","M","R","BOSS","M","M","AVR","?","$","R","M","?","T","?","E","?","R","E","R","BOSS"],"items_purchased_type":["Card","Relic","Relic"],"build_version":"2020-12-22","purchased_purges":2,"victory":false,"max_hp_per_floor":[60,60,60,60,60,60,60,60,60,60,60,60,60,60,60,60,60,60,60,60,60,60,60,60,60,60,60,67,67,67,67,67,67,67],"relic_stats":{"counters":[17,83],"Bird Faced Urn":[78],"Letter Opener":[83],"obtain_stats":[{"dwlrmod:ProjectRecorder":1,"AT_ATBox":0,"DaveBox":0,"SSSystem":31,"DemoMod:GlassGuonStoneRelic":5,"testmod-BouquetWithThorns":20,"AT_ArchangelStaff":28,"SynthV:C4":0,"Koishi:ColorfulDays":17,"Frozen Eye":31,"Baka2":16,"PageOfMercenary":26,"Strawberry":28,"testmod-Maize":0,"testmod-TestBox":0,"DemoMod:Antibody":5,"qcfpunch:Black_Training_Shirt":22,"Baka":1,"Letter Opener":6,"aspiration:HiddenCompartment":12,"SynthV:TestCard":1,"ReplayTheSpireMod:Shallot":3,"Bird Faced Urn":0,"LetterFromLob":1,"Koishi:ImaginaryFriend":0,"REME_ComplimentaryCards":0,"ReplayTheSpireMod:ShopPack":22},{"dwlrmod:ProjectRecorder":1,"AT_ATBox":0,"DaveBox":0,"SSSystem":16,"DemoMod:GlassGuonStoneRelic":2,"testmod-BouquetWithThorns":12,"AT_ArchangelStaff":15,"SynthV:C4":0,"Koishi:ColorfulDays":10,"Frozen Eye":16,"Baka2":10,"PageOfMercenary":14,"Strawberry":15,"testmod-Maize":0,"testmod-TestBox":0,"DemoMod:Antibody":2,"qcfpunch:Black_Training_Shirt":13,"Baka":1,"Letter Opener":3,"aspiration:HiddenCompartment":8,"SynthV:TestCard":1,"ReplayTheSpireMod:Shallot":1,"Bird Faced Urn":0,"LetterFromLob":1,"Koishi:ImaginaryFriend":0,"REME_ComplimentaryCards":0,"ReplayTheSpireMod:ShopPack":13},{"dwlrmod:ProjectRecorder":4,"AT_ATBox":0,"DaveBox":0,"SSSystem":78,"DemoMod:GlassGuonStoneRelic":6,"testmod-BouquetWithThorns":48,"AT_ArchangelStaff":66,"SynthV:C4":0,"Koishi:ColorfulDays":40,"Frozen Eye":68,"Baka2":40,"PageOfMercenary":55,"Strawberry":66,"testmod-Maize":0,"testmod-TestBox":0,"DemoMod:Antibody":6,"qcfpunch:Black_Training_Shirt":51,"Baka":4,"Letter Opener":10,"aspiration:HiddenCompartment":25,"SynthV:TestCard":4,"ReplayTheSpireMod:Shallot":4,"Bird Faced Urn":0,"LetterFromLob":4,"Koishi:ImaginaryFriend":0,"REME_ComplimentaryCards":0,"ReplayTheSpireMod:ShopPack":51}]},"card_choices":[{"not_picked":["Koishi:Vanish","Koishi:ReflexRadar"],"picked":"Koishi:BloodcurdlingScream","floor":1.0},{"not_picked":["Koishi:Prune","Koishi:MassHysteria","Koishi:HeartfeltFancy","Koishi:ParalyzingFear"],"picked":"Koishi:HeartAttack","floor":5.0},{"not_picked":["Koishi:TraumaticStroke","Koishi:ReflexRadar","Koishi:CatchAndRose","Koishi:Ego"],"picked":"Koishi:PredatoryInstincts","floor":6.0},{"not_picked":["Koishi:UnconsciousUprising","Koishi:GeneticsOfTheUnconscious","Koishi:UnansweredLove","Koishi:Jaunt"],"picked":"Koishi:SprinkleStarAndHeart","floor":7.0},{"not_picked":["Koishi:StingingMind","Koishi:SubterraneanRose","Koishi:HeartfeltFancy","Koishi:PhantomStrike"],"picked":"Koishi:BramblyRoseGarden","floor":8.0},{"not_picked":["Koishi:PredatoryInstincts","Koishi:UnconsciousUprising","Koishi:PhantomBarrier","Koishi:Untouchable"],"picked":"Koishi:JumpScare","floor":10.0},{"not_picked":["Koishi:PhantomStrike","Koishi:ReflexRadar","Koishi:Jaunt","Koishi:Catatonia"],"picked":"Koishi:Untouchable","floor":11.0},{"not_picked":["Koishi:FourthEye","Koishi:StingingMind","Koishi:JumpScare","Koishi:SubconsciousSweep"],"picked":"Koishi:ImGoingToCallYouNow","floor":12.0},{"not_picked":["Koishi:Untouchable","Koishi:HeartfeltFancy","Koishi:ParalyzingFear","Koishi:ReleaseOfTheId"],"picked":"Koishi:DNAsFlaw","floor":14.0},{"not_picked":["Koishi:ConditionedTeleport","Koishi:PerfectMindControl","Koishi:SilentAndRestless","Koishi:TerrifyingSpectre"],"picked":"Koishi:Heartbroken","floor":16.0},{"not_picked":["Koishi:EmbersOfLove","Koishi:SubterraneanRose","Koishi:PhantomBarrier+1","Koishi:SubconsciousSweep"],"picked":"Koishi:BramblyRoseGarden","floor":18.0},{"not_picked":["Koishi:SubconsciousSweep","Koishi:CatchAndRose","Koishi:SprinkleStarAndHeart","Koishi:SilentAndRestless"],"picked":"Koishi:JumpScare+1","floor":19.0},{"not_picked":["Koishi:StingingMind","Koishi:BloodcurdlingScream","Koishi:PhilosophyOfTheDespised","Koishi:SprinkleStarAndHeart"],"picked":"Koishi:StrangeCloudFist","floor":21.0},{"not_picked":["testmod-SunMoon","testmod-Reflect","testmod-TaurusBlackCat","Midas Touch"],"picked":"Secret Weapon","floor":22.0},{"not_picked":["Crow Ritual","Midas Touch","Replay:Dark Deal","testmod-EternalityOfKhronos"],"picked":"MostiFishMod:ButterFly","floor":22.0},{"not_picked":["Koishi:Jaunt","Koishi:FleetingPhantom","Koishi:StingingMind","Koishi:UnseenTerror+1"],"picked":"Koishi:FidgetySnatcher+1","floor":24.0},{"not_picked":["Koishi:JumpScare+1","Koishi:LastRemote+1","Koishi:UnseenTerror","Koishi:RorschachInDanmaku+1"],"picked":"Koishi:FourthEye","floor":28.0},{"not_picked":["Koishi:BloodcurdlingScream","Koishi:UnansweredLove","Koishi:PhantomBarrier","Koishi:Catatonia"],"picked":"Koishi:CatchAndRose","floor":31}],"player_experience":105323,"relics_obtained":[{"floor":1.0,"key":"SynthV:TestCard"},{"floor":1.0,"key":"dwlrmod:ProjectRecorder"},{"floor":1.0,"key":"Baka"},{"floor":1.0,"key":"LetterFromLob"},{"floor":3.0,"key":"ReplayTheSpireMod:Shallot"},{"floor":5.0,"key":"DemoMod:Antibody"},{"floor":6.0,"key":"Letter Opener"},{"floor":12.0,"key":"aspiration:HiddenCompartment"},{"floor":16.0,"key":"Baka2"},{"floor":26.0,"key":"PageOfMercenary"},{"floor":28.0,"key":"Strawberry"},{"floor":28.0,"key":"AT_ArchangelStaff"},{"floor":31,"key":"SSSystem"}],"event_choices":[{"damage_healed":0.0,"max_hp_gain":0.0,"max_hp_loss":0.0,"gold_gain":0.0,"event_name":"Match and Keep!","player_choice":"1 cards matched","floor":29.0,"gold_loss":0.0,"damage_taken":0.0,"cards_obtained":["Koishi:PhantomStrike"]}],"is_beta":false,"boss_relics":[{"not_picked":["Snecko Eye","conspire:SeveredTorchhead"],"picked":"Koishi:ColorfulDays"}],"items_purged_floors":[20,22],"is_endless":false,"potions_floor_spawned":[7,11,12,14,16,19,21,24],"killed_by":"RedHoodMercenary","ascension_level":1}}