{"host":"2js2pxuugveqjuf7","time":1612507207,"event":{"mods":["BaseMod","Colored Map","Minty Spire (QoL Compilation)","Quick Restart","Random Character Button","Relic Stats","StSLib"],"gold_per_floor":[118,118,193,46,46,46,72,72,72,97,97,117,136,153,153,153,153],"floor_reached":16,"language":"ENG","playtime":940,"items_purged":[],"score":245,"play_id":"19ae0d05-48fa-4ce5-833b-3cab43490ef6","local_time":"20210205004007","is_ascension_mode":true,"campfire_choices":[{"data":"Body Slam","floor":6.0,"key":"SMITH"},{"data":"Havoc","floor":8.0,"key":"SMITH"},{"data":"Dark Embrace","floor":11.0,"key":"SMITH"},{"data":"Dark Embrace","floor":15,"key":"SMITH"}],"circlet_count":0,"master_deck":["AscendersBane","Strike_R","Strike_R","Strike_R","Strike_R","Defend_R","Defend_R","Defend_R","Defend_R","Bash","Battle Trance","Warcry","Body Slam+1","Brutality","Havoc+1","Dark Embrace+1","Havoc","Intimidate","Dark Embrace+1"],"relics":["Burning Blood","NeowsBlessing","Bag of Preparation","Centennial Puzzle","Matryoshka","Peace Pipe"],"acts_visited":["Exordium"],"potions_floor_usage":[14],"damage_taken":[{"damage":0.0,"enemies":"Jaw Worm","floor":1.0,"turns":1.0},{"damage":0.0,"enemies":"Gremlin Nob","floor":7.0,"turns":1.0},{"damage":0.0,"enemies":"3 Sentries","floor":10.0,"turns":1.0},{"damage":3.0,"enemies":"Small Slimes","floor":12.0,"turns":3.0},{"damage":3.0,"enemies":"2 Louse","floor":13.0,"turns":4.0},{"damage":3,"enemies":"Gremlin Gang","floor":14,"turns":3},{"damage":84,"enemies":"Hexaghost","floor":16,"turns":9}],"seed_played":"-1386954018613978004","potions_obtained":[{"floor":7.0,"key":"AttackPotion"},{"floor":13.0,"key":"Explosive Potion"},{"floor":14,"key":"Swift Potion"}],"is_trial":false,"path_per_floor":["M","?","?","$","?","R","E","R","T","E","R","M","M","M","R","B"],"character_chosen":"IRONCLAD","items_purchased":["Bag of Preparation"],"campfire_rested":0,"item_purchase_floors":[4],"current_hp_per_floor":[78,78,67,67,67,67,73,73,73,79,79,80,80,80,80,0,0],"gold":153,"neow_bonus":"THREE_ENEMY_KILL","is_daily":false,"chose_seed":false,"campfire_upgraded":4,"win_rate":0.0,"timestamp":1612507207,"path_taken":["M","?","?","$","?","R","E","R","T","E","R","M","?","M","R","BOSS"],"items_purchased_type":["Relic"],"build_version":"2020-12-22","purchased_purges":0,"victory":false,"max_hp_per_floor":[80,80,80,80,80,80,80,80,80,80,80,80,80,80,80,80,80],"relic_stats":{"Peace Pipe":0,"Centennial Puzzle":[12],"counters":[7,22],"Bag of Preparation":[12],"obtain_stats":[{"Peace Pipe":10,"Centennial Puzzle":7,"Matryoshka":9,"NeowsBlessing":0,"Bag of Preparation":4,"Burning Blood":0},{"Peace Pipe":3,"Centennial Puzzle":2,"Matryoshka":2,"NeowsBlessing":0,"Bag of Preparation":1,"Burning Blood":0},{"Peace Pipe":3,"Centennial Puzzle":2,"Matryoshka":2,"NeowsBlessing":0,"Bag of Preparation":1,"Burning Blood":0}],"Burning Blood":28},"card_choices":[{"not_picked":["Flex","Wild Strike"],"picked":"Battle Trance","floor":1.0},{"not_picked":["Fire Breathing","Anger"],"picked":"Havoc","floor":7.0},{"not_picked":["Entrench","Sever Soul"],"picked":"Dark Embrace","floor":10.0},{"not_picked":["Clash","Flex"],"picked":"Havoc","floor":12.0},{"not_picked":["Clash","Armaments"],"picked":"Intimidate","floor":13.0},{"not_picked":["Second Wind","Shrug It Off"],"picked":"Dark Embrace","floor":14}],"player_experience":384414,"relics_obtained":[{"floor":7.0,"key":"Centennial Puzzle"},{"floor":9.0,"key":"Matryoshka"},{"floor":10.0,"key":"Peace Pipe"}],"event_choices":[{"damage_healed":0.0,"max_hp_gain":0.0,"max_hp_loss":0.0,"gold_gain":0.0,"cards_transformed":["Strike_R"],"event_name":"Living Wall","player_choice":"Change","floor":2.0,"gold_loss":0.0,"damage_taken":0.0,"cards_obtained":["Warcry"]},{"damage_healed":0.0,"max_hp_gain":0.0,"max_hp_loss":0.0,"gold_gain":75.0,"event_name":"World of Goop","player_choice":"Gather Gold","floor":3.0,"gold_loss":0.0,"damage_taken":11.0},{"damage_healed":0.0,"max_hp_gain":0.0,"max_hp_loss":0.0,"gold_gain":0.0,"event_name":"Match and Keep!","player_choice":"2 cards matched","floor":5.0,"gold_loss":0.0,"damage_taken":0.0,"cards_obtained":["Body Slam","Brutality"]}],"is_beta":false,"boss_relics":[],"items_purged_floors":[],"is_endless":false,"potions_floor_spawned":[7,13,14],"killed_by":"Hexaghost","ascension_level":11}}