{"host":"2v1wccdd5g2xowsh","time":1612536178,"event":{"mods":["Act Like it!","BaseMod","Hallownest","Minty Spire (QoL Compilation)","Quick Restart","StSLib","SuperFastMode","The Bug Knight"],"gold_per_floor":[109,109,0,0,12,47,47,47,71,71,105,128,128,62,62,172,172,200,218,227,260,260,287,307,336,336,357,75,111,111,111,111,220,220,220,220],"floor_reached":35,"language":"ZHS","playtime":2436,"items_purged":["Normality"],"score":414,"play_id":"fbfb12c6-7f1e-436d-8e6a-28950941e301","local_time":"20210205224258","is_ascension_mode":true,"campfire_choices":[{"floor":8,"key":"REST"},{"floor":10,"key":"REST"},{"floor":13,"key":"REST"},{"data":"HollowMod:WraithStrike","floor":15,"key":"SMITH"},{"floor":30,"key":"REST"},{"data":"HollowMod:GoodIntentions","floor":32,"key":"SMITH"}],"circlet_count":0,"master_deck":["HollowMod:NailStrikeStart+1","HollowMod:NailStrikeStart","HollowMod:NailStrikeStart","HollowMod:NailStrikeStart","HollowMod:QuickDashStart","HollowMod:QuickDashStart","HollowMod:QuickDashStart","HollowMod:QuickDashStart","HollowMod:FocusHealStart+1","HollowMod:PogoStrike+1","HollowMod:DashSlash","HollowMod:DreamGate","HollowMod:SharpenedNail","HollowMod:WraithStrike+1","Hallownest:skillGreenpathMap","HollowMod:PureVessel+1","HollowMod:LifebloodCocoon+1","HollowMod:HuntersJournal","HollowMod:ChannelNail","HollowMod:GoodIntentions+1","HollowMod:HowlingWraiths+1","HollowMod:FastStrike+1","HollowMod:theNailsmith","HollowMod:SharpenedShadows+1","HollowMod:AwokenDreamNail"],"relics":["HollowMod:KingsSoulRelic","Tiny Chest","Frozen Egg 2","CeramicFish","Hallownest:DreamNailRelic","Centennial Puzzle","Juzu Bracelet","Orichalcum","Cursed Key","Omamori","Gambling Chip","Toy Ornithopter","Bag of Marbles","Whetstone"],"acts_visited":["Exordium","Hallownest:Greenpath","Hallownest:CityofTears"],"potions_floor_usage":[6,23,25,27,27,27,33,33],"damage_taken":[{"damage":1,"enemies":"2_ Uuma","floor":1,"turns":4},{"damage":2,"enemies":"Hallownest:2_MossCreeps","floor":5,"turns":6},{"damage":45,"enemies":"Hallownest:eliteCrystalGuardian","floor":6,"turns":11},{"damage":28,"enemies":"Hallownest:eliteMossKnight","floor":11,"turns":9},{"damage":63,"enemies":"Hallownest:BossFalseKnight","floor":16,"turns":16},{"damage":4,"enemies":"Hallownest:2_Mistakes","floor":18,"turns":6},{"damage":23,"enemies":"Hallownest:Nosk","floor":23,"turns":7},{"damage":26,"enemies":"Hallownest:3_Youths","floor":24,"turns":11},{"damage":29,"enemies":"Hallownest:Master_and_Novice","floor":25,"turns":6},{"damage":23,"enemies":"Hallownest:2_Husk_Sentries","floor":27,"turns":9},{"damage":20,"enemies":"Hallownest:eliteSoulWarrior","floor":29,"turns":11},{"damage":42,"enemies":"Hallownest:BossMantisLord","floor":33,"turns":7},{"damage":114,"enemies":"Hallownest:3_Siblings","floor":35,"turns":8}],"seed_played":"7903582572803167266","potions_obtained":[{"floor":1,"key":"Ancient Potion"},{"floor":5,"key":"Weak Potion"},{"floor":16,"key":"ColorlessPotion"},{"floor":18,"key":"Energy Potion"},{"floor":23,"key":"DuplicationPotion"},{"floor":29,"key":"FairyPotion"}],"is_trial":false,"path_per_floor":["M","?","?","T","M","E","?","R","T","R","E","T","R","?","R","B",null,"M","?","?","T","?","E","M","M","T","M","$","E","R","?","R","B",null,"M"],"character_chosen":"THE_BUGKNIGHT","items_purchased":["Bag of Marbles","HollowMod:theNailsmith"],"campfire_rested":4,"item_purchase_floors":[28,28],"current_hp_per_floor":[75,75,75,75,73,36,36,58,58,75,57,57,75,75,75,22,75,71,71,71,71,71,52,36,13,13,11,11,1,23,75,75,49,75,0,0],"gold":220,"neow_bonus":"UPGRADE_CARD","is_daily":false,"chose_seed":false,"campfire_upgraded":2,"win_rate":0.0,"timestamp":1612536178,"path_taken":["M","?","?","?","?","E","?","R","T","R","E","?","R","?","R","BOSS","M","?","?","?","?","E","M","M","T","M","$","E","R","?","R","BOSS","M"],"items_purchased_type":["Relic","Card"],"build_version":"2020-12-22","purchased_purges":1,"victory":false,"max_hp_per_floor":[75,75,75,75,75,75,75,75,75,75,75,75,75,75,75,75,75,75,75,75,75,75,75,75,75,75,75,75,75,75,75,75,75,75,75,75],"card_choices":[{"not_picked":["HollowMod:CornifersMapStart","HollowMod:DescendingDark"],"picked":"HollowMod:DashSlash","floor":1},{"not_picked":["HollowMod:DescendingDark","HollowMod:PerfectDash"],"picked":"HollowMod:DreamGate","floor":5},{"not_picked":["HollowMod:MothsMistake+1","HollowMod:LuriensSpire"],"picked":"HollowMod:SharpenedNail","floor":6},{"not_picked":["HollowMod:GoodIntentions","HollowMod:DoubleDash"],"picked":"HollowMod:WraithStrike","floor":11},{"not_picked":["HollowMod:AwokenDreamNail","HollowMod:HornetsHelp"],"picked":"HollowMod:PureVessel+1","floor":16},{"not_picked":["HollowMod:SharpenedNail","HollowMod:InfectedCysts+1"],"picked":"HollowMod:LifebloodCocoon+1","floor":18},{"not_picked":["HollowMod:ShadowDash","HollowMod:InfectedCysts"],"picked":"HollowMod:HuntersJournal","floor":19},{"not_picked":["HollowMod:TaintedHusks+1","HollowMod:NewJinnsSoul"],"picked":"HollowMod:ChannelNail","floor":19},{"not_picked":["HollowMod:WraithStrike+1","HollowMod:PureNailStrike","HollowMod:NewGlowingWomb+1"],"picked":"SKIP","floor":23},{"not_picked":["HollowMod:InfectedAttack","HollowMod:MidwifesHunger"],"picked":"HollowMod:GoodIntentions","floor":24},{"not_picked":["HollowMod:RecoilStrike","HollowMod:BrokenVessel+1"],"picked":"HollowMod:HowlingWraiths+1","floor":25},{"not_picked":["HollowMod:SoulEater+1","HollowMod:ChannelNail"],"picked":"HollowMod:FastStrike+1","floor":27},{"not_picked":["HollowMod:InfectionAssault","HollowMod:DungDefenderAura"],"picked":"HollowMod:SharpenedShadows+1","floor":29},{"not_picked":["HollowMod:LordofShades+1","HollowMod:HerrahsAnger"],"picked":"HollowMod:AwokenDreamNail","floor":33}],"player_experience":236176,"relics_obtained":[{"floor":4,"key":"Frozen Egg 2"},{"floor":6,"key":"CeramicFish"},{"floor":9,"key":"Centennial Puzzle"},{"floor":11,"key":"Juzu Bracelet"},{"floor":12,"key":"Orichalcum"},{"floor":21,"key":"Omamori"},{"floor":23,"key":"Gambling Chip"},{"floor":26,"key":"Toy Ornithopter"},{"floor":29,"key":"Whetstone"}],"event_choices":[],"is_beta":false,"boss_relics":[{"not_picked":["Empty Cage","Tiny House"],"picked":"Cursed Key"},{"not_picked":["Black Star","Astrolabe"],"picked":"HollowMod:KingsSoulRelic"}],"items_purged_floors":[28],"is_endless":false,"potions_floor_spawned":[1,5,16,18,23,29],"killed_by":"Hallownest:3_Siblings","ascension_level":1}}