{"host":"ttx8tv95o5vka1nm","time":1612533762,"event":{"mods":["AchievementEnabler","BaseMod","Colored Map","Evolution","Infinite Spire","Minty Spire (QoL Compilation)","Relic Filter Mod","Reliquary","Robot Space Explorer","Shop Mod","Spicy Shops","StSLib","The Bug Knight","The Cursed","The Forsaken","The Hierophant","The Runesmith","TheBandit"],"gold_per_floor":[113,37,53,70,82,115,133,0,0,0,33,33,53,83,83,187,187,205,22,35,51,51,51,64,64,117,135,155,205,227,263,263,375,375,388,388,388,388],"floor_reached":36,"language":"ENG","playtime":5904,"items_purged":["Clumsy","wariomod:Strike"],"score":451,"play_id":"413184fc-3e5b-4d88-8b55-c956d32f2ccc","local_time":"20210206000242","is_ascension_mode":false,"campfire_choices":[{"floor":12.0,"key":"REST"},{"floor":15.0,"key":"REST"},{"data":"wariomod:TrekTime","floor":23.0,"key":"SMITH"},{"floor":25,"key":"REST"},{"data":"infinitespire:SevenWalls","floor":32,"key":"SMITH"}],"circlet_count":0,"master_deck":["wariomod:Strike","wariomod:Strike","wariomod:Strike","wariomod:Defend","wariomod:Defend","wariomod:Defend","wariomod:Defend","wariomod:Step","wariomod:Leap","wariomod:SmackSlam","wariomod:Purify","wariomod:DisarmingMoves","wariomod:TrekTime","wariomod:HappyHit","wariomod:DiceyMove","wariomod:ImFeelingLucky","wariomod:DoubleDash","wariomod:EndlessBlast","wariomod:Immortalize","wariomod:GodlyGift","wariomod:RacingSpeed","wariomod:TrekTime+1","wariomod:HappyHit","wariomod:ImFeelingLucky+1","wariomod:Smackflip+1","infinitespire:Starlight","infinitespire:SevenWalls+1","wariomod:Leapslam","infinitespire:Oblivion","wariomod:PoisonBombs","wariomod:SmackSlam","wariomod:SpacialMastery","wariomod:EnergizedBombs"],"relics":["wariomod:TheHat","reliquary:RoseTintedGlasses","HandDrill","Sundial","Philosopher\u0027s Stone","Membership Card","Nloth\u0027s Gift","Oddly Smooth Stone","reliquary:RedPaperclip","CeramicFish","Dream Catcher","reliquary:HotPoker","Coffee Dripper"],"acts_visited":["Exordium","TheCity","TheBeyond"],"potions_floor_usage":[36],"damage_taken":[{"damage":1.0,"enemies":"2 Louse","floor":1.0,"turns":2.0},{"damage":0.0,"enemies":"Cultist","floor":3.0,"turns":4.0},{"damage":0.0,"enemies":"Jaw Worm","floor":4.0,"turns":3.0},{"damage":18.0,"enemies":"2 Fungi Beasts","floor":5.0,"turns":5.0},{"damage":8.0,"enemies":"Lagavulin","floor":6.0,"turns":7.0},{"damage":13.0,"enemies":"Exordium Thugs","floor":7.0,"turns":4.0},{"damage":29.0,"enemies":"Gremlin Nob","floor":11.0,"turns":4.0},{"damage":5.0,"enemies":"Looter","floor":13.0,"turns":3.0},{"damage":18.0,"enemies":"3 Sentries","floor":14.0,"turns":4.0},{"damage":36.0,"enemies":"Hexaghost","floor":16.0,"turns":9.0},{"damage":6.0,"enemies":"Shell Parasite","floor":18.0,"turns":5.0},{"damage":26.0,"enemies":"2 Thieves","floor":20.0,"turns":3.0},{"damage":3.0,"enemies":"Centurion and Healer","floor":21.0,"turns":3.0},{"damage":32,"enemies":"Sentry and Sphere","floor":24,"turns":4},{"damage":0,"enemies":"Snake Plant","floor":28,"turns":4},{"damage":42,"enemies":"Nightmare","floor":29,"turns":6},{"damage":2,"enemies":"Snecko","floor":30,"turns":5},{"damage":0,"enemies":"Gremlin Leader","floor":31,"turns":5},{"damage":3,"enemies":"Champ","floor":33,"turns":8},{"damage":11,"enemies":"3 Darklings","floor":35,"turns":3},{"damage":47,"enemies":"infinitespire:Three Voidlings","floor":36,"turns":3},{"damage":48,"enemies":"Nightmare_Alpha","floor":36,"turns":4}],"seed_played":"3766672853976945776","potions_obtained":[{"floor":4.0,"key":"Block Potion"},{"floor":5.0,"key":"FearPotion"},{"floor":13.0,"key":"Explosive Potion"},{"floor":14.0,"key":"Energy Potion"},{"floor":20.0,"key":"Fire Potion"}],"is_trial":false,"path_per_floor":["M","$","M","M","M","E","M","$","T","?","E","R","M","E","R","B",null,"M","$","M","M","?","R","M","R","T","AVR","M","NM","M","E","R","B",null,"M","?"],"character_chosen":"THE_BANDIT","items_purchased":["wariomod:Purify","HandDrill","Membership Card","wariomod:TrekTime"],"campfire_rested":3,"item_purchase_floors":[2,8,19,19],"current_hp_per_floor":[87,87,87,87,69,61,48,48,48,48,19,45,40,22,48,12,88,82,82,56,53,53,53,21,47,47,47,57,25,23,33,33,40,88,77,0,0,0],"gold":388,"neow_bonus":"TEN_PERCENT_HP_BONUS","is_daily":false,"chose_seed":false,"campfire_upgraded":2,"win_rate":0.0,"timestamp":1612533762,"path_taken":["M","$","M","M","M","E","M","$","T","?","E","R","M","E","R","BOSS","M","$","M","M","?","R","M","R","T","AVR","M","NM","M","E","R","BOSS","M","?"],"items_purchased_type":["Card","Relic","Relic","Card"],"build_version":"2020-12-22","purchased_purges":2,"victory":false,"max_hp_per_floor":[88,88,88,88,88,88,88,88,88,88,88,88,88,88,88,88,88,88,88,88,88,88,88,88,88,88,88,88,88,88,88,88,88,88,88,88,88,88],"card_choices":[{"not_picked":["wariomod:DoubleDip","wariomod:AwfulLook"],"picked":"wariomod:SmackSlam","floor":1.0},{"not_picked":["wariomod:Boomsmack","wariomod:Bombtime"],"picked":"wariomod:DisarmingMoves","floor":3.0},{"not_picked":["wariomod:AwfulLook","wariomod:Game"],"picked":"wariomod:TrekTime","floor":4.0},{"not_picked":["wariomod:Smackflip","wariomod:DiceyMove"],"picked":"wariomod:HappyHit","floor":5.0},{"not_picked":["wariomod:BoomForm","wariomod:PayItForwards"],"picked":"wariomod:DiceyMove","floor":6.0},{"not_picked":["wariomod:DiceyMove","wariomod:DamnedStrength"],"picked":"wariomod:ImFeelingLucky","floor":7.0},{"not_picked":["wariomod:Sidestep","wariomod:TheGrandJourney"],"picked":"wariomod:DoubleDash","floor":11.0},{"not_picked":["wariomod:BoomBoom","wariomod:SpikeSlash"],"picked":"wariomod:EndlessBlast","floor":13.0},{"not_picked":["wariomod:BoomBoom","wariomod:HastyRush"],"picked":"wariomod:Immortalize","floor":14.0},{"not_picked":["wariomod:BoomForm","wariomod:DeadlyDash"],"picked":"wariomod:GodlyGift","floor":16.0},{"not_picked":["wariomod:Bombtime+1","wariomod:SmallSprint+1"],"picked":"wariomod:RacingSpeed","floor":18.0},{"not_picked":["wariomod:PayItForwards","wariomod:BumRush"],"picked":"wariomod:HappyHit","floor":20.0},{"not_picked":["wariomod:ThatsNotAll+1","wariomod:Leapslam"],"picked":"wariomod:ImFeelingLucky+1","floor":21.0},{"not_picked":["wariomod:SmackSlam","wariomod:BoomBoom"],"picked":"wariomod:Smackflip+1","floor":24},{"not_picked":["wariomod:BoomForm","wariomod:Bombshield"],"picked":"wariomod:Leapslam","floor":28},{"not_picked":["infinitespire:SealOfDarkness+","infinitespire:Punishment"],"picked":"infinitespire:Oblivion","floor":29},{"not_picked":["wariomod:AbandonGame","wariomod:ForbiddenMagic"],"picked":"wariomod:PoisonBombs","floor":29},{"not_picked":["wariomod:Hopshield+1","wariomod:SmallSprint"],"picked":"wariomod:SmackSlam","floor":30},{"not_picked":["wariomod:PayItForwards","wariomod:Bomblaster+1"],"picked":"wariomod:SpacialMastery","floor":31},{"not_picked":["wariomod:WipeClean","wariomod:GodlyGift"],"picked":"wariomod:EnergizedBombs","floor":33},{"not_picked":["wariomod:DoubleDash+1","wariomod:ImFeelingLucky","wariomod:DanceDash"],"picked":"SKIP","floor":35}],"player_experience":754422,"relics_obtained":[{"floor":6.0,"key":"reliquary:RoseTintedGlasses"},{"floor":9.0,"key":"reliquary:Firecrackers"},{"floor":11.0,"key":"Mummified Hand"},{"floor":14.0,"key":"Sundial"},{"floor":26,"key":"Oddly Smooth Stone"},{"floor":29,"key":"Dream Catcher"},{"floor":31,"key":"reliquary:HotPoker"}],"event_choices":[{"damage_healed":0.0,"max_hp_gain":0.0,"max_hp_loss":0.0,"gold_gain":0.0,"event_name":"Liars Game","player_choice":"Ignored","floor":10.0,"gold_loss":0.0,"damage_taken":0.0},{"damage_healed":0.0,"max_hp_gain":0.0,"max_hp_loss":0.0,"gold_gain":0.0,"event_name":"N\u0027loth","player_choice":"Traded Relic","floor":22.0,"relics_lost":["EVO:Axolotl"],"gold_loss":0.0,"damage_taken":0.0,"relics_obtained":["Nloth\u0027s Gift"]}],"is_beta":false,"boss_relics":[{"not_picked":["theForsaken:PaleLantern","Runic Pyramid"],"picked":"Philosopher\u0027s Stone"},{"not_picked":["Empty Cage","Fusion Hammer"],"picked":"Coffee Dripper"}],"items_purged_floors":[8,27],"is_endless":true,"potions_floor_spawned":[4,5,13,14,20,29,30,33,36],"killed_by":"Nightmare_Alpha","ascension_level":0}}