{"host":"qmdmcz5nn4dzus5k","time":1612535204,"event":{"mods":["BaseMod","Bestiary","BetterRewards","Card Filter","Displayed Cursed Tome","Minty Spire (QoL Compilation)","Quick Restart","Relic Filter","Remove Card Discount Mod","Replay The Spire","Spicy Shops","StSLib","TheHero","Uncapped"],"gold_per_floor":[118,2,2,2,15,15,53,53,53,68,68,83,107,147,147,266,266,289,70,70,88,88,122,122,122,176,176,205,205,225,255,255,356,356,369,71,164,182,182,182,198,198,198,198,44,62,62,89,89,89],"floor_reached":51,"language":"ENG","playtime":3639,"items_purged":["animeID:DefendMH","animeID:DefendMH","Madness","Madness"],"score":642,"play_id":"cfd4e874-44a4-4932-83c4-a6e2e15f4491","local_time":"20210205092644","is_ascension_mode":true,"campfire_choices":[{"data":"animeID:FullCowl","floor":6,"key":"SMITH"},{"data":"animeID:Momo","floor":8,"key":"SMITH"},{"floor":15,"key":"DIG"},{"floor":24,"key":"REST"},{"data":"animeID:PlusUltra","floor":27,"key":"SMITH"},{"floor":32,"key":"REST"},{"floor":40,"key":"REST"},{"data":"animeID:Rei","floor":44,"key":"SMITH"},{"data":"animeID:Hatsume","floor":47,"key":"SMITH"},{"floor":49,"key":"DIG"}],"circlet_count":0,"master_deck":["animeID:Deku","animeID:Bakugo","animeID:Smash","animeID:Smash","animeID:Smash","animeID:Smash","animeID:DefendMH","animeID:DefendMH","animeID:Kirishima","animeID:FullCowl+1","animeID:Momo+1","animeID:PlusUltra+1","animeID:TodorokiShoto","animeID:Rei+1","animeID:AllMight","animeID:DelawareSmash","animeID:Kirishima","animeID:DetroitSmash","animeID:RecoveryGirl+1","animeID:DetroitSmash","animeID:Hatsume+1","animeID:AllForOne","CurseOfTheBell","animeID:DetroitDelaware","animeID:FullCowl+1","animeID:Kendo","animeID:TodorokiShoto+1","animeID:RedRiot+1","animeID:Twice+1","animeID:ProminenceBurn"],"relics":["animeID:HeroCostume","NeowsBlessing","Bloody Idol","Simple Rune","Pantograph","Happy Flower","Eternal Feather","Ring of Chaos","Replay:PocketPolymizer","Replay:Wax Seal","Mummified Hand","Blue Doll","Kunai","Frozen Egg 2","InkBottle","Replay:Grab Bag","Sozu","Philosopher\u0027s Stone","Calling Bell","Replay:Mystery Machine","Ornamental Fan","StoneCalendar","Mercury Hourglass","DollysMirror","Calipers","Regal Pillow","Iron Hammer","ReplayTheSpireMod:Lightbulb"],"acts_visited":["Exordium","TheCity","TheBeyond"],"potions_floor_usage":[16,16,31,31,33,38],"damage_taken":[{"damage":0,"enemies":"2 Louse","floor":1,"turns":1},{"damage":0,"enemies":"Jaw Worm","floor":5,"turns":1},{"damage":0,"enemies":"Gremlin Nob","floor":7,"turns":1},{"damage":4,"enemies":"Cultist","floor":10,"turns":4},{"damage":9,"enemies":"3 Louse","floor":12,"turns":3},{"damage":11,"enemies":"Large Slime","floor":13,"turns":5},{"damage":17,"enemies":"Lagavulin","floor":14,"turns":7},{"damage":23,"enemies":"Hexaghost","floor":16,"turns":10},{"damage":0,"enemies":"Chosen","floor":18,"turns":4},{"damage":19,"enemies":"Shell Parasite","floor":21,"turns":3},{"damage":23,"enemies":"Slavers","floor":23,"turns":4},{"damage":27,"enemies":"Gremlin Leader","floor":28,"turns":4},{"damage":43,"enemies":"Centurion and Healer","floor":30,"turns":5},{"damage":19,"enemies":"Replay:Snechameleon","floor":31,"turns":4},{"damage":19,"enemies":"Automaton","floor":33,"turns":5},{"damage":26,"enemies":"3 Shapes","floor":35,"turns":3},{"damage":12,"enemies":"Orb Walker","floor":38,"turns":2},{"damage":9,"enemies":"Writhing Mass","floor":39,"turns":2},{"damage":5,"enemies":"Jaw Worm Horde","floor":41,"turns":3},{"damage":34,"enemies":"4 Shapes","floor":46,"turns":3},{"damage":16,"enemies":"R_Hoarder","floor":48,"turns":3},{"damage":26,"enemies":"Replay:Hell Engine","floor":50,"turns":6}],"seed_played":"8519111944300500209","potions_obtained":[{"floor":1,"key":"EssenceOfSteel"},{"floor":13,"key":"Weak Potion"},{"floor":14,"key":"Dexterity Potion"},{"floor":16,"key":"Block Potion"},{"floor":23,"key":"LiquidBronze"},{"floor":33,"key":"Death Potion"}],"is_trial":false,"path_per_floor":["M","$","?","?","M","R","E","R","T","M","?","M","M","E","R","B",null,"M","$","?","M","?","E","R","?","T","R","E","T","M","E","R","B",null,"M","$","?","M","M","R","M","?","T","R","$","M","R","E","R","B",null],"character_chosen":"THE_HERO","items_purchased":["animeID:FullCowl","Replay:PocketPolymizer","animeID:DelawareSmash","Mercury Hourglass","DollysMirror","animeID:Kendo","Regal Pillow"],"campfire_rested":3,"item_purchase_floors":[2,19,19,36,36,36,45],"current_hp_per_floor":[75,75,75,75,75,75,75,75,75,71,71,64,55,40,40,48,75,75,75,75,56,56,40,71,71,75,75,55,55,27,23,57,68,75,62,62,37,36,29,66,74,65,65,75,75,48,63,56,74,55],"gold":89,"neow_bonus":"THREE_ENEMY_KILL","is_daily":false,"chose_seed":false,"campfire_upgraded":5,"win_rate":0.0,"timestamp":1612535204,"path_taken":["M","$","?","?","?","R","E","R","T","M","?","M","M","E","R","BOSS","M","$","?","?","?","E","R","?","T","R","E","?","M","E","R","BOSS","M","$","?","M","M","R","M","?","T","R","$","M","R","E","R","BOSS"],"items_purchased_type":["Card","Relic","Card","Relic","Relic","Card","Relic"],"build_version":"2020-12-22","purchased_purges":4,"victory":true,"max_hp_per_floor":[75,75,75,75,75,75,75,75,75,75,75,75,75,75,75,75,75,75,75,75,75,75,75,75,75,75,75,75,75,75,75,75,75,75,75,75,75,75,75,75,75,75,75,75,75,75,75,75,75,75],"card_choices":[{"not_picked":["animeID:Kurono","animeID:Kaminari"],"picked":"animeID:Kirishima","floor":1},{"not_picked":["animeID:DelawareSmash","animeID:RecoveryGirl"],"picked":"animeID:Momo","floor":5},{"not_picked":["animeID:Tamaki","animeID:Stain","animeID:Cementoss"],"picked":"SKIP","floor":7},{"not_picked":["animeID:Mina","animeID:Tamaki"],"picked":"animeID:PlusUltra","floor":10},{"not_picked":["animeID:Mina","animeID:Tomura"],"picked":"animeID:TodorokiShoto","floor":12},{"not_picked":["animeID:Tomura","animeID:Iida","animeID:Himiko"],"picked":"SKIP","floor":13},{"not_picked":["animeID:Muscular","animeID:Kendo"],"picked":"animeID:Rei","floor":14},{"not_picked":["animeID:AllForOne","animeID:Hawks"],"picked":"animeID:AllMight","floor":16},{"not_picked":["animeID:Tomura+1","animeID:Bakugo+1","animeID:Kaminari"],"picked":"SKIP","floor":18},{"not_picked":["animeID:Tamaki","animeID:Aoyama"],"picked":"animeID:Kirishima","floor":21},{"not_picked":["animeID:Tomura","animeID:Rei"],"picked":"animeID:DetroitSmash","floor":23},{"not_picked":["animeID:Thirteen+1","animeID:TodorokiShoto+1"],"picked":"animeID:RecoveryGirl+1","floor":28},{"not_picked":["animeID:Thirteen","animeID:Nomu"],"picked":"animeID:DetroitSmash","floor":30},{"not_picked":["animeID:Twice+1","animeID:Tamaki"],"picked":"animeID:Hatsume","floor":31},{"not_picked":["animeID:PlusUltra","animeID:Eri+1"],"picked":"animeID:AllForOne","floor":33},{"not_picked":["animeID:Tomura","animeID:RecoveryGirl"],"picked":"animeID:DetroitDelaware","floor":35},{"not_picked":["animeID:Kirishima","animeID:Tomura+1"],"picked":"animeID:TodorokiShoto+1","floor":37},{"not_picked":["animeID:TodorokiShoto+1","animeID:DetroitDelaware+1","animeID:Iida+1"],"picked":"SKIP","floor":38},{"not_picked":["animeID:TetsuTetsu+1","animeID:Momo+1"],"picked":"animeID:RedRiot+1","floor":39},{"not_picked":["animeID:Ojiro+1","animeID:Crystallize+1","animeID:DetroitSmash"],"picked":"SKIP","floor":41},{"not_picked":["animeID:Ojiro+1","animeID:Aoyama"],"picked":"animeID:Twice+1","floor":46},{"not_picked":["animeID:TetsuTetsu+1","animeID:Twice"],"picked":"animeID:ProminenceBurn","floor":48}],"player_experience":49400,"relics_obtained":[{"floor":7,"key":"Simple Rune"},{"floor":9,"key":"Pantograph"},{"floor":14,"key":"Happy Flower"},{"floor":15,"key":"Eternal Feather"},{"floor":23,"key":"Replay:Wax Seal"},{"floor":26,"key":"Blue Doll"},{"floor":28,"key":"Kunai"},{"floor":29,"key":"Frozen Egg 2"},{"floor":31,"key":"InkBottle"},{"floor":34,"key":"Replay:Mystery Machine"},{"floor":34,"key":"Ornamental Fan"},{"floor":34,"key":"StoneCalendar"},{"floor":43,"key":"Calipers"},{"floor":48,"key":"Iron Hammer"},{"floor":49,"key":"ReplayTheSpireMod:Lightbulb"}],"event_choices":[{"damage_healed":0,"gold_gain":0,"player_choice":"Take Wound","damage_taken":0,"relics_obtained":["Golden Idol"],"max_hp_gain":0,"max_hp_loss":0,"event_name":"Golden Idol","floor":3,"gold_loss":0,"cards_obtained":["Injury"]},{"cards_removed":["Injury"],"damage_healed":0,"gold_gain":0,"player_choice":"Forget","damage_taken":0,"max_hp_gain":0,"max_hp_loss":0,"event_name":"Living Wall","floor":4,"gold_loss":0},{"damage_healed":0,"gold_gain":0,"player_choice":"Leave","damage_taken":0,"max_hp_gain":0,"max_hp_loss":0,"event_name":"The Cleric","floor":11,"gold_loss":0},{"damage_healed":0,"gold_gain":0,"player_choice":"Bought 0 Potions","damage_taken":0,"max_hp_gain":0,"max_hp_loss":0,"event_name":"The Woman in Blue","floor":20,"gold_loss":0},{"damage_healed":0,"gold_gain":0,"player_choice":"Gave Idol","damage_taken":0,"relics_obtained":["Bloody Idol"],"max_hp_gain":0,"max_hp_loss":0,"event_name":"Forgotten Altar","floor":22,"relics_lost":["Golden Idol"],"gold_loss":0},{"damage_healed":0,"gold_gain":0,"player_choice":"Embrace Madness","damage_taken":9,"max_hp_gain":0,"max_hp_loss":0,"event_name":"Winding Halls","floor":42,"gold_loss":0,"cards_obtained":["Madness","Madness"]}],"is_beta":false,"boss_relics":[{"not_picked":["Velvet Choker","Black Star"],"picked":"Ring of Chaos"},{"not_picked":["Busted Crown","Replay:Bronze Core"],"picked":"Replay:Grab Bag"},{"not_picked":["Coffee Dripper","Fusion Hammer"],"picked":"Sozu"},{"not_picked":["ReplayTheSpireMod:DimensionalGlitch","Abe\u0027s Treasure"],"picked":"Philosopher\u0027s Stone"},{"not_picked":["SlaversCollar","SacredBark"],"picked":"Calling Bell"}],"items_purged_floors":[2,36,45,45],"is_endless":false,"potions_floor_spawned":[1,13,14,16,23,33,35,46,48],"ascension_level":1}}