{"host":"aqym1xxr3lb31d9m","time":1612522994,"event":{"mods":["BaseMod","Block Reminder","Colored Map","Colored Powertips","DeckTracker","Highlight Path","Minty Spire (QoL Compilation)","Quick Restart","Random Character Button","StSLib","SuperFastMode","UnlockEverythingMod"],"gold_per_floor":[113,113,113,125,200,200,225,71,71,85,85,118,118,197,197,197,197],"floor_reached":16,"language":"JPN","playtime":368,"items_purged":["Pain"],"score":212,"play_id":"f9966ff0-7cba-4d55-972f-0bd81e649ad8","local_time":"20210205200314","is_ascension_mode":true,"campfire_choices":[{"data":"Ball Lightning","floor":6,"key":"SMITH"},{"data":"Biased Cognition","floor":11,"key":"SMITH"},{"data":"Coolheaded","floor":13,"key":"SMITH"},{"floor":15,"key":"REST"}],"circlet_count":0,"master_deck":["AscendersBane","Strike_B","Strike_B","Strike_B","Strike_B","Defend_B","Defend_B","Defend_B","Defend_B","Zap","Dualcast","Metamorphosis","Ball Lightning+1","Genetic Algorithm","Biased Cognition+1","Undo","Coolheaded+1","Compile Driver","Capacitor"],"relics":["Cracked Core","WarpedTongs","Prayer Wheel","CaptainsWheel","Akabeko"],"acts_visited":["Exordium"],"potions_floor_usage":[16],"damage_taken":[{"damage":0,"enemies":"2 Louse","floor":1,"turns":1},{"damage":2,"enemies":"Jaw Worm","floor":4,"turns":2},{"damage":30,"enemies":"3 Sentries","floor":7,"turns":5},{"damage":0,"enemies":"Cultist","floor":10,"turns":3},{"damage":9,"enemies":"Lagavulin","floor":12,"turns":6},{"damage":35,"enemies":"Slime Boss","floor":16,"turns":7}],"seed_played":"-2667904029366173573","potions_obtained":[{"floor":1,"key":"FearPotion"},{"floor":12,"key":"AttackPotion"}],"is_trial":false,"path_per_floor":["M","?","?","M","?","R","E","$","T","M","R","E","R","?","R","B"],"character_chosen":"DEFECT","items_purchased":["Undo"],"campfire_rested":1,"item_purchase_floors":[8],"current_hp_per_floor":[64,64,64,62,51,51,21,21,21,21,21,12,12,12,31,0,0],"gold":197,"neow_bonus":"RANDOM_COLORLESS_2","is_daily":false,"chose_seed":false,"campfire_upgraded":3,"win_rate":0.0,"timestamp":1612522994,"path_taken":["M","?","?","?","?","R","E","$","T","M","R","E","R","?","R","BOSS"],"items_purchased_type":["Card"],"build_version":"2020-12-22","purchased_purges":1,"victory":false,"max_hp_per_floor":[64,64,64,64,64,64,64,64,64,64,64,64,64,64,64,64,64],"card_choices":[{"not_picked":["Mayhem","Sadistic Nature"],"picked":"Metamorphosis","floor":0},{"not_picked":["Compile Driver","Skim"],"picked":"Ball Lightning","floor":1},{"not_picked":["Leap","Steam"],"picked":"Genetic Algorithm","floor":4},{"not_picked":["Storm","Beam Cell"],"picked":"Biased Cognition","floor":7},{"not_picked":["Turbo","Leap"],"picked":"Coolheaded","floor":10},{"not_picked":["Leap","Rip and Tear"],"picked":"Compile Driver","floor":10},{"not_picked":["Blizzard","Conserve Battery"],"picked":"Capacitor","floor":12}],"player_experience":4176603,"relics_obtained":[{"floor":7,"key":"Prayer Wheel"},{"floor":9,"key":"CaptainsWheel"},{"floor":12,"key":"Akabeko"}],"event_choices":[{"damage_healed":0,"gold_gain":0,"player_choice":"Ignored","damage_taken":0,"max_hp_gain":0,"max_hp_loss":0,"event_name":"Shining Light","floor":2,"gold_loss":0},{"damage_healed":0,"gold_gain":0,"player_choice":"Rummage","damage_taken":0,"relics_obtained":["WarpedTongs"],"max_hp_gain":0,"max_hp_loss":0,"event_name":"Accursed Blacksmith","floor":3,"gold_loss":0,"cards_obtained":["Pain"]},{"damage_healed":0,"gold_gain":75,"player_choice":"Gather Gold","damage_taken":11,"max_hp_gain":0,"max_hp_loss":0,"event_name":"World of Goop","floor":5,"gold_loss":0},{"damage_healed":0,"gold_gain":79,"player_choice":"Gained Gold","damage_taken":0,"max_hp_gain":0,"max_hp_loss":0,"event_name":"Golden Wing","floor":14,"gold_loss":0}],"is_beta":false,"boss_relics":[],"items_purged_floors":[8],"is_endless":false,"potions_floor_spawned":[1,12],"killed_by":"Slime Boss","ascension_level":20}}