{"host":"s8caws4n06h39s1x","time":1612566930,"event":{"mods":["BaseMod","Colored Powertips","Highlight Path","Minty Spire (QoL Compilation)","Quick Restart"],"gold_per_floor":[110,128,138,152,327,356,356,384,384,384,384,410,159,159,159,282,282,296,221,241,266,266,266],"floor_reached":22,"language":"ENG","playtime":1701,"items_purged":[],"score":319,"play_id":"754992cb-c6af-4f28-b87a-34eef524159b","local_time":"20210206001530","is_ascension_mode":true,"campfire_choices":[{"floor":7,"key":"REST"},{"floor":11,"key":"REST"},{"floor":15,"key":"REST"}],"circlet_count":0,"master_deck":["Strike_B","Strike_B","Strike_B","Strike_B","Defend_B","Defend_B","Defend_B","Defend_B","Zap","Dualcast","Conserve Battery","Defragment","Aggregate","Lockon","Capacitor","Ball Lightning","Cold Snap","Conserve Battery","Capacitor","Amplify","Cold Snap","Consume","BootSequence+1"],"relics":["Cracked Core","Darkstone Periapt","Mummified Hand","WingedGreaves","Du-Vu Doll","Anchor","Golden Idol","Cursed Key"],"acts_visited":["Exordium","TheCity"],"potions_floor_usage":[8,16,16,21,22],"damage_taken":[{"damage":1,"enemies":"Jaw Worm","floor":1,"turns":3},{"damage":1,"enemies":"2 Louse","floor":2,"turns":3},{"damage":0,"enemies":"Small Slimes","floor":3,"turns":3},{"damage":2,"enemies":"Blue Slaver","floor":4,"turns":5},{"damage":31,"enemies":"Lagavulin","floor":6,"turns":7},{"damage":32,"enemies":"3 Sentries","floor":8,"turns":8},{"damage":25,"enemies":"Gremlin Nob","floor":12,"turns":4},{"damage":30,"enemies":"Slime Boss","floor":16,"turns":10},{"damage":36,"enemies":"Chosen","floor":18,"turns":6},{"damage":17,"enemies":"3 Byrds","floor":20,"turns":6},{"damage":21,"enemies":"Snake Plant","floor":21,"turns":5},{"damage":23,"enemies":"3 Cultists","floor":22,"turns":4}],"seed_played":"-2717625401258438936","potions_obtained":[{"floor":1,"key":"Regen Potion"},{"floor":4,"key":"SpeedPotion"},{"floor":6,"key":"ColorlessPotion"},{"floor":8,"key":"SteroidPotion"},{"floor":20,"key":"Regen Potion"},{"floor":21,"key":"Fire Potion"}],"is_trial":true,"path_per_floor":["M","M","M","M","?","E","R","E","T","?","R","E","$","?","R","B",null,"M","?","M","M","M"],"character_chosen":"DEFECT","items_purchased":["Conserve Battery","Capacitor","Anchor"],"campfire_rested":3,"item_purchase_floors":[13,13,13],"current_hp_per_floor":[74,73,73,71,71,40,62,30,30,30,52,27,27,33,57,36,81,45,45,28,16,0,0],"gold":266,"neow_bonus":"","is_daily":false,"chose_seed":false,"campfire_upgraded":0,"win_rate":0.0,"timestamp":1612566930,"path_taken":["M","M","M","M","?","E","R","E","T","?","R","E","$","?","R","BOSS","M","?","M","M","M"],"items_purchased_type":["Card","Card","Relic"],"build_version":"2020-12-22","purchased_purges":0,"victory":false,"max_hp_per_floor":[75,75,75,75,75,75,75,75,75,75,75,75,75,81,81,81,81,81,81,81,81,81,81],"card_choices":[{"not_picked":["Double Energy","Auto Shields"],"picked":"Conserve Battery","floor":1},{"not_picked":["Leap","Redo"],"picked":"Defragment","floor":2},{"not_picked":["Rip and Tear","Compile Driver"],"picked":"Aggregate","floor":3},{"not_picked":["Compile Driver","Ball Lightning"],"picked":"Lockon","floor":4},{"not_picked":["Hologram","Chill"],"picked":"Capacitor","floor":6},{"not_picked":["Redo","Tempest"],"picked":"Ball Lightning","floor":8},{"not_picked":["Compile Driver","Doom and Gloom"],"picked":"Cold Snap","floor":12},{"not_picked":["Hyperbeam","Meteor Strike"],"picked":"Amplify","floor":16},{"not_picked":["Go for the Eyes+1","Stack"],"picked":"Cold Snap","floor":18},{"not_picked":["Redo","Go for the Eyes"],"picked":"Consume","floor":20},{"not_picked":["Aggregate","Gash+1"],"picked":"BootSequence+1","floor":21}],"player_experience":472546,"relics_obtained":[{"floor":6,"key":"Darkstone Periapt"},{"floor":8,"key":"Mummified Hand"},{"floor":9,"key":"WingedGreaves"},{"floor":12,"key":"Du-Vu Doll"}],"event_choices":[{"damage_healed":0,"gold_gain":175,"player_choice":"AGREE","damage_taken":0,"max_hp_gain":0,"max_hp_loss":0,"event_name":"Liars Game","floor":5,"gold_loss":0,"cards_obtained":["Doubt"]},{"cards_removed":["Doubt"],"damage_healed":0,"gold_gain":0,"player_choice":"Forget","damage_taken":0,"max_hp_gain":0,"max_hp_loss":0,"event_name":"Living Wall","floor":10,"gold_loss":0},{"damage_healed":0,"gold_gain":0,"player_choice":"Take Wound","damage_taken":0,"relics_obtained":["Golden Idol"],"max_hp_gain":0,"max_hp_loss":0,"event_name":"Golden Idol","floor":14,"gold_loss":0,"cards_obtained":["Injury"]},{"cards_removed":["Injury"],"damage_healed":0,"gold_gain":0,"player_choice":"Gave Gold","damage_taken":0,"max_hp_gain":0,"max_hp_loss":0,"event_name":"Beggar","floor":19,"gold_loss":75}],"is_beta":false,"boss_relics":[{"not_picked":["Black Star","Nuclear Battery"],"picked":"Cursed Key"}],"items_purged_floors":[],"is_endless":true,"potions_floor_spawned":[1,4,6,8,20,21],"killed_by":"3 Cultists","ascension_level":1}}