{"host":"njruw0b0uprlitpx","time":1612564149,"event":{"mods":["2.2 Compatiblity","Aspiration","Bartender","BaseMod","Beaked The Cultist","Better Altar","Better Match","Better Note","Better Sensory Stone","Better Skull","Better Third Choice","BetterRewards","Block Reminder","Colored Map","Colored Powertips","Energized Spire","Jedi Mod","Keyboard Shortcuts","Minty Spire (QoL Compilation)","Quick Restart","Rare Cards Sparkle","Relic Stats","Replay The Spire","SacredBarkPlus","Spicy Shops","StSLib","SuperFastMode","The Blackbeard","The Dragon Tamer","The Mystic"],"gold_per_floor":[116,136,0,0,0,25,25,58,130,130,156,172,172,186,186,289,289,302,319,319,46,61,61,61],"floor_reached":23,"language":"ENG","playtime":1002,"items_purged":["beaked:Strike_Y"],"score":485,"play_id":"69b9d6a3-3e92-4215-8245-5a689651d07b","local_time":"20210205162909","is_ascension_mode":true,"campfire_choices":[{"data":"beaked:MaddeningMurmurs","floor":7,"key":"SMITH"},{"data":"beaked:Insight","floor":10,"key":"SMITH"},{"data":"beaked:Tweet","floor":13,"key":"SMITH"}],"circlet_count":0,"master_deck":["beaked:Strike_Y","beaked:Strike_Y","beaked:Strike_Y","beaked:Strike_Y","beaked:Strike_Y","beaked:Defend_Y","beaked:Defend_Y","beaked:Defend_Y","beaked:Defend_Y","beaked:Ceremony","beaked:Ceremony","beaked:Ceremony","beaked:WarriorSpirit+1","beaked:WarriorSpirit","beaked:Tweet+1","beaked:Insight+1","beaked:Brace","beaked:Windmill","beaked:WindBringer","beaked:DesperateSwing","beaked:MimicWarrior+1","Enlightenment+1","beaked:MaddeningMurmurs+1","beaked:BloodRitual+1","beaked:BounceBack+1","beaked:FeelMyPain+1","beaked:HuntressEssence+1","beaked:DarkPact+1","beaked:Foresight+1","beaked:VigorBurst+1","beaked:MachineEssence"],"relics":["beaked:MendingPlumage","Orrery","Mercury Hourglass","aspiration:AnachronicSnailShell","aspiration:Nostalgia","Sneakers","ReplayTheSpireMod:CursedCoin","Toxic Egg 2","ReplayTheSpireMod:Shallot","aspiration:Lifesprig","White Beast Statue","Nunchaku","Runic Pyramid","jedi:fakemustache"],"acts_visited":["Exordium","TheCity"],"potions_floor_usage":[6,16,16,19,23,23],"damage_taken":[{"damage":9,"enemies":"Cultist","floor":1,"turns":4},{"damage":10,"enemies":"Jaw Worm","floor":2,"turns":4},{"damage":16,"enemies":"Lagavulin","floor":6,"turns":6},{"damage":25,"enemies":"Gremlin Nob","floor":8,"turns":4},{"damage":5,"enemies":"Replay:BlueRogue","floor":11,"turns":5},{"damage":0,"enemies":"2 Louse","floor":12,"turns":2},{"damage":4,"enemies":"Exordium Wildlife","floor":14,"turns":3},{"damage":0,"enemies":"Slime Boss","floor":16,"turns":4},{"damage":32,"enemies":"Spheric Guardian","floor":18,"turns":5},{"damage":33,"enemies":"3 Byrds","floor":19,"turns":4},{"damage":23,"enemies":"Cultist and Chosen","floor":22,"turns":6},{"damage":101,"enemies":"Book of Stabbing","floor":23,"turns":5}],"seed_played":"7016932647170230768","potions_obtained":[{"floor":2,"key":"AttackPotion"},{"floor":11,"key":"DistilledChaos"},{"floor":12,"key":"Cursed Concoction"},{"floor":14,"key":"SteroidPotion"},{"floor":16,"key":"SpeedPotion"},{"floor":18,"key":"Weak Potion"},{"floor":19,"key":"Elixir"},{"floor":22,"key":"jedi:tentaclejuice"}],"is_trial":false,"path_per_floor":["M","M","?","$","?","E","R","E","T","R","E","M","R","M","R_BF","B",null,"M","M","?","$","M","E"],"character_chosen":"BEAKED_THE_CULTIST","items_purchased":["Orrery","Mercury Hourglass","beaked:Windmill","aspiration:Nostalgia","ReplayTheSpireMod:CursedCoin","Toxic Egg 2","beaked:WindBringer","beaked:MachineEssence","jedi:fakemustache","Block Potion"],"campfire_rested":0,"item_purchase_floors":[0,0,0,0,0,0,0,21,21,21],"current_hp_per_floor":[46,49,55,55,55,53,53,39,39,39,53,56,56,56,56,56,56,40,28,61,61,61,0,0],"gold":61,"neow_bonus":"","is_daily":false,"chose_seed":false,"campfire_upgraded":3,"win_rate":0.0,"timestamp":1612564149,"path_taken":["M","?","?","$","?","E","R","E","T","R","E","M","R","M","R_BF","BOSS","M","M","?","$","M","E"],"items_purchased_type":["Relic","Relic","Card","Relic","Relic","Relic","Card","Card","Relic","Potion"],"build_version":"2020-12-22","purchased_purges":1,"victory":false,"max_hp_per_floor":[50,50,56,56,56,56,56,56,56,56,56,56,56,56,56,56,56,56,61,61,61,61,61,61],"relic_stats":{"Nunchaku":[10],"counters":[60,314],"obtain_stats":[{"jedi:angrymask":14,"aspiration:Lifesprig":8,"Bag of Preparation":41,"Replay:Multitool":0,"Ancient Tea Set":43,"jedi:shrinkray":12,"Old Coin":46,"jedi:leech":0,"Dream Catcher":7,"Replay:Bandana":9,"Nunchaku":11,"Matryoshka":22,"Ring of Fangs":24,"Shovel":36,"Mummified Hand":9,"aspiration:AnachronicSnailShell":0,"Prayer Wheel":0,"Philosopher\u0027s Stone":17,"Iron Hammer":43,"Ring of Panic":24,"Toxic Egg 2":0,"Runic Pyramid":17,"Sneakers":0,"Happy Flower":26,"ReplayTheSpireMod:CursedCoin":36,"aspiration:Nostalgia":0,"Astrolabe":34,"Dead Branch":46,"jedi:purplefairy":37,"PreservedInsect":38,"Letter Opener":23,"Frozen Egg 2":3,"Odd Mushroom":10,"War Paint":48,"White Beast Statue":9,"Mercury Hourglass":26,"jedi:fakemustache":21,"jedi:heavyjacket":24,"Bottled Flame":8,"Replay:Baseball":43,"ReplayTheSpireMod:Shallot":6,"Orrery":0,"ReplayTheSpireMod:TigerMarble":26,"Membership Card":22,"beaked:MendingPlumage":0,"ReplayTheSpireMod:Lightbulb":41,"Abe\u0027s Treasure":17,"wanderingMiniBosses:Inkheart":37},{"jedi:angrymask":33,"aspiration:Lifesprig":52,"Bag of Preparation":20,"Replay:Multitool":24,"Ancient Tea Set":20,"jedi:shrinkray":6,"Old Coin":22,"jedi:leech":24,"Dream Catcher":29,"Replay:Bandana":29,"Nunchaku":53,"Matryoshka":9,"Ring of Fangs":37,"Shovel":41,"Mummified Hand":5,"aspiration:AnachronicSnailShell":48,"Prayer Wheel":24,"Philosopher\u0027s Stone":34,"Iron Hammer":20,"Ring of Panic":37,"Toxic Egg 2":48,"Runic Pyramid":56,"Sneakers":48,"Happy Flower":11,"ReplayTheSpireMod:CursedCoin":41,"aspiration:Nostalgia":48,"Astrolabe":16,"Dead Branch":45,"jedi:purplefairy":19,"PreservedInsect":42,"Letter Opener":37,"Frozen Egg 2":2,"Odd Mushroom":6,"War Paint":23,"White Beast Statue":52,"Mercury Hourglass":38,"jedi:fakemustache":58,"jedi:heavyjacket":10,"Bottled Flame":5,"Replay:Baseball":44,"ReplayTheSpireMod:Shallot":51,"Orrery":24,"ReplayTheSpireMod:TigerMarble":11,"Membership Card":9,"beaked:MendingPlumage":0,"ReplayTheSpireMod:Lightbulb":20,"Abe\u0027s Treasure":8,"wanderingMiniBosses:Inkheart":19},{"jedi:angrymask":175,"aspiration:Lifesprig":281,"Bag of Preparation":114,"Replay:Multitool":132,"Ancient Tea Set":114,"jedi:shrinkray":30,"Old Coin":125,"jedi:leech":132,"Dream Catcher":156,"Replay:Bandana":156,"Nunchaku":286,"Matryoshka":49,"Ring of Fangs":194,"Shovel":221,"Mummified Hand":24,"aspiration:AnachronicSnailShell":263,"Prayer Wheel":132,"Philosopher\u0027s Stone":181,"Iron Hammer":114,"Ring of Panic":194,"Toxic Egg 2":263,"Runic Pyramid":294,"Sneakers":263,"Happy Flower":59,"ReplayTheSpireMod:CursedCoin":221,"aspiration:Nostalgia":263,"Astrolabe":88,"Dead Branch":247,"jedi:purplefairy":107,"PreservedInsect":226,"Letter Opener":194,"Frozen Egg 2":6,"Odd Mushroom":30,"War Paint":128,"White Beast Statue":281,"Mercury Hourglass":200,"jedi:fakemustache":303,"jedi:heavyjacket":55,"Bottled Flame":24,"Replay:Baseball":239,"ReplayTheSpireMod:Shallot":277,"Orrery":132,"ReplayTheSpireMod:TigerMarble":59,"Membership Card":49,"beaked:MendingPlumage":0,"ReplayTheSpireMod:Lightbulb":114,"Abe\u0027s Treasure":44,"wanderingMiniBosses:Inkheart":107}],"Mercury Hourglass":[528]},"card_choices":[{"not_picked":["beaked:Cower","beaked:BloodForTheGods"],"picked":"beaked:WarriorSpirit","floor":0},{"not_picked":["beaked:Brace","beaked:VigorBurst"],"picked":"beaked:WarriorSpirit","floor":0},{"not_picked":["beaked:TuckingFeathers","beaked:WildInstinct"],"picked":"beaked:Tweet","floor":0},{"not_picked":["beaked:WarriorSpirit","beaked:WarriorEssence"],"picked":"beaked:Insight","floor":0},{"not_picked":["beaked:Tradeoff","beaked:MimicMachine"],"picked":"beaked:Brace","floor":0},{"not_picked":["beaked:TuckingFeathers+1","beaked:WarriorEssence"],"picked":"beaked:DesperateSwing","floor":1},{"not_picked":["beaked:CursingBlood+1","beaked:Redirect+1"],"picked":"beaked:MimicWarrior+1","floor":2},{"not_picked":["beaked:MimicHuntress+1","ReplayTheSpireMod:Wings of Steel+1"],"picked":"beaked:MaddeningMurmurs","floor":6},{"not_picked":["beaked:Replenish+1","beaked:BraceForImpact+1"],"picked":"beaked:BloodRitual+1","floor":8},{"not_picked":["beaked:HuntressEssence+1","beaked:Redirect+1"],"picked":"beaked:BounceBack+1","floor":11},{"not_picked":["beaked:Negation+1","ReplayTheSpireMod:RavenHex+1"],"picked":"beaked:FeelMyPain+1","floor":12},{"not_picked":["beaked:SurvivalInstinct+1","beaked:Foresight+1"],"picked":"beaked:HuntressEssence+1","floor":14},{"not_picked":["beaked:ShadowFade+1","beaked:Brainwash+1"],"picked":"beaked:DarkPact+1","floor":16},{"not_picked":["beaked:Resilience+1","beaked:SacrificialAttack"],"picked":"beaked:Foresight+1","floor":18},{"not_picked":["beaked:FeelMyPain+1","beaked:Replenish+1"],"picked":"beaked:VigorBurst+1","floor":19},{"not_picked":["beaked:Daydream+1","beaked:Resilience+1","beaked:Redirect+1"],"picked":"SKIP","floor":22}],"player_experience":1433210,"relics_obtained":[{"floor":6,"key":"ReplayTheSpireMod:Shallot"},{"floor":8,"key":"aspiration:Lifesprig"},{"floor":9,"key":"White Beast Statue"},{"floor":11,"key":"Nunchaku"}],"event_choices":[{"damage_healed":0,"gold_gain":0,"player_choice":"RENOUNCE","damage_taken":136,"max_hp_gain":0,"max_hp_loss":0,"event_name":"betterThird:BetterSerpent","floor":3,"gold_loss":136,"cards_obtained":["Enlightenment"]},{"cards_removed":["Regret"],"damage_healed":0,"gold_gain":0,"player_choice":"Forget","damage_taken":0,"max_hp_gain":0,"max_hp_loss":0,"event_name":"Living Wall","floor":5,"gold_loss":0},{"damage_healed":33,"gold_gain":0,"player_choice":"Full Heal","damage_taken":0,"max_hp_gain":0,"max_hp_loss":0,"event_name":"Wheel of Change","floor":20,"gold_loss":0}],"is_beta":false,"boss_relics":[{"not_picked":["Velvet Choker","Black Star"],"picked":"Runic Pyramid"}],"items_purged_floors":[21],"is_endless":false,"potions_floor_spawned":[2,11,12,14,16,18,19,22],"killed_by":"Book of Stabbing","ascension_level":7}}