{"host":"x205naxbihvu3p76","time":1612534001,"event":{"mods":["AchievementEnabler","BaseMod","Minty Spire (QoL Compilation)","StSLib","SuperFastMode"],"gold_per_floor":[115,265,265,277,277,303,303,317,317,74,99,115,115,134,134,134,134],"floor_reached":16,"language":"KOR","playtime":239,"items_purged":["Doubt"],"score":257,"play_id":"d486d508-57d3-4f32-a401-18961a797469","local_time":"20210205230641","is_ascension_mode":true,"campfire_choices":[{"data":"Whirlwind","floor":7,"key":"SMITH"},{"data":"Disarm","floor":15,"key":"SMITH"}],"circlet_count":0,"master_deck":["AscendersBane","Strike_R","Strike_R","Strike_R","Strike_R","Defend_R","Defend_R","Defend_R","Defend_R","Bash","Pommel Strike","Whirlwind+1","Shrug It Off","Second Wind","Disarm+1"],"relics":["Burning Blood","NeowsBlessing","Mummified Hand","Sundial","Pear","PreservedInsect","White Beast Statue"],"acts_visited":["Exordium"],"potions_floor_usage":[11,16],"damage_taken":[{"damage":0,"enemies":"Small Slimes","floor":1,"turns":1},{"damage":0,"enemies":"Jaw Worm","floor":4,"turns":1},{"damage":0,"enemies":"Lagavulin","floor":6,"turns":2},{"damage":12,"enemies":"Cultist","floor":8,"turns":4},{"damage":8,"enemies":"Gremlin Nob","floor":11,"turns":3},{"damage":4,"enemies":"Looter","floor":12,"turns":3},{"damage":19,"enemies":"Exordium Wildlife","floor":14,"turns":4},{"damage":71,"enemies":"The Guardian","floor":16,"turns":18}],"seed_played":"5597148560001958643","potions_obtained":[{"floor":6,"key":"Strength Potion"},{"floor":11,"key":"Strength Potion"},{"floor":12,"key":"Block Potion"}],"is_trial":false,"path_per_floor":["M","?","?","M","T","E","R","M","T","$","E","M","?","M","R","B"],"character_chosen":"IRONCLAD","items_purchased":["PreservedInsect"],"campfire_rested":0,"item_purchase_floors":[10],"current_hp_per_floor":[74,74,79,80,80,80,80,74,84,84,82,84,84,71,71,0,0],"gold":134,"neow_bonus":"THREE_ENEMY_KILL","is_daily":false,"chose_seed":false,"campfire_upgraded":2,"win_rate":0.0,"timestamp":1612534001,"path_taken":["M","?","?","M","?","E","R","M","T","$","E","M","?","M","R","BOSS"],"items_purchased_type":["Relic"],"build_version":"2020-12-22","purchased_purges":1,"victory":false,"max_hp_per_floor":[75,75,80,80,80,80,80,80,90,90,90,90,90,90,90,90,90],"card_choices":[{"not_picked":["Wild Strike","Warcry"],"picked":"Pommel Strike","floor":1},{"not_picked":["Warcry","Iron Wave"],"picked":"Whirlwind","floor":4},{"not_picked":["Armaments","Brutality","Wild Strike"],"picked":"SKIP","floor":6},{"not_picked":["Dropkick","Anger","Dual Wield"],"picked":"SKIP","floor":8},{"not_picked":["Brutality","Clash"],"picked":"Shrug It Off","floor":11},{"not_picked":["Flex","Perfected Strike"],"picked":"Second Wind","floor":12},{"not_picked":["Whirlwind","Wild Strike","Clothesline"],"picked":"SKIP","floor":14}],"player_experience":1027004,"relics_obtained":[{"floor":5,"key":"Mummified Hand"},{"floor":6,"key":"Sundial"},{"floor":9,"key":"Pear"},{"floor":11,"key":"White Beast Statue"}],"event_choices":[{"damage_healed":0,"gold_gain":150,"player_choice":"AGREE","damage_taken":0,"max_hp_gain":0,"max_hp_loss":0,"event_name":"Liars Game","floor":2,"gold_loss":0,"cards_obtained":["Doubt"]},{"damage_healed":0,"gold_gain":0,"player_choice":"Donut","damage_taken":0,"max_hp_gain":5,"max_hp_loss":0,"event_name":"Big Fish","floor":3,"gold_loss":0},{"damage_healed":0,"gold_gain":0,"cards_transformed":["Strike_R"],"player_choice":"Change","damage_taken":0,"max_hp_gain":0,"max_hp_loss":0,"event_name":"Living Wall","floor":13,"gold_loss":0,"cards_obtained":["Disarm"]}],"is_beta":false,"boss_relics":[],"items_purged_floors":[10],"is_endless":false,"potions_floor_spawned":[6,11,12,14],"killed_by":"The Guardian","ascension_level":18}}