{"host":"sv0b252yhyqedn0i","time":1612568975,"event":{"mods":["BaseMod","Colored Map","DeckTracker","MarisaÅiñ∂âJÅ@ñÇóùçπÅj","Minty Spire (QoL Compilation)","StSLib"],"gold_per_floor":[113,113,131,131,101,127,52,66,91,91,122,139,169,179,179,282,282,292,307,307,307,307,307,342,352,399,425,224,324,324,324],"floor_reached":30,"language":"JPN","playtime":12370,"items_purged":["Defend_MRS","Strike_MRS"],"score":423,"play_id":"ad014d09-4572-4214-bc91-185202ddfe11","local_time":"20210206084935","is_ascension_mode":true,"campfire_choices":[{"data":"DarkSpark","floor":10.0,"key":"SMITH"},{"data":"MagicChant","floor":15.0,"key":"SMITH"},{"floor":23,"key":"REST"}],"circlet_count":0,"master_deck":["Strike_MRS","Strike_MRS","Strike_MRS","Defend_MRS","Defend_MRS","MasterSpark","UpSweep","DarkSpark+1","GasGiant","StarBarrage","AsteroidBelt","AsteroidBelt","ShootingEcho","MagicChant+1","MillisecondPulsars","MaximisePower","WitchLeyline","DragonMeteor","Parasite","Parasite","EarthLightRay+1","ShootingEcho+1","GalacticHalo","SuperNova","MagicAbsorber","EnergyFlow+1","CasketOfStar","AlicesGift"],"relics":["BewitchedHakkero","NeowsBlessing","Smiling Mask","Akabeko","Tiny Chest","Oddly Smooth Stone","Matryoshka","Ancient Tea Set","Bag of Preparation","Blood Vial","ShroomBag","Bronze Scales","Pen Nib","Toy Ornithopter","Orrery","Shovel","HandmadeGrimoire"],"acts_visited":["Exordium","TheCity"],"potions_floor_usage":[22,24,27,30],"damage_taken":[{"damage":0.0,"enemies":"2 Louse","floor":1.0,"turns":1.0},{"damage":0.0,"enemies":"Jaw Worm","floor":3.0,"turns":1.0},{"damage":0.0,"enemies":"Lagavulin","floor":6.0,"turns":1.0},{"damage":0.0,"enemies":"Cultist","floor":8.0,"turns":3.0},{"damage":7.0,"enemies":"3 Sentries","floor":11.0,"turns":3.0},{"damage":0.0,"enemies":"Gremlin Gang","floor":12.0,"turns":1.0},{"damage":14.0,"enemies":"Lagavulin","floor":13.0,"turns":4.0},{"damage":0.0,"enemies":"Large Slime","floor":14.0,"turns":4.0},{"damage":36.0,"enemies":"Hexaghost","floor":16.0,"turns":12.0},{"damage":5.0,"enemies":"Chosen","floor":18.0,"turns":5.0},{"damage":11.0,"enemies":"Spheric Guardian","floor":19.0,"turns":4.0},{"damage":0,"enemies":"Snake Plant","floor":22,"turns":1},{"damage":0,"enemies":"Slavers","floor":24,"turns":1},{"damage":0,"enemies":"Chosen and Byrds","floor":25,"turns":3},{"damage":42,"enemies":"Gremlin Leader","floor":27,"turns":6},{"damage":9,"enemies":"Colosseum Slavers","floor":29,"turns":2},{"damage":41,"enemies":"Colosseum Nobs","floor":29,"turns":5},{"damage":27,"enemies":"Snecko","floor":30,"turns":3}],"seed_played":"4812167810052904356","potions_obtained":[{"floor":3.0,"key":"BlessingOfTheForge"},{"floor":5.0,"key":"SpeedPotion"},{"floor":5.0,"key":"SteroidPotion"},{"floor":18.0,"key":"SmokeBomb"},{"floor":29,"key":"ColorlessPotion"}],"is_trial":false,"path_per_floor":["M","?","M","?","?","E","$","M","T","R","E","M","E","M","R","B",null,"M","M","?","T","M","R","E","M","T","E","$","?","M"],"character_chosen":"MARISA","items_purchased":["AsteroidBelt","Orrery"],"campfire_rested":1,"item_purchase_floors":[7,28],"current_hp_per_floor":[75,68,68,65,65,65,65,65,65,65,58,58,44,44,44,8,58,53,42,42,42,44,66,68,75,75,43,43,7,0,0],"gold":324,"neow_bonus":"THREE_ENEMY_KILL","is_daily":false,"chose_seed":false,"campfire_upgraded":2,"win_rate":0.0,"timestamp":1612568975,"path_taken":["M","?","M","?","?","E","$","M","T","R","E","?","E","M","R","BOSS","M","?","?","?","M","R","E","M","T","E","?","?","M"],"items_purchased_type":["Card","Relic"],"build_version":"2020-12-22","purchased_purges":2,"victory":false,"max_hp_per_floor":[75,75,75,75,75,75,75,75,75,75,75,75,75,75,75,75,75,75,75,75,75,75,75,75,75,75,75,75,75,75,75],"card_choices":[{"not_picked":["PowerUp","EventHorizon"],"picked":"DarkSpark","floor":1.0},{"not_picked":["StarlightTyphoon","StarBarrage"],"picked":"GasGiant","floor":3.0},{"not_picked":["GravityBeat","OrrerysSun"],"picked":"StarBarrage","floor":6.0},{"not_picked":["GrandCross","GalacticHalo"],"picked":"AsteroidBelt","floor":8.0},{"not_picked":["GrandCross","OneTimeOff"],"picked":"ShootingEcho","floor":11.0},{"not_picked":["GrandCross","PowerUp"],"picked":"MagicChant","floor":12.0},{"not_picked":["6A","PulseMagic"],"picked":"MillisecondPulsars","floor":13.0},{"not_picked":["Robbery","OneTimeOff","DC"],"picked":"SKIP","floor":14.0},{"not_picked":["BigCrunch","CollectingQuirk"],"picked":"MaximisePower","floor":16.0},{"not_picked":["ManaConvection","MagicAbsorber"],"picked":"WitchLeyline","floor":18.0},{"not_picked":["SporeBomb","UnstableBomb"],"picked":"DragonMeteor","floor":19.0},{"not_picked":["ShootingEcho","PowerUp+1"],"picked":"EarthLightRay+1","floor":24},{"not_picked":["Singularity","OneTimeOff"],"picked":"ShootingEcho+1","floor":25},{"not_picked":["Singularity+1","UnstableBomb+1"],"picked":"GalacticHalo","floor":27},{"not_picked":["SuperPerseids","GrandCross"],"picked":"SuperNova","floor":28},{"not_picked":["OrrerysSun","AlicesGift"],"picked":"MagicAbsorber","floor":28},{"not_picked":["Acceleration+1","PowerUp"],"picked":"EnergyFlow+1","floor":28},{"not_picked":["WitchOfGreed","DragonMeteor"],"picked":"CasketOfStar","floor":28},{"not_picked":["DoubleSpark","IllusionStar"],"picked":"AlicesGift","floor":29}],"player_experience":491248,"relics_obtained":[{"floor":6.0,"key":"Akabeko"},{"floor":9.0,"key":"Tiny Chest"},{"floor":11.0,"key":"Oddly Smooth Stone"},{"floor":13.0,"key":"Matryoshka"},{"floor":21.0,"key":"Bag of Preparation"},{"floor":21.0,"key":"Blood Vial"},{"floor":24,"key":"ShroomBag"},{"floor":26,"key":"Bronze Scales"},{"floor":26,"key":"Pen Nib"},{"floor":27,"key":"Toy Ornithopter"},{"floor":29,"key":"Shovel"},{"floor":29,"key":"HandmadeGrimoire"}],"event_choices":[{"cards_removed":["Defend_MRS"],"damage_healed":0.0,"max_hp_gain":0.0,"max_hp_loss":0.0,"gold_gain":0.0,"event_name":"Golden Wing","player_choice":"Card Removal","floor":2.0,"gold_loss":0.0,"damage_taken":7.0},{"damage_healed":0.0,"max_hp_gain":0.0,"max_hp_loss":0.0,"gold_gain":0.0,"event_name":"Scrap Ooze","player_choice":"Success","floor":4.0,"gold_loss":0.0,"damage_taken":3.0,"relics_obtained":["Smiling Mask"]},{"damage_healed":0.0,"max_hp_gain":0.0,"max_hp_loss":0.0,"gold_gain":0.0,"event_name":"The Woman in Blue","player_choice":"Bought 2 Potions","floor":5.0,"gold_loss":0.0,"damage_taken":0.0},{"damage_healed":0.0,"max_hp_gain":0.0,"max_hp_loss":0.0,"gold_gain":0.0,"event_name":"The Mausoleum","player_choice":"Opened","floor":20.0,"gold_loss":0.0,"damage_taken":0.0,"relics_obtained":["Ancient Tea Set"]},{"damage_healed":0,"gold_gain":0,"player_choice":"Fight","damage_taken":0,"max_hp_gain":0,"max_hp_loss":0,"event_name":"Colosseum","floor":29,"gold_loss":0},{"damage_healed":0,"gold_gain":0,"player_choice":"Fought Nobs","damage_taken":0,"max_hp_gain":0,"max_hp_loss":0,"event_name":"Colosseum","floor":29,"gold_loss":0}],"is_beta":false,"boss_relics":[{"not_picked":["Velvet Choker","Empty Cage"],"picked":"BewitchedHakkero"}],"items_purged_floors":[7,28],"is_endless":false,"potions_floor_spawned":[3,11,12,18,29,29],"killed_by":"Snecko","ascension_level":5}}