{"host":"qvcm5n1ry1q9iv9x","time":1612542523,"event":{"mods":["Act Like it!","BaseMod","BetterRewards","Colored Map","Colored Powertips","Downfall","Friendly Minions","Highlight Path","Minty Spire (QoL Compilation)","Quick Restart","Relic Sorter","Shop Mod","StSLib"],"gold_per_floor":[99,99,115,25,43,69,69,79,109,124,157,236,236,247,261,362,362,262,275,84,104,104,104,149,169,169,169,169,139,139,157,168,265,265,265,276,296,345,392,392,419,419,435,470,85,100,115,148,166,166],"floor_reached":51,"language":"ZHS","playtime":3444,"items_purged":["downfall:Malfunctioning"],"score":779,"play_id":"44c94fcd-a107-4a7a-8641-c360c5478767","local_time":"20210206002843","is_ascension_mode":false,"campfire_choices":[{"data":"Slimebound:CorrosiveSpit","floor":1.0,"key":"SMITH"},{"data":"Slimebound:SlimeSlap","floor":13.0,"key":"SMITH"},{"data":"Slimebound:Strike_Slimebound","floor":18.0,"key":"PURGE"},{"data":"Slimebound:Defend_Slimebound","floor":23.0,"key":"PURGE"},{"data":"Slimebound:Defend_Slimebound","floor":26.0,"key":"PURGE"},{"data":"Slimebound:Defend_Slimebound","floor":28.0,"key":"PURGE"},{"data":"Slimebound:Tackle","floor":30.0,"key":"PURGE"},{"data":"Slimebound:Strike_Slimebound+1","floor":35.0,"key":"PURGE"},{"data":"Slimebound:SelfFormingGoo","floor":40.0,"key":"SMITH"}],"circlet_count":0,"master_deck":["Slimebound:Strike_Slimebound+1","Slimebound:Defend_Slimebound+1","Slimebound:Split","Slimebound:CorrosiveSpit+1","Slimebound:SplitLeeching","Slimebound:SlimeSlap+1","Slimebound:SplitMire","Slimebound:SplitSpecialist+1","Slimebound:SplitSpecialist+1","Slimebound:MegaLick+1","Slimebound:DisruptingSlam","Slimebound:LeadByExample","Slimebound:Nibble","Slimebound:PrepareCrush+1","Slimebound:Replication+1","Slimebound:SlimeTap+1","Chrysalis+1","Slimebound:AcidTongue+1","Slimebound:CheckThePlaybook+1","Slimebound:Teamwork+1","Slimebound:Equalize","expansioncontent:DashGenerateEvil","Slimebound:Repurpose+1","Slimebound:ViciousTackle+1","Slimebound:SelfFormingGoo+1","Slimebound:SpikyOuterGoop+1","Slimebound:Gluttony","Slimebound:SplitLeeching+1","Slimebound:Repurpose+1","Slimebound:LevelUp+1","expansioncontent:StudyTheSpire","Slimebound:RallyTheTroops","Slimebound:LivingWall+1","Slimebound:OneTwoCombo","Slimebound:SplitSpecialist+1"],"relics":["Slimebound:AbsorbEndCombat","Peace Pipe","Toxic Egg 2","Bottled Flame","Dream Catcher","Ornamental Fan","SlaversCollar","downfall:HeartBlessingGreen","Omamori","Enchiridion","SacredBark","Turnip","Slimebound:AggressiveSlimeRelic","MealTicket","Sundial","Gambling Chip"],"acts_visited":["Exordium","TheCity","TheBeyond"],"potions_floor_usage":[],"damage_taken":[{"damage":3.0,"enemies":"Cultist","floor":3.0,"turns":3.0},{"damage":0.0,"enemies":"downfall:FleeingMerchant","floor":4.0,"turns":4.0},{"damage":0.0,"enemies":"Jaw Worm","floor":5.0,"turns":2.0},{"damage":17.0,"enemies":"3 Sentries","floor":6.0,"turns":6.0},{"damage":6.0,"enemies":"2 Louse","floor":8.0,"turns":2.0},{"damage":17.0,"enemies":"Lagavulin","floor":9.0,"turns":6.0},{"damage":0.0,"enemies":"Exordium Wildlife","floor":10.0,"turns":3.0},{"damage":10.0,"enemies":"3 Sentries","floor":11.0,"turns":7.0},{"damage":2.0,"enemies":"Gremlin Gang","floor":14.0,"turns":4.0},{"damage":0.0,"enemies":"Exordium Thugs","floor":15.0,"turns":3.0},{"damage":3.0,"enemies":"SI_SHIV_ARCHETYPE","floor":16.0,"turns":6.0},{"damage":10.0,"enemies":"3 Byrds","floor":19.0,"turns":5.0},{"damage":12.0,"enemies":"downfall:FleeingMerchant","floor":20.0,"turns":4.0},{"damage":11.0,"enemies":"Chosen","floor":21.0,"turns":5.0},{"damage":0.0,"enemies":"Snecko","floor":25.0,"turns":4.0},{"damage":2.0,"enemies":"downfall:FleeingMerchant","floor":29.0,"turns":3.0},{"damage":9.0,"enemies":"Cultist and Chosen","floor":31.0,"turns":7.0},{"damage":21.0,"enemies":"Snake Plant","floor":32.0,"turns":4.0},{"damage":21.0,"enemies":"IC_MUSHROOM_ARCHETYPE","floor":33.0,"turns":5.0},{"damage":18.0,"enemies":"3 Darklings","floor":36.0,"turns":5.0},{"damage":0.0,"enemies":"3 Shapes","floor":37.0,"turns":5.0},{"damage":46.0,"enemies":"2 Orb Walkers","floor":38.0,"turns":4.0},{"damage":7.0,"enemies":"Transient","floor":43.0,"turns":5.0},{"damage":41.0,"enemies":"Nemesis","floor":44.0,"turns":5.0},{"damage":14.0,"enemies":"Maw","floor":46.0,"turns":7.0},{"damage":12.0,"enemies":"Sphere and 2 Shapes","floor":47.0,"turns":3.0},{"damage":6.0,"enemies":"Reptomancer","floor":48.0,"turns":3.0},{"damage":10.0,"enemies":"Spire Growth","floor":49.0,"turns":4.0},{"damage":23.0,"enemies":"WA_ARCHETYPE_DIVINITY","floor":50.0,"turns":7.0}],"seed_played":"-7404431106464659334","potions_obtained":[{"floor":5.0,"key":"Energy Potion"},{"floor":8.0,"key":"SkillPotion"},{"floor":9.0,"key":"DistilledChaos"},{"floor":21.0,"key":"EntropicBrew"},{"floor":25.0,"key":"Slimebound:ThreeZeroPotion"},{"floor":32.0,"key":"Explosive Potion"},{"floor":33.0,"key":"Fire Potion"},{"floor":37.0,"key":"AttackPotion"},{"floor":38.0,"key":"EntropicBrew"},{"floor":47.0,"key":"champ:CounterPotion"}],"is_trial":false,"path_per_floor":["R","?","M","$","M","E","T","M","E","M","E","T","R","M","M","B",null,"R","M","$","M","?","R","T","M","R","?","R","$","R","M","M","B",null,"R","M","M","?","?","R","T","?","M","E","$","M","M","E","M","B",null],"character_chosen":"SLIMEBOUND","items_purchased":["Chrysalis+1","expansioncontent:DashGenerateEvil","Slimebound:Repurpose+1","FairyPotion","expansioncontent:StudyTheSpire","Slimebound:RallyTheTroops","AttackPotion"],"campfire_rested":0,"item_purchase_floors":[20,29,29,29,45,45,45],"current_hp_per_floor":[71,71,71,71,71,62,62,62,53,59,57,57,57,61,67,68,71,71,65,61,54,30,30,30,34,34,18,18,20,20,19,33,20,71,71,61,71,44,44,44,44,44,43,10,25,27,19,25,31,24],"gold":166,"neow_bonus":"TEN_PERCENT_HP_BONUS","is_daily":false,"chose_seed":false,"campfire_upgraded":3,"win_rate":0.0,"timestamp":1612542523,"path_taken":["R","?","M","$","M","E","T","M","E","M","E","?","R","?","M","BOSS","R","M","$","M","?","R","T","M","R","?","R","?","R","?","M","BOSS","R","M","M","?","?","R","T","?","M","E","$","?","M","E","M","BOSS"],"items_purchased_type":["Card","Card","Card","Potion","Card","Card","Potion"],"build_version":"2020-12-22","purchased_purges":1,"victory":true,"max_hp_per_floor":[71,71,71,71,71,71,71,71,71,71,71,71,71,71,71,71,71,71,71,71,71,71,71,71,71,71,71,71,71,71,71,71,71,71,71,71,71,71,71,71,71,71,71,71,71,71,71,71,71,71],"card_choices":[{"not_picked":["Slimebound:PressTheAttack","Slimebound:LeechingTouch"],"picked":"Slimebound:SplitLeeching","floor":3.0},{"not_picked":["Slimebound:SamplingLick","Slimebound:GrowthPunch"],"picked":"Slimebound:SlimeSlap","floor":4.0},{"not_picked":["Slimebound:ComboTackle","Slimebound:FinishingTackle"],"picked":"Slimebound:SplitMire","floor":5.0},{"not_picked":["Slimebound:PressTheAttack","Slimebound:LeechingTouch","Slimebound:Prepare"],"picked":"SKIP","floor":6.0},{"not_picked":["Slimebound:RollThrough","Slimebound:PressTheAttack"],"picked":"Slimebound:SplitSpecialist+1","floor":8.0},{"not_picked":["Slimebound:SplitMire+1","Slimebound:Nibble"],"picked":"Slimebound:SplitSpecialist+1","floor":9.0},{"not_picked":["Slimebound:ForwardTackle","Slimebound:LeechingTouch"],"picked":"Slimebound:MegaLick+1","floor":10.0},{"not_picked":["Slimebound:ItLooksTasty","Slimebound:FlameTackle"],"picked":"Slimebound:DisruptingSlam","floor":11.0},{"not_picked":["Slimebound:SplitMire+1","Slimebound:BestDefense"],"picked":"Slimebound:LeadByExample","floor":14.0},{"not_picked":["Slimebound:SplitLeeching+1","Slimebound:SlimeBarrage"],"picked":"Slimebound:Nibble","floor":15.0},{"not_picked":["Slimebound:FirmFortitude+1","Slimebound:MassRepurpose+1"],"picked":"Slimebound:PrepareCrush+1","floor":16.0},{"not_picked":["Slimebound:Grow","Slimebound:LeechEnergy+1"],"picked":"Slimebound:Replication+1","floor":19.0},{"not_picked":["Slimebound:PressTheAttack","Slimebound:Grow"],"picked":"Slimebound:SlimeTap+1","floor":20.0},{"not_picked":["Slimebound:ServeAndProtect+1","Slimebound:PressTheAttack"],"picked":"Slimebound:AcidTongue+1","floor":21.0},{"not_picked":["Slimebound:RollThrough","Slimebound:SplitLeeching+1"],"picked":"Slimebound:Teamwork+1","floor":25.0},{"not_picked":["Slimebound:SlimeSpikes+1","Slimebound:FormOfPuddle+1"],"picked":"Slimebound:Equalize","floor":29.0},{"not_picked":["Slimebound:SlimeBarrage","Slimebound:LeechingTouch","Slimebound:SlimeSpikes+1"],"picked":"SKIP","floor":31.0},{"not_picked":["Slimebound:Prepare+1","Slimebound:LeechEnergy"],"picked":"Slimebound:ViciousTackle+1","floor":32.0},{"not_picked":["Slimebound:DuplicatedForm","Slimebound:OneTwoCombo"],"picked":"Slimebound:SelfFormingGoo","floor":33.0},{"not_picked":["Slimebound:ViciousTackle","Slimebound:SplitBruiser+1"],"picked":"Slimebound:SpikyOuterGoop+1","floor":36.0},{"not_picked":["Slimebound:Schlurp+1","Slimebound:LeechEnergy+1"],"picked":"Slimebound:Gluttony","floor":37.0},{"not_picked":["Slimebound:SplitBruiser+1","Slimebound:PressTheAttack"],"picked":"Slimebound:SplitLeeching+1","floor":38.0},{"not_picked":["Slimebound:RollThrough+1","Slimebound:GoopTackle"],"picked":"Slimebound:Repurpose+1","floor":43.0},{"not_picked":["Slimebound:LeechingTouch","Slimebound:TongueLash+1"],"picked":"Slimebound:LevelUp+1","floor":44.0},{"not_picked":["Slimebound:GoopTackle+1","Slimebound:SlimeBrawl+1","Slimebound:SlimeSpikes+1"],"picked":"SKIP","floor":46.0},{"not_picked":["Slimebound:Prepare+1","Slimebound:SplitSpecialist+1"],"picked":"Slimebound:LivingWall+1","floor":47.0},{"not_picked":["Slimebound:LeechEnergy+1","Slimebound:RollThrough"],"picked":"Slimebound:OneTwoCombo","floor":48.0},{"not_picked":["Slimebound:GoopTackle","Slimebound:SplitBruiser+1"],"picked":"Slimebound:SplitSpecialist+1","floor":49.0}],"player_experience":177101,"relics_obtained":[{"floor":6.0,"key":"Peace Pipe"},{"floor":7.0,"key":"Toxic Egg 2"},{"floor":9.0,"key":"Bottled Flame"},{"floor":11.0,"key":"Dream Catcher"},{"floor":12.0,"key":"Ornamental Fan"},{"floor":24.0,"key":"Omamori"},{"floor":27.0,"key":"Enchiridion"},{"floor":38.0,"key":"Turnip"},{"floor":39.0,"key":"Slimebound:AggressiveSlimeRelic"},{"floor":41.0,"key":"MealTicket"},{"floor":44.0,"key":"Sundial"},{"floor":48.0,"key":"Gambling Chip"}],"event_choices":[{"damage_healed":0.0,"max_hp_gain":0.0,"max_hp_loss":0.0,"gold_gain":0.0,"event_name":"Mysterious Sphere","player_choice":"Fight","floor":38.0,"gold_loss":0.0,"damage_taken":0.0},{"cards_removed":["Injury"],"damage_healed":0.0,"max_hp_gain":0.0,"max_hp_loss":0.0,"gold_gain":0.0,"event_name":"NoteForYourself","player_choice":"Took Card","floor":42.0,"gold_loss":0.0,"damage_taken":0.0,"cards_obtained":["Injury"]}],"is_beta":false,"boss_relics":[{"not_picked":["bronze:MakeshiftBattery","Fusion Hammer"],"picked":"SlaversCollar"},{"not_picked":["Cursed Key","Busted Crown"],"picked":"SacredBark"}],"items_purged_floors":[4],"is_endless":false,"potions_floor_spawned":[5,8,9,14,21,25,32,33,37,38,47],"ascension_level":0}}