{"host":"d4nr47a59rmbesnz","time":1612528212,"event":{"mods":["A Magickal Journey","BaseMod","Better Third Choice","Hermit","Minty Spire (QoL Compilation)","Quick Restart","Replay The Spire","Shade Mod","StSLib","The Bladedancer","The Cursed","The Death Knight","The Disciple","The Forsaken","The Hierophant","The Necromancer","The Spell Scribe","The Valiant"],"gold_per_floor":[112,112,112,130,148,148,163,163,216,251,251,251,251,276,276,395,395,408,428,443,443,464,464,464,464,542,563,577,602,602,620,620,620,620],"floor_reached":33,"language":"ENG","playtime":1148,"items_purged":[],"score":251,"play_id":"65912516-1d73-455d-a9d5-c322a5806936","local_time":"20210205153012","is_ascension_mode":false,"campfire_choices":[{"data":"Summon_Undead_Army","floor":6,"key":"SMITH"},{"data":"Summon_Undead_Army","floor":15,"key":"SMITH"},{"floor":23,"key":"REST"},{"data":"Cloudkill","floor":25,"key":"SMITH"},{"floor":32,"key":"REST"}],"circlet_count":0,"master_deck":["Strike_W","Strike_W","Strike_W","Strike_W","Defend_W","Defend_W","Defend_W","Defend_W","Negative_Energy_Arrows","Bone_Wall","Reap_The_Weak","Summon_Undead_Army+1","Negative_Energy_Mist","Siphon_Strength","Bone_Prison","Requiem","Summon_Undead_Army+1","Cloudkill+1","Bone_Armor","Death_Knell","Bones_to_Steel","Bone_Armor+1","Negative_Energy_Burst+1","Death_Knell","Bone_Prison+1","Toxic_Smoke_Screen+1"],"relics":["Vampire_Amulet","Golden Idol","Replay:Mystery Machine","Ancient Tea Set","Chameleon Ring","Velvet Choker","Shuriken"],"acts_visited":["Exordium","TheCity"],"potions_floor_usage":[10,16,16,16,22,31,31,33],"damage_taken":[{"damage":2,"enemies":"Jaw Worm","floor":1,"turns":5},{"damage":0,"enemies":"Small Slimes","floor":4,"turns":3},{"damage":0,"enemies":"2 Louse","floor":5,"turns":3},{"damage":15,"enemies":"Exordium Thugs","floor":7,"turns":6},{"damage":19,"enemies":"3 Sentries","floor":10,"turns":6},{"damage":6,"enemies":"3 Louse","floor":14,"turns":3},{"damage":32,"enemies":"The Guardian","floor":16,"turns":6},{"damage":20,"enemies":"Spheric Guardian","floor":18,"turns":4},{"damage":4,"enemies":"Shell Parasite","floor":19,"turns":5},{"damage":43,"enemies":"Sentry and Sphere","floor":20,"turns":7},{"damage":0,"enemies":"Chosen and Byrds","floor":22,"turns":4},{"damage":13,"enemies":"Shelled Parasite and Fungi","floor":27,"turns":6},{"damage":4,"enemies":"Snecko","floor":28,"turns":4},{"damage":6,"enemies":"Snake Plant","floor":29,"turns":4},{"damage":28,"enemies":"Sentry and Sphere","floor":31,"turns":7},{"damage":52,"enemies":"Collector","floor":33,"turns":5}],"seed_played":"342718540651630142","potions_obtained":[{"floor":1,"key":"BlessingOfTheForge"},{"floor":4,"key":"Explosive Potion"},{"floor":11,"key":"Cursed Concoction"},{"floor":11,"key":"LiquidBronze"},{"floor":16,"key":"DuplicationPotion"},{"floor":18,"key":"AttackPotion"},{"floor":20,"key":"Cursed Concoction"},{"floor":27,"key":"SkillPotion"}],"is_trial":false,"path_per_floor":["M","?","?","M","M","R","M","T","T","E","R","?","?","M","R","B",null,"M","M","M","?","M","R","?","R","T","M","M","M","?","M","R","B"],"character_chosen":"NECROMANCER","items_purchased":[],"campfire_rested":2,"item_purchase_floors":[],"current_hp_per_floor":[75,75,57,61,65,65,54,54,54,41,41,41,41,41,41,11,75,57,55,16,16,20,42,47,47,47,38,36,32,32,8,30,0,0],"gold":620,"neow_bonus":"ONE_RANDOM_RARE_CARD","is_daily":false,"chose_seed":false,"campfire_upgraded":3,"win_rate":0.0,"timestamp":1612528212,"path_taken":["M","?","?","M","M","R","M","?","T","E","R","?","?","M","R","BOSS","M","M","M","?","M","R","?","R","T","M","?","M","?","M","R","BOSS"],"items_purchased_type":[],"build_version":"2020-12-22","purchased_purges":0,"victory":false,"max_hp_per_floor":[75,75,75,75,75,75,75,75,75,75,75,75,75,75,75,75,75,75,75,75,75,75,75,75,75,75,75,75,75,75,75,75,75,75],"card_choices":[{"not_picked":["Slay_Living","Negative_Energy_Shield"],"picked":"Summon_Undead_Army","floor":1},{"not_picked":["Chill_Blood","Bone_Spikes"],"picked":"Negative_Energy_Mist","floor":4},{"not_picked":["Death_March_Dance","Bones_to_Steel"],"picked":"Siphon_Strength","floor":5},{"not_picked":["Blood_Whip","Thousand_Bone_Knives"],"picked":"Bone_Prison","floor":7},{"not_picked":["Summon_Lich","Blood_Is_Power"],"picked":"Requiem","floor":10},{"not_picked":["Vampiric_Strike","Finger_Of_Death"],"picked":"Summon_Undead_Army","floor":14},{"not_picked":["Blood_Wake","Blood_Magic"],"picked":"Cloudkill","floor":16},{"not_picked":["Blood_Whip+1","Blood_for_Blood"],"picked":"Bone_Armor","floor":18},{"not_picked":["Shackles_Of_Pain","Bone_Bullets+1"],"picked":"Death_Knell","floor":19},{"not_picked":["Bone_Spikes","Chill_Blood+1"],"picked":"Bones_to_Steel","floor":20},{"not_picked":["Finger_Of_Death","Exploit"],"picked":"Bone_Armor+1","floor":22},{"not_picked":["Life_Tap","Negative_Energy_Sphere+1"],"picked":"Negative_Energy_Burst+1","floor":27},{"not_picked":["Slay_Living","Blood_Curse"],"picked":"Death_Knell","floor":28},{"not_picked":["Violent_Necrosis","Death_March_Dance"],"picked":"Bone_Prison+1","floor":29},{"not_picked":["Death_Coil","Blood_Whip+1"],"picked":"Toxic_Smoke_Screen+1","floor":31}],"player_experience":74565,"relics_obtained":[{"floor":8,"key":"Replay:Mystery Machine"},{"floor":9,"key":"Ancient Tea Set"},{"floor":10,"key":"Chameleon Ring"},{"floor":26,"key":"Shuriken"}],"event_choices":[{"damage_healed":0,"gold_gain":0,"player_choice":"Ignored","damage_taken":0,"max_hp_gain":0,"max_hp_loss":0,"event_name":"Golden Wing","floor":2,"gold_loss":0},{"damage_healed":0,"gold_gain":0,"player_choice":"Take Damage","damage_taken":18,"relics_obtained":["Golden Idol"],"max_hp_gain":0,"max_hp_loss":0,"event_name":"Golden Idol","floor":3,"gold_loss":0},{"damage_healed":41,"gold_gain":0,"player_choice":"Embrace Burn","damage_taken":0,"max_hp_gain":0,"max_hp_loss":75,"event_name":"betterThird:BetterShining","floor":13,"gold_loss":0},{"cards_removed":["Burn"],"damage_healed":5,"gold_gain":0,"player_choice":"Offered Common","damage_taken":0,"max_hp_gain":0,"max_hp_loss":0,"event_name":"Bonfire Elementals","floor":24,"gold_loss":0},{"cards_removed":["Burn"],"damage_healed":5,"gold_gain":0,"player_choice":"Offered Special","damage_taken":0,"max_hp_gain":0,"max_hp_loss":0,"event_name":"Bonfire Elementals","floor":24,"gold_loss":0},{"damage_healed":0,"gold_gain":0,"player_choice":"Ignored","damage_taken":0,"max_hp_gain":0,"max_hp_loss":0,"event_name":"Ghosts","floor":30,"gold_loss":0}],"is_beta":false,"boss_relics":[{"not_picked":["ChewingGum","Ectoplasm"],"picked":"Velvet Choker"}],"items_purged_floors":[],"is_endless":false,"potions_floor_spawned":[1,4,16,18,20,27],"killed_by":"Collector","ascension_level":0}}