{"host":"ly20tmf9be7b85hl","time":1612517184,"event":{"mods":["BaseMod","Colored Map","Keyboard Shortcuts","Minty Spire (QoL Compilation)","Permanent Neow","Quick Restart","SuperFastMode"],"gold_per_floor":[114,114,131,131,131,166,166,197,197,207,80,96,96,21,21,96,96,114,29,64,64,82,82,110,126,126,161,161,161,193,208,208,286,286,306,528,528,545,559,594,614,625,625,625,653,672,701,97,97,97,97,97,97,54,54,54],"floor_reached":55,"language":"KOR","playtime":2483,"items_purged":["Strike_B","Multi-Cast+1"],"score":2100,"play_id":"f6177865-50ed-49cd-8d87-18c9fd267f74","local_time":"20210205182624","is_ascension_mode":true,"campfire_choices":[{"floor":7.0,"key":"REST"},{"data":"Biased Cognition","floor":13.0,"key":"SMITH"},{"data":"Coolheaded","floor":15.0,"key":"SMITH"},{"data":"Self Repair","floor":23.0,"key":"SMITH"},{"data":"Hologram","floor":28.0,"key":"SMITH"},{"data":"Coolheaded","floor":32.0,"key":"SMITH"},{"data":"Secret Technique","floor":44.0,"key":"SMITH"},{"floor":49.0,"key":"RECALL"},{"data":"Echo Form","floor":53.0,"key":"SMITH"}],"circlet_count":0,"master_deck":["AscendersBane","Zap+1","Dualcast+1","Self Repair+1","Glacier","Biased Cognition+1","Hologram+1","Gash","Coolheaded+1","Echo Form+1","Core Surge","All For One+1","Steam+1","Compile Driver","Beam Cell","Go for the Eyes","Double Energy","Coolheaded+1","Aggregate+1","Machine Learning","Gash","Secret Technique+1","Bandage Up","Panacea","Reboot","Skim+1","White Noise+1","Biased Cognition","Capacitor","Defragment"],"relics":["Cracked Core","Boot","MealTicket","Bronze Scales","Astrolabe","Darkstone Periapt","Red Mask","Ornamental Fan","Gambling Chip","Toy Ornithopter","War Paint","Black Star","Nunchaku","Pantograph","Mercury Hourglass","Girya","The Courier","Calipers","DataDisk","Lantern"],"acts_visited":["Exordium","TheCity","TheBeyond","TheEnding"],"potions_floor_usage":[],"damage_taken":[{"damage":9.0,"enemies":"2 Louse","floor":1.0,"turns":3.0},{"damage":1.0,"enemies":"Cultist","floor":3.0,"turns":3.0},{"damage":21.0,"enemies":"Lagavulin","floor":6.0,"turns":8.0},{"damage":31.0,"enemies":"Gremlin Nob","floor":8.0,"turns":4.0},{"damage":1.0,"enemies":"Jaw Worm","floor":10.0,"turns":4.0},{"damage":27.0,"enemies":"Gremlin Gang","floor":12.0,"turns":4.0},{"damage":13.0,"enemies":"Hexaghost","floor":16.0,"turns":8.0},{"damage":0.0,"enemies":"3 Byrds","floor":18.0,"turns":2.0},{"damage":35.0,"enemies":"Masked Bandits","floor":20.0,"turns":6.0},{"damage":0.0,"enemies":"2 Thieves","floor":21.0,"turns":1.0},{"damage":8.0,"enemies":"Shelled Parasite and Fungi","floor":22.0,"turns":6.0},{"damage":11.0,"enemies":"Gremlin Leader","floor":24.0,"turns":7.0},{"damage":13.0,"enemies":"Cultist and Chosen","floor":25.0,"turns":6.0},{"damage":21.0,"enemies":"Slavers","floor":27.0,"turns":6.0},{"damage":7.0,"enemies":"Book of Stabbing","floor":30.0,"turns":5.0},{"damage":0.0,"enemies":"Snecko","floor":31.0,"turns":2.0},{"damage":40.0,"enemies":"Automaton","floor":33.0,"turns":9.0},{"damage":0.0,"enemies":"Orb Walker","floor":35.0,"turns":2.0},{"damage":3.0,"enemies":"3 Shapes","floor":38.0,"turns":7.0},{"damage":0.0,"enemies":"Transient","floor":39.0,"turns":6.0},{"damage":20.0,"enemies":"Giant Head","floor":40.0,"turns":9.0},{"damage":0.0,"enemies":"Spire Growth","floor":41.0,"turns":4.0},{"damage":24.0,"enemies":"Jaw Worm Horde","floor":42.0,"turns":6.0},{"damage":51.0,"enemies":"Reptomancer","floor":45.0,"turns":8.0},{"damage":0.0,"enemies":"4 Shapes","floor":46.0,"turns":5.0},{"damage":5.0,"enemies":"Giant Head","floor":47.0,"turns":6.0},{"damage":0.0,"enemies":"Donu and Deca","floor":50.0,"turns":9.0},{"damage":25.0,"enemies":"Time Eater","floor":51.0,"turns":16.0},{"damage":81,"enemies":"Shield and Spear","floor":55,"turns":6}],"seed_played":"-6940616099864961459","potions_obtained":[{"floor":6.0,"key":"Explosive Potion"},{"floor":8.0,"key":"PotionOfCapacity"},{"floor":12.0,"key":"SmokeBomb"},{"floor":22.0,"key":"EssenceOfDarkness"},{"floor":24.0,"key":"SneckoOil"},{"floor":27.0,"key":"EssenceOfSteel"},{"floor":31.0,"key":"DistilledChaos"},{"floor":40.0,"key":"Ancient Potion"},{"floor":45.0,"key":"SneckoOil"},{"floor":46.0,"key":"Energy Potion"},{"floor":47.0,"key":"EntropicBrew"}],"is_trial":false,"path_per_floor":["M","?","M","T","?","E","R","E","T","M","$","M","R","?","R","B",null,"M","?","?","M","M","R","E","M","T","E","R","?","E","M","R","B",null,"M","?","?","M","M","E","M","M","T","R","E","M","E","$","R","B","B",null,"R","$","E"],"character_chosen":"DEFECT","items_purchased":["Coolheaded","DataDisk","Lantern","Biased Cognition","Capacitor","Defragment","FocusPotion"],"campfire_rested":1,"item_purchase_floors":[11,48,48,48,48,48,54],"current_hp_per_floor":[37,37,43,43,43,29,50,26,26,32,47,27,27,27,27,21,59,59,59,31,31,37,37,46,53,53,42,42,42,45,45,45,25,60,60,60,50,65,71,61,65,65,65,65,28,52,61,71,71,71,56,67,67,71,0,0],"gold":54,"neow_bonus":"REMOVE_TWO","is_daily":false,"chose_seed":false,"campfire_upgraded":7,"win_rate":0.0,"timestamp":1612517184,"path_taken":["M","?","?","?","?","E","R","E","T","?","$","M","R","?","R","BOSS","M","?","?","M","M","R","E","M","T","E","R","?","E","M","R","BOSS","M","?","?","M","M","E","M","M","T","R","E","M","E","$","R","BOSS","BOSS","R","$","E"],"items_purchased_type":["Card","Relic","Relic","Card","Card","Card","Potion"],"build_version":"2020-12-22","purchased_purges":2,"victory":false,"max_hp_per_floor":[71,71,71,71,71,71,71,71,71,71,71,71,71,71,71,71,71,71,71,71,71,71,71,71,71,71,71,71,71,71,71,71,71,71,71,71,71,71,71,71,71,71,71,71,71,71,71,71,71,71,71,71,71,71,71,71],"card_choices":[{"not_picked":["Cold Snap","Stack"],"picked":"Self Repair","floor":1.0},{"not_picked":["BootSequence","Cold Snap"],"picked":"Glacier","floor":3.0},{"not_picked":["Leap","Glacier"],"picked":"Biased Cognition","floor":6.0},{"not_picked":["Heatsinks","Sweeping Beam"],"picked":"Hologram","floor":8.0},{"not_picked":["Steam Power","Conserve Battery"],"picked":"Gash","floor":10.0},{"not_picked":["Beam Cell","Rebound"],"picked":"Echo Form","floor":12.0},{"not_picked":["Amplify","All For One"],"picked":"Core Surge","floor":16.0},{"not_picked":["Gash","Barrage","Lockon"],"picked":"SKIP","floor":18.0},{"not_picked":["Rebound","Gash"],"picked":"Compile Driver","floor":20.0},{"not_picked":["Gash","Echo Form"],"picked":"Beam Cell","floor":22.0},{"not_picked":["Sweeping Beam","Redo"],"picked":"Go for the Eyes","floor":24.0},{"not_picked":["Steam Power","Streamline"],"picked":"Double Energy","floor":25.0},{"not_picked":["Steam Power","Lockon","Reinforced Body"],"picked":"SKIP","floor":27.0},{"not_picked":["Beam Cell","Leap"],"picked":"Aggregate","floor":30.0},{"not_picked":["Leap","Conserve Battery"],"picked":"Machine Learning","floor":31.0},{"not_picked":["Streamline","Doom and Gloom"],"picked":"Gash","floor":35.0},{"not_picked":["Swift Strike","Bandage Up"],"picked":"Secret Technique","floor":37.0},{"not_picked":["Enlightenment","The Bomb"],"picked":"Bandage Up","floor":37.0},{"not_picked":["Deep Breath","Violence"],"picked":"Panacea","floor":37.0},{"not_picked":["Redo","Sweeping Beam","Ball Lightning"],"picked":"SKIP","floor":38.0},{"not_picked":["Beam Cell","Ball Lightning"],"picked":"Reboot","floor":39.0},{"not_picked":["Self Repair","Force Field","Beam Cell"],"picked":"SKIP","floor":40.0},{"not_picked":["Gash+1","Redo","Streamline"],"picked":"SKIP","floor":41.0},{"not_picked":["Cold Snap","Sweeping Beam+1","Leap"],"picked":"SKIP","floor":42.0},{"not_picked":["Cold Snap+1","Go for the Eyes","Sunder"],"picked":"SKIP","floor":45.0},{"not_picked":["Lockon","Self Repair"],"picked":"Skim+1","floor":46.0},{"not_picked":["Core Surge","Darkness+1"],"picked":"White Noise+1","floor":47.0}],"player_experience":847879,"relics_obtained":[{"floor":4.0,"key":"Boot"},{"floor":6.0,"key":"MealTicket"},{"floor":8.0,"key":"Bronze Scales"},{"floor":20.0,"key":"Red Mask"},{"floor":24.0,"key":"Ornamental Fan"},{"floor":26.0,"key":"Gambling Chip"},{"floor":27.0,"key":"Toy Ornithopter"},{"floor":30.0,"key":"War Paint"},{"floor":40.0,"key":"Nunchaku"},{"floor":40.0,"key":"Pantograph"},{"floor":43.0,"key":"Mercury Hourglass"},{"floor":45.0,"key":"Girya"},{"floor":45.0,"key":"The Courier"},{"floor":47.0,"key":"Calipers"}],"event_choices":[{"cards_removed":["Defend_B"],"damage_healed":0.0,"max_hp_gain":0.0,"max_hp_loss":0.0,"gold_gain":0.0,"event_name":"Bonfire Elementals","player_choice":"Offered Basic","floor":2.0,"gold_loss":0.0,"damage_taken":0.0},{"damage_healed":0.0,"max_hp_gain":0.0,"max_hp_loss":0.0,"gold_gain":0.0,"event_name":"Accursed Blacksmith","player_choice":"Forge","floor":5.0,"gold_loss":0.0,"damage_taken":0.0,"cards_upgraded":["Zap"]},{"cards_removed":["Defend_B"],"damage_healed":0.0,"max_hp_gain":0.0,"max_hp_loss":0.0,"gold_gain":0.0,"event_name":"The Cleric","player_choice":"Card Removal","floor":14.0,"gold_loss":75.0,"damage_taken":0.0},{"damage_healed":0.0,"max_hp_gain":0.0,"max_hp_loss":0.0,"gold_gain":0.0,"event_name":"Addict","player_choice":"Obtained Relic","floor":19.0,"gold_loss":85.0,"damage_taken":0.0,"relics_obtained":["Darkstone Periapt"]},{"damage_healed":0.0,"max_hp_gain":0.0,"max_hp_loss":0.0,"gold_gain":0.0,"event_name":"Masked Bandits","player_choice":"Fought Bandits","floor":20.0,"gold_loss":0.0,"damage_taken":0.0},{"damage_healed":0.0,"max_hp_gain":0.0,"max_hp_loss":0.0,"gold_gain":0.0,"event_name":"The Library","player_choice":"Read","floor":29.0,"gold_loss":0.0,"damage_taken":0.0,"cards_obtained":["Coolheaded"]},{"damage_healed":0.0,"max_hp_gain":0.0,"max_hp_loss":0.0,"gold_gain":222.0,"event_name":"Tomb of Lord Red Mask","player_choice":"Wore Mask","floor":36.0,"gold_loss":0.0,"damage_taken":0.0},{"damage_healed":0.0,"max_hp_gain":0.0,"max_hp_loss":0.0,"gold_gain":0.0,"event_name":"SensoryStone","player_choice":"Memory 3","floor":37.0,"gold_loss":0.0,"damage_taken":10.0}],"is_beta":false,"boss_relics":[{"not_picked":["SacredBark","Cursed Key"],"picked":"Astrolabe"},{"not_picked":["Tiny House","Pandora\u0027s Box"],"picked":"Black Star"}],"items_purged_floors":[11,48],"is_endless":false,"potions_floor_spawned":[6,8,12,21,22,24,27,31,40,45,46,47],"killed_by":"Shield and Spear","ascension_level":20}}