{"host":"s67vlqszcgr1ey2x","time":1612557921,"event":{"mods":["AchievementEnabler","BaseMod","Colored Map","Downfall","Minty Spire (QoL Compilation)","Quick Restart","Relic Stats","StSLib"],"gold_per_floor":[99,116,116,130,147,47,47,47,62,62,93,93,104,134,149,250,250,150,162,262,275,292,292,316,316,316,332,332,361,372,385,401,499,499,399,419,179,193,248,16,43,43,74,74,74,74,124,124,142,142,142,170,16,16,16,16],"floor_reached":57,"language":"ENG","playtime":7029,"items_purged":[],"score":1337,"play_id":"9153622b-62e3-4f60-a5ca-4d5a8b89b1b7","local_time":"20210205124521","is_ascension_mode":false,"campfire_choices":[{"floor":1,"key":"RECALL"},{"data":"Guardian:TwinSlam","floor":6,"key":"SMITH"},{"data":"Guardian:Planning","floor":8,"key":"SMITH"},{"data":"Guardian:DecasProtection","floor":12,"key":"SMITH"},{"data":"Guardian:PrismaticBeam","floor":18,"key":"SMITH"},{"data":"Guardian:FloatingOrbs","floor":28,"key":"SMITH"},{"data":"Guardian:CurlUp","floor":35,"key":"SMITH"},{"data":"Guardian:TimeCapacitor","floor":42,"key":"SMITH"},{"data":"Guardian:SpikerProtocol","floor":54,"key":"SMITH"}],"circlet_count":0,"master_deck":["Guardian:CurlUp+1","Guardian:TwinSlam+1","Guardian:Planning+1","Guardian:DecasProtection+1","Guardian:FloatingOrbs+1","Guardian:ChargeCore+1","Guardian:RevengeProtocol","Guardian:StasisField+1","Guardian:Planning+1","Guardian:PrismaticBeam+1","Guardian:Incinerate+1","Guardian:EvasiveProtocol+1","Guardian:TemporalStrike","Guardian:SpikerProtocol+1","Guardian:ConstructionForm","Guardian:TemporalShield+1","Guardian:RefractedBeam+2","Guardian:TimeCapacitor+1","downfall:Aged"],"relics":["Guardian:ModeShifter","downfall:HeartBlessingRed","Orichalcum","Centennial Puzzle","Pear","Pandora\u0027s Box","downfall:HeartBlessingBlue","Potion Belt","downfall:RedIOU","Calipers","Coffee Dripper","downfall:HeartBlessingGreen","Whetstone","FossilizedHelix","Pen Nib","Gambling Chip","War Paint","Juzu Bracelet","Guardian:StasisEgg","Dream Catcher","CaptainsWheel","Turnip","Guardian:BottledStasis"],"acts_visited":["Exordium","TheCity","TheBeyond","TheEnding"],"potions_floor_usage":[11,14,20,27,32,33,37,37,39,40,49,50,50],"damage_taken":[{"damage":1,"enemies":"Cultist","floor":2,"turns":4},{"damage":5,"enemies":"2 Louse","floor":4,"turns":4},{"damage":3,"enemies":"Jaw Worm","floor":5,"turns":6},{"damage":7,"enemies":"Lots of Slimes","floor":9,"turns":6},{"damage":24,"enemies":"3 Sentries","floor":11,"turns":16},{"damage":0,"enemies":"2 Fungi Beasts","floor":13,"turns":3},{"damage":6,"enemies":"Lagavulin","floor":14,"turns":4},{"damage":4,"enemies":"Large Slime","floor":15,"turns":4},{"damage":18,"enemies":"DF_ARCHETYPE_STREAMLINE","floor":16,"turns":8},{"damage":0,"enemies":"3 Byrds","floor":19,"turns":3},{"damage":8,"enemies":"downfall:LadyInBlue","floor":20,"turns":4},{"damage":0,"enemies":"Spheric Guardian","floor":21,"turns":3},{"damage":0,"enemies":"Snake Plant","floor":22,"turns":4},{"damage":2,"enemies":"Centurion and Healer","floor":27,"turns":3},{"damage":13,"enemies":"Slavers","floor":29,"turns":4},{"damage":0,"enemies":"Cultist and Chosen","floor":30,"turns":4},{"damage":2,"enemies":"Shelled Parasite and Fungi","floor":31,"turns":4},{"damage":2,"enemies":"Snake Plant","floor":32,"turns":2},{"damage":0,"enemies":"SI_MIRROR_ARCHETYPE","floor":33,"turns":6},{"damage":2,"enemies":"Orb Walker","floor":36,"turns":3},{"damage":0,"enemies":"downfall:FleeingMerchant","floor":37,"turns":4},{"damage":0,"enemies":"3 Shapes","floor":38,"turns":4},{"damage":27,"enemies":"2 Orb Walkers","floor":39,"turns":4},{"damage":0,"enemies":"downfall:FleeingMerchant","floor":40,"turns":3},{"damage":0,"enemies":"Nemesis","floor":43,"turns":5},{"damage":0,"enemies":"Nemesis","floor":47,"turns":4},{"damage":0,"enemies":"Jaw Worm Horde","floor":49,"turns":3},{"damage":0,"enemies":"WA_ARCHETYPE_DIVINITY","floor":50,"turns":6},{"damage":0,"enemies":"downfall:CharBossMerchant","floor":52,"turns":5},{"damage":0,"enemies":"downfall:NeowBoss","floor":55,"turns":12},{"damage":8,"enemies":"downfall:NeowBossFinal","floor":56,"turns":9}],"seed_played":"272115925019046862","potions_obtained":[{"floor":4,"key":"SneckoOil"},{"floor":13,"key":"CultistPotion"},{"floor":16,"key":"AttackPotion"},{"floor":20,"key":"ColorlessPotion"},{"floor":20,"key":"Swift Potion"},{"floor":20,"key":"Fruit Juice"},{"floor":21,"key":"Dexterity Potion"},{"floor":22,"key":"SkillPotion"},{"floor":27,"key":"Strength Potion"},{"floor":29,"key":"BlessingOfTheForge"},{"floor":33,"key":"sneckomod:MuddlingPotion"},{"floor":39,"key":"SkillPotion"},{"floor":43,"key":"Explosive Potion"},{"floor":49,"key":"champ:CounterPotion"},{"floor":52,"key":"Fire Potion"}],"is_trial":false,"path_per_floor":["R","M","T","M","M","R","T","R","M","?","E","R","M","E","M","B",null,"R","M","?","M","M","?","T","?","?","M","R","E","M","M","M","B",null,"R","M","$","M","?","$","T","R","E","?","?","T","?","?","M","B",null,"E","$","R","B","B",null],"character_chosen":"GUARDIAN","items_purchased":["Guardian:TimeCapacitor","Whetstone","Pen Nib","Gambling Chip","PowerPotion","Energy Potion","Guardian:BottledStasis"],"campfire_rested":0,"item_purchase_floors":[37,37,40,40,40,40,53],"current_hp_per_floor":[80,79,79,74,71,71,71,71,64,64,40,40,40,44,40,22,90,100,100,92,92,92,92,92,92,92,95,95,82,82,80,78,78,105,105,103,103,103,76,76,76,76,76,76,76,76,76,76,76,76,105,105,105,105,105,97],"gold":16,"neow_bonus":"TRANSFORM_CARD","is_daily":false,"chose_seed":false,"campfire_upgraded":8,"win_rate":0.0,"timestamp":1612557921,"path_taken":["R","M","?","M","M","R","T","R","M","?","E","R","M","E","M","BOSS","R","M","?","M","?","?","T","?","?","M","R","E","?","M","M","BOSS","R","M","$","M","?","$","T","R","E","?","?","?","?","?","M","BOSS","E","$","R","BOSS","BOSS"],"items_purchased_type":["Card","Relic","Relic","Relic","Potion","Potion","Relic"],"build_version":"2020-12-22","purchased_purges":0,"victory":true,"max_hp_per_floor":[80,80,80,80,80,80,80,80,80,80,80,80,80,90,90,90,90,100,100,100,100,100,100,100,100,100,105,105,105,105,105,105,105,105,105,105,105,105,105,105,105,105,105,105,105,105,105,105,105,105,105,105,105,105,105,105],"relic_stats":{"Centennial Puzzle":[33],"Dream Catcher":0,"counters":[31,154],"Gambling Chip":[11],"Pandora\u0027s Box":["Guardian:Gem_Yellow","Guardian:SentryBeam","Guardian:Planning","Guardian:PrismaticBeam","Guardian:Gem_Orange","Guardian:Gem_Crimson"],"Pen Nib":[12],"Turnip":[7],"Juzu Bracelet":2,"Whetstone":["Guardian:RefractedBeam","Guardian:ChargeCore"],"Orichalcum":[144],"War Paint":["Guardian:StasisField","Guardian:Planning"],"obtain_stats":[{"Potion Belt":20,"Guardian:BottledStasis":53,"Lantern":24,"Pear":14,"Calipers":29,"downfall:HeartBlessingRed":6,"Guardian:StasisEgg":45,"Guardian:ModeShifter":0,"downfall:HeartBlessingGreen":35,"Pen Nib":40,"Juzu Bracelet":43,"Whetstone":37,"Orichalcum":7,"War Paint":41,"Centennial Puzzle":11,"Dream Catcher":46,"CaptainsWheel":47,"downfall:HeartBlessingBlue":18,"Gambling Chip":40,"Pandora\u0027s Box":17,"downfall:RedIOU":25,"Turnip":52,"Coffee Dripper":34,"FossilizedHelix":39},{"Potion Belt":11,"Guardian:BottledStasis":29,"Lantern":13,"Pear":7,"Calipers":15,"downfall:HeartBlessingRed":3,"Guardian:StasisEgg":25,"Guardian:ModeShifter":0,"downfall:HeartBlessingGreen":19,"Pen Nib":24,"Juzu Bracelet":25,"Whetstone":21,"Orichalcum":3,"War Paint":24,"Centennial Puzzle":5,"Dream Catcher":25,"CaptainsWheel":26,"downfall:HeartBlessingBlue":9,"Gambling Chip":24,"Pandora\u0027s Box":9,"downfall:RedIOU":13,"Turnip":29,"Coffee Dripper":19,"FossilizedHelix":23},{"Potion Belt":62,"Guardian:BottledStasis":133,"Lantern":69,"Pear":43,"Calipers":76,"downfall:HeartBlessingRed":14,"Guardian:StasisEgg":115,"Guardian:ModeShifter":0,"downfall:HeartBlessingGreen":92,"Pen Nib":110,"Juzu Bracelet":115,"Whetstone":99,"Orichalcum":14,"War Paint":110,"Centennial Puzzle":36,"Dream Catcher":115,"CaptainsWheel":119,"downfall:HeartBlessingBlue":55,"Gambling Chip":110,"Pandora\u0027s Box":55,"downfall:RedIOU":69,"Turnip":133,"Coffee Dripper":92,"FossilizedHelix":107}]},"card_choices":[{"not_picked":["Guardian:TemporalShield","Guardian:Recover"],"picked":"Guardian:Gem_Cyan","floor":2},{"not_picked":["Guardian:Gem_Green","Guardian:Recover"],"picked":"Guardian:Planning","floor":4},{"not_picked":["Guardian:Preprogram","Guardian:Recover"],"picked":"Guardian:DecasProtection","floor":5},{"not_picked":["Guardian:Repulse","Guardian:Gem_Cyan"],"picked":"Guardian:Gem_Purple","floor":9},{"not_picked":["Guardian:ShieldCharger","Guardian:Gem_Lightblue"],"picked":"Guardian:Gem_Red","floor":11},{"not_picked":["Guardian:TemporalShield","Guardian:ShieldCharger"],"picked":"Guardian:FloatingOrbs","floor":13},{"not_picked":["Guardian:Incinerate","Guardian:Gem_Purple"],"picked":"Guardian:ChargeCore","floor":14},{"not_picked":["Guardian:Suspension","Guardian:Repulse"],"picked":"Guardian:RevengeProtocol","floor":15},{"not_picked":["Guardian:BaubleBeam","Guardian:RevengeProtocol"],"picked":"Guardian:StasisField","floor":16},{"not_picked":["Guardian:ArmoredProtocol","Guardian:Recover"],"picked":"Guardian:Incinerate+1","floor":19},{"not_picked":["Guardian:PiercingHide","Guardian:ShieldSpikes"],"picked":"Guardian:EvasiveProtocol+1","floor":20},{"not_picked":["Guardian:VentSteam","Guardian:PrismaticBeam","Guardian:Emergency"],"picked":"SKIP","floor":21},{"not_picked":["Guardian:PiercingHide+1","Guardian:Repulse+1"],"picked":"Guardian:Gem_Purple","floor":22},{"not_picked":["Guardian:AncientConstruct","Guardian:VentSteam"],"picked":"Guardian:TemporalStrike","floor":27},{"not_picked":["Guardian:PrismaticBarrier","Guardian:Reroute","Guardian:TemporalStrike+1"],"picked":"SKIP","floor":29},{"not_picked":["Guardian:PrismaticBarrier","Guardian:Reroute","Guardian:TemporalStrike+1"],"picked":"SKIP","floor":29},{"not_picked":["Guardian:Gem_Red","Guardian:ChargeCore"],"picked":"Guardian:SpikerProtocol","floor":30},{"not_picked":["Guardian:PrimingBeam+1","Guardian:Suspension"],"picked":"Guardian:Gem_Fragmented","floor":31},{"not_picked":["Guardian:Emergency+1","Guardian:WalkerClaw+1","Guardian:DonusPower"],"picked":"SKIP","floor":32},{"not_picked":["Guardian:RevengeProtocol","Guardian:HyperBeam_Guardian"],"picked":"Guardian:ConstructionForm","floor":33},{"not_picked":["Guardian:WalkerClaw+1","Guardian:ChargeCore+1"],"picked":"Guardian:TemporalShield+1","floor":36},{"not_picked":["Guardian:TemporalStrike","Guardian:PrismaticBarrier+1"],"picked":"Guardian:RefractedBeam+1","floor":37},{"not_picked":["Guardian:TemporalShield","Guardian:PolyBeam","Guardian:Planning"],"picked":"SKIP","floor":38},{"not_picked":["Guardian:DonusPower","Guardian:VentSteam","Guardian:SentryBeam"],"picked":"SKIP","floor":40},{"not_picked":["Guardian:CrystalBeam+1","Guardian:PiercingHide","Guardian:Gem_Red"],"picked":"SKIP","floor":43},{"not_picked":["Guardian:Gem_Purple","Guardian:Incinerate+1","Guardian:RefractedBeam"],"picked":"SKIP","floor":49},{"not_picked":["Guardian:Gem_Blue","Guardian:RollAttack+1","Guardian:Incinerate"],"picked":"SKIP","floor":52}],"player_experience":206030,"relics_obtained":[{"floor":7,"key":"Orichalcum"},{"floor":11,"key":"Centennial Puzzle"},{"floor":14,"key":"Pear"},{"floor":20,"key":"Potion Belt"},{"floor":24,"key":"Lantern"},{"floor":29,"key":"Calipers"},{"floor":39,"key":"FossilizedHelix"},{"floor":41,"key":"War Paint"},{"floor":43,"key":"Juzu Bracelet"},{"floor":46,"key":"Dream Catcher"},{"floor":47,"key":"CaptainsWheel"},{"floor":52,"key":"Turnip"}],"event_choices":[{"damage_healed":0,"gold_gain":0,"player_choice":"Fight","damage_taken":0,"max_hp_gain":0,"max_hp_loss":0,"event_name":"Mysterious Sphere","floor":39,"gold_loss":0}],"is_beta":false,"boss_relics":[{"not_picked":["SlaversCollar","Guardian:ModeShifterPlus"],"picked":"Pandora\u0027s Box"},{"not_picked":["SacredBark","Black Star"],"picked":"Coffee Dripper"}],"items_purged_floors":[],"is_endless":false,"potions_floor_spawned":[4,13,16,21,22,27,29,33,39,43,49,52],"ascension_level":0}}