{"host":"bavx0eibpuvdy04q","time":1612506467,"event":{"mods":["BaseMod","BetterRewards","Friendly Minions","Hermit","Hubris","Infinite Spire","KinomotoSakuraMod(????)","Kiyohime????","Koishi","LagranYue(???·?)","Marisa????????","Minty Spire (QoL Compilation)","Prisma Mod","Remilia??????","Replay The Spire","StSLib","The Administrix","The Alterego","The Animator","The Construct","The Cursed","The Disciple","The Hierophant","The Mystic","The Necromancer","The Runesmith","The Senshi","The Servant 0.9.4","Yakumo Yukari mod","Yuri Mod"],"gold_per_floor":[109,128,141,141,152,152,170,198,245,270,270,270,281,281,281,383,383,402,402,415,435,435,435,460,474,474,486,486,506,52,62,62,62,62],"floor_reached":33,"language":"ENG","playtime":2485,"items_purged":[],"score":281,"play_id":"a913ec10-ba9a-41d6-b245-5883e53d7f8f","local_time":"20210204232747","is_ascension_mode":false,"campfire_choices":[{"data":"Koishi:BramblyRoseGarden","floor":6,"key":"SMITH"},{"floor":12,"key":"REST"},{"data":"Koishi:HauntingSlash","floor":15,"key":"SMITH"},{"floor":23,"key":"REST"},{"floor":28,"key":"REST"},{"data":"Koishi:SubterraneanRose","floor":32,"key":"SMITH"}],"circlet_count":0,"master_deck":["Koishi:BasicStrike","Koishi:BasicStrike","Koishi:BasicStrike","Koishi:BasicStrike","Koishi:BasicDefend","Koishi:BasicDefend","Koishi:BasicDefend","Koishi:BasicDefend","Koishi:Provoke","Koishi:HauntingSlash+1","Koishi:SubterraneanRose","Koishi:SprinkleStarAndHeart+1","Koishi:BramblyRoseGarden+1","Koishi:SubterraneanRose+1","Koishi:Bloodlust+1","Koishi:DreadfulBlow","Koishi:DNAsFlaw","Koishi:RacingHeart","Koishi:DreadfulBlow","Koishi:MindStellarRelief+1","Koishi:BramblyRoseGarden+1","Envy_TH","Koishi:BramblyRoseGarden","Koishi:Vanish","Koishi:YoukaiPolygraph+1","Koishi:EmbersOfLove+1","Koishi:EmbersOfLove+1","Koishi:MassHysteria","Koishi:StingingMind+1","Koishi:RacingHeart","Koishi:SprinkleStarAndHeart","Koishi:PredatoryInstincts"],"relics":["Koishi:ImaginaryFriend","LagranYue:RandomDrawCardRelic","NeowsBlessing","infinitespire:ShieldingShard","infinitespire:Lucky Rock","MealTicket","hubris:ScarierMask","infinitespire:CheckeredPen","Incense Burner","Whetstone","Guide Book"],"acts_visited":["Exordium","TheCity"],"potions_floor_usage":[16,21],"damage_taken":[{"damage":0,"enemies":"infinitespire:Voidling","floor":1,"turns":1},{"damage":0,"enemies":"2 Louse","floor":2,"turns":1},{"damage":0,"enemies":"Cultist","floor":3,"turns":1},{"damage":9,"enemies":"3 Louse","floor":5,"turns":3},{"damage":0,"enemies":"Looter","floor":7,"turns":5},{"damage":13,"enemies":"3 Sentries","floor":8,"turns":13},{"damage":9,"enemies":"Lagavulin","floor":10,"turns":11},{"damage":4,"enemies":"Blue Slaver","floor":13,"turns":3},{"damage":27,"enemies":"The Guardian","floor":16,"turns":9},{"damage":18,"enemies":"Spheric Guardian","floor":18,"turns":4},{"damage":20,"enemies":"Chosen","floor":20,"turns":6},{"damage":26,"enemies":"Snecko","floor":21,"turns":5},{"damage":18,"enemies":"Replay:Snechameleon","floor":24,"turns":9},{"damage":0,"enemies":"Sentry and Sphere","floor":25,"turns":2},{"damage":0,"enemies":"Cultist and Chosen","floor":27,"turns":4},{"damage":0,"enemies":"Centurion and Healer","floor":29,"turns":3},{"damage":0,"enemies":"Snake Plant","floor":31,"turns":4},{"damage":52,"enemies":"Collector","floor":33,"turns":8}],"seed_played":"-2278095885680410197","potions_obtained":[{"floor":2,"key":"Cursed Concoction"},{"floor":3,"key":"Dexterity Potion"},{"floor":7,"key":"Venom Potion"},{"floor":16,"key":"AttackPotion"},{"floor":24,"key":"GamblersBrew"},{"floor":25,"key":"Explosive Potion"},{"floor":31,"key":"Energy Potion"}],"is_trial":false,"path_per_floor":["M","M","M","?","M","R","M","E","T","E","?","R","M","?","R","B",null,"M","?","M","M","?","R","E","M","T","M","R","M","$","M","R","B"],"character_chosen":"KOISHI","items_purchased":["Koishi:StingingMind","Koishi:RacingHeart","Koishi:SprinkleStarAndHeart","Whetstone","Guide Book"],"campfire_rested":3,"item_purchase_floors":[30,30,30,30,30],"current_hp_per_floor":[60,60,60,60,51,51,53,41,41,36,36,54,53,53,53,36,60,42,42,27,6,6,24,12,12,12,14,32,34,49,52,52,0,0],"gold":62,"neow_bonus":"THREE_ENEMY_KILL","is_daily":false,"chose_seed":false,"campfire_upgraded":3,"win_rate":0.0,"timestamp":1612506467,"path_taken":["M","?","M","?","M","R","?","E","T","E","?","R","M","?","R","BOSS","M","?","M","M","?","R","E","M","T","?","R","M","$","M","R","BOSS"],"items_purchased_type":["Card","Card","Card","Relic","Relic"],"build_version":"2020-12-22","purchased_purges":0,"victory":false,"max_hp_per_floor":[60,60,60,60,60,60,60,60,60,60,60,60,60,60,60,60,60,60,60,60,60,60,60,60,60,60,60,60,60,60,60,60,60,60],"card_choices":[{"not_picked":["Koishi:BloodcurdlingScream","Koishi:SpiritedAway","Koishi:FourthEye"],"picked":"SKIP","floor":1},{"not_picked":["Koishi:SpiritedAway","Koishi:UnansweredLove"],"picked":"Koishi:SubterraneanRose","floor":2},{"not_picked":["Koishi:HeartAttack","Koishi:SpiritedAway"],"picked":"Koishi:SprinkleStarAndHeart","floor":3},{"not_picked":["Koishi:SpiritedAway","Koishi:Whimsy"],"picked":"Koishi:BramblyRoseGarden","floor":5},{"not_picked":["Koishi:HeartfeltFancy","Koishi:Prune","Koishi:YoukaiPolygraph"],"picked":"SKIP","floor":7},{"not_picked":["Koishi:FreudianInstinct","Koishi:MentalBreakdown"],"picked":"Koishi:SubterraneanRose","floor":8},{"not_picked":["Koishi:SubconsciousSweep","Koishi:UnansweredLove"],"picked":"Koishi:Bloodlust","floor":10},{"not_picked":["Koishi:ApparitionsStalkTheNight","Koishi:RacingHeart"],"picked":"Koishi:DreadfulBlow","floor":13},{"not_picked":["Koishi:MentalBreakdown","Koishi:SilentAndRestless"],"picked":"Koishi:MindStellarRelief","floor":16},{"not_picked":["Koishi:MindNumbingTerror","Koishi:LastRemote"],"picked":"Koishi:BramblyRoseGarden+1","floor":18},{"not_picked":["Koishi:FidgetySnatcher","Koishi:LastRemote"],"picked":"Koishi:BramblyRoseGarden","floor":20},{"not_picked":["Koishi:ApparitionsStalkTheNight","Koishi:Jaunt"],"picked":"Koishi:Vanish","floor":21},{"not_picked":["Koishi:GeneticsOfTheUnconscious","Koishi:StrangeCloudFist"],"picked":"Koishi:YoukaiPolygraph","floor":24},{"not_picked":["Koishi:DreadfulBlow","Koishi:RacingHeart"],"picked":"Koishi:EmbersOfLove+1","floor":25},{"not_picked":["Koishi:FidgetySnatcher","Koishi:StingingMind"],"picked":"Koishi:EmbersOfLove+1","floor":27},{"not_picked":["Koishi:SubconsciousSweep","Koishi:HeartfeltFancy"],"picked":"Koishi:MassHysteria","floor":29},{"not_picked":["Koishi:UnconsciousUprising","Koishi:VengefulSpirit"],"picked":"Koishi:PredatoryInstincts","floor":31}],"player_experience":109306,"relics_obtained":[{"floor":8,"key":"infinitespire:ShieldingShard"},{"floor":9,"key":"infinitespire:Lucky Rock"},{"floor":10,"key":"MealTicket"},{"floor":24,"key":"infinitespire:CheckeredPen"},{"floor":26,"key":"Incense Burner"}],"event_choices":[{"damage_healed":0,"gold_gain":0,"player_choice":"Forge","damage_taken":0,"max_hp_gain":0,"max_hp_loss":0,"event_name":"Accursed Blacksmith","floor":4,"gold_loss":0,"cards_upgraded":["Koishi:SprinkleStarAndHeart"]},{"damage_healed":0,"gold_gain":0,"player_choice":"Ignored","damage_taken":0,"max_hp_gain":0,"max_hp_loss":0,"event_name":"Liars Game","floor":14,"gold_loss":0}],"is_beta":false,"boss_relics":[{"not_picked":["Replay:Bronze Core","hubris:RunicObelisk"],"picked":"hubris:ScarierMask"}],"items_purged_floors":[],"is_endless":false,"potions_floor_spawned":[2,3,7,16,24,25,31],"killed_by":"Collector","ascension_level":0}}