{"host":"zjc1tzo4ovig5lll","time":1612540427,"event":{"mods":["AchievementEnabler","Aspiration","BaseMod","Beaked The Cultist","Better Altar","Better Match","Better Note","Better Sensory Stone","Colored Map","Colored Powertips","Conspire","Energized Spire","Friendly Minions","GifTheSpireLib","Halation","Hermit","Hubris","Minty Spire (QoL Compilation)","Rare Cards Sparkle","Replay The Spire","StSLib","The Blue Laboratory","The Bug Knight","The Construct","The Jungle","everything is the same but u backflip on backflip"],"gold_per_floor":[117,117,127,139,153,184,199,212,212,15,15,15,49,124,124,220,220,240,240,251,63,83,113,124,124,124,124,139,63,93,93,93,198,198,209,219,196,196,207,234,234,248,248,59,86,86,86,98,98,98,98,98,0,26,26,26],"floor_reached":55,"language":"ENG","playtime":4210,"items_purged":[],"score":976,"play_id":"824a5e16-210d-40c8-9aee-be971d675a43","local_time":"20210205175347","is_ascension_mode":true,"campfire_choices":[{"data":"beaked:RitualOfBody","floor":12.0,"key":"SMITH"},{"data":"beaked:Ceremony","floor":15.0,"key":"SMITH"},{"floor":25.0,"key":"RECALL"},{"floor":27.0,"key":"DIG"},{"data":"beaked:MachineEssence","floor":32.0,"key":"SMITH"},{"floor":41.0,"key":"DIG"},{"data":"Pot Of Greed","floor":46.0,"key":"SMITH"},{"floor":49.0,"key":"REST"},{"data":"Pot Of Greed","floor":52.0,"key":"SMITH"}],"circlet_count":0,"master_deck":["beaked:Strike_Y","beaked:Strike_Y","beaked:Strike_Y","beaked:Strike_Y","beaked:Ceremony","beaked:Ceremony+1","beaked:Ceremony","beaked:Foresight","beaked:Insight","beaked:RitualOfBody+1","Pot Of Greed+1","Pot Of Greed+1","beaked:Insight","beaked:Evade","beaked:KnowThyFoe","beaked:MaddeningMurmurs","beaked:MachineEssence+1","beaked:Insight","theJungle:Gourd","theJungle:Gourd","theJungle:Gourd","theJungle:Gourd","theJungle:Gourd","Pot Of Greed","beaked:Insight","Consecrate","Poisoned Strike"],"relics":["beaked:MendingPlumage","Akabeko","Replay:Rubber Ducky","Grinning Jar","halation:AfternoonTea","Busted Crown","Shovel","Replay:Baseball","halation:WeightlessCrab","ReplayTheSpireMod:Shallot","Vajra","Pen Nib","aspiration:WatcherSkillbook","conspire:GlowingRock","PreservedInsect","construct:FoamFinger","Eternal Feather"],"acts_visited":["Exordium","Exordium","TheBeyond","TheEnding"],"potions_floor_usage":[54,55,55],"damage_taken":[{"damage":1.0,"enemies":"Cultist","floor":1.0,"turns":4.0},{"damage":8.0,"enemies":"Jaw Worm","floor":3.0,"turns":4.0},{"damage":10.0,"enemies":"2 Louse","floor":4.0,"turns":4.0},{"damage":9.0,"enemies":"Exordium Wildlife","floor":5.0,"turns":5.0},{"damage":37.0,"enemies":"Lagavulin","floor":6.0,"turns":8.0},{"damage":7.0,"enemies":"3 Louse","floor":7.0,"turns":12.0},{"damage":16.0,"enemies":"Lots of Slimes","floor":8.0,"turns":6.0},{"damage":23.0,"enemies":"3 Sentries","floor":13.0,"turns":14.0},{"damage":27.0,"enemies":"The Guardian","floor":16.0,"turns":14.0},{"damage":3.0,"enemies":"Shell Parasite","floor":18.0,"turns":6.0},{"damage":32.0,"enemies":"theJungle:Flameango_and_Byrd","floor":20.0,"turns":10.0},{"damage":11.0,"enemies":"theJungle:SlimyTreeVines","floor":22.0,"turns":10.0},{"damage":0.0,"enemies":"theJungle:MamaSnecko","floor":23.0,"turns":9.0},{"damage":48.0,"enemies":"theJungle:2_Snecko_Cultists","floor":24.0,"turns":9.0},{"damage":22.0,"enemies":"Snake Plant","floor":28.0,"turns":6.0},{"damage":0.0,"enemies":"theJungle:Cassacara","floor":30.0,"turns":21.0},{"damage":112.0,"enemies":"theJungle:TotemBoss","floor":33.0,"turns":12.0},{"damage":71.0,"enemies":"3 Darklings","floor":35.0,"turns":11.0},{"damage":22.0,"enemies":"3 Shapes","floor":36.0,"turns":7.0},{"damage":54.0,"enemies":"Sphere and 2 Shapes","floor":39.0,"turns":7.0},{"damage":89.0,"enemies":"Giant Head","floor":40.0,"turns":9.0},{"damage":40.0,"enemies":"Jaw Worm Horde","floor":42.0,"turns":8.0},{"damage":75.0,"enemies":"Transient","floor":48.0,"turns":5.0},{"damage":256.0,"enemies":"Awakened One","floor":50.0,"turns":12.0},{"damage":102,"enemies":"Shield and Spear","floor":54,"turns":7},{"damage":96,"enemies":"The Heart","floor":55,"turns":3}],"seed_played":"6242380316974383581","potions_obtained":[{"floor":1.0,"key":"blueLaboratory:FrostheartPotion"},{"floor":5.0,"key":"blueLaboratory:FruitPunch"},{"floor":40.0,"key":"Toxic Potion"},{"floor":42.0,"key":"blueLaboratory:FruitPunch"},{"floor":48.0,"key":"Regen Potion"}],"is_trial":false,"path_per_floor":["M","?","M","M","M","E","M","M","T","$","?","R","E","?","R","B",null,"M","?","M","$","M","E","M","R","T","R","M","$","E","?","R","B",null,"M","M","$","?","M","E","R","M","T","$","?","R","$","M","R","B",null,"R","$","E","B"],"character_chosen":"BEAKED_THE_CULTIST","items_purchased":["Grinning Jar","beaked:Insight","Replay:Baseball","beaked:MaddeningMurmurs","beaked:MachineEssence","beaked:Insight","Poisoned Strike","blueLaboratory:HeartbeatPotion"],"campfire_rested":1,"item_purchase_floors":[10,10,21,21,29,37,44,53],"current_hp_per_floor":[50,50,47,46,46,26,50,50,50,50,50,50,50,39,39,50,50,50,38,48,48,48,50,43,43,43,43,43,43,52,52,52,52,52,52,52,52,52,52,44,44,52,52,52,39,39,39,30,45,23,54,54,54,45,0,0],"gold":26,"neow_bonus":"RANDOM_COMMON_RELIC","is_daily":false,"chose_seed":false,"campfire_upgraded":5,"win_rate":0.0,"timestamp":1612540427,"path_taken":["M","?","M","M","M","E","M","?","T","$","?","R","E","?","R","BOSS","M","?","M","$","M","E","M","R","T","R","M","$","E","?","R","BOSS","M","M","$","?","M","E","R","M","T","$","?","R","?","M","R","BOSS","R","$","E","BOSS"],"items_purchased_type":["Relic","Card","Relic","Card","Card","Card","Card","Potion"],"build_version":"2020-12-22","purchased_purges":0,"victory":false,"max_hp_per_floor":[50,50,50,50,50,50,50,50,50,50,50,50,50,50,50,50,50,50,50,50,50,50,50,52,52,52,52,52,52,52,52,52,52,52,52,52,52,52,52,52,52,52,52,52,52,52,52,52,52,54,54,54,54,54,54,54],"card_choices":[{"not_picked":["beaked:Resilience","beaked:Cower","beaked:Brace"],"picked":"SKIP","floor":1.0},{"not_picked":["beaked:DesperateSwing","beaked:CrazyRituals"],"picked":"beaked:Foresight","floor":3.0},{"not_picked":["beaked:Poke","beaked:Cower","beaked:StunningBlow"],"picked":"SKIP","floor":4.0},{"not_picked":["ReplayTheSpireMod:Wings of Steel","beaked:Tweet"],"picked":"beaked:Insight","floor":5.0},{"not_picked":["beaked:Roost","beaked:Redirect"],"picked":"beaked:RitualOfBody","floor":6.0},{"not_picked":["beaked:Poke","beaked:Tradeoff","beaked:Pecker"],"picked":"SKIP","floor":7.0},{"not_picked":["beaked:Tweet","beaked:MachineSpirit","beaked:TuckingFeathers"],"picked":"SKIP","floor":8.0},{"not_picked":["beaked:Devastation","beaked:Evade","beaked:LiftOff"],"picked":"SKIP","floor":13.0},{"not_picked":["beaked:Devastation","beaked:LiftOff"],"picked":"beaked:Evade","floor":13.0},{"not_picked":["beaked:SacrificialScars","beaked:DarkTribute"],"picked":"beaked:KnowThyFoe","floor":16.0},{"not_picked":["beaked:Resilience+1"],"picked":"SKIP","floor":18.0},{"not_picked":["beaked:Brace"],"picked":"SKIP","floor":20.0},{"not_picked":["beaked:MimicHuntress"],"picked":"SKIP","floor":22.0},{"not_picked":["beaked:SacrificialDive"],"picked":"SKIP","floor":23.0},{"not_picked":["beaked:FeelMyPain"],"picked":"SKIP","floor":24.0},{"not_picked":["beaked:TuckingFeathers+1"],"picked":"SKIP","floor":28.0},{"not_picked":[],"picked":"beaked:Insight","floor":30.0},{"not_picked":["WaveOfTheHand","beaked:HuntressEssence+1"],"picked":"SKIP","floor":35.0},{"not_picked":["FlyingSleeves+1","BowlingBash+1"],"picked":"SKIP","floor":36.0},{"not_picked":["SashWhip","beaked:Insight"],"picked":"SKIP","floor":39.0},{"not_picked":["Replay:Hum+1","Replay:AtTheReady+1"],"picked":"SKIP","floor":40.0},{"not_picked":["Replay:Hum+1"],"picked":"Consecrate","floor":42.0},{"not_picked":["BowlingBash+1","Wallop+1"],"picked":"SKIP","floor":48.0},{"not_picked":["SashWhip","Evaluate"],"picked":"SKIP","floor":54}],"player_experience":686769,"relics_obtained":[{"floor":6.0,"key":"Replay:Rubber Ducky"},{"floor":13.0,"key":"halation:AfternoonTea"},{"floor":23.0,"key":"halation:WeightlessCrab"},{"floor":26.0,"key":"ReplayTheSpireMod:Shallot"},{"floor":27.0,"key":"Vajra"},{"floor":30.0,"key":"Pen Nib"},{"floor":40.0,"key":"conspire:GlowingRock"},{"floor":41.0,"key":"PreservedInsect"},{"floor":43.0,"key":"construct:FoamFinger"},{"floor":54,"key":"Eternal Feather"}],"event_choices":[{"cards_removed":["beaked:Strike_Y"],"damage_healed":0.0,"max_hp_gain":0.0,"max_hp_loss":0.0,"gold_gain":0.0,"event_name":"Purifier","player_choice":"Purged","floor":2.0,"gold_loss":0.0,"damage_taken":0.0},{"cards_removed":["beaked:Strike_Y"],"damage_healed":0.0,"max_hp_gain":0.0,"max_hp_loss":0.0,"gold_gain":0.0,"event_name":"Living Wall","player_choice":"Forget","floor":11.0,"gold_loss":0.0,"damage_taken":0.0},{"damage_healed":0.0,"max_hp_gain":0.0,"max_hp_loss":0.0,"gold_gain":75.0,"event_name":"World of Goop","player_choice":"Gather Gold","floor":14.0,"gold_loss":0.0,"damage_taken":11.0}],"is_beta":false,"boss_relics":[{"not_picked":["aspiration:RunicSpoon","halation:PlatinumPhoenix"],"picked":"Busted Crown"},{"not_picked":["beaked:MawFillet","hubris:BlackHole"],"picked":"aspiration:WatcherSkillbook"}],"items_purged_floors":[],"is_endless":false,"potions_floor_spawned":[1,5,8,13,16,22,23,40,42,48],"killed_by":"The Heart","ascension_level":4}}