{"host":"c5452fuijzdtmpqe","time":1612496115,"event":{"mods":["Aspiration","BaseMod","Better Third Choice","BetterRewards","Colored Map","Colored Powertips","Downfall","Evolution","Googly Eyes","Highlight Path","Minty Spire (QoL Compilation)","Shop Mod","StSLib","SuperFastMode"],"gold_per_floor":[112,112,126,142,154,180,180,194,194,213,213,226,226,238,238,333,383,393,456,506,215,265,290,290,255,280,365,415,429,441,6,6,111,111,128,178,195,290,49,49,123,140,164,180,180,195,205,477,477,477,477,477,106,138,138,138],"floor_reached":55,"language":"ENG","playtime":1591,"items_purged":[],"score":1016,"play_id":"9ab58c9a-a9ca-47e7-bcae-da22b180ad41","local_time":"20210204223515","is_ascension_mode":false,"campfire_choices":[{"floor":7.0,"key":"RECALL"},{"data":"Cloak And Dagger","floor":13.0,"key":"SMITH"},{"data":"Blade Dance","floor":15.0,"key":"SMITH"},{"data":"Backstab","floor":24,"key":"SMITH"},{"floor":32,"key":"REST"},{"data":"Accuracy","floor":40,"key":"SMITH"},{"data":"Phantasmal Killer","floor":45,"key":"SMITH"},{"floor":49,"key":"REST"},{"data":"Accuracy","floor":52,"key":"SMITH"}],"circlet_count":0,"master_deck":["Quick Slash","Quick Slash","Quick Slash","Quick Slash","Quick Slash+1","Cloak And Dagger+1","Cloak And Dagger","Cloak And Dagger","Cloak And Dagger+1","Cloak And Dagger","Survivor","Neutralize","Infinite Blades+1","Backstab+1","Deflect","Blade Dance+1","Blade Dance","Blade Dance","Endless Agony+1","Accuracy+1","Phantasmal Killer+1","Endless Agony+1","Backstab+1","Accuracy+1","Finisher","Slice+1"],"relics":["Ring of the Snake","EVO:Axolotl","downfall:ShatteredFragment","Centennial Puzzle","SsserpentHead","Tiny House","aspiration:RitualStick","Strange Spoon","Tiny Chest","aspiration:AnachronicSnailShell","Regal Pillow","Smiling Mask","Red Mask","PreservedInsect","Happy Flower","Blood Vial","OrangePellets","StoneCalendar","Oddly Smooth Stone","Medical Kit","Bag of Preparation","MealTicket","TwistedFunnel","Pen Nib","The Specimen"],"acts_visited":["Exordium","TheCity","TheBeyond","TheEnding"],"potions_floor_usage":[23,23,23,37,42,42,50],"damage_taken":[{"damage":0.0,"enemies":"Jaw Worm","floor":1.0,"turns":3.0},{"damage":0.0,"enemies":"Small Slimes","floor":3.0,"turns":2.0},{"damage":0.0,"enemies":"Cultist","floor":4.0,"turns":2.0},{"damage":0.0,"enemies":"Large Slime","floor":5.0,"turns":2.0},{"damage":2.0,"enemies":"Lagavulin","floor":6.0,"turns":4.0},{"damage":0.0,"enemies":"Blue Slaver","floor":8.0,"turns":2.0},{"damage":0.0,"enemies":"Looter","floor":10.0,"turns":2.0},{"damage":0.0,"enemies":"2 Fungi Beasts","floor":12.0,"turns":2.0},{"damage":6.0,"enemies":"3 Louse","floor":14.0,"turns":2.0},{"damage":12.0,"enemies":"Slime Boss","floor":16.0,"turns":8.0},{"damage":0.0,"enemies":"3 Byrds","floor":18.0,"turns":3.0},{"damage":0,"enemies":"Chosen","floor":19,"turns":4},{"damage":0,"enemies":"Gremlin Leader","floor":23,"turns":3},{"damage":1,"enemies":"Masked Bandits","floor":27,"turns":3},{"damage":8,"enemies":"Sentry and Sphere","floor":29,"turns":4},{"damage":9,"enemies":"Centurion and Healer","floor":30,"turns":3},{"damage":13,"enemies":"Champ","floor":33,"turns":6},{"damage":7,"enemies":"Orb Walker","floor":35,"turns":3},{"damage":10,"enemies":"3 Darklings","floor":37,"turns":4},{"damage":6,"enemies":"2 Orb Walkers","floor":38,"turns":3},{"damage":6,"enemies":"Maw","floor":42,"turns":3},{"damage":1,"enemies":"Transient","floor":44,"turns":5},{"damage":6,"enemies":"4 Shapes","floor":46,"turns":2},{"damage":0,"enemies":"Jaw Worm Horde","floor":47,"turns":2},{"damage":55,"enemies":"Donu and Deca","floor":50,"turns":5},{"damage":21,"enemies":"Shield and Spear","floor":54,"turns":3},{"damage":94,"enemies":"The Heart","floor":55,"turns":4}],"seed_played":"-5705586275570277326","potions_obtained":[{"floor":3.0,"key":"SteroidPotion"},{"floor":5.0,"key":"Ancient Potion"},{"floor":8.0,"key":"hexamod:SoulburnPotion"},{"floor":29,"key":"Explosive Potion"},{"floor":30,"key":"Ancient Potion"},{"floor":33,"key":"bronze:BurnAndBuffPotion"},{"floor":37,"key":"Fruit Juice"},{"floor":46,"key":"Weak Potion"}],"is_trial":false,"path_per_floor":["M","?","M","M","M","E","R","M","T","M","?","M","R","M","R","B",null,"M","M","?","$","?","E","R","?","T","?","T","M","M","$","R","B",null,"M","?","M","?","$","R","T","M","T","M","R","M","M","?","R","B",null,"R","$","E","B"],"character_chosen":"THE_SILENT","items_purchased":["Infinite Blades","Strange Spoon","Tiny Chest","Happy Flower","Blood Vial","OrangePellets","Oddly Smooth Stone","Medical Kit","TwistedFunnel","Pen Nib","Finisher"],"campfire_rested":2,"item_purchase_floors":[0,21,21,31,31,31,39,39,53,53,53],"current_hp_per_floor":[80,64,64,64,64,62,62,62,62,62,62,62,62,56,56,44,85,85,85,68,68,68,68,68,68,68,67,67,59,50,50,85,72,85,78,78,75,71,71,71,71,67,67,68,68,64,66,66,90,35,90,90,90,69,0,0],"gold":138,"neow_bonus":"","is_daily":false,"chose_seed":false,"campfire_upgraded":6,"win_rate":0.0,"timestamp":1612496115,"path_taken":["M","?","M","M","M","E","R","M","T","M","?","M","R","M","R","BOSS","M","?","?","$","?","E","R","?","T","?","?","M","M","$","R","BOSS","M","?","M","?","?","R","?","M","T","M","R","M","M","?","R","BOSS","R","$","E","BOSS"],"items_purchased_type":["Card","Relic","Relic","Relic","Relic","Relic","Relic","Relic","Relic","Relic","Card"],"build_version":"2020-12-22","purchased_purges":0,"victory":false,"max_hp_per_floor":[80,80,80,80,80,80,80,80,80,80,80,80,80,80,80,80,85,85,85,85,85,85,85,85,85,85,85,85,85,85,85,85,85,85,85,85,90,90,90,90,90,90,90,90,90,90,90,90,90,90,90,90,90,90,90,90],"card_choices":[{"not_picked":["Sucker Punch","Poisoned Stab"],"picked":"Flying Knee","floor":1.0},{"not_picked":["Bane","Dagger Spray"],"picked":"Backstab","floor":3.0},{"not_picked":["Setup","Underhanded Strike"],"picked":"Deflect","floor":4.0},{"not_picked":["Bouncing Flask","PiercingWail","Dagger Spray"],"picked":"SKIP","floor":5.0},{"not_picked":["Distraction","Burst"],"picked":"Blade Dance","floor":6.0},{"not_picked":["PiercingWail","Slice"],"picked":"Blade Dance","floor":8.0},{"not_picked":["Bane","Caltrops","Skewer"],"picked":"SKIP","floor":10.0},{"not_picked":["Predator","Concentrate","Terror"],"picked":"SKIP","floor":12.0},{"not_picked":["Underhanded Strike","Dodge and Roll","Riddle With Holes"],"picked":"SKIP","floor":14.0},{"not_picked":["Cloak And Dagger","PiercingWail","Prepared"],"picked":"SKIP","floor":18.0},{"not_picked":["Dagger Spray","Sucker Punch"],"picked":"Blade Dance","floor":19},{"not_picked":["Eviscerate","Deadly Poison","Reflex"],"picked":"SKIP","floor":23},{"not_picked":["Footwork+1","Riddle With Holes"],"picked":"Endless Agony+1","floor":29},{"not_picked":["Slice","Predator"],"picked":"Accuracy","floor":30},{"not_picked":["Bullet Time","Tools of the Trade"],"picked":"Phantasmal Killer","floor":33},{"not_picked":["Sucker Punch","Acrobatics"],"picked":"Endless Agony+1","floor":35},{"not_picked":["Quick Slash","Choke","Flechettes+1"],"picked":"SKIP","floor":37},{"not_picked":["All Out Attack","Outmaneuver+1"],"picked":"Backstab+1","floor":38},{"not_picked":["Poisoned Stab","Predator+1","Cloak And Dagger"],"picked":"SKIP","floor":42},{"not_picked":["Deadly Poison","Bouncing Flask+1","Infinite Blades"],"picked":"SKIP","floor":44},{"not_picked":["Night Terror","Skewer+1","Heel Hook"],"picked":"SKIP","floor":46},{"not_picked":["Deadly Poison+1","Cloak And Dagger"],"picked":"Accuracy","floor":47},{"not_picked":["Grand Finale","Reflex+1"],"picked":"Slice+1","floor":54}],"player_experience":517186,"relics_obtained":[{"floor":6.0,"key":"Centennial Puzzle"},{"floor":23,"key":"aspiration:AnachronicSnailShell"},{"floor":26,"key":"Smiling Mask"},{"floor":27,"key":"Red Mask"},{"floor":28,"key":"PreservedInsect"},{"floor":38,"key":"StoneCalendar"},{"floor":41,"key":"Bag of Preparation"},{"floor":43,"key":"MealTicket"},{"floor":54,"key":"The Specimen"}],"event_choices":[{"damage_healed":80.0,"max_hp_gain":0.0,"max_hp_loss":80.0,"gold_gain":0.0,"event_name":"betterThird:BetterShining","player_choice":"Upgrade","floor":2.0,"gold_loss":0.0,"damage_taken":16.0,"cards_upgraded":["Quick Slash","Infinite Blades"]},{"damage_healed":0.0,"max_hp_gain":0.0,"max_hp_loss":0.0,"gold_gain":0.0,"event_name":"FaceTrader","player_choice":"Trade","floor":11.0,"gold_loss":0.0,"damage_taken":0.0,"relics_obtained":["SsserpentHead"]},{"damage_healed":0,"gold_gain":0,"player_choice":"Ignored","damage_taken":0,"max_hp_gain":0,"max_hp_loss":0,"event_name":"Cursed Tome","floor":22,"gold_loss":0},{"damage_healed":0,"gold_gain":0,"player_choice":"Obtained Relic","damage_taken":0,"relics_obtained":["Regal Pillow"],"max_hp_gain":0,"max_hp_loss":0,"event_name":"Addict","floor":25,"gold_loss":85},{"damage_healed":0,"gold_gain":0,"player_choice":"Fought Bandits","damage_taken":0,"max_hp_gain":0,"max_hp_loss":0,"event_name":"Masked Bandits","floor":27,"gold_loss":0},{"cards_removed":["Flying Knee"],"damage_healed":0,"gold_gain":0,"player_choice":"Removed Attack","damage_taken":0,"max_hp_gain":0,"max_hp_loss":0,"event_name":"Falling","floor":36,"gold_loss":0},{"damage_healed":0,"gold_gain":0,"player_choice":"Fight","damage_taken":0,"max_hp_gain":0,"max_hp_loss":0,"event_name":"Mysterious Sphere","floor":38,"gold_loss":0},{"damage_healed":0,"gold_gain":222,"player_choice":"Wore Mask","damage_taken":0,"max_hp_gain":0,"max_hp_loss":0,"event_name":"Tomb of Lord Red Mask","floor":48,"gold_loss":0}],"is_beta":false,"boss_relics":[{"not_picked":["aspiration:FutureDiary","Runic Dome"],"picked":"Tiny House"},{"not_picked":["Pandora\u0027s Box","Snecko Eye","aspiration:DefectSkillbook"]}],"items_purged_floors":[],"is_endless":false,"potions_floor_spawned":[3,5,8,16,18,29,30,33,35,37,46],"killed_by":"The Heart","ascension_level":0}}