{"host":"Jedit","time":1612568397,"event":{"mods":["BaseMod","Minty Spire (QoL Compilation)","Relic Stats","StSLib"],"gold_per_floor":[109,109,109,28,45,45,70,80,80,100,100,175,189,219,219,219,219],"floor_reached":16,"language":"ENG","playtime":435,"items_purged":[],"score":270,"play_id":"a0395f9c-250f-4b12-8fe8-95f4a95f27f8","local_time":"20210205233957","is_ascension_mode":true,"campfire_choices":[{"data":"Prepared","floor":6.0,"key":"SMITH"},{"data":"Eviscerate","floor":11.0,"key":"SMITH"},{"floor":15.0,"key":"REST"}],"circlet_count":0,"master_deck":["AscendersBane","Strike_G","Strike_G","Strike_G","Strike_G","Strike_G","Defend_G","Defend_G","Defend_G","Defend_G","Defend_G","Survivor","Neutralize","Underhanded Strike","Dagger Throw","Backflip","Prepared+1","Eviscerate+1","Well Laid Plans","Dodge and Roll+1","Backflip+1","Acrobatics+1"],"relics":["Ring of the Snake","NeowsBlessing","Darkstone Periapt","Blue Candle","Toxic Egg 2","Art of War"],"acts_visited":["Exordium"],"potions_floor_usage":[16],"damage_taken":[{"damage":0.0,"enemies":"Jaw Worm","floor":1.0,"turns":1.0},{"damage":0.0,"enemies":"Small Slimes","floor":5.0,"turns":1.0},{"damage":0.0,"enemies":"Lagavulin","floor":7.0,"turns":1.0},{"damage":2.0,"enemies":"2 Louse","floor":8.0,"turns":3.0},{"damage":0.0,"enemies":"Exordium Wildlife","floor":10.0,"turns":3.0},{"damage":4.0,"enemies":"Large Slime","floor":13.0,"turns":6.0},{"damage":24.0,"enemies":"Gremlin Nob","floor":14.0,"turns":4.0},{"damage":3,"enemies":"Slime Boss","floor":16,"turns":6}],"seed_played":"4619885533818570855","potions_obtained":[{"floor":7.0,"key":"GamblersBrew"},{"floor":8.0,"key":"CultistPotion"},{"floor":13.0,"key":"Dexterity Potion"},{"floor":14.0,"key":"Poison Potion"}],"is_trial":false,"path_per_floor":["M","?","?","$","M","R","E","M","T","M","R","?","M","E","R","B"],"character_chosen":"THE_SILENT","items_purchased":["Dagger Throw","Backflip"],"campfire_rested":1,"item_purchase_floors":[4,4],"current_hp_per_floor":[59,64,46,46,46,46,46,44,44,44,44,33,29,5,26,23,23],"gold":219,"neow_bonus":"THREE_ENEMY_KILL","is_daily":false,"chose_seed":false,"campfire_upgraded":2,"win_rate":0.0,"timestamp":1612568397,"path_taken":["M","?","?","$","M","R","E","M","T","M","R","?","M","E","R","BOSS"],"items_purchased_type":["Card","Card"],"build_version":"2020-12-18","purchased_purges":0,"victory":false,"max_hp_per_floor":[66,71,71,71,71,71,71,71,71,71,71,71,71,71,71,71,71],"relic_stats":{"Darkstone Periapt":0,"counters":[8,25],"Blue Candle":[0],"Art of War":[0],"obtain_stats":[{"Darkstone Periapt":3,"NeowsBlessing":0,"Blue Candle":7,"Art of War":14,"Toxic Egg 2":9,"Ring of the Snake":0},{"Darkstone Periapt":1,"NeowsBlessing":0,"Blue Candle":3,"Art of War":7,"Toxic Egg 2":4,"Ring of the Snake":0},{"Darkstone Periapt":1,"NeowsBlessing":0,"Blue Candle":3,"Art of War":19,"Toxic Egg 2":6,"Ring of the Snake":0}],"Ring of the Snake":[16]},"card_choices":[{"not_picked":["Quick Slash","Flying Knee"],"picked":"Underhanded Strike","floor":1.0},{"not_picked":["Deflect","Bane"],"picked":"Prepared","floor":5.0},{"not_picked":["Dagger Spray","Backflip"],"picked":"Eviscerate","floor":7.0},{"not_picked":["Poisoned Stab","Expertise"],"picked":"Well Laid Plans","floor":8.0},{"not_picked":["Crippling Poison+1","Outmaneuver+1"],"picked":"Dodge and Roll+1","floor":10.0},{"not_picked":["Tools of the Trade","Dagger Spray"],"picked":"Backflip+1","floor":13.0},{"not_picked":["Quick Slash","Outmaneuver+1"],"picked":"Acrobatics+1","floor":14.0}],"player_experience":3473314,"relics_obtained":[{"floor":7.0,"key":"Blue Candle"},{"floor":9.0,"key":"Toxic Egg 2"},{"floor":14.0,"key":"Art of War"}],"event_choices":[{"damage_healed":0.0,"max_hp_gain":5.0,"max_hp_loss":0.0,"gold_gain":0.0,"event_name":"Big Fish","player_choice":"Donut","floor":2.0,"gold_loss":0.0,"damage_taken":0.0},{"damage_healed":0.0,"max_hp_gain":0.0,"max_hp_loss":0.0,"gold_gain":0.0,"event_name":"Scrap Ooze","player_choice":"Success","floor":3.0,"gold_loss":0.0,"damage_taken":18.0,"relics_obtained":["Darkstone Periapt"]},{"damage_healed":0.0,"max_hp_gain":0.0,"max_hp_loss":0.0,"gold_gain":75.0,"event_name":"World of Goop","player_choice":"Gather Gold","floor":12.0,"gold_loss":0.0,"damage_taken":11.0}],"is_beta":true,"boss_relics":[],"items_purged_floors":[],"is_endless":false,"potions_floor_spawned":[7,8,13,14],"killed_by":"Slime Boss","ascension_level":20}}