{"host":"6q94iy5iz6612v89","time":1612556982,"event":{"mods":["2.2 Compatiblity","AchievementEnabler","BaseMod","Colored Map","DeckTracker","Keyboard Shortcuts","Minty Spire (QoL Compilation)","Permanent Neow","StSLib","SuperFastMode"],"gold_per_floor":[115,135,37,112,130,130,147,147,147,160,173,200,125,137,137,137,137],"floor_reached":16,"language":"KOR","playtime":297,"items_purged":["Strike_R"],"score":208,"play_id":"601ce86e-bbd3-4b5a-9cf8-4239fe0405de","local_time":"20210206052942","is_ascension_mode":true,"campfire_choices":[{"data":"Cleave","floor":6,"key":"SMITH"},{"data":"Blood for Blood","floor":8,"key":"SMITH"},{"data":"Uppercut","floor":15,"key":"SMITH"}],"circlet_count":0,"master_deck":["AscendersBane","Strike_R","Strike_R","Strike_R","Strike_R","Defend_R","Defend_R","Defend_R","Defend_R","Bash","Offering","Pommel Strike","Cleave+1","Shrug It Off","Blood for Blood+1","Entrench","Uppercut+1"],"relics":["Burning Blood","Pantograph","Gremlin Horn"],"acts_visited":["Exordium"],"potions_floor_usage":[12,12,16],"damage_taken":[{"damage":5,"enemies":"2 Louse","floor":1,"turns":4},{"damage":2,"enemies":"Jaw Worm","floor":2,"turns":3},{"damage":1,"enemies":"Cultist","floor":5,"turns":3},{"damage":15,"enemies":"2 Fungi Beasts","floor":7,"turns":4},{"damage":12,"enemies":"Looter","floor":10,"turns":2},{"damage":12,"enemies":"3 Louse","floor":11,"turns":3},{"damage":32,"enemies":"Lagavulin","floor":12,"turns":6},{"damage":6,"enemies":"Exordium Thugs","floor":14,"turns":3},{"damage":62,"enemies":"The Guardian","floor":16,"turns":10}],"seed_played":"-1815733436180281851","potions_obtained":[{"floor":2,"key":"BlessingOfTheForge"},{"floor":10,"key":"FearPotion"},{"floor":12,"key":"BloodPotion"}],"is_trial":false,"path_per_floor":["M","M","$","?","M","R","M","R","T","M","M","E","$","M","R","B"],"character_chosen":"IRONCLAD","items_purchased":["Shrug It Off","Blood for Blood"],"campfire_rested":0,"item_purchase_floors":[3,3],"current_hp_per_floor":[69,73,73,62,67,67,58,58,58,52,46,20,20,20,20,0,0],"gold":137,"neow_bonus":"ONE_RANDOM_RARE_CARD","is_daily":false,"chose_seed":false,"campfire_upgraded":3,"win_rate":0.0,"timestamp":1612556982,"path_taken":["M","M","$","?","M","R","M","R","T","M","M","E","$","M","R","BOSS"],"items_purchased_type":["Card","Card"],"build_version":"2020-12-22","purchased_purges":1,"victory":false,"max_hp_per_floor":[75,75,75,75,75,75,75,75,75,75,75,75,75,75,75,75,75],"card_choices":[{"not_picked":["Sword Boomerang","Thunderclap"],"picked":"Pommel Strike","floor":1},{"not_picked":["Havoc","Flex"],"picked":"Cleave","floor":2},{"not_picked":["Flex","Twin Strike","Havoc"],"picked":"SKIP","floor":5},{"not_picked":["Flex","Clash"],"picked":"Entrench","floor":7},{"not_picked":["Twin Strike","True Grit","Flex"],"picked":"SKIP","floor":10},{"not_picked":["Clothesline","Pummel","Whirlwind"],"picked":"SKIP","floor":11},{"not_picked":["Headbutt","Combust"],"picked":"Uppercut","floor":12},{"not_picked":["Combust","Burning Pact","Dark Embrace"],"picked":"SKIP","floor":14}],"player_experience":1467669,"relics_obtained":[{"floor":9,"key":"Pantograph"},{"floor":12,"key":"Gremlin Horn"}],"event_choices":[{"damage_healed":0,"gold_gain":75,"player_choice":"Gather Gold","damage_taken":11,"max_hp_gain":0,"max_hp_loss":0,"event_name":"World of Goop","floor":4,"gold_loss":0}],"is_beta":false,"boss_relics":[],"items_purged_floors":[13],"is_endless":false,"potions_floor_spawned":[2,10,12],"killed_by":"The Guardian","ascension_level":20}}