{"host":"Sylvester","time":1612551763,"event":{"mods":["BaseMod","Filter the Spire","Lobotomy","Minty Spire (QoL Compilation)","Replay The Spire","StSLib"],"gold_per_floor":[113,132,143,161,171,196,196,226,252,265,265,279,323,398,398,512,512,532,551,571,571,582,625,393,426,426,458,491,491,190,209,209,323,323,342,80,90,106,132,159,159,203,203,214,214,214,253,6,15,15,15,15,15,15,59,59],"floor_reached":57,"language":"ENG","playtime":3335,"items_purged":["InformationCode","Scarecrow"],"score":1584,"play_id":"cf63457d-f11c-4ea5-9a5e-9071b15b74b3","local_time":"20210205110243","is_ascension_mode":true,"campfire_choices":[{"data":"LifeForTheDareDevil","floor":7.0,"key":"SMITH"},{"data":"Regret_ego","floor":11.0,"key":"SMITH"},{"floor":15.0,"key":"DIG"},{"data":"Adoration","floor":29,"key":"SMITH"},{"floor":32,"key":"RECALL"}],"circlet_count":0,"master_deck":["SpecialBullet","SpecialBullet","SpecialBullet","SpecialBullet","SpecialBullet","SpecialBullet","SpecialBullet","SpecialBullet","CentralCode","TrainingCode","Pot Of Greed","UniverseFragment","Pot Of Greed","LifeForTheDareDevil+1","Adoration+1","Regret_ego+1","OldLady","Mimicry","Lamp+30","Justitia","GoldRush","GreedKing","QueenOfHatred","GoldRush","SolemnVow","Pot Of Greed","Adoration","Master of Strategy+1","WelfareCode","LifeForTheDareDevil+1","Noise+1","Lamp+30","SecurityCode","SpecialBullet","NothingThere"],"relics":["CogitoBucket","Grinning Jar","MealTicket","FossilizedHelix","Bag of Preparation","BackwardClock","CeramicFish","Blue Doll","Replay:Bronze Core","Replay:PocketPolymizer","Pet Ghost","Pen Nib","Kunai","LuminousBracelet","Art of War","Unceasing Top","Replay:Grab Bag","Fusion Hammer","ReplayTheSpireMod:Onyx Gauntlets","Snecko Eye","Lee\u0027s Waffle","Orichalcum","Oddly Smooth Stone","Akabeko","DollysMirror","Pocketwatch"],"acts_visited":["Exordium","TheCity","TheBeyond","TheEnding"],"potions_floor_usage":[56,56,56],"damage_taken":[{"damage":0.0,"enemies":"Cultist","floor":1.0,"turns":3.0},{"damage":12.0,"enemies":"Small Slimes","floor":2.0,"turns":3.0},{"damage":0.0,"enemies":"2 Louse","floor":3.0,"turns":2.0},{"damage":5.0,"enemies":"Looter","floor":4.0,"turns":2.0},{"damage":2.0,"enemies":"Lots of Slimes","floor":5.0,"turns":3.0},{"damage":16.0,"enemies":"Lagavulin","floor":6.0,"turns":6.0},{"damage":0.0,"enemies":"Gremlin Nob","floor":8.0,"turns":3.0},{"damage":0.0,"enemies":"Large Slime","floor":10.0,"turns":3.0},{"damage":0.0,"enemies":"Blue Slaver","floor":12.0,"turns":2.0},{"damage":0.0,"enemies":"Lagavulin","floor":13.0,"turns":5.0},{"damage":7.0,"enemies":"Slime Boss","floor":16.0,"turns":15.0},{"damage":8.0,"enemies":"Spheric Guardian","floor":18.0,"turns":6.0},{"damage":5.0,"enemies":"Shell Parasite","floor":19.0,"turns":7.0},{"damage":0.0,"enemies":"3 Cultists","floor":20.0,"turns":5.0},{"damage":0,"enemies":"Shelled Parasite and Fungi","floor":22,"turns":7},{"damage":0,"enemies":"Book of Stabbing","floor":23,"turns":6},{"damage":0,"enemies":"Gremlin Leader","floor":25,"turns":10},{"damage":0,"enemies":"Snecko","floor":27,"turns":4},{"damage":6,"enemies":"Slavers","floor":28,"turns":11},{"damage":10,"enemies":"Chosen and Byrds","floor":31,"turns":5},{"damage":0,"enemies":"Automaton","floor":33,"turns":4},{"damage":0,"enemies":"Orb Walker","floor":35,"turns":1},{"damage":8,"enemies":"3 Shapes","floor":37,"turns":2},{"damage":0,"enemies":"Spire Growth","floor":38,"turns":2},{"damage":0,"enemies":"Writhing Mass","floor":39,"turns":1},{"damage":0,"enemies":"R_Hoarder","floor":40,"turns":1},{"damage":0,"enemies":"Reptomancer","floor":42,"turns":2},{"damage":0,"enemies":"3 Darklings","floor":44,"turns":2},{"damage":0,"enemies":"Giant Head","floor":47,"turns":1},{"damage":0,"enemies":"Replay:Hell Engine","floor":50,"turns":2},{"damage":0,"enemies":"Shield and Spear","floor":55,"turns":1},{"damage":57,"enemies":"The Heart","floor":56,"turns":5}],"seed_played":"186234915157574747","potions_obtained":[{"floor":5.0,"key":"Dexterity Potion"},{"floor":6.0,"key":"Block Potion"},{"floor":8.0,"key":"Explosive Potion"},{"floor":20.0,"key":"Languid Potion"},{"floor":23,"key":"Cursed Concoction"}],"is_trial":false,"path_per_floor":["M","M","M","M","M","E","R","E","T","M","R","M","E","?","R","B",null,"M","M","M","?","M","E","$","E","T","M","E","R","$","M","R","B",null,"M","$","M","M","M","E","R","E","T","M","?","R","E","$","R","B",null,null,"R","$","E","B",null],"character_chosen":"Angela","items_purchased":["Pet Ghost","Unceasing Top","Lee\u0027s Waffle","Master of Strategy+1","DollysMirror"],"campfire_rested":0,"item_purchase_floors":[24,30,36,36,48],"current_hp_per_floor":[70,58,58,53,51,35,35,35,35,35,35,35,35,24,24,17,70,62,57,63,63,63,69,70,70,70,85,70,70,75,79,79,79,79,79,86,80,84,84,84,84,86,86,86,82,82,82,82,82,82,82,82,82,82,86,85],"gold":59,"neow_bonus":"RANDOM_COMMON_RELIC","is_daily":false,"chose_seed":false,"campfire_upgraded":3,"win_rate":0.0,"timestamp":1612551763,"path_taken":["M","M","?","M","M","E","R","E","T","M","R","M","E","?","R","BOSS","M","M","M","?","M","E","$","E","T","M","E","R","$","M","R","BOSS","M","$","?","M","?","E","R","E","T","M","?","R","E","$","R","BOSS","R","$","E","BOSS"],"items_purchased_type":["Relic","Relic","Relic","Card","Relic"],"build_version":"2020-11-17","purchased_purges":2,"victory":true,"max_hp_per_floor":[70,70,70,70,70,70,70,70,70,70,70,70,70,70,70,70,70,70,70,70,70,70,70,70,70,70,85,75,75,75,79,79,79,79,79,86,86,86,86,86,86,86,86,86,82,82,82,82,82,82,82,82,82,82,86,86],"card_choices":[{"not_picked":["SpiderBud","CrumblingArmor"],"picked":"UniverseFragment","floor":1.0},{"not_picked":["Wingbeat","ShedSkin"],"picked":"SKIP","floor":1.0},{"not_picked":["GrinderMk4"],"picked":"LifeForTheDareDevil","floor":2.0},{"not_picked":["Discord","Wingbeat"],"picked":"SKIP","floor":3.0},{"not_picked":["BlueScar"],"picked":"Adoration","floor":4.0},{"not_picked":["Loneliness"],"picked":"Regret_ego","floor":5.0},{"not_picked":["WallGazer","SpiderBud"],"picked":"OldLady","floor":6.0},{"not_picked":["Regret_ego","FourthMatchFlame"],"picked":"SKIP","floor":6.0},{"not_picked":["Amita"],"picked":"Mimicry","floor":8.0},{"not_picked":["Lantern"],"picked":"Lamp","floor":10.0},{"not_picked":["Gaze","RedEyes"],"picked":"SKIP","floor":12.0},{"not_picked":["Gaze","RedEyes"],"picked":"SKIP","floor":12.0},{"not_picked":["Lamp"],"picked":"Justitia","floor":13.0},{"not_picked":["SoundOfStar"],"picked":"GoldRush","floor":16.0},{"not_picked":["LaLuna","BeautyBeast"],"picked":"GreedKing","floor":18.0},{"not_picked":["RapturousDream+1","Wingbeat"],"picked":"SKIP","floor":18.0},{"not_picked":["CherryBlossoms","DreamingCurrent"],"picked":"QueenOfHatred","floor":19.0},{"not_picked":["Hornet+1","CUTE"],"picked":"SKIP","floor":19.0},{"not_picked":["TodaysExpression","RedEyes"],"picked":"SKIP","floor":20.0},{"not_picked":["Wingbeat+1","Lantern+1"],"picked":"SKIP","floor":22},{"not_picked":["FourthMatchFlame+1"],"picked":"GoldRush","floor":23},{"not_picked":["Spore+1","Soda"],"picked":"SKIP","floor":25},{"not_picked":["Spore+1","Soda"],"picked":"SKIP","floor":25},{"not_picked":["InTheNameOfLoveAndHate"],"picked":"SolemnVow","floor":27},{"not_picked":["Loneliness","CUTE"],"picked":"SKIP","floor":28},{"not_picked":["SpiderBud","Woodsman"],"picked":"Scarecrow","floor":31},{"not_picked":["WristCuter","CherryBlossom"],"picked":"SKIP","floor":31},{"not_picked":["GoldRush"],"picked":"Adoration","floor":33},{"not_picked":["InTheNameOfLoveAndHate","Heaven"],"picked":"SKIP","floor":35},{"not_picked":["RapturousDream+1","CrimsonScar"],"picked":"SKIP","floor":37},{"not_picked":["Lantern+1","Heaven+1"],"picked":"SKIP","floor":38},{"not_picked":["Regret_ego+1","SomewhereSpear"],"picked":"SKIP","floor":39},{"not_picked":["Heaven+1","Soda+1"],"picked":"SKIP","floor":40},{"not_picked":["Horn"],"picked":"LifeForTheDareDevil+1","floor":42},{"not_picked":["RapturousDream+1","ScreamingWedge+1"],"picked":"SKIP","floor":44},{"not_picked":["WristCuter"],"picked":"Noise+1","floor":47},{"not_picked":["Alriune","HappyTeddy"],"picked":"NothingThere","floor":55},{"not_picked":["TodaysExpression+1","Reverberation+1"],"picked":"SKIP","floor":55}],"player_experience":212640,"relics_obtained":[{"floor":6.0,"key":"MealTicket"},{"floor":8.0,"key":"FossilizedHelix"},{"floor":9.0,"key":"Bag of Preparation"},{"floor":13.0,"key":"CeramicFish"},{"floor":15.0,"key":"Blue Doll"},{"floor":23,"key":"Replay:PocketPolymizer"},{"floor":25,"key":"Pen Nib"},{"floor":26,"key":"Kunai"},{"floor":28,"key":"Art of War"},{"floor":40,"key":"Orichalcum"},{"floor":42,"key":"Oddly Smooth Stone"},{"floor":47,"key":"Akabeko"},{"floor":55,"key":"Pocketwatch"}],"event_choices":[{"damage_healed":0.0,"max_hp_gain":0.0,"max_hp_loss":0.0,"gold_gain":75.0,"event_name":"World of Goop","player_choice":"Gather Gold","floor":14.0,"gold_loss":0.0,"damage_taken":11.0},{"damage_healed":0,"gold_gain":0,"player_choice":"Ignored","damage_taken":0,"max_hp_gain":0,"max_hp_loss":0,"event_name":"The Mausoleum","floor":21,"gold_loss":0},{"damage_healed":0,"gold_gain":0,"player_choice":"Max HP","damage_taken":0,"max_hp_gain":0,"max_hp_loss":4,"event_name":"Winding Halls","floor":45,"gold_loss":0}],"is_beta":true,"boss_relics":[{"not_picked":["ChewingGum","Calling Bell"],"picked":"Replay:Bronze Core"},{"not_picked":["Coffee Dripper","Philosopher\u0027s Stone"],"picked":"Replay:Grab Bag"},{"not_picked":["Velvet Choker","Runic Dome"],"picked":"Fusion Hammer"},{"not_picked":["Painkiller Herb","Abe\u0027s Treasure"],"picked":"ReplayTheSpireMod:Onyx Gauntlets"},{"not_picked":["Snecko Heart","SlaversCollar"],"picked":"Snecko Eye"}],"items_purged_floors":[24,48],"is_endless":false,"potions_floor_spawned":[5,6,8,13,20,23,27,31,33,37,40,42,44,55],"ascension_level":2}}