{"host":"8d3fefv2347kqkpz","time":1612483585,"event":{"mods":["AchievementEnabler","Act Like it!","Aspiration","BaseMod","Better Vampires","Colored Map","Colored Powertips","Conspire","GifTheSpireLib","Highlight Path","Hubris","Mimic Mod","Minty Spire (QoL Compilation)","Quick Restart","Rare Cards Sparkle","Relic Stats","Replay The Spire","Spicy Shops","StSLib","The Jungle","Waifu the Spire"],"gold_per_floor":[115,130,21,21,21,52,52,66,90,90,109,123,138,164,164,268,268,282,282,282,15,31,31,66,84,107,119,4,4,21,21,21,125,125,144,194,205,205,205],"floor_reached":38,"language":"ZHS","playtime":1589,"items_purged":["Strike_R","Strike_R"],"score":502,"play_id":"136a01dd-8e61-4180-9f2e-9f88a730b5ed","local_time":"20210205080625","is_ascension_mode":true,"campfire_choices":[{"data":"Metallicize","floor":7.0,"key":"SMITH"},{"data":"hubris:ReadiedAction","floor":10.0,"key":"SMITH"},{"data":"Spot Weakness","floor":15.0,"key":"SMITH"},{"data":"Berserk","floor":23,"key":"SMITH"},{"floor":27,"key":"REST"},{"floor":29,"key":"REST"},{"data":"Heavy Blade","floor":32,"key":"SMITH"}],"circlet_count":0,"master_deck":["Strike_R","Strike_R","Defend_R","Defend_R","Defend_R+1","Bash+1","Metallicize+1","Spot Weakness+1","Armaments+1","Feed+1","hubris:ReadiedAction+1","Berserk+1","Massacre+1","Disarm+1","Heavy Blade+1","Metallicize+1","Berserk","Sword Boomerang+1","Inflame+1"],"relics":["Burning Blood","NeowsBlessing","Gremlin Food","hubris:OldNail","Pantograph","Membership Card","hubris:DisguiseKit","Question Card","MawBank","DollysMirror","Runic Dome","hubris:AstralHammer"],"acts_visited":["Exordium","TheCity","TheBeyond"],"potions_floor_usage":[24,25],"damage_taken":[{"damage":0.0,"enemies":"Cultist","floor":1.0,"turns":1.0},{"damage":0.0,"enemies":"Jaw Worm","floor":2.0,"turns":1.0},{"damage":0.0,"enemies":"Gremlin Nob","floor":6.0,"turns":1.0},{"damage":6.0,"enemies":"Small Slimes","floor":8.0,"turns":4.0},{"damage":3.0,"enemies":"2 Fungi Beasts","floor":11.0,"turns":5.0},{"damage":2.0,"enemies":"Exordium Thugs","floor":12.0,"turns":5.0},{"damage":5.0,"enemies":"Blue Slaver","floor":13.0,"turns":4.0},{"damage":10.0,"enemies":"Lagavulin","floor":14.0,"turns":7.0},{"damage":57.0,"enemies":"Slime Boss","floor":16.0,"turns":15.0},{"damage":20.0,"enemies":"Shell Parasite","floor":18.0,"turns":6.0},{"damage":12,"enemies":"Spheric Guardian","floor":22,"turns":5},{"damage":60,"enemies":"Slavers","floor":24,"turns":6},{"damage":14,"enemies":"Snecko","floor":25,"turns":9},{"damage":10,"enemies":"Centurion and Healer","floor":30,"turns":6},{"damage":58,"enemies":"conspire:MysteriousRune","floor":33,"turns":11},{"damage":27,"enemies":"3 Shapes","floor":35,"turns":5},{"damage":22,"enemies":"Mind Bloom Boss Battle","floor":36,"turns":9},{"damage":61,"enemies":"3 Darklings","floor":37,"turns":6},{"damage":46,"enemies":"Spire Growth","floor":38,"turns":5}],"seed_played":"-2369843718314618939","potions_obtained":[{"floor":6.0,"key":"EssenceOfSteel"},{"floor":12.0,"key":"SteroidPotion"},{"floor":14.0,"key":"Ancient Potion"},{"floor":25,"key":"Explosive Potion"},{"floor":36,"key":"Swift Potion"}],"is_trial":false,"path_per_floor":["M","M","$","?","?","E","R","M","T","R","M","M","M","E","R","B",null,"M","?","?","$","M","R","E","M","T","R","$","R","M","?","R","B",null,"M","?","M","M"],"character_chosen":"IRONCLAD","items_purchased":["Armaments+1","Membership Card","hubris:DisguiseKit","DollysMirror"],"campfire_rested":2,"item_purchase_floors":[3,21,21,28],"current_hp_per_floor":[80,80,80,80,80,80,80,84,84,84,88,92,92,92,92,45,96,82,82,82,82,76,76,26,18,18,48,48,78,78,78,78,26,104,83,88,33,0,0],"gold":205,"neow_bonus":"THREE_ENEMY_KILL","is_daily":false,"chose_seed":false,"campfire_upgraded":5,"win_rate":0.0,"timestamp":1612483585,"path_taken":["M","M","?","?","?","E","R","M","T","R","M","M","M","E","R","BOSS","M","?","?","$","?","R","E","M","T","R","$","R","M","?","R","BOSS","M","?","M","M"],"items_purchased_type":["Card","Relic","Relic","Relic"],"build_version":"2020-12-22","purchased_purges":2,"victory":false,"max_hp_per_floor":[80,80,80,80,80,80,80,84,84,84,88,92,92,96,96,96,96,96,96,96,96,96,96,100,100,100,100,100,100,104,104,104,104,104,104,104,104,104,104],"relic_stats":{"counters":[19,111],"Pantograph":25,"Question Card":6,"MawBank":24,"obtain_stats":[{"Gremlin Food":6,"hubris:DisguiseKit":21,"Runic Dome":34,"NeowsBlessing":0,"DollysMirror":28,"hubris:AstralHammer":36,"Pantograph":14,"Membership Card":21,"Question Card":24,"MawBank":26,"Burning Blood":0,"hubris:OldNail":9},{"Gremlin Food":3,"hubris:DisguiseKit":10,"Runic Dome":15,"NeowsBlessing":0,"DollysMirror":13,"hubris:AstralHammer":17,"Pantograph":8,"Membership Card":10,"Question Card":12,"MawBank":13,"Burning Blood":0,"hubris:OldNail":4},{"Gremlin Food":3,"hubris:DisguiseKit":49,"Runic Dome":86,"NeowsBlessing":0,"DollysMirror":69,"hubris:AstralHammer":100,"Pantograph":28,"Membership Card":49,"Question Card":60,"MawBank":69,"Burning Blood":0,"hubris:OldNail":7}],"Burning Blood":82},"card_choices":[{"not_picked":["Body Slam","ReplayTheSpireMod:Limb From Limb"],"picked":"Metallicize","floor":1.0},{"not_picked":["Carnage","Body Slam"],"picked":"Spot Weakness","floor":2.0},{"not_picked":["Sword Boomerang","Warcry","Body Slam"],"picked":"SKIP","floor":6.0},{"not_picked":["Flex","Abandon"],"picked":"hubris:ReadiedAction","floor":8.0},{"not_picked":["Thunderclap","conspire:ExplosiveBarrier","Hemokinesis"],"picked":"SKIP","floor":11.0},{"not_picked":["Perfected Strike","Pommel Strike","Life Link"],"picked":"SKIP","floor":12.0},{"not_picked":["hubris:CleavingFinish","Clothesline","Life Link"],"picked":"SKIP","floor":13.0},{"not_picked":["Shockwave","Entrench","Uppercut"],"picked":"SKIP","floor":14.0},{"not_picked":["Barricade","Impervious"],"picked":"Berserk","floor":16.0},{"not_picked":["Iron Wave+1","Evolve+1"],"picked":"Massacre+1","floor":18.0},{"not_picked":["Sword Boomerang+1","conspire:Charge+1","Dropkick+1","Loop"],"picked":"SKIP","floor":22},{"not_picked":["Clothesline","Headbutt","hubris:DoWhile"],"picked":"Disarm+1","floor":24},{"not_picked":["Clothesline+1","Twin Strike","Pommel Strike","Streamline"],"picked":"Heavy Blade","floor":25},{"not_picked":["Armaments","Clash+1","Shockwave","Cold Snap"],"picked":"Berserk","floor":30},{"not_picked":["Clash","conspire:ExplosiveBarrier+1","Entrench","True Grit+1","Melter"],"picked":"SKIP","floor":35},{"not_picked":["hubris:SharpeningStone","Perfected Strike+1","True Grit","Static Discharge"],"picked":"Sword Boomerang+1","floor":36},{"not_picked":["Armaments","Flex+1","Pommel Strike+1","Fission"],"picked":"Inflame+1","floor":37}],"player_experience":252244,"relics_obtained":[{"floor":6.0,"key":"Gremlin Food"},{"floor":9.0,"key":"hubris:OldNail"},{"floor":14.0,"key":"Pantograph"},{"floor":24,"key":"Question Card"},{"floor":26,"key":"MawBank"},{"floor":36,"key":"hubris:AstralHammer"}],"event_choices":[{"damage_healed":0.0,"max_hp_gain":0.0,"max_hp_loss":0.0,"gold_gain":0.0,"event_name":"conspire:Investor","player_choice":"Leave","floor":19.0,"gold_loss":0.0,"damage_taken":0.0},{"damage_healed":0,"gold_gain":0,"player_choice":"0 cards matched","damage_taken":0,"max_hp_gain":0,"max_hp_loss":0,"event_name":"Match and Keep!","floor":20,"gold_loss":0,"cards_obtained":[]},{"cards_removed":["Strike_R"],"damage_healed":0,"gold_gain":0,"player_choice":"Elegance","damage_taken":0,"max_hp_gain":0,"max_hp_loss":0,"event_name":"Back to Basics","floor":31,"gold_loss":0},{"damage_healed":0,"gold_gain":0,"player_choice":"Fight","damage_taken":0,"max_hp_gain":0,"max_hp_loss":0,"event_name":"MindBloom","floor":36,"gold_loss":0}],"is_beta":false,"boss_relics":[{"not_picked":["aspiration:WatcherSkillbook","hubris:Stopwatch","Painkiller Herb"]},{"not_picked":["Tiny House","SacredBark"],"picked":"Runic Dome"}],"items_purged_floors":[3,28],"is_endless":false,"potions_floor_spawned":[6,12,14,16,22,25,36],"killed_by":"Spire Growth","ascension_level":1}}