{"host":"f5gffvlv6a66yqkd","time":1612541275,"event":{"mods":["2.2 Compatiblity","BaseMod","Colored Map","Custom Start","DeckTracker","Keyboard Shortcuts","Minty Spire (QoL Compilation)","Permanent Neow","Quick Restart","Relic Stats","StSLib","SuperFastMode"],"gold_per_floor":[115,115,38,51,126,126,161,161,161,43,43,93,93,106,106,195,195,210,26,26,26],"floor_reached":20,"language":"KOR","playtime":409,"items_purged":["Strike_R"],"score":386,"play_id":"5e52fb15-eb46-452a-ab44-c14649bbb458","local_time":"20210206010755","is_ascension_mode":true,"campfire_choices":[{"data":"Armaments","floor":6,"key":"SMITH"},{"data":"Carnage","floor":8,"key":"SMITH"},{"data":"Fire Breathing","floor":13,"key":"SMITH"},{"data":"Bash","floor":15,"key":"SMITH"}],"circlet_count":0,"master_deck":["AscendersBane","Strike_R","Strike_R","Defend_R","Defend_R","Defend_R","Defend_R","Bash+1","Thunderclap","Carnage+1","Armaments+1","Offering","Fire Breathing+1","Clothesline","Exhume","Twin Strike","Hemokinesis"],"relics":["Burning Blood","NeowsBlessing","Magic Flower","Tiny Chest","HornCleat","Golden Idol","Empty Cage","Membership Card"],"acts_visited":["Exordium","TheCity"],"potions_floor_usage":[20],"damage_taken":[{"damage":0,"enemies":"Cultist","floor":1,"turns":1},{"damage":0,"enemies":"2 Louse","floor":4,"turns":1},{"damage":0,"enemies":"Gremlin Nob","floor":7,"turns":1},{"damage":7,"enemies":"Jaw Worm","floor":14,"turns":3},{"damage":11,"enemies":"Slime Boss","floor":16,"turns":6},{"damage":56,"enemies":"3 Byrds","floor":18,"turns":8},{"damage":22,"enemies":"Chosen","floor":20,"turns":3}],"seed_played":"6585249671015107623","potions_obtained":[{"floor":1,"key":"EssenceOfSteel"},{"floor":4,"key":"SteroidPotion"}],"is_trial":false,"path_per_floor":["M","?","$","M","?","R","E","R","T","$","?","?","R","M","R","B",null,"M","$","M"],"character_chosen":"IRONCLAD","items_purchased":["Carnage","Fire Breathing","Membership Card","Hemokinesis"],"campfire_rested":0,"item_purchase_floors":[3,10,19,19],"current_hp_per_floor":[74,74,74,75,64,64,73,73,73,73,47,40,40,42,42,40,66,19,19,0,0],"gold":26,"neow_bonus":"THREE_ENEMY_KILL","is_daily":false,"chose_seed":false,"campfire_upgraded":4,"win_rate":0.0,"timestamp":1612541275,"path_taken":["M","?","$","?","?","R","E","R","T","$","?","?","R","M","R","BOSS","M","$","M"],"items_purchased_type":["Card","Card","Relic","Card"],"build_version":"2020-12-22","purchased_purges":1,"victory":false,"max_hp_per_floor":[75,75,75,75,75,75,75,75,75,75,75,75,75,75,75,75,75,75,75,75,75],"relic_stats":{"counters":[7,23],"Golden Idol":24,"Magic Flower":[12],"Tiny Chest":0,"obtain_stats":[{"HornCleat":9,"NeowsBlessing":0,"Golden Idol":11,"Magic Flower":2,"Tiny Chest":7,"Membership Card":19,"Empty Cage":17,"Burning Blood":0},{"HornCleat":3,"NeowsBlessing":0,"Golden Idol":3,"Magic Flower":1,"Tiny Chest":3,"Membership Card":6,"Empty Cage":5,"Burning Blood":0},{"HornCleat":3,"NeowsBlessing":0,"Golden Idol":3,"Magic Flower":1,"Tiny Chest":3,"Membership Card":20,"Empty Cage":12,"Burning Blood":0}],"Burning Blood":43},"card_choices":[{"not_picked":["Clash","Flex"],"picked":"Thunderclap","floor":1},{"not_picked":["Bloodletting","Body Slam"],"picked":"Armaments","floor":4},{"not_picked":["Reaper","Inflame"],"picked":"Offering","floor":7},{"not_picked":["Warcry","Thunderclap"],"picked":"Clothesline","floor":14},{"not_picked":["Barricade","Juggernaut"],"picked":"Exhume","floor":16},{"not_picked":["Whirlwind","Entrench"],"picked":"Twin Strike","floor":18}],"player_experience":1656334,"relics_obtained":[{"floor":7,"key":"Tiny Chest"},{"floor":9,"key":"HornCleat"}],"event_choices":[{"damage_healed":0,"gold_gain":0,"player_choice":"Gave Potion","damage_taken":0,"relics_obtained":["Magic Flower"],"max_hp_gain":0,"max_hp_loss":0,"event_name":"WeMeetAgain","floor":2,"gold_loss":0},{"damage_healed":0,"gold_gain":75,"player_choice":"Gather Gold","damage_taken":11,"max_hp_gain":0,"max_hp_loss":0,"event_name":"World of Goop","floor":5,"gold_loss":0},{"damage_healed":0,"gold_gain":0,"player_choice":"Take Damage","damage_taken":26,"relics_obtained":["Golden Idol"],"max_hp_gain":0,"max_hp_loss":0,"event_name":"Golden Idol","floor":11,"gold_loss":0},{"damage_healed":0,"gold_gain":50,"player_choice":"Touch","damage_taken":7,"max_hp_gain":0,"max_hp_loss":0,"event_name":"FaceTrader","floor":12,"gold_loss":0}],"is_beta":false,"boss_relics":[{"not_picked":["Busted Crown","Velvet Choker"],"picked":"Empty Cage"}],"items_purged_floors":[10],"is_endless":false,"potions_floor_spawned":[1,4],"killed_by":"Chosen","ascension_level":20}}