{"host":"y76clbnovzmw9ubx","time":1612533349,"event":{"mods":["AchievementEnabler","BaseMod","Minty Spire (QoL Compilation)","Permanent Neow","Relic Stats"],"gold_per_floor":[114,126,138,63,78,112,112,123,176,209,209,209,240,251,251,323,323,337,71,82,93,113,113,113],"floor_reached":23,"language":"ENG","playtime":1268,"items_purged":["Strike_G"],"score":430,"play_id":"78d9e5db-270e-49a7-ae34-54ef71441115","local_time":"20210205085549","is_ascension_mode":true,"campfire_choices":[{"floor":7,"key":"REST"},{"floor":11,"key":"REST"},{"floor":15,"key":"REST"}],"circlet_count":0,"master_deck":["AscendersBane","Strike_G","Strike_G","Strike_G","Defend_G","Defend_G","Defend_G","Defend_G","Defend_G","Survivor","Neutralize","Apotheosis+1","Masterful Stab","Dagger Spray","Catalyst","Deflect","Skewer","Unload","Backflip","Envenom","Catalyst","Noxious Fumes","PiercingWail","Blade Dance","Infinite Blades"],"relics":["Ring of the Snake","Blood Vial","MealTicket","Mummified Hand","Juzu Bracelet","Black Star"],"acts_visited":["Exordium","TheCity"],"potions_floor_usage":[6,16,21,22],"damage_taken":[{"damage":1.0,"enemies":"Jaw Worm","floor":1.0,"turns":4.0},{"damage":0.0,"enemies":"Small Slimes","floor":2.0,"turns":5.0},{"damage":6.0,"enemies":"Cultist","floor":3.0,"turns":4.0},{"damage":27.0,"enemies":"Gremlin Gang","floor":5.0,"turns":3.0},{"damage":11,"enemies":"Gremlin Nob","floor":6,"turns":3},{"damage":0,"enemies":"3 Louse","floor":8,"turns":3},{"damage":17,"enemies":"Lagavulin","floor":10,"turns":8},{"damage":20,"enemies":"3 Sentries","floor":13,"turns":9},{"damage":0,"enemies":"2 Fungi Beasts","floor":14,"turns":4},{"damage":18,"enemies":"The Guardian","floor":16,"turns":14},{"damage":18,"enemies":"2 Thieves","floor":18,"turns":4},{"damage":4,"enemies":"Shell Parasite","floor":20,"turns":7},{"damage":10,"enemies":"Snecko","floor":21,"turns":5},{"damage":0,"enemies":"Snake Plant","floor":22,"turns":3},{"damage":45,"enemies":"Book of Stabbing","floor":23,"turns":4}],"seed_played":"-4630217963796375274","potions_obtained":[{"floor":1.0,"key":"SkillPotion"},{"floor":5.0,"key":"FearPotion"},{"floor":8,"key":"Dexterity Potion"},{"floor":10,"key":"Weak Potion"},{"floor":14,"key":"DuplicationPotion"},{"floor":21,"key":"ColorlessPotion"}],"is_trial":false,"path_per_floor":["M","M","M","?","M","E","R","M","T","E","R","?","E","M","R","B",null,"M","$","M","M","M","E"],"character_chosen":"THE_SILENT","items_purchased":["Noxious Fumes","PiercingWail","Weak Potion"],"campfire_rested":3,"item_purchase_floors":[19,19,19],"current_hp_per_floor":[58,58,52,52,25,14,32,34,34,19,37,37,19,21,39,23,51,35,50,48,40,42,0,0],"gold":113,"neow_bonus":"RANDOM_COLORLESS_2","is_daily":false,"chose_seed":false,"campfire_upgraded":0,"win_rate":0.0,"timestamp":1612533349,"path_taken":["M","M","M","?","M","E","R","M","T","E","R","?","E","M","R","BOSS","M","$","M","M","M","E"],"items_purchased_type":["Card","Card","Potion"],"build_version":"2020-12-22","purchased_purges":1,"victory":false,"max_hp_per_floor":[60,60,60,60,60,60,60,60,60,60,60,60,60,60,60,60,60,60,60,60,60,60,60,60],"relic_stats":{"Blood Vial":20,"counters":[15,80],"Mummified Hand":[9],"MealTicket":15,"Juzu Bracelet":0,"Black Star":0,"obtain_stats":[{"Blood Vial":6,"Mummified Hand":10,"MealTicket":9,"Juzu Bracelet":13,"Black Star":17,"Ring of the Snake":0},{"Blood Vial":5,"Mummified Hand":7,"MealTicket":6,"Juzu Bracelet":8,"Black Star":10,"Ring of the Snake":0},{"Blood Vial":19,"Mummified Hand":30,"MealTicket":22,"Juzu Bracelet":39,"Black Star":57,"Ring of the Snake":0}],"Ring of the Snake":[30]},"card_choices":[{"not_picked":["Master of Strategy","Secret Weapon"],"picked":"Apotheosis","floor":0.0},{"not_picked":["Dagger Throw","Distraction"],"picked":"Masterful Stab","floor":1.0},{"not_picked":["Dagger Throw","Quick Slash","Accuracy"],"picked":"SKIP","floor":2.0},{"not_picked":["Prepared","Terror"],"picked":"Dagger Spray","floor":3.0},{"not_picked":["Bouncing Flask","Slice"],"picked":"Catalyst","floor":5.0},{"not_picked":["All Out Attack","Tactician","Distraction"],"picked":"SKIP","floor":6},{"not_picked":["Tactician","Bane"],"picked":"Deflect","floor":8},{"not_picked":["Finisher","Underhanded Strike"],"picked":"Skewer","floor":10},{"not_picked":["Flying Knee","Outmaneuver"],"picked":"Unload","floor":13},{"not_picked":["Bane","Dagger Throw"],"picked":"Backflip","floor":14},{"not_picked":["Wraith Form v2","Grand Finale"],"picked":"Envenom","floor":16},{"not_picked":["Caltrops","Slice"],"picked":"Catalyst","floor":18},{"not_picked":["Sucker Punch","All Out Attack"],"picked":"Blade Dance","floor":20},{"not_picked":["Dagger Throw","Slice+1","Setup"],"picked":"SKIP","floor":21},{"not_picked":["Dodge and Roll","PiercingWail"],"picked":"Infinite Blades","floor":22}],"player_experience":3186026,"relics_obtained":[{"floor":6,"key":"Blood Vial"},{"floor":9,"key":"MealTicket"},{"floor":10,"key":"Mummified Hand"},{"floor":13,"key":"Juzu Bracelet"}],"event_choices":[{"cards_removed":["Strike_G"],"damage_healed":0.0,"max_hp_gain":0.0,"max_hp_loss":0.0,"gold_gain":0.0,"event_name":"The Cleric","player_choice":"Card Removal","floor":4.0,"gold_loss":75.0,"damage_taken":0.0},{"damage_healed":0,"gold_gain":0,"player_choice":"Forge","damage_taken":0,"max_hp_gain":0,"max_hp_loss":0,"event_name":"Accursed Blacksmith","floor":12,"gold_loss":0,"cards_upgraded":["Apotheosis"]}],"is_beta":false,"boss_relics":[{"not_picked":["SacredBark","Snecko Eye"],"picked":"Black Star"}],"items_purged_floors":[19],"is_endless":false,"potions_floor_spawned":[1,5,8,10,14,21],"killed_by":"Book of Stabbing","ascension_level":20}}