{"host":"kjehzzhcyp0nyrrl","time":1612536553,"event":{"mods":["100% Spire Juice","AchievementEnabler","BaseMod","Hermit","Keyboard Shortcuts","Koishi","Minty Spire (QoL Compilation)","StSLib","SuperFastMode","The Dragon Tamer","everything is the same but u backflip on backflip"],"gold_per_floor":[109,109,34,50,63,63,94,111,165,185,185,201,220,40,40,143,143,157,57,74,109,24,24,47,72,126,126,126,126,126],"floor_reached":29,"language":"KOR","playtime":686,"items_purged":["Defend_R","Strike_R"],"score":340,"play_id":"77ea2b83-40a4-457e-a404-085a1c3b0b9d","local_time":"20210205234913","is_ascension_mode":true,"campfire_choices":[{"data":"True Grit","floor":6,"key":"SMITH"},{"data":"Searing Blow+1","floor":15,"key":"SMITH"},{"data":"Searing Blow+2","floor":23,"key":"SMITH"},{"data":"Searing Blow+3","floor":27,"key":"SMITH"}],"circlet_count":0,"master_deck":["Strike_R","Strike_R","Strike_R","Strike_R","Defend_R","Defend_R+1","Defend_R","Trip","True Grit+1","Blood for Blood","Cleave+1","Searing Blow+4","Dropkick+1","Shrug It Off+1","Disarm","Feel No Pain","Second Wind+1","Pommel Strike+1","Iron Wave+1"],"relics":["Burning Blood","Molten Egg 2","TheAbacus","Mark of Pain","Red Mask","Happy Flower","War Paint","Orichalcum","Bag of Preparation"],"acts_visited":["Exordium","TheCity"],"potions_floor_usage":[7,8,18,21],"damage_taken":[{"damage":11,"enemies":"Small Slimes","floor":1,"turns":5},{"damage":6,"enemies":"Cultist","floor":4,"turns":3},{"damage":4,"enemies":"2 Louse","floor":5,"turns":3},{"damage":35,"enemies":"3 Sentries","floor":7,"turns":12},{"damage":12,"enemies":"Exordium Thugs","floor":8,"turns":5},{"damage":11,"enemies":"Blue Slaver","floor":10,"turns":4},{"damage":9,"enemies":"2 Fungi Beasts","floor":12,"turns":3},{"damage":0,"enemies":"Looter","floor":13,"turns":3},{"damage":8,"enemies":"Hexaghost","floor":16,"turns":10},{"damage":32,"enemies":"2 Thieves","floor":18,"turns":5},{"damage":3,"enemies":"Chosen","floor":20,"turns":5},{"damage":33,"enemies":"Masked Bandits","floor":21,"turns":5},{"damage":12,"enemies":"Book of Stabbing","floor":25,"turns":5},{"damage":15,"enemies":"Shelled Parasite and Fungi","floor":29,"turns":2}],"seed_played":"4283723431528295230","potions_obtained":[{"floor":2,"key":"SpeedPotion"},{"floor":2,"key":"Block Potion"},{"floor":2,"key":"SpeedPotion"},{"floor":8,"key":"GamblersBrew"},{"floor":10,"key":"DuplicationPotion"},{"floor":13,"key":"HeartOfIron"},{"floor":18,"key":"Ancient Potion"}],"is_trial":false,"path_per_floor":["M","?","$","M","M","R","E","M","T","M","?","M","M","$","R","B",null,"M","$","M","?","?","R","T","E","T","R","?","M"],"character_chosen":"IRONCLAD","items_purchased":["Feel No Pain","TheAbacus"],"campfire_rested":0,"item_purchase_floors":[14,14],"current_hp_per_floor":[67,67,67,67,69,69,40,34,34,29,29,26,32,32,32,30,68,42,42,45,18,18,18,18,12,12,12,12,0,0],"gold":126,"neow_bonus":"RANDOM_COLORLESS","is_daily":false,"chose_seed":false,"campfire_upgraded":4,"win_rate":0.0,"timestamp":1612536553,"path_taken":["M","?","$","?","M","R","E","M","T","M","?","M","M","?","R","BOSS","M","$","M","?","?","R","?","E","T","R","?","M"],"items_purchased_type":["Card","Relic"],"build_version":"2020-12-22","purchased_purges":2,"victory":false,"max_hp_per_floor":[80,80,80,80,80,80,80,80,80,80,80,80,80,80,80,80,80,80,80,80,80,80,80,80,80,80,80,80,80,80],"card_choices":[{"not_picked":["Discovery","Forethought"],"picked":"Trip","floor":0},{"not_picked":["Headbutt","Shrug It Off"],"picked":"True Grit","floor":1},{"not_picked":["Clothesline","Ghostly Armor"],"picked":"Blood for Blood","floor":4},{"not_picked":["Havoc","Whirlwind","Body Slam"],"picked":"SKIP","floor":5},{"not_picked":["Havoc","Whirlwind","Body Slam"],"picked":"SKIP","floor":5},{"not_picked":["Perfected Strike+1","Thunderclap+1"],"picked":"Cleave+1","floor":7},{"not_picked":["Infernal Blade","Havoc"],"picked":"Searing Blow+1","floor":8},{"not_picked":["Wild Strike+1","Thunderclap+1"],"picked":"Dropkick+1","floor":10},{"not_picked":["Cleave+1","Anger+1"],"picked":"Shrug It Off","floor":12},{"not_picked":["Flex","Seeing Red"],"picked":"Disarm","floor":13},{"not_picked":["Metallicize","Headbutt+1"],"picked":"Second Wind+1","floor":18},{"not_picked":["Sword Boomerang+1","Disarm"],"picked":"Pommel Strike+1","floor":20},{"not_picked":["Hemokinesis+1","Headbutt+1"],"picked":"Iron Wave+1","floor":25}],"player_experience":393419,"relics_obtained":[{"floor":7,"key":"Molten Egg 2"},{"floor":21,"key":"Red Mask"},{"floor":24,"key":"War Paint"},{"floor":25,"key":"Orichalcum"},{"floor":26,"key":"Bag of Preparation"}],"event_choices":[{"damage_healed":0,"gold_gain":0,"player_choice":"Got Potions","damage_taken":0,"max_hp_gain":0,"max_hp_loss":0,"event_name":"Lab","floor":2,"gold_loss":0},{"cards_removed":["Bash"],"damage_healed":0,"gold_gain":0,"player_choice":"Offered Basic","damage_taken":0,"max_hp_gain":0,"max_hp_loss":0,"event_name":"Bonfire Elementals","floor":11,"gold_loss":0},{"damage_healed":0,"gold_gain":0,"player_choice":"Fought Bandits","damage_taken":0,"max_hp_gain":0,"max_hp_loss":0,"event_name":"Masked Bandits","floor":21,"gold_loss":0},{"damage_healed":0,"gold_gain":0,"player_choice":"Obtained Relic","damage_taken":0,"relics_obtained":["Happy Flower"],"max_hp_gain":0,"max_hp_loss":0,"event_name":"Addict","floor":22,"gold_loss":85},{"damage_healed":0,"gold_gain":0,"player_choice":"Ignored","damage_taken":0,"max_hp_gain":0,"max_hp_loss":0,"event_name":"Ghosts","floor":28,"gold_loss":0}],"is_beta":false,"boss_relics":[{"not_picked":["Empty Cage","Black Blood"],"picked":"Mark of Pain"}],"items_purged_floors":[3,19],"is_endless":false,"potions_floor_spawned":[4,5,8,10,13,18,20],"killed_by":"Shelled Parasite and Fungi","ascension_level":8}}