{"host":"dzs26xzxvr8oc34c","time":1612532394,"event":{"mods":["100% Spire Juice","Arknights","BaseMod","Colored Map","Downfall","Minty Spire (QoL Compilation)","StSLib","SuperFastMode","Waifu the Spire"],"gold_per_floor":[117,63,75,75,93,93,109,123,123,154,154,188,188,188,188,188,188],"floor_reached":16,"language":"ZHS","playtime":974,"items_purged":[],"score":110,"play_id":"5fa0efc5-6a80-4243-929d-87683fc74273","local_time":"20210205213954","is_ascension_mode":false,"campfire_choices":[{"data":"ats:Poison Spread","floor":6,"key":"SMITH"},{"data":"ats:Soul Absorption","floor":11,"key":"SMITH"},{"data":"ats:Defend Order","floor":15,"key":"SMITH"}],"circlet_count":0,"master_deck":["ats:Strike C","ats:Strike S","ats:Strike V","ats:Armor Crushing Shot","ats:Defend","ats:Defend","ats:Defend","ats:Defend","ats:Emotion Absorption","ats:Absolute Focus","ats:Closed Bolt Burst Fire","ats:Poison Spread+1","ats:Absolute Focus","ats:Shell Defense","ats:Soul Absorption+1","ats:Blood Oath+1","ats:Hook Shot","ats:Defend Order+1"],"relics":["ats:Sanity","CaptainsWheel","Matryoshka","ats:Originium","InkBottle","The Courier","Golden Idol"],"acts_visited":["Exordium"],"potions_floor_usage":[10,10,12],"damage_taken":[{"damage":3,"enemies":"Small Slimes","floor":1,"turns":4},{"damage":6,"enemies":"Jaw Worm","floor":3,"turns":4},{"damage":0,"enemies":"Cultist","floor":5,"turns":4},{"damage":23,"enemies":"Exordium Thugs","floor":7,"turns":4},{"damage":5,"enemies":"Looter","floor":8,"turns":3},{"damage":31,"enemies":"Lagavulin","floor":10,"turns":7},{"damage":3,"enemies":"3 Sentries","floor":12,"turns":7},{"damage":41,"enemies":"Hexaghost","floor":16,"turns":11}],"seed_played":"4227927865306407295","potions_obtained":[{"floor":3,"key":"EntropicBrew"},{"floor":10,"key":"FearPotion"}],"is_trial":false,"path_per_floor":["M","$","M","?","M","R","M","M","T","E","R","E","?","?","R","B"],"character_chosen":"DOCTOR_CLASS","items_purchased":["ats:Closed Bolt Burst Fire"],"campfire_rested":0,"item_purchase_floors":[2],"current_hp_per_floor":[48,48,42,42,42,42,22,20,20,1,1,9,9,9,9,0,0],"gold":188,"neow_bonus":"ONE_RARE_RELIC","is_daily":false,"chose_seed":false,"campfire_upgraded":3,"win_rate":0.0,"timestamp":1612532394,"path_taken":["M","$","M","?","M","R","M","M","T","E","R","E","?","?","R","BOSS"],"items_purchased_type":["Card"],"build_version":"2020-12-22","purchased_purges":0,"victory":false,"max_hp_per_floor":[72,72,72,72,72,72,72,72,72,72,72,72,67,67,67,67,67],"card_choices":[{"not_picked":["ats:Blood Oath","ats:Powerful Strike"],"picked":"ats:Absolute Focus","floor":1},{"not_picked":["ats:Powerful Strike","ats:Beaten Up"],"picked":"ats:Poison Spread","floor":3},{"not_picked":["ats:Cat Scratch","ats:Shadow Raid"],"picked":"ats:Shell Defense","floor":5},{"not_picked":["ats:Composite Medical Shells","ats:Cat Scratch"],"picked":"ats:Soul Absorption","floor":7},{"not_picked":["ats:Poison Spread","ats:Soul Rend"],"picked":"ats:Blood Oath","floor":8},{"not_picked":["ats:Poison Spread","ats:Hammer On"],"picked":"ats:Hook Shot","floor":10},{"not_picked":["ats:Curse Doll","ats:Automatic Cover"],"picked":"ats:Defend Order","floor":12}],"player_experience":1196004,"relics_obtained":[{"floor":9,"key":"Matryoshka"},{"floor":10,"key":"ats:Originium"},{"floor":10,"key":"InkBottle"},{"floor":12,"key":"ats:Originium"},{"floor":12,"key":"The Courier"}],"event_choices":[{"damage_healed":0,"gold_gain":0,"cards_transformed":["ats:Strike G"],"player_choice":"Change","damage_taken":0,"max_hp_gain":0,"max_hp_loss":0,"event_name":"Living Wall","floor":4,"gold_loss":0,"cards_obtained":["ats:Absolute Focus"]},{"damage_healed":0,"gold_gain":0,"player_choice":"Lose Max HP","damage_taken":0,"relics_obtained":["Golden Idol"],"max_hp_gain":0,"max_hp_loss":5,"event_name":"Golden Idol","floor":13,"gold_loss":0},{"damage_healed":0,"gold_gain":0,"player_choice":"Upgraded","damage_taken":0,"max_hp_gain":0,"max_hp_loss":0,"event_name":"Upgrade Shrine","floor":14,"gold_loss":0,"cards_upgraded":["ats:Blood Oath"]}],"is_beta":false,"boss_relics":[],"items_purged_floors":[],"is_endless":false,"potions_floor_spawned":[3,10],"killed_by":"Hexaghost","ascension_level":0}}