{"host":"edan538w829056nc","time":1612569465,"event":{"mods":["AchievementEnabler","BaseMod","Custom Start","Highlight Path","Infinite Spire","Minty Spire (QoL Compilation)","Remilia??????","StSLib"],"gold_per_floor":[112,112,127,127,127,153,164,164,164,181,207,207,239,239,239,339,339,351,426,443,298,12,41,41,71,98,108,135,150,150,161,161,265,265,283,283,183,233,69,69,102,130,130,162,162,188,66,116,116,116,116,116,16,47,47],"floor_reached":56,"language":"ENG","playtime":3056,"items_purged":["Strike_P","MasterReality","WheelKick"],"score":1515,"play_id":"e5a35414-5d37-46b1-ad6e-18cd7f2afd19","local_time":"20210206005745","is_ascension_mode":true,"campfire_choices":[{"data":"TalkToTheHand","floor":8,"key":"SMITH"},{"data":"FlurryOfBlows","floor":12,"key":"SMITH"},{"floor":15,"key":"REST"},{"data":"SashWhip","floor":24,"key":"SMITH"},{"data":"ClearTheMind","floor":32,"key":"SMITH"},{"data":"Fasting2","floor":40,"key":"SMITH"},{"floor":45,"key":"REST"},{"floor":49,"key":"RECALL"},{"data":"Vigilance","floor":52,"key":"SMITH"}],"circlet_count":0,"master_deck":["Eruption+1","Vigilance+1","FlurryOfBlows+1","ClearTheMind+1","FollowUp","TalkToTheHand+1","Protect","SashWhip+1","Ragnarok","FlurryOfBlows+1","Wallop","FlurryOfBlows","Gluttony_TH","Crescendo+1","FlurryOfBlows","FlurryOfBlows","Scrawl+1","Pray+1","Fasting2+1","Prostrate+1"],"relics":["HolyWater","NeowsBlessing","CloakClasp","Bag of Marbles","Juzu Bracelet","Toy Ornithopter","Tiny Chest","Ornamental Fan","Kunai","Toxic Egg 2","Centennial Puzzle","Happy Flower","Pandora\u0027s Box","WingedGreaves","The Courier","Pen Nib","infinitespire:CheckeredPen","Lantern","Ancient Tea Set","Bag of Preparation","infinitespire:Joker Card","Bronze Scales"],"acts_visited":["Exordium","TheCity","TheBeyond","TheEnding"],"potions_floor_usage":[20,27,27,33,33,33,42,42,55,55],"damage_taken":[{"damage":0,"enemies":"2 Louse","floor":1,"turns":1},{"damage":0,"enemies":"infinitespire:Voidling","floor":3,"turns":1},{"damage":0,"enemies":"Lagavulin","floor":6,"turns":1},{"damage":0,"enemies":"Small Slimes","floor":7,"turns":2},{"damage":0,"enemies":"3 Louse","floor":10,"turns":1},{"damage":8,"enemies":"3 Sentries","floor":11,"turns":11},{"damage":19,"enemies":"Gremlin Nob","floor":13,"turns":4},{"damage":13,"enemies":"The Guardian","floor":16,"turns":9},{"damage":18,"enemies":"Shell Parasite","floor":18,"turns":2},{"damage":0,"enemies":"Chosen","floor":20,"turns":3},{"damage":1,"enemies":"Book of Stabbing","floor":23,"turns":5},{"damage":15,"enemies":"Gremlin Leader","floor":25,"turns":6},{"damage":0,"enemies":"Centurion and Healer","floor":27,"turns":6},{"damage":0,"enemies":"3 Cultists","floor":29,"turns":5},{"damage":0,"enemies":"Shelled Parasite and Fungi","floor":31,"turns":4},{"damage":15,"enemies":"Collector","floor":33,"turns":9},{"damage":0,"enemies":"Orb Walker","floor":35,"turns":2},{"damage":7,"enemies":"Mind Bloom Boss Battle","floor":38,"turns":4},{"damage":0,"enemies":"Nemesis","floor":41,"turns":3},{"damage":41,"enemies":"Reptomancer","floor":42,"turns":4},{"damage":11,"enemies":"Giant Head","floor":44,"turns":6},{"damage":9,"enemies":"2 Orb Walkers","floor":48,"turns":3},{"damage":45,"enemies":"Awakened One","floor":50,"turns":7},{"damage":0,"enemies":"Shield and Spear","floor":54,"turns":2},{"damage":13,"enemies":"The Heart","floor":55,"turns":7}],"seed_played":"3249084789769125325","potions_obtained":[{"floor":1,"key":"GamblersBrew"},{"floor":10,"key":"SpeedPotion"},{"floor":13,"key":"Strength Potion"},{"floor":16,"key":"BottledMiracle"},{"floor":20,"key":"AttackPotion"},{"floor":23,"key":"Regen Potion"},{"floor":29,"key":"DistilledChaos"},{"floor":31,"key":"Swift Potion"},{"floor":35,"key":"SteroidPotion"},{"floor":41,"key":"SkillPotion"},{"floor":48,"key":"Dexterity Potion"}],"is_trial":false,"path_per_floor":["M","?","M","?","?","E","M","R","T","M","E","R","E","?","R","B",null,"M","?","M","$","$","E","R","E","T","M","T","M","?","M","R","B",null,"M","?","$","?","$","R","E","E","T","E","R","T","$","?","R","B",null,"R","$","E","B",null],"character_chosen":"WATCHER","items_purchased":["Wallop","Ornamental Fan","FlurryOfBlows","Fasting2","Bag of Preparation","Strength Potion","GamblersBrew"],"campfire_rested":2,"item_purchase_floors":[21,22,22,39,47,53,53],"current_hp_per_floor":[72,72,72,72,69,69,69,69,69,69,61,61,42,42,63,50,72,54,47,52,52,52,51,51,36,36,61,61,61,76,76,76,76,87,87,87,87,80,80,80,80,46,46,35,61,61,61,52,52,7,87,87,87,87,74],"gold":47,"neow_bonus":"THREE_ENEMY_KILL","is_daily":false,"chose_seed":false,"campfire_upgraded":6,"win_rate":0.0,"timestamp":1612569465,"path_taken":["M","?","?","?","?","E","M","R","T","M","E","R","E","?","R","BOSS","M","?","M","?","$","E","R","E","T","M","?","M","?","M","R","BOSS","M","?","$","?","$","R","E","E","T","E","R","?","?","?","R","BOSS","R","$","E","BOSS"],"items_purchased_type":["Card","Relic","Card","Card","Relic","Potion","Potion"],"build_version":"2020-12-22","purchased_purges":3,"victory":true,"max_hp_per_floor":[72,72,72,72,72,72,72,72,72,72,72,72,72,72,72,72,72,72,72,72,72,72,72,72,72,72,72,72,72,87,87,87,87,87,87,87,87,87,87,87,87,87,87,87,87,87,87,87,87,87,87,87,87,87,87],"card_choices":[{"not_picked":["Indignation","WreathOfFlame"],"picked":"FlurryOfBlows","floor":1},{"not_picked":["FlurryOfBlows","CrushJoints"],"picked":"ClearTheMind","floor":3},{"not_picked":["JustLucky","EmptyBody"],"picked":"FollowUp","floor":6},{"not_picked":["Consecrate","Worship"],"picked":"TalkToTheHand","floor":7},{"not_picked":["Consecrate","CutThroughFate","ClearTheMind"],"picked":"SKIP","floor":10},{"not_picked":["WheelKick","LikeWater"],"picked":"Protect","floor":11},{"not_picked":["Judgement","JustLucky"],"picked":"SashWhip","floor":13},{"not_picked":["Devotion","Brilliance"],"picked":"Ragnarok","floor":16},{"not_picked":["BowlingBash","JustLucky"],"picked":"FlurryOfBlows","floor":18},{"not_picked":["BowlingBash","EmptyBody","SashWhip"],"picked":"SKIP","floor":20},{"not_picked":["EmptyBody+1","Swivel","FlyingSleeves"],"picked":"SKIP","floor":23},{"not_picked":["Adaptation","SashWhip","Collect+1"],"picked":"SKIP","floor":25},{"not_picked":["Wireheading","BowlingBash","SandsOfTime"],"picked":"SKIP","floor":27},{"not_picked":["Conclude+1","Vengeance+1","EmptyBody+1"],"picked":"SKIP","floor":29},{"not_picked":["DeusExMachina+1","ThirdEye+1","Protect+1"],"picked":"SKIP","floor":31},{"not_picked":["LikeWater+1","SignatureMove+1","PathToVictory+1"],"picked":"SKIP","floor":35},{"not_picked":["Vengeance+1","Sanctity+1"],"picked":"Prostrate+1","floor":41},{"not_picked":["CutThroughFate+1","ReachHeaven","Pray+1"],"picked":"SKIP","floor":42},{"not_picked":["BowlingBash+1","WreathOfFlame+1","Evaluate+1"],"picked":"SKIP","floor":44},{"not_picked":["Consecrate","Swivel+1","Fasting2"],"picked":"SKIP","floor":54}],"player_experience":470575,"relics_obtained":[{"floor":6,"key":"Juzu Bracelet"},{"floor":11,"key":"Toy Ornithopter"},{"floor":13,"key":"Tiny Chest"},{"floor":23,"key":"Kunai"},{"floor":25,"key":"Toxic Egg 2"},{"floor":26,"key":"Centennial Puzzle"},{"floor":28,"key":"Happy Flower"},{"floor":38,"key":"WingedGreaves"},{"floor":41,"key":"The Courier"},{"floor":42,"key":"Pen Nib"},{"floor":43,"key":"infinitespire:CheckeredPen"},{"floor":44,"key":"Lantern"},{"floor":46,"key":"Ancient Tea Set"},{"floor":48,"key":"infinitespire:Joker Card"},{"floor":54,"key":"Bronze Scales"}],"event_choices":[{"damage_healed":0,"gold_gain":0,"player_choice":"Gave Potion","damage_taken":0,"relics_obtained":["CloakClasp"],"max_hp_gain":0,"max_hp_loss":0,"event_name":"WeMeetAgain","floor":2,"gold_loss":0},{"damage_healed":0,"gold_gain":0,"player_choice":"Success","damage_taken":3,"relics_obtained":["Bag of Marbles"],"max_hp_gain":0,"max_hp_loss":0,"event_name":"Scrap Ooze","floor":5,"gold_loss":0},{"damage_healed":0,"gold_gain":75,"player_choice":"Touch","damage_taken":7,"max_hp_gain":0,"max_hp_loss":0,"event_name":"FaceTrader","floor":19,"gold_loss":0},{"damage_healed":0,"gold_gain":0,"player_choice":"Upgraded","damage_taken":0,"max_hp_gain":0,"max_hp_loss":0,"event_name":"Upgrade Shrine","floor":36,"gold_loss":0,"cards_upgraded":["FlurryOfBlows"]},{"damage_healed":0,"gold_gain":0,"player_choice":"Fight","damage_taken":0,"max_hp_gain":0,"max_hp_loss":0,"event_name":"MindBloom","floor":38,"gold_loss":0},{"damage_healed":0,"gold_gain":0,"player_choice":"Fight","damage_taken":0,"max_hp_gain":0,"max_hp_loss":0,"event_name":"Mysterious Sphere","floor":48,"gold_loss":0}],"is_beta":false,"boss_relics":[{"not_picked":["Snecko Eye","Velvet Choker"],"picked":"HolyWater"},{"not_picked":["Coffee Dripper","SlaversCollar"],"picked":"Pandora\u0027s Box"}],"items_purged_floors":[21,37,39],"is_endless":false,"potions_floor_spawned":[1,10,13,16,20,23,29,31,35,41,48],"ascension_level":3}}