{"host":"yecadp3kwkksam5a","time":1612536268,"event":{"mods":["100% Spire Juice","Arknights","BaseMod","Minty Spire (QoL Compilation)","StSLib","SuperFastMode","The Cursed","WarShipGirlsR/??á´Ò³R mod"],"gold_per_floor":[17,35,46,46,59,59,84,84,160,177,208,208,208,241,253,354,366,394,165,215,233,287,287,330,348,348,348,388,388,403,418,418,516,516,535,559,559,574,574,614,630,630,654,654,690,690,723,723,723],"floor_reached":48,"language":"KOR","playtime":1684,"items_purged":["Strike_R"],"score":1051,"play_id":"dae7358c-c88c-4639-9470-c35832622c44","local_time":"20210205234428","is_ascension_mode":true,"campfire_choices":[{"data":"Armaments","floor":6.0,"key":"SMITH"},{"data":"Demon Form","floor":8.0,"key":"SMITH"},{"floor":15.0,"key":"REST"},{"floor":23.0,"key":"REST"},{"floor":32.0,"key":"RECALL"},{"data":"1","floor":46,"key":"LIFT"}],"circlet_count":0,"master_deck":["AscendersBane","Defend_R+1","Defend_R","Defend_R","Bash","Havoc+1","Reaper","Dual Wield","Blood for Blood","Evolve","Armaments+1","Demon Form+1","Seeing Red","Pommel Strike","Demon Form","Sword Boomerang","Shockwave","Sword Boomerang","Whirlwind","Apotheosis+1","Madness","Madness"],"relics":["Burning Blood","Gambling Chip","Pantograph","Anchor","Golden Idol","MawBank","Fusion Hammer","Centennial Puzzle","Regal Pillow","Ornamental Fan","War Paint","Coffee Dripper","Girya","MealTicket","Vajra"],"acts_visited":["Exordium","TheCity","TheBeyond"],"potions_floor_usage":[47],"damage_taken":[{"damage":15.0,"enemies":"Jaw Worm","floor":1.0,"turns":5.0},{"damage":7.0,"enemies":"2 Louse","floor":2.0,"turns":5.0},{"damage":16.0,"enemies":"Cultist","floor":3.0,"turns":4.0},{"damage":21.0,"enemies":"Exordium Thugs","floor":5.0,"turns":5.0},{"damage":19.0,"enemies":"3 Sentries","floor":7.0,"turns":6.0},{"damage":17.0,"enemies":"Looter","floor":10.0,"turns":5.0},{"damage":40.0,"enemies":"Gremlin Nob","floor":11.0,"turns":5.0},{"damage":27.0,"enemies":"Exordium Wildlife","floor":14.0,"turns":4.0},{"damage":45.0,"enemies":"Hexaghost","floor":16.0,"turns":8.0},{"damage":22.0,"enemies":"Spheric Guardian","floor":18.0,"turns":4.0},{"damage":55.0,"enemies":"3 Byrds","floor":21.0,"turns":7.0},{"damage":69.0,"enemies":"Book of Stabbing","floor":24.0,"turns":7.0},{"damage":29.0,"enemies":"Centurion and Healer","floor":25.0,"turns":9.0},{"damage":41.0,"enemies":"Gremlin Leader","floor":28.0,"turns":5.0},{"damage":17.0,"enemies":"Shelled Parasite and Fungi","floor":30.0,"turns":4.0},{"damage":49.0,"enemies":"3 Cultists","floor":31.0,"turns":6.0},{"damage":36.0,"enemies":"Champ","floor":33.0,"turns":7.0},{"damage":17.0,"enemies":"Orb Walker","floor":35.0,"turns":4.0},{"damage":24.0,"enemies":"3 Darklings","floor":36.0,"turns":5.0},{"damage":6.0,"enemies":"Maw","floor":38.0,"turns":6.0},{"damage":30.0,"enemies":"Nemesis","floor":40.0,"turns":5.0},{"damage":43,"enemies":"Writhing Mass","floor":41,"turns":5},{"damage":10,"enemies":"Giant Head","floor":45,"turns":6},{"damage":60,"enemies":"Nemesis","floor":47,"turns":5},{"damage":20,"enemies":"4 Shapes","floor":48,"turns":2}],"seed_played":"-3140868340249291880","potions_obtained":[{"floor":1.0,"key":"FearPotion"},{"floor":3.0,"key":"BlessingOfTheForge"},{"floor":5.0,"key":"DistilledChaos"},{"floor":7.0,"key":"Swift Potion"},{"floor":28.0,"key":"PowerPotion"}],"is_trial":false,"path_per_floor":["M","M","M","?","M","R","E","R","T","M","E","?","?","M","R","B",null,"M","$","?","M","T","R","E","M","T","?","E","?","M","M","R","B",null,"M","M","?","M","?","E","M","?","T","?","E","R","E","M"],"character_chosen":"IRONCLAD","items_purchased":["CultistPotion","Sword Boomerang"],"campfire_rested":2,"item_purchase_floors":[19,19],"current_hp_per_floor":[65,67,67,60,54,54,56,56,56,55,36,36,31,27,47,35,60,58,58,58,38,38,58,46,68,68,68,68,68,68,58,58,38,61,66,68,58,68,68,68,68,56,56,56,52,52,20,0,0],"gold":723,"neow_bonus":"TRANSFORM_TWO_CARDS","is_daily":false,"chose_seed":false,"campfire_upgraded":2,"win_rate":0.0,"timestamp":1612536268,"path_taken":["M","M","M","?","M","R","E","R","T","M","E","?","?","M","R","BOSS","M","$","?","?","?","R","E","M","T","?","E","?","?","M","R","BOSS","M","M","?","M","?","E","?","?","T","?","E","R","E","M"],"items_purchased_type":["Potion","Card"],"build_version":"2020-12-22","purchased_purges":1,"victory":false,"max_hp_per_floor":[75,75,75,75,75,75,75,75,75,75,75,68,68,68,68,68,68,68,68,68,68,68,68,68,68,68,68,68,68,68,68,68,68,68,68,68,68,68,68,68,68,68,68,68,68,68,68,68,68],"card_choices":[{"not_picked":["Sentinel","Combust"],"picked":"Dual Wield","floor":1.0},{"not_picked":["Flame Barrier","Warcry"],"picked":"Blood for Blood","floor":2.0},{"not_picked":["Havoc","Sentinel"],"picked":"Evolve","floor":3.0},{"not_picked":["Flex","Reckless Charge"],"picked":"Armaments","floor":5.0},{"not_picked":["Spot Weakness","Flex"],"picked":"Demon Form","floor":7.0},{"not_picked":["Ghostly Armor","Warcry","True Grit"],"picked":"SKIP","floor":10.0},{"not_picked":["Entrench","Feel No Pain"],"picked":"Seeing Red","floor":11.0},{"not_picked":["Clothesline","Cleave"],"picked":"Pommel Strike","floor":14.0},{"not_picked":["Corruption","Immolate"],"picked":"Demon Form","floor":16.0},{"not_picked":["Wild Strike","Rampage","Clothesline+1"],"picked":"SKIP","floor":18.0},{"not_picked":["Intimidate","Flex"],"picked":"Shockwave","floor":21.0},{"not_picked":["Pommel Strike","Flex","Iron Wave"],"picked":"SKIP","floor":24.0},{"not_picked":["Pommel Strike","Flex","Iron Wave"],"picked":"SKIP","floor":24.0},{"not_picked":["Warcry+1","Thunderclap"],"picked":"Sword Boomerang","floor":25.0},{"not_picked":["Fire Breathing","Iron Wave","Corruption"],"picked":"SKIP","floor":28.0},{"not_picked":["Armaments","Sever Soul","Cleave"],"picked":"SKIP","floor":30.0},{"not_picked":["Thunderclap","Wild Strike"],"picked":"Whirlwind","floor":31.0},{"not_picked":["Anger","True Grit","Flex"],"picked":"SKIP","floor":35.0},{"not_picked":["Clothesline","Heavy Blade","Searing Blow"],"picked":"SKIP","floor":36.0},{"not_picked":["Forethought","Magnetism"],"picked":"Apotheosis","floor":37.0},{"not_picked":["Inflame","Feel No Pain","Rampage"],"picked":"SKIP","floor":38.0},{"not_picked":["Twin Strike","Disarm","Headbutt"],"picked":"SKIP","floor":40.0},{"not_picked":["Iron Wave","Clash","Clothesline"],"picked":"SKIP","floor":41},{"not_picked":["Heavy Blade","Cleave+1","Havoc"],"picked":"SKIP","floor":45},{"not_picked":["Heavy Blade+1","Blood for Blood","Iron Wave"],"picked":"SKIP","floor":47}],"player_experience":604180,"relics_obtained":[{"floor":7.0,"key":"Gambling Chip"},{"floor":9.0,"key":"Pantograph"},{"floor":11.0,"key":"Anchor"},{"floor":22.0,"key":"Centennial Puzzle"},{"floor":24.0,"key":"Regal Pillow"},{"floor":26.0,"key":"Ornamental Fan"},{"floor":28.0,"key":"War Paint"},{"floor":40.0,"key":"Girya"},{"floor":45,"key":"MealTicket"},{"floor":47,"key":"Vajra"}],"event_choices":[{"cards_removed":["Strike_R"],"damage_healed":0.0,"max_hp_gain":0.0,"max_hp_loss":0.0,"gold_gain":0.0,"event_name":"Golden Wing","player_choice":"Card Removal","floor":4.0,"gold_loss":0.0,"damage_taken":7.0},{"damage_healed":0.0,"max_hp_gain":0.0,"max_hp_loss":7.0,"gold_gain":0.0,"event_name":"Golden Idol","player_choice":"Lose Max HP","floor":12.0,"gold_loss":0.0,"damage_taken":0.0,"relics_obtained":["Golden Idol"]},{"damage_healed":0.0,"max_hp_gain":0.0,"max_hp_loss":0.0,"gold_gain":0.0,"event_name":"Scrap Ooze","player_choice":"Success","floor":13.0,"gold_loss":0.0,"damage_taken":5.0,"relics_obtained":["MawBank"]},{"damage_healed":0.0,"max_hp_gain":0.0,"max_hp_loss":0.0,"gold_gain":50.0,"event_name":"Golden Shrine","player_choice":"Pray","floor":20.0,"gold_loss":0.0,"damage_taken":0.0},{"damage_healed":0.0,"max_hp_gain":0.0,"max_hp_loss":0.0,"gold_gain":0.0,"event_name":"Ghosts","player_choice":"Ignored","floor":27.0,"gold_loss":0.0,"damage_taken":0.0},{"cards_removed":["Strike_R"],"damage_healed":0.0,"max_hp_gain":0.0,"max_hp_loss":0.0,"gold_gain":0.0,"event_name":"Back to Basics","player_choice":"Elegance","floor":29.0,"gold_loss":0.0,"damage_taken":0.0},{"damage_healed":0.0,"max_hp_gain":0.0,"max_hp_loss":0.0,"gold_gain":0.0,"event_name":"SensoryStone","player_choice":"Memory 3","floor":37.0,"gold_loss":0.0,"damage_taken":10.0},{"cards_removed":["Defend_R"],"damage_healed":0.0,"max_hp_gain":0.0,"max_hp_loss":0.0,"gold_gain":0.0,"event_name":"Wheel of Change","player_choice":"Card Removal","floor":39.0,"gold_loss":0.0,"damage_taken":0.0},{"damage_healed":0,"gold_gain":0,"player_choice":"Embrace Madness","damage_taken":12,"max_hp_gain":0,"max_hp_loss":0,"event_name":"Winding Halls","floor":42,"gold_loss":0,"cards_obtained":["Madness","Madness"]},{"damage_healed":0,"gold_gain":0,"player_choice":"Forge","damage_taken":0,"max_hp_gain":0,"max_hp_loss":0,"event_name":"Accursed Blacksmith","floor":44,"gold_loss":0,"cards_upgraded":["Apotheosis"]}],"is_beta":false,"boss_relics":[{"not_picked":["Busted Crown","Snecko Eye"],"picked":"Fusion Hammer"},{"not_picked":["Black Blood","Runic Dome"],"picked":"Coffee Dripper"}],"items_purged_floors":[19],"is_endless":false,"potions_floor_spawned":[1,3,5,7,16,18,24,25,28,35,36,41],"killed_by":"4 Shapes","ascension_level":16}}