{"host":"126yiuos2nq86se7","time":1612493370,"event":{"mods":["AchievementEnabler","Act Like it!","BaseMod","Colored Map","Colored Powertips","Friendly Minions","Highlight Path","Hubris","Minty Spire (QoL Compilation)","Reimu??????","StSLib","SuperFastMode","The Animator"],"gold_per_floor":[126,51,51,51,62,62,79,79,79,109,109,127,141,141,141,239,239,249,261,275,275,55,55,71,71,97,113,113,113],"floor_reached":28,"language":"ENG","playtime":1553,"items_purged":["animator:Strike","animator:Strike+1"],"score":220,"play_id":"92624d38-325a-4201-8deb-3a2d6ebef651","local_time":"20210205134930","is_ascension_mode":false,"campfire_choices":[{"data":"animator:ElricEdward","floor":6.0,"key":"SMITH"},{"floor":8.0,"key":"REST"},{"floor":15.0,"key":"REST"},{"floor":23,"key":"REST"},{"floor":25,"key":"REST"}],"circlet_count":0,"master_deck":["animator:Strike_FullmetalAlchemist","animator:Defend_FullmetalAlchemist+1","animator:Defend","animator:Defend","animator:Defend","animator:ElricEdward+1","animator:ElricAlphonse+1","animator:MamiTomoe","animator:KyokoSakura","animator:ElricAlphonse","animator:YachiyoNanami","animator:Layla","animator:MamiTomoe","animator:Kaijin","animator:Guy","animator:AcuraAkari+1"],"relics":["animator:LivingPicture","animator:TheMissingPiece","Toy Ornithopter","animator:WornHelmet","Blue Candle","hubris:RunicObelisk","NlothsMask"],"acts_visited":["Exordium","TheCity"],"potions_floor_usage":[],"damage_taken":[{"damage":15.0,"enemies":"Jaw Worm","floor":1.0,"turns":4.0},{"damage":0.0,"enemies":"2 Louse","floor":5.0,"turns":2.0},{"damage":0.0,"enemies":"Cultist","floor":7.0,"turns":2.0},{"damage":18.0,"enemies":"Lagavulin","floor":10.0,"turns":4.0},{"damage":2.0,"enemies":"2 Fungi Beasts","floor":12.0,"turns":4.0},{"damage":4.0,"enemies":"Blue Slaver","floor":13.0,"turns":5.0},{"damage":63.0,"enemies":"Slime Boss","floor":16.0,"turns":10.0},{"damage":29.0,"enemies":"3 Byrds","floor":18.0,"turns":5.0},{"damage":6.0,"enemies":"Chosen","floor":19.0,"turns":5.0},{"damage":23.0,"enemies":"Centurion and Healer","floor":20.0,"turns":8.0},{"damage":19,"enemies":"Snake Plant","floor":24,"turns":5},{"damage":31,"enemies":"3 Cultists","floor":27,"turns":6},{"damage":22,"enemies":"Shelled Parasite and Fungi","floor":28,"turns":2}],"seed_played":"2183050183328210156","potions_obtained":[{"floor":1.0,"key":"Dexterity Potion"},{"floor":7.0,"key":"EssenceOfSteel"},{"floor":19.0,"key":"LiquidMemories"},{"floor":20.0,"key":"AttackPotion"}],"is_trial":false,"path_per_floor":["M","$","?","?","M","R","M","R","T","E","?","M","M","?","R","B",null,"M","M","M","?","$","R","M","R","T","M","M"],"character_chosen":"THE_ANIMATOR","items_purchased":["animator:Kaijin","animator:Guy"],"campfire_rested":4,"item_purchase_floors":[22,22],"current_hp_per_floor":[57,57,43,43,43,43,43,64,64,55,60,58,54,47,70,7,78,49,43,20,20,20,43,24,47,47,16,0,0],"gold":113,"neow_bonus":"TEN_PERCENT_HP_BONUS","is_daily":false,"chose_seed":false,"campfire_upgraded":1,"win_rate":0.0,"timestamp":1612493370,"path_taken":["M","$","?","?","?","R","M","R","T","E","?","M","M","?","R","BOSS","M","M","M","?","$","R","?","R","T","M","M"],"items_purchased_type":["Card","Card"],"build_version":"2020-12-22","purchased_purges":2,"victory":false,"max_hp_per_floor":[72,72,72,72,72,72,72,72,72,73,78,78,78,78,78,78,78,78,78,78,78,78,78,78,78,78,78,78,78],"card_choices":[{"not_picked":["animator:IzunaHatsuse","animator:Shigure"],"picked":"animator:MamiTomoe","floor":1.0},{"not_picked":["animator:Hakurou","animator:Millim","animator:DolaRiku"],"picked":"SKIP","floor":5.0},{"not_picked":["animator:DolaSchwi","animator:Mikaela"],"picked":"animator:ElricAlphonse","floor":7.0},{"not_picked":["animator:KyokoSakura","animator:YuiTsuruno"],"picked":"animator:YachiyoNanami","floor":10.0},{"not_picked":["animator:DolaSchwi","animator:Jibril","animator:Gillette"],"picked":"SKIP","floor":12.0},{"not_picked":["animator:Millim","animator:Benimaru","animator:Shinoa"],"picked":"SKIP","floor":13.0},{"not_picked":["animator:Konayuki","animator:Hakurou+1"],"picked":"animator:Layla","floor":18.0},{"not_picked":["animator:SayakaMiki","animator:IrohaTamaki"],"picked":"animator:MamiTomoe","floor":19.0},{"not_picked":["animator:ChlammyZell+1","animator:KrulTepes+1","animator:Togame"],"picked":"SKIP","floor":20.0},{"not_picked":["animator:Nanami","animator:RoyMustang"],"picked":"animator:AcuraAkari+1","floor":24},{"not_picked":["animator:Shuna","animator:MaesHughes","animator:ElricEdward"],"picked":"SKIP","floor":27}],"player_experience":1589576,"relics_obtained":[{"floor":9.0,"key":"Toy Ornithopter"},{"floor":10.0,"key":"animator:WornHelmet"}],"event_choices":[{"damage_healed":0.0,"max_hp_gain":0.0,"max_hp_loss":0.0,"gold_gain":0.0,"event_name":"Shining Light","player_choice":"Entered Light","floor":3.0,"gold_loss":0.0,"damage_taken":14.0,"cards_upgraded":["animator:ElricAlphonse","animator:Strike"]},{"damage_healed":0.0,"max_hp_gain":0.0,"max_hp_loss":0.0,"gold_gain":0.0,"cards_transformed":["animator:Strike"],"event_name":"Transmorgrifier","player_choice":"Transformed","floor":4.0,"gold_loss":0.0,"damage_taken":0.0,"cards_obtained":["animator:KyokoSakura"]},{"damage_healed":0.0,"max_hp_gain":5.0,"max_hp_loss":0.0,"gold_gain":0.0,"event_name":"Big Fish","player_choice":"Donut","floor":11.0,"gold_loss":0.0,"damage_taken":0.0},{"damage_healed":0.0,"max_hp_gain":0.0,"max_hp_loss":0.0,"gold_gain":0.0,"event_name":"Scrap Ooze","player_choice":"Success","floor":14.0,"gold_loss":0.0,"damage_taken":7.0,"relics_obtained":["Blue Candle"]},{"damage_healed":0,"gold_gain":0,"player_choice":"Trade","damage_taken":0,"relics_obtained":["NlothsMask"],"max_hp_gain":0,"max_hp_loss":0,"event_name":"FaceTrader","floor":21,"gold_loss":0}],"is_beta":false,"boss_relics":[{"not_picked":["hubris:BlackHole","hubris:CrackedHourglass"],"picked":"hubris:RunicObelisk"}],"items_purged_floors":[2,22],"is_endless":false,"potions_floor_spawned":[1,7,19,20],"killed_by":"Shelled Parasite and Fungi","ascension_level":0}}