{"host":"jjunaul04msmo6r1","time":1612496947,"event":{"mods":["BaseMod","Better Third Choice","Booster Modes","Colored Map","Downfall","Minty Spire (QoL Compilation)","Relic Stats","StSLib","UnlockEverythingMod","everything is the same but u backflip on backflip"],"gold_per_floor":[99,118,128,228,239,274,274,74,89,89,122,132,132,147,159,255,255,155,171,187,18,36,49,74,90,118,118,134,167,267,280,291,390,390,390,410,144,162,175,175,245,255,288,299,315,330,330,330,330],"floor_reached":47,"language":"ENG","playtime":37347,"items_purged":["bronze:Strike","bronze:Defend"],"score":626,"play_id":"4da76e08-ef6f-405d-a03f-487ba4f6c498","local_time":"20210204204907","is_ascension_mode":true,"campfire_choices":[{"data":"bronze:Goto","floor":1,"key":"SMITH"},{"floor":8,"key":"RECALL"},{"data":"bronze:BuggyMess","floor":13,"key":"SMITH"},{"data":"bronze:Constructor","floor":18,"key":"SMITH"},{"data":"bronze:Format","floor":27,"key":"SMITH"},{"data":"bronze:Mutator","floor":35,"key":"SMITH"},{"data":"bronze:Library","floor":40,"key":"SMITH"}],"circlet_count":0,"master_deck":["bronze:Strike","bronze:Strike","bronze:Defend","bronze:Replicate","bronze:Goto+1","bronze:Constructor+1","bronze:ForceShield","bronze:BuggyMess+1","bronze:Format","bronze:Refactor","bronze:Terminator","bronze:OilSpill","bronze:AlphaBuild","bronze:FollowUp","bronze:Format+1","bronze:Shell","bronze:Repulsor","bronze:Repulsor","bronze:BugBarrage","bronze:DelayedGuard+1","bronze:Library+1","bronze:DelayedGuard","bronze:RecursiveStrike","bronze:Mutator+1","bronze:ClassDefault+1","bronze:Philosophize+1","bronze:InfiniteBeams+1","bronze:OilSpill+1","bronze:ForceShield+1"],"relics":["bronze:BronzeCore","Ancient Tea Set","downfall:HeartBlessingBlue","downfall:HeartBlessingGreen","Pen Nib","SlaversCollar","downfall:HeartBlessingRed","Blood Vial","StrikeDummy","Darkstone Periapt","White Beast Statue","Velvet Choker","MealTicket","Question Card","champ:DeflectingBracers"],"acts_visited":["Exordium","TheCity","TheBeyond"],"potions_floor_usage":[6,11,15,22,28,29,31,31,31,32,32,33,39,42,42,43,45,46,47],"damage_taken":[{"damage":0,"enemies":"Cultist","floor":2,"turns":3},{"damage":1,"enemies":"Small Slimes","floor":3,"turns":4},{"damage":0,"enemies":"2 Louse","floor":5,"turns":3},{"damage":41,"enemies":"3 Sentries","floor":6,"turns":15},{"damage":4,"enemies":"Lots of Slimes","floor":9,"turns":5},{"damage":5,"enemies":"Gremlin Nob","floor":11,"turns":5},{"damage":0,"enemies":"3 Louse","floor":12,"turns":3},{"damage":0,"enemies":"2 Fungi Beasts","floor":14,"turns":3},{"damage":14,"enemies":"Large Slime","floor":15,"turns":5},{"damage":6,"enemies":"SI_SHIV_ARCHETYPE","floor":16,"turns":9},{"damage":0,"enemies":"Spheric Guardian","floor":19,"turns":3},{"damage":0,"enemies":"3 Byrds","floor":20,"turns":5},{"damage":0,"enemies":"downfall:FleeingMerchant","floor":21,"turns":4},{"damage":18,"enemies":"Cultist and Chosen","floor":22,"turns":6},{"damage":7,"enemies":"Snecko","floor":23,"turns":5},{"damage":0,"enemies":"3 Cultists","floor":25,"turns":6},{"damage":2,"enemies":"Slavers","floor":26,"turns":7},{"damage":3,"enemies":"Shelled Parasite and Fungi","floor":28,"turns":6},{"damage":24,"enemies":"Book of Stabbing","floor":29,"turns":5},{"damage":12,"enemies":"downfall:LadyInBlue","floor":30,"turns":9},{"damage":3,"enemies":"Centurion and Healer","floor":31,"turns":7},{"damage":5,"enemies":"3 Cultists","floor":32,"turns":8},{"damage":10,"enemies":"DF_ARCHETYPE_CLAW","floor":33,"turns":11},{"damage":10,"enemies":"Orb Walker","floor":36,"turns":4},{"damage":0,"enemies":"downfall:FleeingMerchant","floor":37,"turns":4},{"damage":5,"enemies":"3 Shapes","floor":38,"turns":3},{"damage":25,"enemies":"Maw","floor":39,"turns":7},{"damage":5,"enemies":"3 Darklings","floor":42,"turns":6},{"damage":0,"enemies":"Giant Head","floor":43,"turns":8},{"damage":9,"enemies":"Transient","floor":44,"turns":5},{"damage":4,"enemies":"4 Shapes","floor":45,"turns":7},{"damage":27,"enemies":"Maw","floor":46,"turns":7},{"damage":7,"enemies":"Jaw Worm Horde","floor":47,"turns":3}],"seed_played":"5955536702245514416","potions_obtained":[{"floor":2,"key":"PowerPotion"},{"floor":3,"key":"Weak Potion"},{"floor":11,"key":"SkillPotion"},{"floor":14,"key":"Ancient Potion"},{"floor":16,"key":"Strength Potion"},{"floor":19,"key":"DistilledChaos"},{"floor":20,"key":"Block Potion"},{"floor":23,"key":"champ:CounterPotion"},{"floor":25,"key":"Slimebound:ThreeZeroPotion"},{"floor":30,"key":"bronze:FreeFunctionsPotion"},{"floor":30,"key":"Swift Potion"},{"floor":30,"key":"EntropicBrew"},{"floor":31,"key":"Energy Potion"},{"floor":32,"key":"Swift Potion"},{"floor":33,"key":"LiquidMemories"},{"floor":36,"key":"BlessingOfTheForge"},{"floor":39,"key":"SpeedPotion"},{"floor":42,"key":"Weak Potion"},{"floor":43,"key":"bronze:CleanCodePotion"},{"floor":44,"key":"BlessingOfTheForge"},{"floor":45,"key":"ColorlessPotion"},{"floor":46,"key":"LiquidBronze"}],"is_trial":false,"path_per_floor":["R","M","M","?","M","E","T","R","M","?","E","M","R","M","M","B",null,"R","M","M","$","M","M","T","M","E","R","M","E","?","M","M","B",null,"R","M","$","M","M","R","T","M","E","M","M","M","M"],"character_chosen":"THE_AUTOMATON","items_purchased":["bronze:Repulsor","MealTicket"],"campfire_rested":0,"item_purchase_floors":[21,37],"current_hp_per_floor":[63,63,62,62,62,21,21,31,27,27,22,22,22,22,8,2,73,73,73,73,73,55,48,48,50,50,50,49,27,17,16,13,5,73,73,63,65,62,39,39,39,36,38,31,29,4,0,0,0],"gold":330,"neow_bonus":"REMOVE_TWO","is_daily":false,"chose_seed":false,"campfire_upgraded":6,"win_rate":0.0,"timestamp":1612496947,"path_taken":["R","M","M","?","M","E","T","R","?","?","E","M","R","M","M","BOSS","R","M","M","$","M","M","T","?","E","R","?","E","?","M","M","BOSS","R","M","$","?","M","R","T","M","E","M","M","M","M"],"items_purchased_type":["Card","Relic"],"build_version":"2020-12-22","purchased_purges":2,"victory":false,"max_hp_per_floor":[63,63,63,63,63,63,63,73,73,73,73,73,73,73,73,73,73,73,73,73,73,73,73,73,73,73,73,73,73,73,73,73,73,73,73,73,73,73,73,73,73,73,73,73,73,73,73,73,73],"relic_stats":{"Blood Vial":34,"Darkstone Periapt":0,"counters":[33,191],"MealTicket":0,"Pen Nib":[37],"Question Card":5,"obtain_stats":[{"Darkstone Periapt":29,"bronze:BronzeCore":0,"downfall:HeartBlessingRed":18,"Velvet Choker":34,"downfall:HeartBlessingGreen":8,"Pen Nib":11,"champ:DeflectingBracers":43,"Ancient Tea Set":6,"Question Card":41,"White Beast Statue":30,"Blood Vial":24,"SlaversCollar":17,"downfall:HeartBlessingBlue":8,"MealTicket":37,"StrikeDummy":26},{"Darkstone Periapt":19,"bronze:BronzeCore":0,"downfall:HeartBlessingRed":10,"Velvet Choker":23,"downfall:HeartBlessingGreen":4,"Pen Nib":6,"champ:DeflectingBracers":29,"Ancient Tea Set":4,"Question Card":27,"White Beast Statue":20,"Blood Vial":15,"SlaversCollar":10,"downfall:HeartBlessingBlue":4,"MealTicket":25,"StrikeDummy":17},{"Darkstone Periapt":102,"bronze:BronzeCore":0,"downfall:HeartBlessingRed":55,"Velvet Choker":137,"downfall:HeartBlessingGreen":25,"Pen Nib":35,"champ:DeflectingBracers":169,"Ancient Tea Set":25,"Question Card":155,"White Beast Statue":111,"Blood Vial":78,"SlaversCollar":55,"downfall:HeartBlessingBlue":25,"MealTicket":145,"StrikeDummy":91}]},"card_choices":[{"not_picked":["bronze:WildBeam","bronze:Iterate"],"picked":"bronze:Constructor","floor":2},{"not_picked":["bronze:Boost","bronze:WildBeam"],"picked":"bronze:ForceShield","floor":3},{"not_picked":["bronze:BitShift","bronze:FollowUp"],"picked":"bronze:BuggyMess","floor":5},{"not_picked":["bronze:BuggyMess","bronze:ThunderWave"],"picked":"bronze:Format","floor":6},{"not_picked":["bronze:Safeguard","bronze:CloningBeam"],"picked":"bronze:Refactor","floor":9},{"not_picked":["bronze:DelayedSlice","bronze:ChildClass"],"picked":"bronze:Terminator","floor":11},{"not_picked":["bronze:Optimize","bronze:WhirlingStrike"],"picked":"bronze:OilSpill","floor":12},{"not_picked":["bronze:Allocate","bronze:BuggyMess"],"picked":"bronze:AlphaBuild","floor":14},{"not_picked":["bronze:Invalidate","bronze:Turbo"],"picked":"bronze:FollowUp","floor":15},{"not_picked":["bronze:TinkerersToolbox","bronze:Break"],"picked":"bronze:Format","floor":16},{"not_picked":["bronze:BuggyMess","bronze:Constructor"],"picked":"bronze:Shell","floor":19},{"not_picked":["bronze:Overheat","bronze:DelayedSlice+1","bronze:Invalidate"],"picked":"SKIP","floor":20},{"not_picked":["bronze:WildBeam","bronze:OilSpill"],"picked":"bronze:Repulsor","floor":21},{"not_picked":["bronze:WildBeam","bronze:BuggyMess","bronze:FineTuning"],"picked":"SKIP","floor":22},{"not_picked":["bronze:DelayedGuard","bronze:BuggyMess"],"picked":"bronze:BugBarrage","floor":23},{"not_picked":["bronze:GetLatest","bronze:Frontload"],"picked":"bronze:DelayedGuard+1","floor":25},{"not_picked":["bronze:Separator+1","bronze:Repair"],"picked":"bronze:Library","floor":26},{"not_picked":["bronze:BugBarrage","bronze:ChildClass+1","bronze:Invalidate"],"picked":"SKIP","floor":28},{"not_picked":["bronze:Backtrace","bronze:Overheat","bronze:GetLatest"],"picked":"SKIP","floor":29},{"not_picked":["bronze:Invalidate","bronze:Frontload"],"picked":"bronze:DelayedGuard","floor":30},{"not_picked":["bronze:WildBeam","bronze:Frontload","bronze:Branch"],"picked":"SKIP","floor":31},{"not_picked":["bronze:BugBarrage+1","bronze:FineTuning"],"picked":"bronze:RecursiveStrike","floor":32},{"not_picked":["bronze:ShipIt","bronze:SpaghettiCode"],"picked":"bronze:Mutator","floor":33},{"not_picked":["bronze:Return+1","bronze:Safeguard"],"picked":"bronze:ClassDefault+1","floor":36},{"not_picked":["bronze:Deprecate","bronze:Turbo+1"],"picked":"bronze:Philosophize+1","floor":37},{"not_picked":["bronze:Turbo","bronze:NullPointer"],"picked":"bronze:InfiniteBeams+1","floor":38},{"not_picked":["bronze:Fortify+1","bronze:FineTuning","bronze:CloningBeam"],"picked":"SKIP","floor":39},{"not_picked":["bronze:ClassDefault","bronze:Philosophize","bronze:DarkDash+1","bronze:DelayedGuard"],"picked":"SKIP","floor":42},{"not_picked":["bronze:Turbo","bronze:Overheat+1","bronze:BronzeOrb","bronze:Deprecate"],"picked":"SKIP","floor":43},{"not_picked":["bronze:Shield+1","bronze:Terminator","bronze:FineTuning+1"],"picked":"bronze:OilSpill+1","floor":44},{"not_picked":["bronze:CutThrough+1","bronze:DelayedSlice+1","bronze:Constructor"],"picked":"bronze:ForceShield+1","floor":45},{"not_picked":["bronze:Repulsor+1","bronze:WhirlingStrike","bronze:InfiniteBeams","bronze:InfiniteLoop"],"picked":"SKIP","floor":46}],"player_experience":501989,"relics_obtained":[{"floor":6,"key":"Ancient Tea Set"},{"floor":11,"key":"Pen Nib"},{"floor":24,"key":"Blood Vial"},{"floor":26,"key":"StrikeDummy"},{"floor":29,"key":"Darkstone Periapt"},{"floor":30,"key":"White Beast Statue"},{"floor":41,"key":"Question Card"},{"floor":43,"key":"champ:DeflectingBracers"}],"event_choices":[{"cards_removed":["bronze:Defend"],"damage_healed":0,"gold_gain":0,"player_choice":"Offered Basic","damage_taken":0,"max_hp_gain":0,"max_hp_loss":0,"event_name":"Bonfire Elementals","floor":10,"gold_loss":0}],"is_beta":false,"boss_relics":[{"not_picked":["Philosopher\u0027s Stone","Runic Pyramid"],"picked":"SlaversCollar"},{"not_picked":["Astrolabe","Sozu"],"picked":"Velvet Choker"}],"items_purged_floors":[21,37],"is_endless":false,"potions_floor_spawned":[2,3,11,14,16,19,20,23,25,26,30,31,32,33,36,37,38,39,42,43,44,45,46],"killed_by":"Jaw Worm Horde","ascension_level":3}}