{"host":"6rz02yiipefhcw4r","time":1612492017,"event":{"mods":["2.2 Compatiblity","Arknights","BaseMod","Better Match","Better Third Choice","Better Vampires","BetterRewards","Block Reminder","Colored Map","Curses Come First","DeckTracker","Googly Eyes","Hubris","Minty Spire (QoL Compilation)","Quick Restart","Rare Cards Sparkle","Reliquary","Shade Mod","Spicy Shops","StSLib","The Bladedancer","The Cursed","The Marked","The Necromancer","The Runesmith"],"gold_per_floor":[361,230,230,22,35,35,70,70,70,102,377,397,61,93,93,172,172,186,204,204,204,37,69,69,88,88,117,134,84,103,134,134,205,205,219,219,219,234,250,278,278,307,307,307,321,356,56,68,68,68,68,68,68,9,38,38],"floor_reached":57,"language":"ENG","playtime":3164,"items_purged":["hubris:Gluttony","Regret"],"score":3107,"play_id":"8786dfbf-4534-4f9a-9f8b-383c26219c2b","local_time":"20210205002657","is_ascension_mode":true,"campfire_choices":[{"data":"Spot Weakness","floor":6.0,"key":"SMITH"},{"floor":8.0,"key":"REST"},{"data":"Clothesline","floor":15,"key":"SMITH"},{"data":"Corruption","floor":24,"key":"SMITH"},{"floor":32,"key":"RECALL"},{"floor":44,"key":"REST"},{"floor":49,"key":"REST"},{"floor":53,"key":"REST"}],"circlet_count":0,"master_deck":["AscendersBane","Strike_R+1","Strike_R","Strike_R","Strike_R","Strike_R","Defend_R","Defend_R","Defend_R","Defend_R","Bash","Rampage","Clothesline+1","Shrug It Off","Sword Boomerang+1","Spot Weakness+1","Metallicize+1","Flex","Corruption+1","Iron Wave+1","Disarm","Whirlwind+1","Shrug It Off","Reaper","Shrug It Off+1","Seeing Red","Havoc","Disarm","Disarm","Panacea","Barricade","Shrug It Off","Shockwave"],"relics":["Burning Blood","hubris:Towel","Bag of Marbles","Pantograph","Dead Branch","Lee\u0027s Waffle","reliquary:Buckler","hubris:ScarierMask","ClockworkSouvenir","Champion Belt","reliquary:MedicineBall","hubris:TenFootPole","reliquary:ExpiredCoupon","Fusion Hammer","hubris:Icosahedron","reliquary:SilkGlove","hubris:Spice","reliquary:PartyBalloon"],"acts_visited":["Exordium","TheCity","TheBeyond","TheEnding"],"potions_floor_usage":[10,16,16,23,56],"damage_taken":[{"damage":11.0,"enemies":"Jaw Worm","floor":1.0,"turns":4.0},{"damage":0.0,"enemies":"Cultist","floor":5.0,"turns":2.0},{"damage":37.0,"enemies":"Lagavulin","floor":7.0,"turns":7.0},{"damage":7,"enemies":"3 Sentries","floor":10,"turns":6},{"damage":0,"enemies":"Small Slimes","floor":12,"turns":1},{"damage":16,"enemies":"Gremlin Nob","floor":14,"turns":4},{"damage":11,"enemies":"Hexaghost","floor":16,"turns":5},{"damage":2,"enemies":"2 Thieves","floor":18,"turns":2},{"damage":11,"enemies":"Shell Parasite","floor":19,"turns":5},{"damage":16,"enemies":"Book of Stabbing","floor":23,"turns":6},{"damage":0,"enemies":"Cultist and Chosen","floor":25,"turns":4},{"damage":8,"enemies":"Gremlin Leader","floor":27,"turns":4},{"damage":0,"enemies":"Shelled Parasite and Fungi","floor":28,"turns":1},{"damage":0,"enemies":"Sentry and Sphere","floor":30,"turns":2},{"damage":15,"enemies":"Book of Stabbing","floor":31,"turns":3},{"damage":53,"enemies":"Champ","floor":33,"turns":8},{"damage":0,"enemies":"3 Darklings","floor":35,"turns":2},{"damage":5,"enemies":"3 Shapes","floor":38,"turns":5},{"damage":28,"enemies":"Spire Growth","floor":39,"turns":6},{"damage":23,"enemies":"Nemesis","floor":40,"turns":5},{"damage":0,"enemies":"Giant Head","floor":42,"turns":4},{"damage":0,"enemies":"Jaw Worm Horde","floor":45,"turns":2},{"damage":0,"enemies":"Reptomancer","floor":46,"turns":2},{"damage":5,"enemies":"3 Darklings","floor":48,"turns":2},{"damage":0,"enemies":"Time Eater","floor":50,"turns":11},{"damage":34,"enemies":"Awakened One","floor":51,"turns":8},{"damage":0,"enemies":"Shield and Spear","floor":55,"turns":3},{"damage":123,"enemies":"The Heart","floor":56,"turns":11}],"seed_played":"-563267427694225575","potions_obtained":[{"floor":1.0,"key":"LiquidBronze"},{"floor":7.0,"key":"PowerPotion"},{"floor":14,"key":"ElixirPotion"},{"floor":16,"key":"Weak Potion"},{"floor":18,"key":"ElixirPotion"},{"floor":27,"key":"LiquidBronze"},{"floor":30,"key":"Regen Potion"},{"floor":42,"key":"Dexterity Potion"}],"is_trial":false,"path_per_floor":["M","$","?","$","M","R","E","R","T","E","?","M","$","E","R","B",null,"M","M","?","?","$","E","R","M","T","E","M","?","M","E","R","B",null,"M","?","?","M","M","E","?","E","T","R","M","E","$","M","R","B","B",null,"R","$","E","B",null],"character_chosen":"IRONCLAD","items_purchased":["Clothesline","Shrug It Off","Sword Boomerang","Flex","Lee\u0027s Waffle","ClockworkSouvenir","Disarm","Panacea","hubris:Spice","Shrug It Off"],"campfire_rested":4,"item_purchase_floors":[2,4,4,13,13,22,47,47,47,54],"current_hp_per_floor":[63,63,63,63,69,69,38,60,60,59,59,65,82,72,72,77,81,82,77,77,77,77,67,67,73,73,71,77,77,82,73,73,35,70,82,82,82,82,64,54,54,86,86,86,86,86,94,94,94,94,90,93,94,94,86,19],"gold":38,"neow_bonus":"TWO_FIFTY_GOLD","is_daily":false,"chose_seed":false,"campfire_upgraded":3,"win_rate":0.0,"timestamp":1612492017,"path_taken":["M","$","?","$","M","R","E","R","T","E","?","M","$","E","R","BOSS","M","M","?","?","?","E","R","?","T","E","M","?","M","E","R","BOSS","M","?","?","M","M","E","?","E","T","R","M","E","$","M","R","BOSS","BOSS","R","$","E","BOSS"],"items_purchased_type":["Card","Card","Card","Card","Relic","Relic","Card","Card","Relic","Card"],"build_version":"2020-12-22","purchased_purges":2,"victory":true,"max_hp_per_floor":[75,75,75,75,75,75,75,75,75,75,75,75,82,82,82,82,82,82,82,82,82,82,82,82,82,82,82,82,82,82,82,82,82,82,82,82,82,82,82,82,78,86,86,86,86,86,94,94,94,94,94,94,94,94,86,86],"card_choices":[{"not_picked":["Sword Boomerang","Evolve"],"picked":"Rampage","floor":1.0},{"not_picked":["Sword Boomerang","Searing Blow"],"picked":"Spot Weakness","floor":5.0},{"not_picked":["Sentinel","Double Tap","Iron Wave"],"picked":"SKIP","floor":7.0},{"not_picked":["Headbutt","Heavy Blade"],"picked":"Metallicize","floor":10},{"not_picked":["Evolve","Perfected Strike","Dual Wield"],"picked":"SKIP","floor":12},{"not_picked":["Intimidate","hubris:ReadiedAction","Anger"],"picked":"SKIP","floor":14},{"not_picked":["Brutality","hubris:StunningStrike"],"picked":"Corruption","floor":16},{"not_picked":["Body Slam","Flex","Twin Strike"],"picked":"SKIP","floor":18},{"not_picked":["Thunderclap","Sword Boomerang"],"picked":"Iron Wave+1","floor":19},{"not_picked":["Carnage","Sever Soul","Body Slam"],"picked":"SKIP","floor":23},{"not_picked":["Reckless Charge","Sword Boomerang","Heavy Blade"],"picked":"SKIP","floor":25},{"not_picked":["hubris:StunningStrike","Twin Strike"],"picked":"Whirlwind+1","floor":27},{"not_picked":["Cleave","Havoc","Heavy Blade"],"picked":"SKIP","floor":28},{"not_picked":["Sword Boomerang","Combust"],"picked":"Shrug It Off","floor":30},{"not_picked":["Juggernaut","Sever Soul","Fire Breathing"],"picked":"SKIP","floor":31},{"not_picked":["Fiend Fire","Demon Form"],"picked":"Reaper","floor":33},{"not_picked":["Anger+1","Rage","Cleave"],"picked":"SKIP","floor":35},{"not_picked":["Headbutt","Cleave"],"picked":"Shrug It Off+1","floor":38},{"not_picked":["Perfected Strike","Blood for Blood+1","hubris:SharpeningStone"],"picked":"SKIP","floor":39},{"not_picked":["Thunderclap","Havoc"],"picked":"Seeing Red","floor":40},{"not_picked":["Clash+1","Bludgeon","Iron Wave"],"picked":"SKIP","floor":42},{"not_picked":["hubris:ReadiedAction+1","Anger+1"],"picked":"Havoc","floor":45},{"not_picked":["Anger","Wild Strike+1"],"picked":"Disarm","floor":46},{"not_picked":["hubris:ReadiedAction","hubris:SpiceAddiction"],"picked":"Barricade","floor":48},{"not_picked":["Metallicize","Clash+1"],"picked":"Shockwave","floor":55}],"player_experience":802221,"relics_obtained":[{"floor":7.0,"key":"Bag of Marbles"},{"floor":9,"key":"Pantograph"},{"floor":10,"key":"Dead Branch"},{"floor":14,"key":"reliquary:Buckler"},{"floor":23,"key":"Champion Belt"},{"floor":26,"key":"reliquary:MedicineBall"},{"floor":27,"key":"hubris:TenFootPole"},{"floor":31,"key":"reliquary:ExpiredCoupon"},{"floor":40,"key":"reliquary:SilkGlove"},{"floor":42,"key":"hubris:Spice"},{"floor":46,"key":"reliquary:PartyBalloon"},{"floor":55,"key":"hubris:Spice"}],"event_choices":[{"damage_healed":0,"gold_gain":275,"player_choice":"Desecrate","damage_taken":0,"max_hp_gain":0,"max_hp_loss":0,"event_name":"Golden Shrine","floor":11,"gold_loss":0,"cards_obtained":["Regret"]},{"damage_healed":0,"gold_gain":0,"player_choice":"Ignored","damage_taken":0,"max_hp_gain":0,"max_hp_loss":0,"event_name":"The Mausoleum","floor":20,"gold_loss":0},{"damage_healed":0,"gold_gain":0,"player_choice":"Read","damage_taken":0,"max_hp_gain":0,"max_hp_loss":0,"event_name":"The Library","floor":21,"gold_loss":0,"cards_obtained":["Disarm"]},{"damage_healed":0,"gold_gain":0,"player_choice":"Bet on Owner","damage_taken":0,"max_hp_gain":0,"max_hp_loss":0,"event_name":"The Joust","floor":29,"gold_loss":50},{"damage_healed":0,"gold_gain":0,"player_choice":"Max HP","damage_taken":0,"max_hp_gain":0,"max_hp_loss":4,"event_name":"Winding Halls","floor":41,"gold_loss":0}],"is_beta":false,"boss_relics":[{"not_picked":["Tiny House","hubris:RunicObelisk"],"picked":"hubris:ScarierMask"},{"not_picked":["Runic Pyramid","Calling Bell"],"picked":"Fusion Hammer"}],"items_purged_floors":[2,13],"is_endless":false,"potions_floor_spawned":[1,7,14,16,18,27,30,33,38,42,45,48],"ascension_level":20}}