{"host":"qc268ltokmxwqyrx","time":1612499118,"event":{"mods":["BaseMod","Colored Map","Colored Powertips","Minty Spire (QoL Compilation)","Relic Stats","Slay the Relics Exporter","StSLib","ojb\u0027s Info Mod"],"gold_per_floor":[113,2,16,91,91,125,125,150,150,150,160,191,191,210,210,281,281,297,297,212,238,163,163,163],"floor_reached":23,"language":"ENG","playtime":968,"items_purged":["Strike_G"],"score":460,"play_id":"c5b695d1-afc7-4c65-9cd4-4096144ab98b","local_time":"20210204222518","is_ascension_mode":true,"campfire_choices":[{"data":"Dash","floor":7,"key":"SMITH"},{"data":"Dagger Spray","floor":10,"key":"SMITH"},{"data":"Dodge and Roll","floor":13,"key":"SMITH"},{"data":"Calculated Gamble","floor":15,"key":"SMITH"}],"circlet_count":0,"master_deck":["AscendersBane","Strike_G","Strike_G","Defend_G","Defend_G","Defend_G","Defend_G","Survivor","Neutralize","Dash+1","Slice","Backstab","Dagger Throw","Dagger Spray+1","Calculated Gamble+1","Dodge and Roll+1","Prepared","Doppelganger","Deflect","RitualDagger"],"relics":["Ring of the Snake","NeowsBlessing","Kunai","Regal Pillow","Ornamental Fan","Blue Candle","Empty Cage","Girya","Centennial Puzzle"],"acts_visited":["Exordium","TheCity"],"potions_floor_usage":[8,12,23,23],"damage_taken":[{"damage":0,"enemies":"Jaw Worm","floor":1,"turns":1},{"damage":0,"enemies":"2 Louse","floor":3,"turns":1},{"damage":0,"enemies":"Lagavulin","floor":6,"turns":1},{"damage":11,"enemies":"Gremlin Nob","floor":8,"turns":4},{"damage":0,"enemies":"Cultist","floor":11,"turns":3},{"damage":4,"enemies":"Lagavulin","floor":12,"turns":6},{"damage":0,"enemies":"Looter","floor":14,"turns":2},{"damage":8,"enemies":"The Guardian","floor":16,"turns":18},{"damage":5,"enemies":"Chosen","floor":18,"turns":6},{"damage":63,"enemies":"Book of Stabbing","floor":23,"turns":7}],"seed_played":"52598294406257052","potions_obtained":[{"floor":1,"key":"Swift Potion"},{"floor":6,"key":"LiquidMemories"},{"floor":12,"key":"LiquidMemories"},{"floor":16,"key":"Regen Potion"}],"is_trial":false,"path_per_floor":["M","$","M","?","?","E","R","E","T","R","M","E","R","M","R","B",null,"M","?","?","T","$","E"],"character_chosen":"THE_SILENT","items_purchased":["Fire Potion","Slice"],"campfire_rested":0,"item_purchase_floors":[2,2],"current_hp_per_floor":[59,59,59,48,48,48,48,37,37,37,37,33,33,33,33,25,56,51,45,45,45,45,0,0],"gold":163,"neow_bonus":"THREE_ENEMY_KILL","is_daily":false,"chose_seed":false,"campfire_upgraded":4,"win_rate":0.0,"timestamp":1612499118,"path_taken":["M","$","M","?","?","E","R","E","T","R","M","E","R","?","R","BOSS","M","?","?","?","$","E"],"items_purchased_type":["Potion","Card"],"build_version":"2020-12-22","purchased_purges":1,"victory":false,"max_hp_per_floor":[66,66,66,66,66,66,66,66,66,66,66,66,66,66,66,66,66,66,66,66,66,66,66,66],"relic_stats":{"Regal Pillow":0,"Centennial Puzzle":[3],"counters":[10,49],"Ornamental Fan":[76],"Blue Candle":[0],"Kunai":[21],"obtain_stats":[{"Girya":20,"Regal Pillow":8,"Centennial Puzzle":21,"NeowsBlessing":0,"Ornamental Fan":9,"Blue Candle":12,"Kunai":6,"Empty Cage":17,"Ring of the Snake":0},{"Girya":9,"Regal Pillow":4,"Centennial Puzzle":9,"NeowsBlessing":0,"Ornamental Fan":4,"Blue Candle":6,"Kunai":3,"Empty Cage":8,"Ring of the Snake":0},{"Girya":42,"Regal Pillow":7,"Centennial Puzzle":42,"NeowsBlessing":0,"Ornamental Fan":7,"Blue Candle":16,"Kunai":3,"Empty Cage":36,"Ring of the Snake":0}],"Ring of the Snake":[20]},"card_choices":[{"not_picked":["Well Laid Plans","Quick Slash"],"picked":"Dash","floor":1},{"not_picked":["Cloak And Dagger","Flying Knee"],"picked":"Backstab","floor":3},{"not_picked":["Underhanded Strike","All Out Attack"],"picked":"Dagger Throw","floor":6},{"not_picked":["Outmaneuver","PiercingWail"],"picked":"Dagger Spray","floor":8},{"not_picked":["Accuracy","Flying Knee"],"picked":"Calculated Gamble","floor":11},{"not_picked":["Eviscerate","Poisoned Stab"],"picked":"Dodge and Roll","floor":12},{"not_picked":["Riddle With Holes","Catalyst"],"picked":"Prepared","floor":14},{"not_picked":["Venomology","Bullet Time"],"picked":"Doppelganger","floor":16},{"not_picked":["Dagger Spray","Crippling Poison"],"picked":"Deflect","floor":18}],"player_experience":1785138,"relics_obtained":[{"floor":6,"key":"Kunai"},{"floor":8,"key":"Regal Pillow"},{"floor":9,"key":"Ornamental Fan"},{"floor":12,"key":"Blue Candle"},{"floor":21,"key":"Centennial Puzzle"}],"event_choices":[{"damage_healed":0,"gold_gain":75,"player_choice":"Gather Gold","damage_taken":11,"max_hp_gain":0,"max_hp_loss":0,"event_name":"World of Goop","floor":4,"gold_loss":0},{"cards_removed":["Strike_G"],"damage_healed":0,"gold_gain":0,"player_choice":"Offered Basic","damage_taken":0,"max_hp_gain":0,"max_hp_loss":0,"event_name":"Bonfire Elementals","floor":5,"gold_loss":0},{"damage_healed":0,"gold_gain":0,"player_choice":"Joined the Cult","damage_taken":6,"max_hp_gain":0,"max_hp_loss":0,"event_name":"Nest","floor":19,"gold_loss":0,"cards_obtained":["RitualDagger"]},{"damage_healed":0,"gold_gain":0,"player_choice":"Obtained Relic","damage_taken":0,"relics_obtained":["Girya"],"max_hp_gain":0,"max_hp_loss":0,"event_name":"Addict","floor":20,"gold_loss":85}],"is_beta":false,"boss_relics":[{"not_picked":["Pandora\u0027s Box","Tiny House"],"picked":"Empty Cage"}],"items_purged_floors":[22],"is_endless":false,"potions_floor_spawned":[1,6,12,16],"killed_by":"Book of Stabbing","ascension_level":20}}