{"host":"3r0rstuivtslg15m","time":1612538713,"event":{"mods":["AchievementEnabler","BaseMod","Colored Map","DeckTracker","Minty Spire (QoL Compilation)","Permanent Neow","StSLib","SuperFastMode"],"gold_per_floor":[112,167,182,198,218,248,178,178,257,257,276,295,309,326,326,424,424,434,451,550,57,68,68,68,94,94,94,111,111,138,152,163,163,258,258,275,96,149,0,0,0,27,39,107,107,157,157,157,157],"floor_reached":50,"language":"KOR","playtime":1145,"items_purged":["Strike_G","Strike_G"],"score":762,"play_id":"45bb9f4e-bbbb-4d7d-8f09-fdf5666c0273","local_time":"20210206002513","is_ascension_mode":false,"campfire_choices":[{"data":"Predator","floor":10.0,"key":"SMITH"},{"data":"Envenom","floor":15.0,"key":"SMITH"},{"data":"Apotheosis","floor":23.0,"key":"SMITH"},{"data":"Phantasmal Killer","floor":24.0,"key":"SMITH"},{"data":"Glass Knife","floor":26.0,"key":"SMITH"},{"data":"Terror","floor":33,"key":"SMITH"},{"data":"After Image","floor":41,"key":"SMITH"},{"data":"Footwork","floor":45,"key":"SMITH"},{"data":"Secret Technique","floor":47,"key":"SMITH"}],"circlet_count":0,"master_deck":["Strike_G","Strike_G","Defend_G","Defend_G","Defend_G","Defend_G","Defend_G","Survivor","Neutralize","Forethought","Predator+1","Dagger Spray","Glass Knife+1","Backflip","Blade Dance","Crippling Poison","Escape Plan","Finisher","Envenom+1","Phantasmal Killer+1","PiercingWail","Apotheosis+1","Terror+1","Burst","Infinite Blades","Infinite Blades","Blur","After Image+1","Footwork+1","Blade Dance","Secret Technique+1","Footwork+1"],"relics":["Ring of the Snake","Ice Cream","Eternal Feather","WristBlade","Anchor","Kunai","Strawberry","Coffee Dripper","FossilizedHelix","Red Mask","Toy Ornithopter","Molten Egg 2","StoneCalendar"],"acts_visited":["Exordium","TheCity","TheBeyond"],"potions_floor_usage":[34,34,34,38],"damage_taken":[{"damage":0.0,"enemies":"Jaw Worm","floor":1.0,"turns":6.0},{"damage":2.0,"enemies":"Small Slimes","floor":3.0,"turns":3.0},{"damage":0.0,"enemies":"Cultist","floor":4.0,"turns":3.0},{"damage":2.0,"enemies":"Looter","floor":5.0,"turns":2.0},{"damage":18.0,"enemies":"3 Sentries","floor":6.0,"turns":8.0},{"damage":8.0,"enemies":"Exordium Wildlife","floor":11.0,"turns":4.0},{"damage":0.0,"enemies":"Large Slime","floor":12.0,"turns":4.0},{"damage":0.0,"enemies":"3 Louse","floor":13.0,"turns":3.0},{"damage":2.0,"enemies":"Looter","floor":14.0,"turns":2.0},{"damage":39.0,"enemies":"Hexaghost","floor":16.0,"turns":7.0},{"damage":7.0,"enemies":"Shell Parasite","floor":18.0,"turns":3.0},{"damage":5.0,"enemies":"Spheric Guardian","floor":19.0,"turns":3.0},{"damage":9.0,"enemies":"Centurion and Healer","floor":22.0,"turns":7.0},{"damage":6.0,"enemies":"Book of Stabbing","floor":25.0,"turns":4.0},{"damage":13.0,"enemies":"3 Cultists","floor":28.0,"turns":4.0},{"damage":22.0,"enemies":"Gremlin Leader","floor":30.0,"turns":4.0},{"damage":13,"enemies":"Chosen and Byrds","floor":31,"turns":6},{"damage":0,"enemies":"Cultist and Chosen","floor":32,"turns":3},{"damage":36,"enemies":"Automaton","floor":34,"turns":8},{"damage":0,"enemies":"Orb Walker","floor":36,"turns":5},{"damage":22,"enemies":"2 Orb Walkers","floor":38,"turns":4},{"damage":0,"enemies":"Giant Head","floor":42,"turns":6},{"damage":0,"enemies":"3 Shapes","floor":43,"turns":3},{"damage":0,"enemies":"Mind Bloom Boss Battle","floor":46,"turns":6},{"damage":18,"enemies":"Donu and Deca","floor":49,"turns":10}],"seed_played":"-824175706619759688","potions_obtained":[{"floor":3.0,"key":"EssenceOfSteel"},{"floor":5.0,"key":"GamblersBrew"},{"floor":12.0,"key":"Fruit Juice"},{"floor":14.0,"key":"CunningPotion"},{"floor":16.0,"key":"Swift Potion"},{"floor":18.0,"key":"SneckoOil"},{"floor":28.0,"key":"CunningPotion"},{"floor":30.0,"key":"Ancient Potion"},{"floor":36,"key":"Fruit Juice"},{"floor":43,"key":"LiquidMemories"},{"floor":46,"key":"Dexterity Potion"}],"is_trial":false,"path_per_floor":["M","?","M","M","M","E","$","?","T","R","M","M","M","M","R","B",null,"M","M","?","$","M","R","R","E","R","T","M","?","E","M","M","R","B",null,"M","$","?","?","?","R","E","M","T","R","?","R","?","B",null],"character_chosen":"THE_SILENT","items_purchased":["Crippling Poison","Apotheosis","Terror","Burst","Footwork"],"campfire_rested":0,"item_purchase_floors":[7,21,21,21,37],"current_hp_per_floor":[70,70,68,68,66,48,48,48,48,57,49,49,49,52,64,25,75,68,63,63,63,54,69,75,69,75,75,62,62,47,34,34,49,13,82,82,82,65,65,65,83,83,83,83,87,87,87,87,69],"gold":157,"neow_bonus":"RANDOM_COLORLESS","is_daily":false,"chose_seed":false,"campfire_upgraded":9,"win_rate":0.0,"timestamp":1612538713,"path_taken":["M","?","M","M","M","E","$","?","T","R","M","?","M","M","R","BOSS","M","M","?","$","M","R","R","E","R","T","M","?","E","M","M","R","BOSS","M","$","?","?","?","R","E","M","T","R","?","R","?","BOSS"],"items_purchased_type":["Card","Card","Card","Card","Card"],"build_version":"2020-12-22","purchased_purges":2,"victory":true,"max_hp_per_floor":[70,70,70,70,70,70,70,70,70,70,70,70,70,75,75,75,75,75,75,75,75,75,75,75,75,75,75,75,75,82,82,82,82,82,82,82,82,87,87,87,87,87,87,87,87,87,87,87,87],"card_choices":[{"not_picked":["Blind","Dramatic Entrance"],"picked":"Forethought","floor":0.0},{"not_picked":["Slice","Sucker Punch"],"picked":"Predator","floor":1.0},{"not_picked":["Slice","PiercingWail"],"picked":"Dagger Spray","floor":3.0},{"not_picked":["Dodge and Roll","Distraction"],"picked":"Glass Knife","floor":4.0},{"not_picked":["Sucker Punch","Flechettes"],"picked":"Backflip","floor":5.0},{"not_picked":["Poisoned Stab","PiercingWail"],"picked":"Blade Dance","floor":6.0},{"not_picked":["Dagger Throw","Dodge and Roll","Poisoned Stab"],"picked":"SKIP","floor":11.0},{"not_picked":["Dagger Throw","Underhanded Strike"],"picked":"Escape Plan","floor":12.0},{"not_picked":["Prepared","Underhanded Strike"],"picked":"Finisher","floor":13.0},{"not_picked":["Poisoned Stab","Noxious Fumes"],"picked":"Envenom","floor":14.0},{"not_picked":["Malaise","Night Terror"],"picked":"Phantasmal Killer","floor":16.0},{"not_picked":["Flying Knee","Underhanded Strike"],"picked":"PiercingWail","floor":18.0},{"not_picked":["Deadly Poison+1","Poisoned Stab","Outmaneuver"],"picked":"SKIP","floor":19.0},{"not_picked":["Deadly Poison","Dodge and Roll"],"picked":"Infinite Blades","floor":22.0},{"not_picked":["Flying Knee","Bullet Time","Dash"],"picked":"SKIP","floor":25.0},{"not_picked":["Slice+1","Crippling Poison","Heel Hook+1"],"picked":"SKIP","floor":28.0},{"not_picked":["Endless Agony","Leg Sweep"],"picked":"Infinite Blades","floor":30.0},{"not_picked":["Backstab","Underhanded Strike+1"],"picked":"Blur","floor":31},{"not_picked":["PiercingWail+1","Flying Knee+1","Expertise"],"picked":"SKIP","floor":32},{"not_picked":["Wraith Form v2","Burst"],"picked":"After Image","floor":34},{"not_picked":["Sucker Punch","Outmaneuver+1","Slice"],"picked":"SKIP","floor":36},{"not_picked":["Outmaneuver","Backstab"],"picked":"Blade Dance","floor":38},{"not_picked":["Magnetism","Enlightenment"],"picked":"Secret Technique","floor":40},{"not_picked":["Expertise","Quick Slash+1"],"picked":"Footwork+1","floor":42},{"not_picked":["PiercingWail+1","Underhanded Strike","Footwork"],"picked":"SKIP","floor":43}],"player_experience":1297,"relics_obtained":[{"floor":6.0,"key":"Ice Cream"},{"floor":9.0,"key":"Eternal Feather"},{"floor":25.0,"key":"Anchor"},{"floor":27.0,"key":"Kunai"},{"floor":30.0,"key":"Strawberry"},{"floor":38,"key":"FossilizedHelix"},{"floor":42,"key":"Toy Ornithopter"},{"floor":44,"key":"Molten Egg 2"},{"floor":46,"key":"StoneCalendar"}],"event_choices":[{"damage_healed":0.0,"max_hp_gain":0.0,"max_hp_loss":0.0,"gold_gain":55.0,"event_name":"Golden Wing","player_choice":"Gained Gold","floor":2.0,"gold_loss":0.0,"damage_taken":0.0},{"cards_removed":["Strike_G"],"damage_healed":0.0,"max_hp_gain":0.0,"max_hp_loss":0.0,"gold_gain":0.0,"event_name":"Bonfire Elementals","player_choice":"Offered Basic","floor":8.0,"gold_loss":0.0,"damage_taken":0.0},{"damage_healed":0.0,"max_hp_gain":0.0,"max_hp_loss":0.0,"gold_gain":99.0,"event_name":"Nest","player_choice":"Stole From Cult","floor":20.0,"gold_loss":0.0,"damage_taken":0.0},{"damage_healed":0.0,"max_hp_gain":0.0,"max_hp_loss":0.0,"gold_gain":0.0,"event_name":"Vampires","player_choice":"Ignored","floor":29.0,"gold_loss":0.0,"damage_taken":0.0},{"damage_healed":0,"gold_gain":0,"player_choice":"Fight","damage_taken":0,"max_hp_gain":0,"max_hp_loss":0,"event_name":"Mysterious Sphere","floor":38,"gold_loss":0},{"damage_healed":0,"gold_gain":0,"player_choice":"Paid","damage_taken":0,"relics_obtained":["Red Mask"],"max_hp_gain":0,"max_hp_loss":0,"event_name":"Tomb of Lord Red Mask","floor":39,"gold_loss":149},{"damage_healed":0,"gold_gain":0,"player_choice":"Memory 1","damage_taken":0,"max_hp_gain":0,"max_hp_loss":0,"event_name":"SensoryStone","floor":40,"gold_loss":0},{"damage_healed":0,"gold_gain":0,"player_choice":"Fight","damage_taken":0,"max_hp_gain":0,"max_hp_loss":0,"event_name":"MindBloom","floor":46,"gold_loss":0},{"damage_healed":0,"gold_gain":0,"player_choice":"Took Portal","damage_taken":0,"max_hp_gain":0,"max_hp_loss":0,"event_name":"SecretPortal","floor":48,"gold_loss":0}],"is_beta":false,"boss_relics":[{"not_picked":["SacredBark","Runic Dome"],"picked":"WristBlade"},{"not_picked":["Sozu","Tiny House"],"picked":"Coffee Dripper"}],"items_purged_floors":[21,37],"is_endless":false,"potions_floor_spawned":[3,5,12,14,16,18,28,30,31,32,36,43,46],"ascension_level":0}}