{"host":"bg8va46pgqgvtzim","time":1612552648,"event":{"mods":["BaseMod","Minty Spire (QoL Compilation)","Quick Restart","StSLib","SuperFastMode"],"gold_per_floor":[116,41,51,51,51,126,139,165,195,207,248,260,323,349,361,383,419,431,463,494,531,543,555,672,684,716,728,760,622,633,650,650,678,678,696,696,724,724,777,807,824,836,854,887,887,902,902,902,999,999,1016,741,741,591,605,430,449,449,482,482,482,502,502,502,528,528,559,569,569,297,324,324,324,324,324,14,46,46],"floor_reached":79,"language":"ZHS","playtime":2407,"items_purged":["Strike_G","Strike_G","Strike_G+1","Defend_G","Defend_G","Defend_G","Blade Dance"],"score":2022,"play_id":"c62b353c-8443-4546-8471-bca85f38968d","local_time":"20210206031728","is_ascension_mode":true,"campfire_choices":[{"data":"Neutralize","floor":10,"key":"SMITH"},{"data":"Venomology","floor":15,"key":"SMITH"},{"data":"A Thousand Cuts","floor":22,"key":"SMITH"},{"data":"Well Laid Plans","floor":23,"key":"SMITH"},{"data":"Accuracy","floor":34,"key":"SMITH"},{"data":"Concentrate","floor":47,"key":"SMITH"},{"data":"Acrobatics","floor":48,"key":"SMITH"},{"data":"Terror","floor":58,"key":"SMITH"},{"data":"Reflex","floor":60,"key":"SMITH"},{"data":"Blade Dance","floor":66,"key":"SMITH"},{"floor":72,"key":"RECALL"},{"data":"Acrobatics","floor":75,"key":"SMITH"}],"circlet_count":0,"master_deck":["Defend_G+1","Survivor","Neutralize+1","Blade Dance+1","Acrobatics+1","Well Laid Plans+1","Venomology+1","Reflex+1","A Thousand Cuts+1","Accuracy+1","Acrobatics+1","Concentrate+1","Backflip","Expertise+1","Terror+1","Footwork","Concentrate+1","Prepared+1","Reflex+1","Adrenaline","Adrenaline","Footwork+1","Panacea"],"relics":["Ring of the Snake","MawBank","Bag of Preparation","Toy Ornithopter","Lantern","Bottled Lightning","Sundial","Vajra","Ornamental Fan","Anchor","StrikeDummy","Meat on the Bone","HoveringKite","ClockworkSouvenir","Bird Faced Urn","Blue Candle","Pear","Boot","Strawberry","HornCleat","InkBottle"],"acts_visited":["Exordium","TheCity","TheBeyond","TheEnding"],"potions_floor_usage":[16,20,21,24,28,30,31,31,33,35,35,37,40,41,42,43,44,46,49,51,55,57,59,62,65,67,68,71,73,77,78,78,78,78,78,78,78],"damage_taken":[{"damage":0,"enemies":"Cultist","floor":1,"turns":4},{"damage":5,"enemies":"Small Slimes","floor":3,"turns":3},{"damage":0,"enemies":"2 Louse","floor":7,"turns":3},{"damage":15,"enemies":"3 Sentries","floor":8,"turns":12},{"damage":0,"enemies":"Looter","floor":9,"turns":3},{"damage":17,"enemies":"Lagavulin","floor":11,"turns":7},{"damage":1,"enemies":"3 Louse","floor":14,"turns":4},{"damage":1,"enemies":"2 Fungi Beasts","floor":16,"turns":3},{"damage":0,"enemies":"Blue Slaver","floor":19,"turns":3},{"damage":0,"enemies":"Gremlin Gang","floor":20,"turns":4},{"damage":9,"enemies":"3 Sentries","floor":21,"turns":9},{"damage":0,"enemies":"Hexaghost","floor":24,"turns":9},{"damage":4,"enemies":"Shell Parasite","floor":26,"turns":6},{"damage":5,"enemies":"2 Thieves","floor":28,"turns":4},{"damage":8,"enemies":"Snake Plant","floor":30,"turns":5},{"damage":0,"enemies":"3 Cultists","floor":31,"turns":3},{"damage":5,"enemies":"Gremlin Leader","floor":33,"turns":3},{"damage":0,"enemies":"Centurion and Healer","floor":35,"turns":5},{"damage":11,"enemies":"Slavers","floor":37,"turns":4},{"damage":0,"enemies":"Gremlin Leader","floor":40,"turns":5},{"damage":0,"enemies":"Cultist and Chosen","floor":41,"turns":3},{"damage":0,"enemies":"Chosen and Byrds","floor":42,"turns":3},{"damage":0,"enemies":"Snake Plant","floor":43,"turns":3},{"damage":0,"enemies":"Book of Stabbing","floor":44,"turns":3},{"damage":0,"enemies":"Centurion and Healer","floor":46,"turns":4},{"damage":0,"enemies":"Automaton","floor":49,"turns":3},{"damage":0,"enemies":"3 Darklings","floor":51,"turns":3},{"damage":0,"enemies":"3 Shapes","floor":55,"turns":4},{"damage":0,"enemies":"Transient","floor":57,"turns":1},{"damage":0,"enemies":"Reptomancer","floor":59,"turns":1},{"damage":0,"enemies":"Sphere and 2 Shapes","floor":62,"turns":1},{"damage":0,"enemies":"Nemesis","floor":65,"turns":1},{"damage":0,"enemies":"Giant Head","floor":67,"turns":1},{"damage":0,"enemies":"Spire Growth","floor":68,"turns":1},{"damage":0,"enemies":"Reptomancer","floor":71,"turns":1},{"damage":0,"enemies":"Awakened One","floor":73,"turns":2},{"damage":0,"enemies":"Shield and Spear","floor":77,"turns":1},{"damage":0,"enemies":"The Heart","floor":78,"turns":3}],"seed_played":"-278708672056362276","potions_obtained":[{"floor":1,"key":"FairyPotion"},{"floor":8,"key":"SpeedPotion"},{"floor":9,"key":"SneckoOil"},{"floor":19,"key":"BlessingOfTheForge"},{"floor":24,"key":"SteroidPotion"},{"floor":31,"key":"ColorlessPotion"},{"floor":33,"key":"EntropicBrew"},{"floor":40,"key":"SkillPotion"},{"floor":49,"key":"DistilledChaos"},{"floor":71,"key":"GamblersBrew"},{"floor":77,"key":"LiquidBronze"}],"is_trial":false,"path_per_floor":["M","$","M","$","?","?","M","E","M","R","E","T","T","M","R","M","T","?","M","M","E","R","R","B",null,"M","?","M","$","M","M","?","E","R","M","?","E","T","T","E","M","M","M","E","?","M","R","R","B",null,"M","$","?","$","M","$","M","R","E","R","?","M","T","T","E","R","E","M","?","$","E","R","B",null,"R","$","E","B",null],"character_chosen":"THE_SILENT","items_purchased":["Acrobatics","ClockworkSouvenir","Adrenaline","Panacea"],"campfire_rested":0,"item_purchase_floors":[29,52,70,76],"current_hp_per_floor":[49,49,44,44,30,19,19,4,4,4,17,17,17,16,16,20,20,20,20,25,21,21,21,26,70,66,66,65,65,62,70,70,65,65,70,70,59,59,59,64,69,70,70,70,54,59,59,59,64,70,70,70,70,70,70,70,70,70,70,70,70,70,70,80,80,80,87,87,87,87,87,87,87,87,87,87,87,87],"gold":46,"neow_bonus":"TRANSFORM_TWO_CARDS","is_daily":false,"chose_seed":false,"campfire_upgraded":11,"win_rate":0.0,"timestamp":1612552648,"path_taken":["M","?","M","$","?","?","M","E","M","R","E","T","T","M","R","M","?","?","M","M","E","R","R","BOSS","M","?","M","$","M","M","?","E","R","M","?","E","T","T","E","M","M","?","E","?","M","R","R","BOSS","M","$","?","?","M","$","M","R","E","R","?","M","T","T","E","R","E","?","?","?","E","R","BOSS","R","$","E","BOSS"],"items_purchased_type":["Card","Relic","Card","Card"],"build_version":"2020-12-22","purchased_purges":7,"victory":true,"max_hp_per_floor":[70,70,70,70,70,70,70,70,70,70,70,70,70,70,70,70,70,70,70,70,70,70,70,70,70,70,70,70,70,70,70,70,70,70,70,70,70,70,70,70,70,70,70,70,70,70,70,70,70,70,70,70,70,70,70,70,70,70,70,70,70,70,70,80,80,80,87,87,87,87,87,87,87,87,87,87,87,87],"card_choices":[{"not_picked":["Crippling Poison","Backstab","Flechettes"],"picked":"SKIP","floor":1},{"not_picked":["Blur","Flying Knee","Catalyst"],"picked":"SKIP","floor":3},{"not_picked":["Blade Dance","Dagger Spray","Caltrops"],"picked":"SKIP","floor":7},{"not_picked":["Sucker Punch","Concentrate","Deflect"],"picked":"SKIP","floor":8},{"not_picked":["Prepared","Concentrate"],"picked":"Acrobatics","floor":9},{"not_picked":["Dagger Spray","Dash"],"picked":"Well Laid Plans","floor":11},{"not_picked":["Sucker Punch","Outmaneuver"],"picked":"Venomology","floor":14},{"not_picked":["Dagger Spray","Deadly Poison","Slice"],"picked":"SKIP","floor":16},{"not_picked":["Underhanded Strike","Escape Plan"],"picked":"Reflex","floor":19},{"not_picked":["Dagger Throw","Backflip","Poisoned Stab"],"picked":"SKIP","floor":20},{"not_picked":["Backstab","Setup"],"picked":"A Thousand Cuts","floor":21},{"not_picked":["Sucker Punch","Backstab+1","Dodge and Roll"],"picked":"SKIP","floor":26},{"not_picked":["Deflect+1","Flying Knee","Poisoned Stab"],"picked":"SKIP","floor":28},{"not_picked":["Outmaneuver+1","Riddle With Holes+1"],"picked":"Concentrate+1","floor":30},{"not_picked":["Setup","Quick Slash"],"picked":"Backflip","floor":31},{"not_picked":["Acrobatics","Flying Knee"],"picked":"Expertise+1","floor":33},{"not_picked":["Outmaneuver+1","Dodge and Roll+1"],"picked":"Terror","floor":35},{"not_picked":["Venomology","Dagger Throw+1","Backflip"],"picked":"SKIP","floor":37},{"not_picked":["Quick Slash","PiercingWail+1","Bane"],"picked":"SKIP","floor":40},{"not_picked":["Riddle With Holes+1","Dagger Spray"],"picked":"Footwork","floor":41},{"not_picked":["Predator","Dagger Throw","Sucker Punch"],"picked":"SKIP","floor":42},{"not_picked":["Blur","Dodge and Roll+1"],"picked":"Concentrate","floor":43},{"not_picked":["Finisher","Quick Slash","A Thousand Cuts"],"picked":"SKIP","floor":44},{"not_picked":["Escape Plan","Dagger Spray+1","Choke"],"picked":"SKIP","floor":46},{"not_picked":["Quick Slash","Sucker Punch","Dagger Throw"],"picked":"SKIP","floor":51},{"not_picked":["Bouncing Flask","Finisher+1"],"picked":"Prepared+1","floor":55},{"not_picked":["Dodge and Roll","Flechettes"],"picked":"Reflex+1","floor":57},{"not_picked":["Cloak And Dagger+1","Underhanded Strike+1","Deflect+1"],"picked":"SKIP","floor":59},{"not_picked":["Slice+1","Bane+1"],"picked":"Adrenaline","floor":62},{"not_picked":["Deflect+1","Backflip+1","Concentrate"],"picked":"SKIP","floor":65},{"not_picked":["PiercingWail","Dodge and Roll","Slice"],"picked":"SKIP","floor":67},{"not_picked":["Backflip+1","Footwork","Underhanded Strike"],"picked":"SKIP","floor":68},{"not_picked":["Backstab","Slice+1"],"picked":"Footwork+1","floor":71},{"not_picked":["Concentrate","PiercingWail+1","Setup"],"picked":"SKIP","floor":77}],"player_experience":2399325,"relics_obtained":[{"floor":8,"key":"MawBank"},{"floor":11,"key":"Bag of Preparation"},{"floor":12,"key":"Toy Ornithopter"},{"floor":17,"key":"Lantern"},{"floor":21,"key":"Bottled Lightning"},{"floor":33,"key":"Sundial"},{"floor":37,"key":"Vajra"},{"floor":38,"key":"Ornamental Fan"},{"floor":39,"key":"Anchor"},{"floor":40,"key":"StrikeDummy"},{"floor":44,"key":"Meat on the Bone"},{"floor":59,"key":"Bird Faced Urn"},{"floor":63,"key":"Blue Candle"},{"floor":64,"key":"Pear"},{"floor":65,"key":"Boot"},{"floor":67,"key":"Strawberry"},{"floor":71,"key":"HornCleat"},{"floor":77,"key":"InkBottle"}],"event_choices":[{"damage_healed":0,"gold_gain":0,"player_choice":"Entered Light","damage_taken":14,"max_hp_gain":0,"max_hp_loss":0,"event_name":"Shining Light","floor":5,"gold_loss":0,"cards_upgraded":["Defend_G","Strike_G"]},{"damage_healed":0,"gold_gain":75,"player_choice":"Gather Gold","damage_taken":11,"max_hp_gain":0,"max_hp_loss":0,"event_name":"World of Goop","floor":6,"gold_loss":0},{"damage_healed":0,"gold_gain":0,"player_choice":"Ignored","damage_taken":0,"max_hp_gain":0,"max_hp_loss":0,"event_name":"Liars Game","floor":18,"gold_loss":0},{"damage_healed":0,"gold_gain":0,"player_choice":"Read","damage_taken":0,"max_hp_gain":0,"max_hp_loss":0,"event_name":"The Library","floor":27,"gold_loss":0,"cards_obtained":["Accuracy"]},{"damage_healed":0,"gold_gain":0,"player_choice":"Ignored","damage_taken":0,"max_hp_gain":0,"max_hp_loss":0,"event_name":"Ghosts","floor":32,"gold_loss":0},{"damage_healed":0,"gold_gain":0,"player_choice":"Ignored","damage_taken":0,"max_hp_gain":0,"max_hp_loss":0,"event_name":"NoteForYourself","floor":36,"gold_loss":0},{"damage_healed":0,"gold_gain":0,"player_choice":"Obtained Book","damage_taken":16,"max_hp_gain":0,"max_hp_loss":0,"event_name":"Cursed Tome","floor":45,"gold_loss":0},{"damage_healed":0,"gold_gain":0,"player_choice":"Bought 0 Potions","damage_taken":0,"max_hp_gain":0,"max_hp_loss":0,"event_name":"The Woman in Blue","floor":53,"gold_loss":0},{"cards_removed":["Defend_G"],"damage_healed":0,"gold_gain":0,"player_choice":"Purged","damage_taken":0,"max_hp_gain":0,"max_hp_loss":0,"event_name":"Purifier","floor":61,"gold_loss":0},{"damage_healed":0,"gold_gain":0,"player_choice":"Ignored","damage_taken":0,"max_hp_gain":0,"max_hp_loss":0,"event_name":"Tomb of Lord Red Mask","floor":69,"gold_loss":0}],"is_beta":false,"boss_relics":[{"not_picked":["Ectoplasm","Velvet Choker","Snecko Eye"]},{"not_picked":["Sozu","Runic Dome"],"picked":"HoveringKite"}],"items_purged_floors":[2,29,52,54,56,70,76],"is_endless":false,"potions_floor_spawned":[1,8,9,19,21,24,28,30,31,33,40,41,49,51,59,62,68,71,77],"ascension_level":1}}