{"host":"woo3p23qa69nkhpk","time":1612551209,"event":{"mods":["BaseMod","Colored Map","Curses Come First","Highlight Path","Minty Spire (QoL Compilation)","StSLib","SuperFastMode"],"gold_per_floor":[114,126,126,141,216,216,243,243,243,243,260,272,272,272,272,377,377,395,395,395,414,448,475,475,509,532,532,202,202,48,74,74,177,177,191,191,191,241,254,282,296,296,296,296,65,79,79,106,106,106,106,106,46,73,73],"floor_reached":56,"language":"ENG","playtime":2124,"items_purged":["Strike_R","Strike_R"],"score":1307,"play_id":"2280a434-c654-46fc-98fc-3e8c90083a85","local_time":"20210205165329","is_ascension_mode":false,"campfire_choices":[{"data":"Intimidate","floor":6,"key":"SMITH"},{"data":"Juggernaut","floor":10,"key":"SMITH"},{"data":"Entrench","floor":13,"key":"SMITH"},{"data":"Body Slam","floor":15,"key":"SMITH"},{"floor":27,"key":"REST"},{"floor":29,"key":"REST"},{"floor":32,"key":"REST"},{"floor":42,"key":"REST"},{"floor":44,"key":"RECALL"},{"floor":49,"key":"REST"},{"floor":52,"key":"DIG"}],"circlet_count":0,"master_deck":["Defend_R","Defend_R","Defend_R","Defend_R","Bash","Impervious","Intimidate+1","Spot Weakness","Metallicize","Juggernaut+1","Entrench+1","Body Slam+1","Limit Break","Heavy Blade+1","Offering","Shrug It Off","Armaments+1","Shrug It Off","Body Slam","Seeing Red+1","Impervious","Apotheosis+1","Shockwave","Rampage","Anger"],"relics":["Burning Blood","TungstenRod","Shuriken","Unceasing Top","Fusion Hammer","Lantern","Red Mask","Juzu Bracelet","WingedGreaves","Nunchaku","Matryoshka","Orrery","The Courier","Busted Crown","Shovel","Bottled Lightning","Strawberry","Ancient Tea Set","Bottled Flame","White Beast Statue"],"acts_visited":["Exordium","TheCity","TheBeyond","TheEnding"],"potions_floor_usage":[12,12,16,19,25,34,40,46,55,55,55],"damage_taken":[{"damage":1,"enemies":"Jaw Worm","floor":1,"turns":5},{"damage":4,"enemies":"Cultist","floor":2,"turns":4},{"damage":0,"enemies":"Small Slimes","floor":4,"turns":4},{"damage":41,"enemies":"Lagavulin","floor":7,"turns":7},{"damage":0,"enemies":"3 Louse","floor":11,"turns":5},{"damage":8,"enemies":"Gremlin Gang","floor":12,"turns":5},{"damage":31,"enemies":"Hexaghost","floor":16,"turns":10},{"damage":27,"enemies":"Spheric Guardian","floor":18,"turns":6},{"damage":5,"enemies":"Shell Parasite","floor":21,"turns":4},{"damage":41,"enemies":"Masked Bandits","floor":22,"turns":6},{"damage":14,"enemies":"Gremlin Leader","floor":23,"turns":6},{"damage":5,"enemies":"Book of Stabbing","floor":25,"turns":5},{"damage":31,"enemies":"Slavers","floor":31,"turns":6},{"damage":45,"enemies":"Automaton","floor":33,"turns":9},{"damage":5,"enemies":"3 Shapes","floor":35,"turns":3},{"damage":16,"enemies":"Mind Bloom Boss Battle","floor":38,"turns":5},{"damage":12,"enemies":"3 Darklings","floor":39,"turns":6},{"damage":45,"enemies":"Nemesis","floor":40,"turns":7},{"damage":27,"enemies":"Sphere and 2 Shapes","floor":41,"turns":6},{"damage":9,"enemies":"Transient","floor":46,"turns":5},{"damage":6,"enemies":"Giant Head","floor":48,"turns":8},{"damage":40,"enemies":"Time Eater","floor":50,"turns":12},{"damage":9,"enemies":"Shield and Spear","floor":54,"turns":6},{"damage":90,"enemies":"The Heart","floor":55,"turns":11}],"seed_played":"-7820641546829320955","potions_obtained":[{"floor":1,"key":"Energy Potion"},{"floor":2,"key":"SpeedPotion"},{"floor":7,"key":"SkillPotion"},{"floor":12,"key":"Explosive Potion"},{"floor":18,"key":"Fruit Juice"},{"floor":22,"key":"HeartOfIron"},{"floor":33,"key":"Fruit Juice"},{"floor":35,"key":"FearPotion"},{"floor":39,"key":"SkillPotion"},{"floor":41,"key":"SkillPotion"},{"floor":46,"key":"SkillPotion"},{"floor":48,"key":"Dexterity Potion"}],"is_trial":false,"path_per_floor":["M","M","?","M","?","R","E","?","T","R","M","M","R","?","R","B",null,"M","?","?","M","?","E","?","E","T","R","$","R","$","E","R","B",null,"M","?","?","?","M","E","M","R","T","R","$","M","?","E","R","B",null,"R","$","E","B",null],"character_chosen":"IRONCLAD","items_purchased":["Matryoshka","Orrery","Apotheosis","Rampage"],"campfire_rested":5,"item_purchase_floors":[28,30,45,53],"current_hp_per_floor":[80,80,80,80,70,70,35,35,35,35,41,39,39,39,39,14,80,59,64,64,65,30,22,7,8,8,35,35,62,62,37,64,25,95,95,86,86,76,70,31,10,38,45,45,45,42,42,42,72,38,102,102,102,99,15],"gold":73,"neow_bonus":"ONE_RANDOM_RARE_CARD","is_daily":false,"chose_seed":false,"campfire_upgraded":4,"win_rate":0.0,"timestamp":1612551209,"path_taken":["M","M","?","?","?","R","E","?","T","R","M","?","R","?","R","BOSS","M","?","?","M","?","E","?","E","T","R","$","R","$","E","R","BOSS","M","?","?","?","M","E","M","R","T","R","$","M","?","E","R","BOSS","R","$","E","BOSS"],"items_purchased_type":["Relic","Relic","Card","Card"],"build_version":"2020-12-22","purchased_purges":2,"victory":true,"max_hp_per_floor":[80,80,80,80,80,80,80,80,80,80,80,80,80,80,80,80,80,80,85,85,85,85,85,90,90,90,90,90,90,90,90,90,90,95,95,95,95,95,95,95,95,95,102,102,102,102,102,102,102,102,102,102,102,102,102],"card_choices":[{"not_picked":["Searing Blow","Pommel Strike"],"picked":"Intimidate","floor":1},{"not_picked":["True Grit","Flex"],"picked":"Spot Weakness","floor":2},{"not_picked":["Havoc","Clothesline","Thunderclap"],"picked":"SKIP","floor":4},{"not_picked":["Bloodletting","Body Slam"],"picked":"Metallicize","floor":7},{"not_picked":["Headbutt","Sever Soul"],"picked":"Entrench","floor":11},{"not_picked":["Headbutt","Sentinel"],"picked":"Body Slam","floor":12},{"not_picked":["Double Tap","Exhume"],"picked":"Limit Break","floor":16},{"not_picked":["Sword Boomerang","Rage+1"],"picked":"Heavy Blade+1","floor":18},{"not_picked":["Searing Blow+1","Rampage"],"picked":"Shrug It Off","floor":21},{"not_picked":["Clothesline","Shrug It Off"],"picked":"Armaments+1","floor":22},{"not_picked":["Demon Form","Rampage"],"picked":"Shrug It Off","floor":23},{"not_picked":["Seeing Red","Cleave"],"picked":"Body Slam","floor":25},{"not_picked":["True Grit","Reaper"],"picked":"Seeing Red+1","floor":30},{"not_picked":["Warcry","Feed","Searing Blow"],"picked":"SKIP","floor":31},{"not_picked":["Reaper","Bludgeon"],"picked":"Impervious","floor":33},{"not_picked":["Iron Wave"],"picked":"SKIP","floor":35},{"not_picked":["Perfected Strike+1"],"picked":"SKIP","floor":39},{"not_picked":["Pommel Strike"],"picked":"SKIP","floor":40},{"not_picked":["Wild Strike"],"picked":"SKIP","floor":41},{"not_picked":["Clash"],"picked":"SKIP","floor":46},{"not_picked":[],"picked":"Shockwave","floor":48},{"not_picked":[],"picked":"Anger","floor":54}],"player_experience":489369,"relics_obtained":[{"floor":7,"key":"Shuriken"},{"floor":9,"key":"Unceasing Top"},{"floor":22,"key":"Red Mask"},{"floor":23,"key":"Juzu Bracelet"},{"floor":25,"key":"WingedGreaves"},{"floor":26,"key":"Nunchaku"},{"floor":31,"key":"The Courier"},{"floor":38,"key":"Shovel"},{"floor":40,"key":"Bottled Lightning"},{"floor":43,"key":"Strawberry"},{"floor":48,"key":"Ancient Tea Set"},{"floor":52,"key":"Bottled Flame"},{"floor":54,"key":"White Beast Statue"}],"event_choices":[{"damage_healed":0,"gold_gain":0,"player_choice":"Gave Potion","damage_taken":0,"relics_obtained":["TungstenRod"],"max_hp_gain":0,"max_hp_loss":0,"event_name":"WeMeetAgain","floor":3,"gold_loss":0},{"damage_healed":0,"gold_gain":75,"player_choice":"Gather Gold","damage_taken":11,"max_hp_gain":0,"max_hp_loss":0,"event_name":"World of Goop","floor":5,"gold_loss":0},{"damage_healed":0,"gold_gain":0,"cards_transformed":["Strike_R"],"player_choice":"Transformed","damage_taken":0,"max_hp_gain":0,"max_hp_loss":0,"event_name":"Transmorgrifier","floor":8,"gold_loss":0,"cards_obtained":["Juggernaut"]},{"damage_healed":0,"gold_gain":0,"player_choice":"Searched \u00270\u0027 times","damage_taken":0,"max_hp_gain":0,"max_hp_loss":0,"event_name":"Dead Adventurer","floor":14,"gold_loss":0},{"damage_healed":0,"gold_gain":0,"cards_transformed":["Strike_R","Strike_R"],"player_choice":"Became Test Subject","damage_taken":0,"max_hp_gain":0,"max_hp_loss":0,"event_name":"Drug Dealer","floor":19,"gold_loss":0,"cards_obtained":["Offering","Corruption"]},{"damage_healed":0,"gold_gain":0,"player_choice":"Opened","damage_taken":0,"relics_obtained":["Lantern"],"max_hp_gain":0,"max_hp_loss":0,"event_name":"The Mausoleum","floor":20,"gold_loss":0},{"damage_healed":0,"gold_gain":0,"player_choice":"Fought Bandits","damage_taken":0,"max_hp_gain":0,"max_hp_loss":0,"event_name":"Masked Bandits","floor":22,"gold_loss":0},{"damage_healed":0,"gold_gain":0,"player_choice":"Shed Blood","damage_taken":21,"max_hp_gain":5,"max_hp_loss":0,"event_name":"Forgotten Altar","floor":24,"gold_loss":0},{"damage_healed":0,"gold_gain":0,"player_choice":"Memory 3","damage_taken":10,"max_hp_gain":0,"max_hp_loss":0,"event_name":"SensoryStone","floor":36,"gold_loss":0},{"cards_removed":["Corruption"],"damage_healed":0,"gold_gain":0,"player_choice":"Removed Power","damage_taken":0,"max_hp_gain":0,"max_hp_loss":0,"event_name":"Falling","floor":37,"gold_loss":0},{"damage_healed":0,"gold_gain":0,"player_choice":"Fight","damage_taken":0,"max_hp_gain":0,"max_hp_loss":0,"event_name":"MindBloom","floor":38,"gold_loss":0},{"damage_healed":0,"gold_gain":0,"player_choice":"Forge","damage_taken":0,"max_hp_gain":0,"max_hp_loss":0,"event_name":"Accursed Blacksmith","floor":47,"gold_loss":0,"cards_upgraded":["Apotheosis"]}],"is_beta":false,"boss_relics":[{"not_picked":["Runic Pyramid","Black Star"],"picked":"Fusion Hammer"},{"not_picked":["Astrolabe","SlaversCollar"],"picked":"Busted Crown"}],"items_purged_floors":[28,45],"is_endless":false,"potions_floor_spawned":[1,2,7,12,18,22,33,35,39,41,46,48],"ascension_level":0}}