{"host":"Bilverbakes","time":1612544869,"event":{"mods":["2.2 Compatiblity","AchievementEnabler","BaseMod","Bestiary","Colored Map","Minty Spire (QoL Compilation)","Relic Stats","StSLib","ojb\u0027s Info Mod"],"gold_per_floor":[110,121,46,64,83,112,112,147,147,178,191,204,204,232,232,305,305,324,74,74,124,137,165,165,177,177,192,192,227,275,307,307,381,381,392,313,323,323,156,156,156,156,183,210,210,71,83,109,109,109,109,109,109,3,29,29],"floor_reached":57,"language":"ENG","playtime":3466,"items_purged":["Strike_P","PathToVictory+1"],"score":3267,"play_id":"3b1ff89e-646e-4e81-92d5-00d74119bae6","local_time":"20210205110749","is_ascension_mode":true,"campfire_choices":[{"floor":7.0,"key":"REST"},{"data":"1","floor":15.0,"key":"LIFT"},{"data":"2","floor":24.0,"key":"LIFT"},{"data":"3","floor":32.0,"key":"LIFT"},{"data":"Blasphemy","floor":40.0,"key":"SMITH"},{"floor":42.0,"key":"RECALL"},{"floor":49.0,"key":"REST"},{"floor":53.0,"key":"REST"}],"circlet_count":0,"master_deck":["AscendersBane","Strike_P+1","Defend_P+1","Defend_P+1","Defend_P+1","Defend_P+1","Eruption+1","Vigilance+1","Wireheading+1","Conclude+1","FearNoEvil+1","Meditate+1","ReachHeaven+1","Consecrate+1","Tantrum+1","Wallop+1","MentalFortress+1","Establishment+1","WaveOfTheHand+1","Vengeance+1","Ragnarok+1","Protect+1","Wallop+1","TalkToTheHand+1","SandsOfTime+1","Sanctity+1","Blasphemy+1","Wallop+1","LessonLearned+1","Protect+1","DeceiveReality+1","Tantrum+1","Sanctity+1","Halt+1"],"relics":["Black Star","Blood Vial","Bottled Lightning","Prayer Wheel","Centennial Puzzle","FossilizedHelix","Singing Bowl","Pocketwatch","TeardropLocket","Girya","Potion Belt","Philosopher\u0027s Stone","Question Card","Yang","Mercury Hourglass","Bag of Marbles","Omamori","MealTicket","White Beast Statue","Calling Bell","Happy Flower","Toxic Egg 2","GoldenEye","Pen Nib","Boot","Eternal Feather","Strawberry","Mark of the Bloom","InkBottle","The Courier","Gremlin Horn","War Paint"],"acts_visited":["Exordium","TheCity","TheBeyond","TheEnding"],"potions_floor_usage":[56,56,56],"damage_taken":[{"damage":3.0,"enemies":"Cultist","floor":1.0,"turns":4.0},{"damage":7.0,"enemies":"Jaw Worm","floor":2.0,"turns":4.0},{"damage":4.0,"enemies":"Small Slimes","floor":4.0,"turns":4.0},{"damage":6.0,"enemies":"Blue Slaver","floor":5.0,"turns":4.0},{"damage":25.0,"enemies":"Lagavulin","floor":6.0,"turns":4.0},{"damage":16.0,"enemies":"Gremlin Nob","floor":8.0,"turns":3.0},{"damage":0.0,"enemies":"Lagavulin","floor":10.0,"turns":4.0},{"damage":13.0,"enemies":"3 Louse","floor":11.0,"turns":2.0},{"damage":0.0,"enemies":"Looter","floor":12.0,"turns":2.0},{"damage":0.0,"enemies":"Gremlin Nob","floor":14.0,"turns":3.0},{"damage":7.0,"enemies":"Hexaghost","floor":16.0,"turns":7.0},{"damage":7.0,"enemies":"Shell Parasite","floor":18.0,"turns":3.0},{"damage":12.0,"enemies":"2 Thieves","floor":22.0,"turns":3.0},{"damage":0.0,"enemies":"Gremlin Leader","floor":23.0,"turns":5.0},{"damage":0.0,"enemies":"Centurion and Healer","floor":25.0,"turns":3.0},{"damage":2.0,"enemies":"Shelled Parasite and Fungi","floor":27.0,"turns":4.0},{"damage":11.0,"enemies":"Slavers","floor":29.0,"turns":2.0},{"damage":0.0,"enemies":"Gremlin Leader","floor":31.0,"turns":5.0},{"damage":11.0,"enemies":"Champ","floor":33.0,"turns":6.0},{"damage":2.0,"enemies":"Orb Walker","floor":35.0,"turns":3.0},{"damage":0.0,"enemies":"3 Shapes","floor":37.0,"turns":6.0},{"damage":0.0,"enemies":"Giant Head","floor":44.0,"turns":5.0},{"damage":0.0,"enemies":"Transient","floor":47.0,"turns":6.0},{"damage":0.0,"enemies":"Reptomancer","floor":48.0,"turns":2.0},{"damage":0.0,"enemies":"Awakened One","floor":50.0,"turns":7.0},{"damage":14.0,"enemies":"Donu and Deca","floor":51.0,"turns":4.0},{"damage":14.0,"enemies":"Shield and Spear","floor":55.0,"turns":6.0},{"damage":46,"enemies":"The Heart","floor":56,"turns":8}],"seed_played":"-1425353412789516736","potions_obtained":[{"floor":1.0,"key":"Strength Potion"},{"floor":8.0,"key":"PowerPotion"},{"floor":11.0,"key":"GamblersBrew"},{"floor":12.0,"key":"SteroidPotion"},{"floor":14.0,"key":"Ambrosia"},{"floor":16.0,"key":"AttackPotion"},{"floor":22.0,"key":"Energy Potion"},{"floor":25.0,"key":"FearPotion"},{"floor":29.0,"key":"FairyPotion"},{"floor":31.0,"key":"ColorlessPotion"},{"floor":33.0,"key":"SteroidPotion"},{"floor":35.0,"key":"DuplicationPotion"},{"floor":37.0,"key":"SteroidPotion"},{"floor":44.0,"key":"Energy Potion"},{"floor":47.0,"key":"Ambrosia"},{"floor":48.0,"key":"EntropicBrew"},{"floor":55.0,"key":"EssenceOfSteel"}],"is_trial":false,"path_per_floor":["M","M","$","M","M","E","R","E","T","E","M","M","?","E","R","B",null,"M","$","?","?","M","E","R","M","T","M","?","E","T","E","R","B",null,"M","$","M","?","$","R","$","R","T","E","?","$","M","E","R","B","B",null,"R","$","E","B",null],"character_chosen":"WATCHER","items_purchased":["FearNoEvil","Ragnarok","LessonLearned","Pen Nib","Tantrum","Swift Potion","LiquidBronze"],"campfire_rested":3,"item_purchase_floors":[3,19,36,39,46,54,54],"current_hp_per_floor":[58,51,51,47,41,16,36,22,22,24,15,21,16,20,20,15,61,56,56,34,34,26,30,30,34,34,34,34,27,27,31,31,22,74,76,91,95,95,95,95,95,95,95,102,102,102,102,102,102,102,88,88,88,88,74,28],"gold":29,"neow_bonus":"BOSS_RELIC","is_daily":false,"chose_seed":false,"campfire_upgraded":1,"win_rate":0.0,"timestamp":1612544869,"path_taken":["M","?","$","M","M","E","R","E","T","E","M","M","?","E","R","BOSS","M","$","?","?","M","E","R","M","T","M","?","E","?","E","R","BOSS","M","?","M","?","$","R","$","R","T","E","?","$","M","E","R","BOSS","BOSS","R","$","E","BOSS"],"items_purchased_type":["Card","Card","Card","Relic","Card","Potion","Potion"],"build_version":"2020-12-18","purchased_purges":2,"victory":true,"max_hp_per_floor":[68,68,68,68,68,68,68,68,68,68,70,74,74,76,76,76,76,76,76,81,81,83,85,85,87,87,87,87,89,89,91,91,91,91,93,93,95,95,95,95,95,95,95,102,102,102,106,106,106,106,106,106,106,106,106,106],"relic_stats":{"Mark of the Bloom":158,"Singing Bowl":26,"Happy Flower":[15],"Gremlin Horn":[0,0],"counters":[28,119],"Yang":[150],"Eternal Feather":0,"Pen Nib":[10],"War Paint":[],"Question Card":17,"GoldenEye":[18],"Boot":[8],"Mercury Hourglass":[226],"Blood Vial":32,"Centennial Puzzle":[33],"Prayer Wheel":9,"MealTicket":15,"Black Star":10,"obtain_stats":[{"Mark of the Bloom":45,"Singing Bowl":10,"Gremlin Horn":55,"Yang":23,"TeardropLocket":13,"Boot":43,"Blood Vial":6,"Centennial Puzzle":8,"Strawberry":44,"Prayer Wheel":8,"Philosopher\u0027s Stone":17,"MealTicket":31,"Toxic Egg 2":34,"InkBottle":48,"Potion Belt":14,"Girya":14,"Happy Flower":34,"Eternal Feather":44,"Pen Nib":39,"The Courier":48,"Omamori":30,"War Paint":55,"Question Card":23,"GoldenEye":34,"White Beast Statue":31,"Mercury Hourglass":29,"Calling Bell":34,"Black Star":0,"Bag of Marbles":29,"Bottled Lightning":6,"PureWater":0,"FossilizedHelix":9,"Pocketwatch":10},{"Mark of the Bloom":22,"Singing Bowl":7,"Gremlin Horn":27,"Yang":14,"TeardropLocket":9,"Boot":21,"Blood Vial":5,"Centennial Puzzle":6,"Strawberry":22,"Prayer Wheel":6,"Philosopher\u0027s Stone":11,"MealTicket":18,"Toxic Egg 2":19,"InkBottle":24,"Potion Belt":10,"Girya":10,"Happy Flower":19,"Eternal Feather":22,"Pen Nib":21,"The Courier":24,"Omamori":17,"War Paint":27,"Question Card":14,"GoldenEye":19,"White Beast Statue":18,"Mercury Hourglass":17,"Calling Bell":19,"Black Star":0,"Bag of Marbles":17,"Bottled Lightning":5,"PureWater":0,"FossilizedHelix":6,"Pocketwatch":7},{"Mark of the Bloom":86,"Singing Bowl":27,"Gremlin Horn":111,"Yang":52,"TeardropLocket":31,"Boot":81,"Blood Vial":20,"Centennial Puzzle":23,"Strawberry":86,"Prayer Wheel":23,"Philosopher\u0027s Stone":41,"MealTicket":66,"Toxic Egg 2":72,"InkBottle":94,"Potion Belt":34,"Girya":34,"Happy Flower":72,"Eternal Feather":86,"Pen Nib":81,"The Courier":94,"Omamori":61,"War Paint":111,"Question Card":52,"GoldenEye":72,"White Beast Statue":66,"Mercury Hourglass":61,"Calling Bell":72,"Black Star":0,"Bag of Marbles":61,"Bottled Lightning":20,"PureWater":0,"FossilizedHelix":23,"Pocketwatch":27}],"InkBottle":[11],"Pocketwatch":[90]},"card_choices":[{"not_picked":["Halt","BowlingBash"],"picked":"Wireheading","floor":1.0},{"not_picked":["BowlingBash","ClearTheMind"],"picked":"Conclude","floor":2.0},{"not_picked":["FlurryOfBlows","TalkToTheHand"],"picked":"Meditate","floor":4.0},{"not_picked":["FlurryOfBlows","ClearTheMind"],"picked":"ReachHeaven","floor":5.0},{"not_picked":["DevaForm","JustLucky"],"picked":"Consecrate","floor":6.0},{"not_picked":["DevaForm","WreathOfFlame"],"picked":"Tantrum","floor":8.0},{"not_picked":["FollowUp","Meditate"],"picked":"Wallop","floor":10.0},{"not_picked":["FearNoEvil","Consecrate"],"picked":"MentalFortress","floor":11.0},{"not_picked":["Crescendo","FollowUp","BowlingBash"],"picked":"Singing Bowl","floor":11.0},{"not_picked":["Crescendo","FlyingSleeves","Protect"],"picked":"Singing Bowl","floor":12.0},{"not_picked":["WaveOfTheHand","Evaluate","Crescendo"],"picked":"Singing Bowl","floor":12.0},{"not_picked":["Crescendo","WaveOfTheHand","BattleHymn"],"picked":"Singing Bowl","floor":14.0},{"not_picked":["ConjureBlade","DeusExMachina"],"picked":"Establishment","floor":16.0},{"not_picked":["FlyingSleeves","CarveReality"],"picked":"WaveOfTheHand+1","floor":18.0},{"not_picked":["ThirdEye","EmptyFist"],"picked":"Vengeance+1","floor":18.0},{"not_picked":["MentalFortress","PathToVictory"],"picked":"Protect","floor":22.0},{"not_picked":["EmptyFist","Indignation","ReachHeaven"],"picked":"Singing Bowl","floor":22.0},{"not_picked":["ForeignInfluence+1","Collect","JustLucky"],"picked":"Singing Bowl","floor":23.0},{"not_picked":["Wireheading","WindmillStrike","FlyingSleeves"],"picked":"Wallop","floor":25.0},{"not_picked":["FollowUp","ClearTheMind","Pray","Evaluate"],"picked":"Singing Bowl","floor":25.0},{"not_picked":["CrushJoints","Swivel","InnerPeace"],"picked":"TalkToTheHand","floor":27.0},{"not_picked":["CrushJoints","Worship","Adaptation"],"picked":"SandsOfTime","floor":27.0},{"not_picked":["ClearTheMind","Wallop","Swivel","MasterReality"],"picked":"Singing Bowl","floor":29.0},{"not_picked":["ThirdEye+1","Sanctity","ClearTheMind","Devotion"],"picked":"Singing Bowl","floor":31.0},{"not_picked":["ConjureBlade","Brilliance","DeusExMachina"],"picked":"Blasphemy","floor":33.0},{"not_picked":["Weave+1","Crescendo+1","CutThroughFate"],"picked":"Wallop+1","floor":35.0},{"not_picked":["FlurryOfBlows","Indignation+1","Conclude","SashWhip"],"picked":"Singing Bowl","floor":35.0},{"not_picked":["Prostrate+1","ForeignInfluence+1","BowlingBash"],"picked":"Protect+1","floor":37.0},{"not_picked":["BowlingBash","Sanctity+1","ClearTheMind+1","CutThroughFate"],"picked":"Singing Bowl","floor":37.0},{"not_picked":["Perseverance+1","EmptyFist","Pray+1"],"picked":"DeceiveReality+1","floor":44.0},{"not_picked":["Prostrate+1","Crescendo+1","JustLucky","LikeWater"],"picked":"Singing Bowl","floor":47.0},{"not_picked":["Wallop","FlurryOfBlows","Alpha+1","Evaluate+1"],"picked":"Singing Bowl","floor":47.0},{"not_picked":["DeceiveReality+1","Swivel+1","Study"],"picked":"Sanctity+1","floor":48.0},{"not_picked":["DeceiveReality+1","SandsOfTime","MentalFortress"],"picked":"Halt+1","floor":55.0}],"player_experience":892446,"relics_obtained":[{"floor":6.0,"key":"Blood Vial"},{"floor":6.0,"key":"Bottled Lightning"},{"floor":8.0,"key":"Prayer Wheel"},{"floor":8.0,"key":"Centennial Puzzle"},{"floor":9.0,"key":"FossilizedHelix"},{"floor":10.0,"key":"Singing Bowl"},{"floor":10.0,"key":"Pocketwatch"},{"floor":14.0,"key":"Girya"},{"floor":14.0,"key":"Potion Belt"},{"floor":23.0,"key":"Question Card"},{"floor":23.0,"key":"Yang"},{"floor":29.0,"key":"Mercury Hourglass"},{"floor":29.0,"key":"Bag of Marbles"},{"floor":30.0,"key":"Omamori"},{"floor":31.0,"key":"MealTicket"},{"floor":31.0,"key":"White Beast Statue"},{"floor":34.0,"key":"Happy Flower"},{"floor":34.0,"key":"Toxic Egg 2"},{"floor":34.0,"key":"GoldenEye"},{"floor":43.0,"key":"Boot"},{"floor":44.0,"key":"Eternal Feather"},{"floor":44.0,"key":"Strawberry"},{"floor":48.0,"key":"InkBottle"},{"floor":48.0,"key":"The Courier"},{"floor":55.0,"key":"Gremlin Horn"},{"floor":55.0,"key":"War Paint"}],"event_choices":[{"damage_healed":0.0,"max_hp_gain":0.0,"max_hp_loss":0.0,"gold_gain":0.0,"event_name":"Scrap Ooze","player_choice":"Success","floor":13.0,"gold_loss":0.0,"damage_taken":5.0,"relics_obtained":["TeardropLocket"]},{"damage_healed":0.0,"max_hp_gain":5.0,"max_hp_loss":0.0,"gold_gain":0.0,"event_name":"Forgotten Altar","player_choice":"Shed Blood","floor":20.0,"gold_loss":0.0,"damage_taken":27.0},{"damage_healed":0.0,"max_hp_gain":0.0,"max_hp_loss":0.0,"gold_gain":50.0,"event_name":"Nest","player_choice":"Stole From Cult","floor":21.0,"gold_loss":0.0,"damage_taken":0.0},{"damage_healed":0.0,"max_hp_gain":0.0,"max_hp_loss":0.0,"gold_gain":0.0,"cards_transformed":["Strike_P","Strike_P"],"event_name":"Drug Dealer","player_choice":"Became Test Subject","floor":28.0,"gold_loss":0.0,"damage_taken":0.0,"cards_obtained":["Sanctity","PathToVictory"]},{"damage_healed":0.0,"max_hp_gain":0.0,"max_hp_loss":0.0,"gold_gain":0.0,"event_name":"Tomb of Lord Red Mask","player_choice":"Ignored","floor":38.0,"gold_loss":0.0,"damage_taken":0.0},{"damage_healed":0.0,"max_hp_gain":0.0,"max_hp_loss":0.0,"gold_gain":0.0,"event_name":"MindBloom","player_choice":"Upgrade","floor":45.0,"gold_loss":0.0,"damage_taken":0.0,"cards_upgraded":["Strike_P","Defend_P","Defend_P","Defend_P","Defend_P","Eruption","Vigilance","Wireheading","Conclude","FearNoEvil","Meditate","ReachHeaven","Consecrate","Tantrum","Wallop","MentalFortress","Establishment","Ragnarok","Protect","Wallop","SandsOfTime","PathToVictory","LessonLearned"],"relics_obtained":["Mark of the Bloom"]}],"is_beta":true,"boss_relics":[{"not_picked":["Snecko Eye","VioletLotus"],"picked":"Philosopher\u0027s Stone"},{"not_picked":["Sozu","Cursed Key"],"picked":"Calling Bell"}],"items_purged_floors":[19,46],"is_endless":false,"potions_floor_spawned":[1,8,11,12,14,16,22,25,29,31,33,35,37,44,47,48,55],"ascension_level":20}}