{"host":"jr9txmeil0uubrvm","time":1612535638,"event":{"mods":["10 clothes from DAL","ATMod(阿瑾Mod)","Arknights","BaseMod","Colored Powertips","Custom Start","Dota2Spire","Library of Ruina","Library of Ruina Extra","Minty Spire (QoL Compilation)","Quick Restart","StSLib","The Blackbeard","TheWitcher","【功能Mod】Neow奖励","【功能Mod】强力的原版药水","【功能Mod】精心准备","【遗物Mod】简单游戏","【遗物卡牌】REMEMod","没有小屋子和绿帽子啦"],"gold_per_floor":[109,122,122,135,152,187,187,216,271,271,251,251,326,351,351,449,449,463,477,496,421,437,437,437],"floor_reached":23,"language":"ZHS","playtime":946,"items_purged":["ats:Strike C"],"score":275,"play_id":"892243e2-b217-4fa5-9151-234cdbcecf35","local_time":"20210205223358","is_ascension_mode":true,"campfire_choices":[{"data":"AT_FamilyPortrait","floor":7,"key":"SMITH"},{"floor":10,"key":"REST"},{"data":"ats:Rapid Magazine","floor":15,"key":"SMITH"}],"circlet_count":0,"master_deck":["ats:Strike S","ats:Armor Crushing Shot","ats:Defend","ats:Defend","ats:Defend","ats:Defend","ats:Emotion Absorption","AT_FamilyPortrait+1","REME_MagicPocketWatch","ats:Explosion Area Strengthen","ats:Consecutive Shot Auto","ats:Hammer On","ats:Overload","ats:Flexible Camouflage","ats:Rapid Magazine+1","ats:Ambush","ats:Explosion Area Strengthen+1","ats:Apocalypse+1","ats:Ignite+1","ats:Explosion Area Strengthen","ats:Explosion Area Strengthen"],"relics":["EasyRelic","REME_ComplimentaryCards","AT_ATBox","ats:Sanity Plus","ats:Originium","Ginger","Sundial","Toy Ornithopter","Happy Flower","Astrolabe"],"acts_visited":["Exordium","TheCity"],"potions_floor_usage":[6,8,12,16,19,20],"damage_taken":[{"damage":2,"enemies":"Cultist","floor":1,"turns":4},{"damage":4,"enemies":"Jaw Worm","floor":2,"turns":2},{"damage":3,"enemies":"Small Slimes","floor":4,"turns":3},{"damage":0,"enemies":"3 Louse","floor":5,"turns":2},{"damage":0,"enemies":"Gremlin Nob","floor":6,"turns":3},{"damage":35,"enemies":"3 Sentries","floor":8,"turns":5},{"damage":0,"enemies":"Exordium Thugs","floor":12,"turns":1},{"damage":13,"enemies":"Lagavulin","floor":14,"turns":5},{"damage":9,"enemies":"Slime Boss","floor":16,"turns":7},{"damage":20,"enemies":"Spheric Guardian","floor":18,"turns":4},{"damage":8,"enemies":"3 Byrds","floor":19,"turns":6},{"damage":12,"enemies":"Centurion and Healer","floor":20,"turns":3},{"damage":8,"enemies":"Snecko","floor":22,"turns":5},{"damage":12,"enemies":"Book of Stabbing","floor":23,"turns":2}],"seed_played":"-3718252970165200942","potions_obtained":[{"floor":1,"key":"Fire Potion"},{"floor":6,"key":"BlessingOfTheForge"},{"floor":8,"key":"Ancient Potion"},{"floor":11,"key":"SmokeBomb"},{"floor":16,"key":"SkillPotion"},{"floor":19,"key":"Fire Potion"}],"is_trial":false,"path_per_floor":["M","M","?","M","M","E","R","E","T","R","?","M","?","E","R","B",null,"M","M","M","$","M","E"],"character_chosen":"DOCTOR_CLASS","items_purchased":[],"campfire_rested":1,"item_purchase_floors":[],"current_hp_per_floor":[77,73,73,70,70,70,70,35,35,58,58,73,62,49,49,45,79,59,68,61,61,53,41,41],"gold":437,"neow_bonus":"TEN_PERCENT_HP_BONUS","is_daily":false,"chose_seed":false,"campfire_upgraded":2,"win_rate":0.0,"timestamp":1612535638,"path_taken":["M","M","?","M","?","E","R","E","T","R","?","?","?","E","R","BOSS","M","M","M","$","M","E"],"items_purchased_type":[],"build_version":"2020-12-22","purchased_purges":1,"victory":false,"max_hp_per_floor":[79,79,79,79,79,79,79,79,79,79,79,79,79,79,79,79,79,79,79,79,79,79,79,79],"card_choices":[{"not_picked":["ats:Hook Shot","ats:LN2 Cannon"],"picked":"ats:Explosion Area Strengthen","floor":1},{"not_picked":["ats:Cat Scratch","ats:Composite Medical Shells"],"picked":"ats:Consecutive Shot Auto","floor":2},{"not_picked":["ats:Thorns","ats:Shadow Raid"],"picked":"ats:Hammer On","floor":4},{"not_picked":["ats:Flexible Camouflage","ats:Explosion Area Strengthen"],"picked":"ats:Overload","floor":5},{"not_picked":["ats:Leaping Hammer","ats:Apocalypse","ats:True Silver Slash"],"picked":"SKIP","floor":6},{"not_picked":["ats:Calcification","ats:Chain Hook"],"picked":"ats:Flexible Camouflage","floor":8},{"not_picked":["ats:Song Of Battle","ats:Blood Oath"],"picked":"ats:Rapid Magazine","floor":14},{"not_picked":["ats:Soul Rend","ats:Echo Reverb"],"picked":"ats:Ambush","floor":16},{"not_picked":["ats:Guard Mode","ats:Blood Oath+1","ats:Very Hot Blade"],"picked":"SKIP","floor":18},{"not_picked":["ats:Flexible Camouflage","ats:Revitalization"],"picked":"ats:Explosion Area Strengthen","floor":19},{"not_picked":["ats:Directed Diagnosis","ats:Literary Storm"],"picked":"ats:Explosion Area Strengthen","floor":20},{"not_picked":["ats:Sunburst","ats:Shell Defense+1","ats:Absolute Focus"],"picked":"SKIP","floor":22}],"player_experience":402337,"relics_obtained":[{"floor":6,"key":"ats:Originium"},{"floor":6,"key":"Ginger"},{"floor":8,"key":"ats:Originium"},{"floor":8,"key":"Sundial"},{"floor":9,"key":"Toy Ornithopter"},{"floor":14,"key":"ats:Originium"},{"floor":14,"key":"Happy Flower"}],"event_choices":[{"damage_healed":0,"gold_gain":0,"player_choice":"1 cards matched","damage_taken":0,"max_hp_gain":0,"max_hp_loss":0,"event_name":"Match and Keep!","floor":3,"gold_loss":0,"cards_obtained":["ats:Thorns"]},{"damage_healed":0,"gold_gain":0,"player_choice":"Bought 1 Potion","damage_taken":0,"max_hp_gain":0,"max_hp_loss":0,"event_name":"The Woman in Blue","floor":11,"gold_loss":0},{"damage_healed":0,"gold_gain":75,"player_choice":"Gather Gold","damage_taken":11,"max_hp_gain":0,"max_hp_loss":0,"event_name":"World of Goop","floor":13,"gold_loss":0}],"is_beta":false,"boss_relics":[{"not_picked":["REME_DemonsWealth","Coffee Dripper"],"picked":"Astrolabe"}],"items_purged_floors":[21],"is_endless":false,"potions_floor_spawned":[1,6,8,16,19],"killed_by":"Book of Stabbing","ascension_level":1}}