{"host":"guv5thfpx4d8ikzb","time":1612535016,"event":{"mods":["2.2 Compatiblity","AchievementEnabler","BaseMod","Block Reminder","Bossed Relics","Colored Map","Colored Powertips","Minty Spire (QoL Compilation)","Permanent Neow","Quick Restart","Relic Stats","Replay The Spire","StSLib"],"gold_per_floor":[114,129,144,13,13,43,43,73,98,128,143,173,173,173,188,218,218,318,318,333,348,348,363,195,225,225,267,292,324,347,443,530,602,602,760,760,760],"floor_reached":36,"language":"ENG","playtime":2102,"items_purged":["Strike_P","Strike_P"],"score":1075,"play_id":"67e61f78-9b41-48a2-b37b-84f397270ee0","local_time":"20210205092336","daily_mods":["Specialized","ControlledChaos","Elite Swarm"],"is_ascension_mode":false,"campfire_choices":[{"data":"Brilliance","floor":7,"key":"SMITH"},{"data":"Brilliance","floor":7,"key":"SMITH"},{"data":"Strike_P","floor":17,"key":"PURGE"},{"data":"Brilliance","floor":34,"key":"SMITH"},{"data":"Brilliance","floor":34,"key":"SMITH"}],"circlet_count":0,"master_deck":["Strike_P","Defend_P","Defend_P","Defend_P","Defend_P","Eruption+1","Vigilance","Brilliance+1","Brilliance+1","Brilliance+1","Brilliance+1","Brilliance","CutThroughFate+1","TalkToTheHand+1","Replay:Hum+1","Replay:BasicMightCard+1","Blasphemy+1","Scrawl+1","DeusExMachina+1","Ragnarok+1","Prostrate+1","DevaForm+1","Vault+1","Prostrate+1","Wireheading+1","EmptyMind+1","Omniscience+1","Omniscience+1","TalkToTheHand+1","ReplayUltimateDefense+1","Wish+1","Omniscience+1","Ragnarok+1","Meditate+1","Devotion+1"],"relics":["PureWater","Frozen Eye","Molten Egg 2","Toxic Egg 2","Golden Egg","PreservedInsect","ReplayFunnel","Replay:Arrowhead","Damaru","Pen Nib","Incense Burner","Lantern","Blue Candle","Astrolabe","Black Star","Bag of Marbles","Pet Ghost","Medical Kit","Replay:Bandana","Calipers","Omamori","Toxic Egg 2","White Beast Statue","Juzu Bracelet","Vajra","Turnip","Replay:Accelerometer","Simple Rune","Replay:Mystery Machine","Dream Catcher","Happy Flower","Sozu","SacredBark"],"acts_visited":["Exordium","TheCity","TheBeyond"],"potions_floor_usage":[],"damage_taken":[{"damage":0,"enemies":"2 Louse","floor":1,"turns":1},{"damage":0,"enemies":"Small Slimes","floor":2,"turns":3},{"damage":0,"enemies":"Cultist","floor":3,"turns":2},{"damage":0,"enemies":"3 Sentries","floor":6,"turns":2},{"damage":0,"enemies":"Replay:BlueRogue","floor":8,"turns":2},{"damage":0,"enemies":"Lagavulin","floor":10,"turns":2},{"damage":0,"enemies":"Exordium Wildlife","floor":11,"turns":1},{"damage":1,"enemies":"Replay:BlueRogue","floor":12,"turns":2},{"damage":2,"enemies":"Blue Slaver","floor":15,"turns":2},{"damage":0,"enemies":"3 Sentries","floor":16,"turns":1},{"damage":1,"enemies":"Fading Forest","floor":18,"turns":11},{"damage":0,"enemies":"Spheric Guardian","floor":20,"turns":2},{"damage":4,"enemies":"2 Thieves","floor":21,"turns":2},{"damage":0,"enemies":"Snake Plant","floor":23,"turns":3},{"damage":0,"enemies":"Replay:Snechameleon","floor":25,"turns":1},{"damage":0,"enemies":"Gremlin Leader","floor":27,"turns":1},{"damage":0,"enemies":"Book of Stabbing","floor":29,"turns":1},{"damage":0,"enemies":"Snecko","floor":30,"turns":2},{"damage":0,"enemies":"Slavers","floor":31,"turns":1},{"damage":0,"enemies":"Chosen and Byrds","floor":32,"turns":2},{"damage":0,"enemies":"Replay:Snechameleon","floor":33,"turns":2},{"damage":3,"enemies":"Pondfish","floor":35,"turns":5}],"seed_played":"-8643747277835071688","potions_obtained":[{"floor":1,"key":"PowerPotion"},{"floor":2,"key":"Weak Potion"},{"floor":10,"key":"SpeedPotion"},{"floor":22,"key":"Ambrosia"}],"is_trial":false,"path_per_floor":["M","M","M","$","?","E","R","E","T","E","M","E","PTL","PTL","M","E","R_BF","B",null,"M","M","?","M","$","E","?","E","T","E","M","E","M","E","R","B",null],"character_chosen":"WATCHER","items_purchased":["PreservedInsect","Replay:Hum+1","Replay:BasicMightCard","Omniscience+1","TalkToTheHand+1","Bag of Marbles","ReplayUltimateDefense","Pet Ghost","Medical Kit"],"campfire_rested":0,"item_purchase_floors":[4,4,4,24,24,24,24,24,24],"current_hp_per_floor":[72,72,72,72,72,72,72,72,72,72,72,71,71,71,69,69,69,68,72,72,68,68,68,68,68,68,68,68,68,68,68,68,68,68,65,72,72],"gold":760,"neow_bonus":"","is_daily":true,"chose_seed":false,"campfire_upgraded":4,"win_rate":0.0,"timestamp":1612535016,"path_taken":["M","M","M","$","?","E","R","E","T","E","M","E","PTL","PTL","M","E","R_BF","BOSS","M","M","?","?","$","E","?","E","T","E","M","E","M","E","R","BOSS"],"items_purchased_type":["Relic","Card","Card","Card","Card","Relic","Card","Relic","Relic"],"build_version":"2020-12-22","purchased_purges":2,"victory":false,"max_hp_per_floor":[72,72,72,72,72,72,72,72,72,72,72,72,72,72,72,72,72,72,72,72,72,72,72,72,72,72,72,72,72,72,72,72,72,72,72,72,72],"relic_stats":{"Happy Flower":[1],"counters":[22,51],"Blue Candle":[1],"Astrolabe":[],"PreservedInsect":330,"Pen Nib":[9],"Juzu Bracelet":0,"Medical Kit":[0],"Sozu":0,"Dream Catcher":0,"Turnip":[0],"Black Star":5,"obtain_stats":[{"ReplayFunnel":6,"Golden Egg":4,"Replay:Accelerometer":29,"Lantern":12,"Calipers":25,"SacredBark":36,"Vajra":28,"Incense Burner":10,"Juzu Bracelet":27,"Replay:Mystery Machine":31,"Pet Ghost":24,"Sozu":36,"Frozen Eye":0,"Replay:Bandana":25,"Dream Catcher":33,"Toxic Egg 2":2,"Happy Flower":33,"Blue Candle":16,"Astrolabe":19,"Damaru":8,"PreservedInsect":4,"Pen Nib":9,"Omamori":26,"Medical Kit":24,"Replay:Arrowhead":7,"White Beast Statue":27,"Molten Egg 2":2,"Simple Rune":31,"Turnip":29,"Black Star":19,"Bag of Marbles":24,"PureWater":0},{"ReplayFunnel":4,"Golden Egg":3,"Replay:Accelerometer":17,"Lantern":8,"Calipers":15,"SacredBark":22,"Vajra":16,"Incense Burner":6,"Juzu Bracelet":16,"Replay:Mystery Machine":19,"Pet Ghost":14,"Sozu":22,"Frozen Eye":0,"Replay:Bandana":15,"Dream Catcher":21,"Toxic Egg 2":2,"Happy Flower":21,"Blue Candle":10,"Astrolabe":11,"Damaru":5,"PreservedInsect":3,"Pen Nib":5,"Omamori":15,"Medical Kit":14,"Replay:Arrowhead":4,"White Beast Statue":16,"Molten Egg 2":2,"Simple Rune":19,"Turnip":17,"Black Star":11,"Bag of Marbles":14,"PureWater":0},{"ReplayFunnel":8,"Golden Egg":6,"Replay:Accelerometer":39,"Lantern":15,"Calipers":37,"SacredBark":51,"Vajra":38,"Incense Burner":12,"Juzu Bracelet":38,"Replay:Mystery Machine":42,"Pet Ghost":36,"Sozu":51,"Frozen Eye":0,"Replay:Bandana":37,"Dream Catcher":46,"Toxic Egg 2":4,"Happy Flower":46,"Blue Candle":18,"Astrolabe":29,"Damaru":10,"PreservedInsect":6,"Pen Nib":10,"Omamori":37,"Medical Kit":36,"Replay:Arrowhead":8,"White Beast Statue":38,"Molten Egg 2":4,"Simple Rune":42,"Turnip":39,"Black Star":29,"Bag of Marbles":36,"PureWater":0}]},"card_choices":[{"not_picked":["Nirvana","BattleHymn","FollowUp"],"picked":"SKIP","floor":1},{"not_picked":["CrushJoints+1","SashWhip+1"],"picked":"CutThroughFate+1","floor":2},{"not_picked":["Fasting2","CrushJoints+1"],"picked":"TalkToTheHand+1","floor":3},{"not_picked":["Replay:AllIn+1","DeusExMachina+1"],"picked":"Blasphemy+1","floor":6},{"not_picked":["Alpha+1","Replay:AllIn+1"],"picked":"Scrawl+1","floor":8},{"not_picked":["Establishment","Replay:AllIn+1"],"picked":"DeusExMachina+1","floor":10},{"not_picked":["FollowUp+1","WreathOfFlame+1","Indignation+1"],"picked":"SKIP","floor":11},{"not_picked":["Blasphemy+1","Replay:AllIn+1"],"picked":"Ragnarok+1","floor":12},{"not_picked":["Crescendo+1","Swivel+1"],"picked":"Prostrate+1","floor":15},{"not_picked":["Scrawl+1","Alpha+1"],"picked":"DevaForm","floor":16},{"not_picked":["Scrawl+1","Establishment"],"picked":"Vault+1","floor":18},{"not_picked":["WheelKick+1","JustLucky+1"],"picked":"Prostrate+1","floor":20},{"not_picked":["Wallop+1","PathToVictory+1"],"picked":"Wireheading+1","floor":21},{"not_picked":["Consecrate+1","Halt+1"],"picked":"EmptyMind+1","floor":23},{"not_picked":["Judgement+1","Alpha+1","DeusExMachina+1"],"picked":"SKIP","floor":25},{"not_picked":["SpiritShield+1","MasterReality"],"picked":"Wish+1","floor":27},{"not_picked":["Alpha+1","Brilliance+1"],"picked":"Omniscience+1","floor":29},{"not_picked":["BattleHymn","ClearTheMind+1","Swivel+1"],"picked":"SKIP","floor":30},{"not_picked":["LessonLearned+1","ConjureBlade+1"],"picked":"Ragnarok+1","floor":31},{"not_picked":["JustLucky+1","FlurryOfBlows+1"],"picked":"Meditate+1","floor":32},{"not_picked":["DeusExMachina+1","SpiritShield+1","DevaForm"],"picked":"SKIP","floor":33},{"not_picked":["Brilliance+1","Replay:AllIn+1"],"picked":"Devotion","floor":35}],"player_experience":804414,"relics_obtained":[{"floor":6,"key":"ReplayFunnel"},{"floor":8,"key":"Damaru"},{"floor":9,"key":"Pen Nib"},{"floor":10,"key":"Incense Burner"},{"floor":12,"key":"Lantern"},{"floor":16,"key":"Blue Candle"},{"floor":25,"key":"Replay:Bandana"},{"floor":25,"key":"Calipers"},{"floor":27,"key":"White Beast Statue"},{"floor":27,"key":"Juzu Bracelet"},{"floor":28,"key":"Vajra"},{"floor":29,"key":"Turnip"},{"floor":29,"key":"Replay:Accelerometer"},{"floor":31,"key":"Simple Rune"},{"floor":31,"key":"Replay:Mystery Machine"},{"floor":33,"key":"Dream Catcher"},{"floor":33,"key":"Happy Flower"}],"event_choices":[{"damage_healed":0,"gold_gain":0,"player_choice":"Grow","damage_taken":0,"max_hp_gain":0,"max_hp_loss":0,"event_name":"Living Wall","floor":5,"gold_loss":0,"cards_upgraded":["Eruption"]},{"damage_healed":0,"gold_gain":0,"player_choice":"Got Potions","damage_taken":0,"max_hp_gain":0,"max_hp_loss":0,"event_name":"Lab","floor":22,"gold_loss":0}],"is_beta":false,"boss_relics":[{"not_picked":["Calling Bell","Ectoplasm"],"picked":"Astrolabe"},{"not_picked":["Painkiller Herb","Velvet Choker"],"picked":"SacredBark"}],"items_purged_floors":[4,24],"is_endless":false,"potions_floor_spawned":[1,2,10,16,18,23,27,29,30,31,32,33,35],"ascension_level":0}}