{"host":"x205naxbihvu3p76","time":1612533129,"event":{"mods":["AchievementEnabler","BaseMod","Minty Spire (QoL Compilation)","StSLib","SuperFastMode"],"gold_per_floor":[116,129,4,17,36,36,71,71,71,87,100,100,100,100],"floor_reached":13,"language":"KOR","playtime":190,"items_purged":["Strike_B"],"score":174,"play_id":"aa2a7057-33da-4558-ae56-01faf2d41b1c","local_time":"20210205225209","is_ascension_mode":true,"campfire_choices":[{"floor":6,"key":"REST"}],"circlet_count":0,"master_deck":["AscendersBane","Strike_B","Strike_B","Strike_B","Defend_B","Defend_B","Defend_B","Defend_B","Zap","Dualcast","Seek","Streamline","Cold Snap","Echo Form+1","Capacitor","Undo"],"relics":["Cracked Core","Bird Faced Urn","Sundial"],"acts_visited":["Exordium"],"potions_floor_usage":[],"damage_taken":[{"damage":1,"enemies":"Cultist","floor":1,"turns":3},{"damage":14,"enemies":"Small Slimes","floor":2,"turns":3},{"damage":1,"enemies":"2 Louse","floor":4,"turns":2},{"damage":12,"enemies":"Red Slaver","floor":5,"turns":3},{"damage":23,"enemies":"3 Sentries","floor":7,"turns":8},{"damage":5,"enemies":"Looter","floor":10,"turns":3},{"damage":10,"enemies":"Exordium Wildlife","floor":11,"turns":5},{"damage":0,"enemies":"Lagavulin","floor":13,"turns":1}],"seed_played":"4159810719985216249","potions_obtained":[{"floor":1,"key":"DistilledChaos"},{"floor":2,"key":"EntropicBrew"}],"is_trial":false,"path_per_floor":["M","M","$","M","M","R","E","?","T","M","M","?","E"],"character_chosen":"DEFECT","items_purchased":["Cold Snap"],"campfire_rested":1,"item_purchase_floors":[3],"current_hp_per_floor":[63,49,49,48,36,55,32,32,32,27,17,17,17,17],"gold":100,"neow_bonus":"THREE_RARE_CARDS","is_daily":false,"chose_seed":false,"campfire_upgraded":0,"win_rate":0.0,"timestamp":1612533129,"path_taken":["M","?","$","M","M","R","E","?","T","M","M","?","E"],"items_purchased_type":["Card"],"build_version":"2020-12-22","purchased_purges":1,"victory":false,"max_hp_per_floor":[64,64,64,64,64,64,64,64,64,64,64,64,64,64],"card_choices":[{"not_picked":["Amplify","Reboot"],"picked":"Seek","floor":0},{"not_picked":["Melter","Leap"],"picked":"Streamline","floor":1},{"not_picked":["Stack","Melter","Leap"],"picked":"SKIP","floor":2},{"not_picked":["Hologram","Skim","Rebound"],"picked":"SKIP","floor":4},{"not_picked":["Static Discharge","Aggregate","Creative AI"],"picked":"SKIP","floor":5},{"not_picked":["Steam Power","Coolheaded"],"picked":"Echo Form","floor":7},{"not_picked":["Gash","Tempest"],"picked":"Capacitor","floor":10},{"not_picked":["Blizzard","Scrape"],"picked":"Undo","floor":11}],"player_experience":1026238,"relics_obtained":[{"floor":7,"key":"Bird Faced Urn"},{"floor":9,"key":"Sundial"}],"event_choices":[{"damage_healed":0,"gold_gain":0,"player_choice":"Fled","damage_taken":0,"max_hp_gain":0,"max_hp_loss":0,"event_name":"Scrap Ooze","floor":8,"gold_loss":0},{"damage_healed":0,"gold_gain":0,"player_choice":"Forge","damage_taken":0,"max_hp_gain":0,"max_hp_loss":0,"event_name":"Accursed Blacksmith","floor":12,"gold_loss":0,"cards_upgraded":["Echo Form"]}],"is_beta":false,"boss_relics":[],"items_purged_floors":[3],"is_endless":false,"potions_floor_spawned":[1,2,5,11],"killed_by":"Lagavulin","ascension_level":20}}