{"host":"pletss163z7s8pvv","time":1612507734,"event":{"mods":["AchievementEnabler","BaseMod","Better Altar","Better Match","Better Note","Better Sensory Stone","Better Skull","Better Third Choice","BetterRewards","CapriCore","ChefMod","Colored Map","Colored Powertips","Conspire","Energized Spire","Evolution","GifTheSpireLib","Hermit","Ironclad Rager","Marked Mod","Minty Spire (QoL Compilation)","Retaliation","Spicy Shops","StS++","StSLib","The Alterego","The Blue Laboratory","The Cursed","The Disciple","The Forsaken"],"gold_per_floor":[114,114,114,139,244,279,279,298,346,346,370,395,470,484,484,604,604,628,34,59,59,59,103,103,103,103],"floor_reached":25,"language":"ENG","playtime":447,"items_purged":[],"score":346,"play_id":"bec75aaf-a12f-43ef-9df0-a9a0a5ca1d15","local_time":"20210205004854","is_ascension_mode":false,"campfire_choices":[{"floor":7,"key":"REST"},{"floor":10,"key":"RECALL"},{"data":"Berserk","floor":15,"key":"SMITH"}],"circlet_count":0,"master_deck":["Cleave","Cleave+1","Cleave","Cleave+1","Cleave","Armaments","Defend_R","Defend_R","Defend_R","Bash","DDmod:EasePowerCard","Injury","Sword Boomerang","Flex","Inflame","DDmod:SpikeInjectionSkill","Berserk+1","Pommel Strike","Reaper","CurseOfTheBell","DDmod:PokeAttack","Reaper","DDmod:ScaleUpSkill+1","Twin Strike"],"relics":["Burning Blood","EVO:Axolotl","Bird Faced Urn","Akabeko","Whetstone","Juzu Bracelet","Golden Idol","theForsaken:Gavel","Tiny Chest","Bronze Scales","Calling Bell","Boot","Letter Opener","StSpp:WoodenStick","Red Skull","Omamori","Ancient Tea Set","conspire:TopHat"],"acts_visited":["Exordium","TheCity"],"potions_floor_usage":[],"damage_taken":[{"damage":0,"enemies":"2 Louse","floor":1,"turns":1},{"damage":0,"enemies":"Cultist","floor":4,"turns":2},{"damage":36,"enemies":"Lagavulin","floor":6,"turns":6},{"damage":0,"enemies":"Small Slimes","floor":8,"turns":1},{"damage":8,"enemies":"Red Slaver","floor":11,"turns":2},{"damage":0,"enemies":"3 Louse","floor":12,"turns":1},{"damage":0,"enemies":"2 Fungi Beasts","floor":14,"turns":1},{"damage":11,"enemies":"Slime Boss","floor":16,"turns":7},{"damage":30,"enemies":"2 Thieves","floor":18,"turns":2},{"damage":19,"enemies":"Chosen","floor":20,"turns":4},{"damage":71,"enemies":"Book of Stabbing","floor":23,"turns":4},{"damage":27,"enemies":"Gremlin Leader","floor":25,"turns":1}],"seed_played":"-1045931713677723868","potions_obtained":[{"floor":4,"key":"LiquidBronze"},{"floor":6,"key":"EssenceOfSteel"},{"floor":16,"key":"StSpp:ScatteredPotion"}],"is_trial":false,"path_per_floor":["M","?","?","M","?","E","R","M","T","R","M","M","?","M","R","B",null,"M","$","M","?","T","E","T","E"],"character_chosen":"IRONCLAD","items_purchased":["Akabeko","Whetstone","Juzu Bracelet","Reaper","Red Skull","Omamori","LiquidBronze","blueLaboratory:SmithPotion"],"campfire_rested":1,"item_purchase_floors":[0,0,0,19,19,19,19,19],"current_hp_per_floor":[70,70,70,76,49,19,43,49,49,49,49,55,44,50,50,49,80,56,56,65,65,65,27,27,0,0],"gold":103,"neow_bonus":"","is_daily":false,"chose_seed":false,"campfire_upgraded":1,"win_rate":0.0,"timestamp":1612507734,"path_taken":["M","?","?","M","?","E","R","M","T","R","M","M","?","M","R","BOSS","M","$","M","?","?","E","?","E"],"items_purchased_type":["Relic","Relic","Relic","Card","Relic","Relic","Potion","Potion"],"build_version":"2020-12-22","purchased_purges":0,"victory":false,"max_hp_per_floor":[80,80,80,80,80,80,80,80,80,80,80,80,80,80,80,80,80,80,80,80,80,80,80,80,80,80],"card_choices":[{"not_picked":["Havoc","Shrug It Off"],"picked":"DDmod:EasePowerCard","floor":1},{"not_picked":["True Grit","Heavy Blade"],"picked":"Sword Boomerang","floor":4},{"not_picked":["Twin Strike","Armaments"],"picked":"Flex","floor":6},{"not_picked":["Rupture","Evolve"],"picked":"Inflame","floor":8},{"not_picked":["True Grit","Combust"],"picked":"DDmod:SpikeInjectionSkill","floor":11},{"not_picked":["Disarm","StSpp:Vengeance"],"picked":"Berserk","floor":12},{"not_picked":["Blood for Blood","Perfected Strike"],"picked":"Pommel Strike","floor":14},{"not_picked":["Double Tap","StSpp:BladeOfBlood"],"picked":"Reaper","floor":16},{"not_picked":["Flex","StSpp:Sprint"],"picked":"DDmod:PokeAttack","floor":18},{"not_picked":["Whirlwind","Blood for Blood+1"],"picked":"DDmod:ScaleUpSkill","floor":20},{"not_picked":["Bloodletting","Dark Embrace+1"],"picked":"Twin Strike","floor":23}],"player_experience":498051,"relics_obtained":[{"floor":6,"key":"Tiny Chest"},{"floor":9,"key":"Bronze Scales"},{"floor":17,"key":"Boot"},{"floor":17,"key":"Letter Opener"},{"floor":17,"key":"StSpp:WoodenStick"},{"floor":23,"key":"Ancient Tea Set"},{"floor":24,"key":"conspire:TopHat"}],"event_choices":[{"cards_removed":["Clumsy"],"damage_healed":0,"gold_gain":0,"player_choice":"Purged","damage_taken":0,"max_hp_gain":0,"max_hp_loss":0,"event_name":"Purifier","floor":2,"gold_loss":0},{"damage_healed":0,"gold_gain":0,"player_choice":"Take Wound","damage_taken":0,"relics_obtained":["Golden Idol"],"max_hp_gain":0,"max_hp_loss":0,"event_name":"Golden Idol","floor":3,"gold_loss":0,"cards_obtained":["Injury"]},{"damage_healed":0,"gold_gain":105,"player_choice":"GO RE ","damage_taken":30,"relics_obtained":["theForsaken:Gavel"],"max_hp_gain":0,"max_hp_loss":0,"event_name":"betterSkull:BetterSkull","floor":5,"gold_loss":0,"cards_upgraded":[]},{"damage_healed":0,"gold_gain":75,"player_choice":"Gold","damage_taken":11,"max_hp_gain":0,"max_hp_loss":0,"event_name":"betterThird:BetterGoop","floor":13,"gold_loss":0},{"damage_healed":0,"gold_gain":0,"player_choice":"Upgraded","damage_taken":0,"max_hp_gain":0,"max_hp_loss":0,"event_name":"Upgrade Shrine","floor":21,"gold_loss":0,"cards_upgraded":["DDmod:ScaleUpSkill"]}],"is_beta":false,"boss_relics":[{"not_picked":["Tiny House","Black Star"],"picked":"Calling Bell"}],"items_purged_floors":[],"is_endless":false,"potions_floor_spawned":[4,6,16,23],"killed_by":"Gremlin Leader","ascension_level":0}}