{"host":"o5jvvi5yapo90aia","time":1612511020,"event":{"mods":["BaseMod","CapriCore","Minty Spire (QoL Compilation)","MostiFishMod","Prisma Mod","Spicy Shops","StSLib","TestMod","The Immortal","Yakumo Yukari mod","【人物mod】游戏王New YuGiOh mod","【功能Mod】Neow奖励"],"gold_per_floor":[118,118,135,155,173,173,11,38,38,59,88,88,105,139,139,223,223,239,251,251,251,251,251,286,286,286,319,66,66,100,144,144,234,234,259,276,676,676,718,754,781,781,781,826,487,529,529,559,559,588,624,624,624,289,338,393],"floor_reached":57,"language":"ZHS","playtime":1067,"items_purged":["Defend_P","Vault"],"score":3961,"play_id":"d23d0e93-56c6-461c-bd5f-6f7fd61ae349","local_time":"20210205154340","is_ascension_mode":true,"campfire_choices":[{"data":"MostiFishMod:SephirahHod","floor":6.0,"key":"SMITH"},{"data":"Strike_P","floor":12.0,"key":"PURGE"},{"data":"Strike_P","floor":15.0,"key":"PURGE"},{"data":"Writhe","floor":23.0,"key":"PURGE"},{"data":"Strike_P","floor":25.0,"key":"PURGE"},{"data":"Strike_P","floor":29.0,"key":"PURGE"},{"data":"Defend_P","floor":32.0,"key":"PURGE"},{"floor":42.0,"key":"RECALL"},{"data":"Eruption","floor":47.0,"key":"PURGE"},{"data":"Defend_P","floor":49.0,"key":"PURGE"},{"data":"Evaluate+1","floor":53.0,"key":"PURGE"}],"circlet_count":0,"master_deck":["AscendersBane","Vigilance+1","MostiFishMod:SephirahHod+1","MostiFishMod:Speedup","Tantrum","MostiFishMod:KingOfFree","FearNoEvil","MostiFishMod:Adaptation","Adaptation","TalkToTheHand","Omniscience","MentalFortress","Scrawl","Fasting2","MostiFishMod:PerfectForm"],"relics":["testmod-TestBox","PatriotShield","MostiFishMod:Hod","testmod-FatalChain","SynthV:TestCard","testmod-Faith","testmod-Acrobat","Yang","testmod-ArcanaOfDestiny","testmod-BatchProcessingSystem","Pantograph","War Paint","testmod-Antiphasic","Bag of Marbles","Mummified Hand","SynthV:C4","Fusion Hammer","GoldenEye","Molten Egg 2","Shuriken","TeardropLocket","Smiling Mask","DiscerningMonocle","BirthdayGift-Icosahedron","InkBottle","Nunchaku","Bag of Preparation","Ice Cream","Mercury Hourglass"],"acts_visited":["Exordium","TheCity","TheBeyond","TheEnding"],"potions_floor_usage":[56,56],"damage_taken":[{"damage":0.0,"enemies":"Small Slimes","floor":1.0,"turns":1.0},{"damage":0.0,"enemies":"Cultist","floor":3.0,"turns":1.0},{"damage":0.0,"enemies":"Jaw Worm","floor":4.0,"turns":1.0},{"damage":0.0,"enemies":"Blue Slaver","floor":5.0,"turns":1.0},{"damage":0.0,"enemies":"Lagavulin","floor":8.0,"turns":1.0},{"damage":0.0,"enemies":"Exordium Thugs","floor":10.0,"turns":1.0},{"damage":0.0,"enemies":"3 Sentries","floor":11.0,"turns":1.0},{"damage":0.0,"enemies":"2 Fungi Beasts","floor":13.0,"turns":2.0},{"damage":0.0,"enemies":"Gremlin Nob","floor":14.0,"turns":1.0},{"damage":0.0,"enemies":"Hexaghost","floor":16.0,"turns":1.0},{"damage":0.0,"enemies":"Shell Parasite","floor":18.0,"turns":1.0},{"damage":0.0,"enemies":"2 Thieves","floor":19.0,"turns":1.0},{"damage":0.0,"enemies":"Gremlin Leader","floor":24.0,"turns":1.0},{"damage":0.0,"enemies":"Slavers","floor":27.0,"turns":1.0},{"damage":0.0,"enemies":"Sentry and Sphere","floor":30.0,"turns":1.0},{"damage":0.0,"enemies":"Book of Stabbing","floor":31.0,"turns":1.0},{"damage":0.0,"enemies":"Collector","floor":33.0,"turns":2.0},{"damage":0.0,"enemies":"3 Darklings","floor":35.0,"turns":1.0},{"damage":0.0,"enemies":"Orb Walker","floor":36.0,"turns":1.0},{"damage":0.0,"enemies":"Transient","floor":39.0,"turns":2.0},{"damage":0.0,"enemies":"Nemesis","floor":40.0,"turns":1.0},{"damage":0.0,"enemies":"Jaw Worm Horde","floor":41.0,"turns":1.0},{"damage":0.0,"enemies":"Giant Head","floor":44.0,"turns":1.0},{"damage":0.0,"enemies":"Nemesis","floor":46.0,"turns":1.0},{"damage":0.0,"enemies":"Spire Growth","floor":48.0,"turns":2.0},{"damage":0.0,"enemies":"Donu and Deca","floor":50.0,"turns":1.0},{"damage":0.0,"enemies":"Awakened One","floor":51.0,"turns":2.0},{"damage":0,"enemies":"Shield and Spear","floor":55,"turns":1},{"damage":0,"enemies":"The Heart","floor":56,"turns":3}],"seed_played":"-3826935771911863981","potions_obtained":[{"floor":1.0,"key":"Fire Potion"},{"floor":10.0,"key":"Ancient Potion"}],"is_trial":false,"path_per_floor":["M","?","M","M","M","R","$","E","T","M","E","R","M","E","R","B",null,"M","M","?","?","?","R","E","R","T","E","$","R","M","E","R","B",null,"M","M","?","?","M","E","M","R","T","E","$","E","R","M","R","B","B",null,"R","$","E","B",null],"character_chosen":"WATCHER","items_purchased":["testmod-Faith","MostiFishMod:KingOfFree","Mummified Hand","TeardropLocket","DiscerningMonocle","BirthdayGift-Icosahedron","InkBottle","Nunchaku","Bag of Preparation","Ice Cream","MostiFishMod:PerfectForm","PowerPotion"],"campfire_rested":0,"item_purchase_floors":[7,7,28,45,54,54,54,54,54,54,54,54],"current_hp_per_floor":[62,62,63,64,65,65,65,66,66,67,68,68,68,68,68,68,68,68,68,68,68,68,68,68,68,68,68,68,68,68,68,68,68,68,68,68,68,68,68,68,68,68,68,68,68,68,68,68,68,68,68,68,68,68,68,68],"gold":393,"neow_bonus":"BOSS_RELIC","is_daily":false,"chose_seed":false,"campfire_upgraded":1,"win_rate":0.0,"timestamp":1612511020,"path_taken":["M","?","M","?","M","R","?","E","T","M","E","R","M","E","R","BOSS","M","M","?","?","?","R","E","R","T","E","?","R","M","E","R","BOSS","M","M","?","?","M","E","M","R","T","E","?","E","R","M","R","BOSS","BOSS","R","$","E","BOSS"],"items_purchased_type":["Relic","Card","Relic","Relic","Relic","Relic","Relic","Relic","Relic","Relic","Card","Potion"],"build_version":"2020-12-22","purchased_purges":2,"victory":true,"max_hp_per_floor":[68,68,68,68,68,68,68,68,68,68,68,68,68,68,68,68,68,68,68,68,68,68,68,68,68,68,68,68,68,68,68,68,68,68,68,68,68,68,68,68,68,68,68,68,68,68,68,68,68,68,68,68,68,68,68,68],"card_choices":[{"not_picked":["EmptyMind","FollowUp"],"picked":"MostiFishMod:Speedup","floor":1.0},{"not_picked":["Prostrate","Wallop","FlurryOfBlows","CrushJoints","FlyingSleeves"],"picked":"SKIP","floor":3.0},{"not_picked":["Pray","EmptyMind","PathToVictory","SashWhip"],"picked":"Tantrum","floor":4.0},{"not_picked":["JustLucky","BowlingBash","Worship","FollowUp","EmptyFist"],"picked":"SKIP","floor":5.0},{"not_picked":["FlyingSleeves","FlurryOfBlows","Tantrum","Crescendo"],"picked":"FearNoEvil","floor":8.0},{"not_picked":["MostiFishMod:ScryFuture","SashWhip","FlyingSleeves","Nirvana","CutThroughFate"],"picked":"SKIP","floor":10.0},{"not_picked":["Brilliance","Evaluate","ConjureBlade","Halt"],"picked":"MostiFishMod:Adaptation","floor":11.0},{"not_picked":["CutThroughFate","SandsOfTime","Wireheading","EmptyFist","Halt"],"picked":"SKIP","floor":13.0},{"not_picked":["WheelKick","FlyingSleeves","Protect","MostiFishMod:PathToVictory","FollowUp"],"picked":"SKIP","floor":14.0},{"not_picked":["MostiFishMod:Clarity","Vengeance","LikeWater+1","CutThroughFate","Halt"],"picked":"SKIP","floor":18.0},{"not_picked":["BowlingBash","Halt","Indignation","ThirdEye"],"picked":"Adaptation","floor":19.0},{"not_picked":["Prostrate","Halt","JustLucky","WheelKick"],"picked":"Vault","floor":22.0},{"not_picked":["WindmillStrike","Pray","Crescendo","WreathOfFlame"],"picked":"Omniscience","floor":24.0},{"not_picked":["Vengeance","MasterReality","CutThroughFate+1","Prostrate","SandsOfTime"],"picked":"SKIP","floor":27.0},{"not_picked":["CrushJoints","MostiFishMod:LegendTransform","BowlingBash","Collect","Crescendo+1"],"picked":"SKIP","floor":30.0},{"not_picked":["ClearTheMind","MostiFishMod:StarWish","BowlingBash","MostiFishMod:Speedup"],"picked":"MentalFortress","floor":31.0},{"not_picked":["BowlingBash+1","Perseverance","EmptyFist","Swivel","WheelKick"],"picked":"SKIP","floor":35.0},{"not_picked":["BowlingBash","PathToVictory+1","Halt+1","FlurryOfBlows","Consecrate"],"picked":"SKIP","floor":36.0},{"not_picked":["EmptyFist","ClearTheMind+1","Consecrate","FollowUp","ReachHeaven"],"picked":"SKIP","floor":39.0},{"not_picked":["FlyingSleeves","ThirdEye","FlurryOfBlows+1","Adaptation"],"picked":"Scrawl","floor":40.0},{"not_picked":["BowlingBash","Study","Nirvana+1","SashWhip","EmptyBody"],"picked":"SKIP","floor":41.0},{"not_picked":["Perseverance","ConjureBlade","EmptyBody","Judgement"],"picked":"Fasting2","floor":44.0},{"not_picked":["Halt+1","CutThroughFate+1","Crescendo","LikeWater+1","SashWhip+1"],"picked":"SKIP","floor":46.0},{"not_picked":["Evaluate","PathToVictory","WreathOfFlame","Adaptation","Crescendo"],"picked":"SKIP","floor":48.0},{"not_picked":["Halt","PathToVictory+1","ClearTheMind","Tantrum+1","Study"],"picked":"SKIP","floor":55}],"player_experience":1513222,"relics_obtained":[{"floor":1.0,"key":"SynthV:TestCard"},{"floor":8.0,"key":"testmod-Acrobat"},{"floor":11.0,"key":"Yang"},{"floor":14.0,"key":"testmod-ArcanaOfDestiny"},{"floor":24.0,"key":"War Paint"},{"floor":26.0,"key":"testmod-Antiphasic"},{"floor":27.0,"key":"Bag of Marbles"},{"floor":31.0,"key":"SynthV:C4"},{"floor":40.0,"key":"GoldenEye"},{"floor":43.0,"key":"Molten Egg 2"},{"floor":44.0,"key":"Shuriken"},{"floor":46.0,"key":"Smiling Mask"},{"floor":55,"key":"Mercury Hourglass"}],"event_choices":[{"damage_healed":0.0,"max_hp_gain":0.0,"max_hp_loss":0.0,"gold_gain":0.0,"cards_transformed":["Defend_P"],"event_name":"Transmorgrifier","player_choice":"Transformed","floor":2.0,"gold_loss":0.0,"damage_taken":0.0,"cards_obtained":["Evaluate"]},{"damage_healed":0.0,"max_hp_gain":0.0,"max_hp_loss":0.0,"gold_gain":0.0,"event_name":"The Library","player_choice":"Read","floor":20.0,"gold_loss":0.0,"damage_taken":0.0,"cards_obtained":["TalkToTheHand"]},{"damage_healed":0.0,"max_hp_gain":0.0,"max_hp_loss":0.0,"gold_gain":0.0,"event_name":"The Mausoleum","player_choice":"Opened","floor":21.0,"gold_loss":0.0,"damage_taken":0.0,"relics_obtained":["Pantograph"],"cards_obtained":["Writhe"]},{"damage_healed":0.0,"max_hp_gain":0.0,"max_hp_loss":0.0,"gold_gain":0.0,"event_name":"给自己的盒子","player_choice":"Swap Relic","floor":22.0,"relics_lost":["Orrery"],"gold_loss":0.0,"damage_taken":0.0,"relics_obtained":["Orrery"]},{"damage_healed":0.0,"max_hp_gain":0.0,"max_hp_loss":0.0,"gold_gain":400.0,"event_name":"恩洛斯的盘子","player_choice":"Sell","floor":37.0,"relics_lost":["DaveBox"],"gold_loss":0.0,"damage_taken":0.0},{"damage_healed":0.0,"max_hp_gain":0.0,"max_hp_loss":0.0,"gold_gain":0.0,"event_name":"Tomb of Lord Red Mask","player_choice":"Ignored","floor":38.0,"gold_loss":0.0,"damage_taken":0.0}],"is_beta":false,"boss_relics":[{"not_picked":["Sozu","testmod-IncinerationGenerator"],"picked":"testmod-BatchProcessingSystem"},{"not_picked":["Astrolabe","testmod-EnergyCheck"],"picked":"Fusion Hammer"}],"items_purged_floors":[45,54],"is_endless":false,"potions_floor_spawned":[1,10,11,13,24,30,31,35,36,41,44,48],"ascension_level":20}}