{"host":"04x9isxu4s2lvye3","time":1612498737,"event":{"mods":["BaseMod","Colored Powertips","Highlight Path","Minty Spire (QoL Compilation)"],"gold_per_floor":[111,129,129,153,171,171,190,290,290,320,376,388,414,426,438,576,588,620,647,659,659],"floor_reached":20,"language":"ENG","playtime":1109,"items_purged":[],"score":214,"play_id":"d126640e-0543-4150-a7cd-cec4bb29b623","local_time":"20210204231857","is_ascension_mode":true,"campfire_choices":[{"data":"Wraith Form v2","floor":6,"key":"SMITH"},{"floor":12,"key":"REST"},{"floor":15,"key":"REST"}],"circlet_count":0,"master_deck":["Strike_G","Strike_G","Strike_G","Strike_G","Strike_G","Defend_G","Defend_G","Defend_G","Defend_G","Defend_G","Survivor","Neutralize","Wraith Form v2+1","Infinite Blades","Sucker Punch","Prepared","Backflip","Reflex","Accuracy","Flying Knee","Concentrate","Adrenaline","CurseOfTheBell","Malaise","Underhanded Strike"],"relics":["Ring of the Snake","Golden Idol","MawBank","Ancient Tea Set","CaptainsWheel","Calling Bell","Omamori","Gremlin Horn","Girya"],"acts_visited":["Exordium","TheCity"],"potions_floor_usage":[5,11,16,16],"damage_taken":[{"damage":1,"enemies":"Small Slimes","floor":1,"turns":4},{"damage":8,"enemies":"2 Louse","floor":2,"turns":3},{"damage":7,"enemies":"Cultist","floor":4,"turns":4},{"damage":21,"enemies":"Exordium Thugs","floor":5,"turns":7},{"damage":2,"enemies":"Blue Slaver","floor":7,"turns":5},{"damage":11,"enemies":"2 Fungi Beasts","floor":10,"turns":5},{"damage":13,"enemies":"3 Sentries","floor":11,"turns":10},{"damage":8,"enemies":"Exordium Thugs","floor":13,"turns":4},{"damage":5,"enemies":"Slime Boss","floor":16,"turns":7},{"damage":40,"enemies":"Shell Parasite","floor":18,"turns":9},{"damage":20,"enemies":"Chosen","floor":19,"turns":8},{"damage":5,"enemies":"Snake Plant","floor":20,"turns":1}],"seed_played":"-4063961469319441516","potions_obtained":[{"floor":1,"key":"Dexterity Potion"},{"floor":2,"key":"Energy Potion"},{"floor":4,"key":"AttackPotion"},{"floor":11,"key":"PowerPotion"},{"floor":13,"key":"FearPotion"},{"floor":19,"key":"BlessingOfTheForge"}],"is_trial":false,"path_per_floor":["M","M","?","M","M","R","M","?","T","M","E","R","M","T","R","B",null,"M","M","M"],"character_chosen":"THE_SILENT","items_purchased":[],"campfire_rested":2,"item_purchase_floors":[],"current_hp_per_floor":[69,61,61,54,33,33,31,31,31,20,7,26,18,18,37,32,65,25,5,0,0],"gold":659,"neow_bonus":"ONE_RANDOM_RARE_CARD","is_daily":false,"chose_seed":false,"campfire_upgraded":1,"win_rate":0.0,"timestamp":1612498737,"path_taken":["M","M","?","M","M","R","M","?","T","M","E","R","?","?","R","BOSS","M","M","M"],"items_purchased_type":[],"build_version":"2020-12-22","purchased_purges":0,"victory":false,"max_hp_per_floor":[70,70,65,65,65,65,65,65,65,65,65,65,65,65,65,65,65,65,65,65,65],"card_choices":[{"not_picked":["Slice","Backstab"],"picked":"Infinite Blades","floor":1},{"not_picked":["Dodge and Roll","Endless Agony"],"picked":"Sucker Punch","floor":2},{"not_picked":["Sucker Punch","Dodge and Roll"],"picked":"Prepared","floor":4},{"not_picked":["Dodge and Roll","Quick Slash"],"picked":"Backflip","floor":5},{"not_picked":["Tactician","Calculated Gamble"],"picked":"Reflex","floor":7},{"not_picked":["Sucker Punch","Dodge and Roll"],"picked":"Accuracy","floor":10},{"not_picked":["Quick Slash","All Out Attack"],"picked":"Flying Knee","floor":11},{"not_picked":["Sucker Punch","Endless Agony"],"picked":"Concentrate","floor":13},{"not_picked":["Unload","Malaise"],"picked":"Adrenaline","floor":16},{"not_picked":["Deflect","Cloak And Dagger"],"picked":"Malaise","floor":18},{"not_picked":["Bane","Riddle With Holes"],"picked":"Underhanded Strike","floor":19}],"player_experience":238847,"relics_obtained":[{"floor":9,"key":"MawBank"},{"floor":11,"key":"Ancient Tea Set"},{"floor":14,"key":"CaptainsWheel"},{"floor":17,"key":"Omamori"},{"floor":17,"key":"Gremlin Horn"},{"floor":17,"key":"Girya"}],"event_choices":[{"damage_healed":0,"gold_gain":0,"player_choice":"Lose Max HP","damage_taken":0,"relics_obtained":["Golden Idol"],"max_hp_gain":0,"max_hp_loss":5,"event_name":"Golden Idol","floor":3,"gold_loss":0},{"damage_healed":0,"gold_gain":100,"player_choice":"Pray","damage_taken":0,"max_hp_gain":0,"max_hp_loss":0,"event_name":"Golden Shrine","floor":8,"gold_loss":0}],"is_beta":false,"boss_relics":[{"not_picked":["Velvet Choker","Black Star"],"picked":"Calling Bell"}],"items_purged_floors":[],"is_endless":false,"potions_floor_spawned":[1,2,4,11,13,19],"killed_by":"Snake Plant","ascension_level":4}}