{"host":"49pjgf1q9ev52n8z","time":1612562019,"event":{"mods":["BaseMod","Bestiary","Colored Map","Keyboard Shortcuts","Minty Spire (QoL Compilation)","Practice Mode","Relic Stats","StSLib"],"gold_per_floor":[113,128,138,154,167,167,201,216,241,241,241,256,286,306,306,404,404,419,419,437,448,448,448,448],"floor_reached":23,"language":"ENG","playtime":2508,"items_purged":[],"score":273,"play_id":"31923ec7-aa5d-4e37-bbba-8359ecb3ccfd","local_time":"20210205135339","is_ascension_mode":true,"campfire_choices":[{"data":"Bash","floor":6.0,"key":"SMITH"},{"floor":11.0,"key":"REST"},{"data":"Metallicize","floor":15.0,"key":"SMITH"}],"circlet_count":0,"master_deck":["Strike_R","Strike_R","Strike_R","Strike_R","Strike_R","Defend_R","Defend_R","Defend_R","Defend_R","Bash+1","Feel No Pain","Uppercut","Intimidate","Metallicize","Headbutt","Iron Wave","Spot Weakness","Metallicize+1","Offering","CurseOfTheBell","Offering","True Grit","Demon Form"],"relics":["Burning Blood","Gremlin Horn","Boot","Pear","Calling Bell","MealTicket","Question Card","Champion Belt"],"acts_visited":["TheCity"],"potions_floor_usage":[16,20,23,23,23],"damage_taken":[{"damage":7.0,"enemies":"Jaw Worm","floor":1.0,"turns":3.0},{"damage":8.0,"enemies":"Small Slimes","floor":2.0,"turns":4.0},{"damage":1.0,"enemies":"Cultist","floor":3.0,"turns":3.0},{"damage":13.0,"enemies":"Large Slime","floor":4.0,"turns":5.0},{"damage":30.0,"enemies":"Lots of Slimes","floor":5.0,"turns":7.0},{"damage":40.0,"enemies":"Lagavulin","floor":7.0,"turns":8.0},{"damage":17.0,"enemies":"Exordium Wildlife","floor":8.0,"turns":4.0},{"damage":9.0,"enemies":"Blue Slaver","floor":12.0,"turns":4.0},{"damage":19.0,"enemies":"3 Sentries","floor":13.0,"turns":8.0},{"damage":0.0,"enemies":"2 Fungi Beasts","floor":14.0,"turns":3.0},{"damage":52,"enemies":"Hexaghost","floor":16,"turns":11},{"damage":29,"enemies":"Chosen","floor":18,"turns":7},{"damage":12,"enemies":"3 Byrds","floor":20,"turns":5},{"damage":27,"enemies":"Centurion and Healer","floor":21,"turns":7},{"damage":50,"enemies":"Gremlin Leader","floor":23,"turns":6}],"seed_played":"-3949705484421863129","potions_obtained":[{"floor":1.0,"key":"Explosive Potion"},{"floor":2.0,"key":"EssenceOfSteel"},{"floor":7.0,"key":"AttackPotion"},{"floor":13.0,"key":"Swift Potion"},{"floor":14.0,"key":"GamblersBrew"},{"floor":16,"key":"Weak Potion"},{"floor":18,"key":"Explosive Potion"},{"floor":21,"key":"Dexterity Potion"}],"is_trial":false,"path_per_floor":["M","M","M","M","M","R","E","M","T","?","R","M","E","M","R","B",null,"M","?","M","M","?","E"],"character_chosen":"IRONCLAD","items_purchased":[],"campfire_rested":1,"item_purchase_floors":[],"current_hp_per_floor":[87,85,88,81,57,57,23,12,12,41,67,64,61,67,67,21,98,75,75,69,48,48,0,0],"gold":448,"neow_bonus":"TEN_PERCENT_HP_BONUS","is_daily":false,"chose_seed":false,"campfire_upgraded":2,"win_rate":0.0,"timestamp":1612562019,"path_taken":["M","M","M","M","M","R","E","M","T","?","R","M","E","M","R","BOSS","M","?","M","?","?","E"],"items_purchased_type":[],"build_version":"2020-12-22","purchased_purges":0,"victory":false,"max_hp_per_floor":[88,88,88,88,88,88,88,88,88,88,88,88,98,98,98,98,98,98,98,98,98,98,98,98],"relic_stats":{"Gremlin Horn":[11,11],"counters":[15,85],"MealTicket":0,"Champion Belt":[9],"Boot":[15],"Question Card":3,"obtain_stats":[{"Calling Bell":17,"Pear":13,"Gremlin Horn":7,"MealTicket":17,"Champion Belt":17,"Boot":9,"Question Card":17,"Burning Blood":0},{"Calling Bell":11,"Pear":9,"Gremlin Horn":6,"MealTicket":11,"Champion Belt":11,"Boot":7,"Question Card":11,"Burning Blood":0},{"Calling Bell":60,"Pear":46,"Gremlin Horn":30,"MealTicket":60,"Champion Belt":60,"Boot":34,"Question Card":60,"Burning Blood":0}],"Burning Blood":82},"card_choices":[{"not_picked":["Havoc","Warcry"],"picked":"Feel No Pain","floor":1.0},{"not_picked":["Thunderclap","Perfected Strike","Infernal Blade"],"picked":"SKIP","floor":2.0},{"not_picked":["Body Slam","Combust"],"picked":"Uppercut","floor":3.0},{"not_picked":["Perfected Strike","Twin Strike"],"picked":"Intimidate","floor":4.0},{"not_picked":["Havoc","Thunderclap","Flex"],"picked":"SKIP","floor":5.0},{"not_picked":["Double Tap","Feel No Pain"],"picked":"Metallicize","floor":7.0},{"not_picked":["Feel No Pain","Perfected Strike"],"picked":"Headbutt","floor":8.0},{"not_picked":["Metallicize","Clothesline"],"picked":"Iron Wave","floor":12.0},{"not_picked":["Pommel Strike","Flame Barrier"],"picked":"Spot Weakness","floor":13.0},{"not_picked":["Flame Barrier","Sword Boomerang"],"picked":"Metallicize","floor":14.0},{"not_picked":["Double Tap","Fiend Fire"],"picked":"Offering","floor":16},{"not_picked":["Anger","Body Slam+1","Perfected Strike","Flex"],"picked":"SKIP","floor":18},{"not_picked":["Havoc+1","Feel No Pain","Shrug It Off"],"picked":"True Grit","floor":20},{"not_picked":["Armaments","Clash","Thunderclap","Sword Boomerang"],"picked":"SKIP","floor":21}],"player_experience":724718,"relics_obtained":[{"floor":7.0,"key":"Gremlin Horn"},{"floor":9.0,"key":"Boot"},{"floor":13.0,"key":"Pear"},{"floor":17,"key":"MealTicket"},{"floor":17,"key":"Question Card"},{"floor":17,"key":"Champion Belt"}],"event_choices":[{"damage_healed":29.0,"max_hp_gain":0.0,"max_hp_loss":0.0,"gold_gain":0.0,"event_name":"Big Fish","player_choice":"Banana","floor":10.0,"gold_loss":0.0,"damage_taken":0.0},{"damage_healed":0,"gold_gain":0,"player_choice":"Copied","damage_taken":0,"max_hp_gain":0,"max_hp_loss":0,"event_name":"Duplicator","floor":19,"gold_loss":0,"cards_obtained":["Offering"]},{"damage_healed":0,"gold_gain":0,"player_choice":"Read","damage_taken":0,"max_hp_gain":0,"max_hp_loss":0,"event_name":"The Library","floor":22,"gold_loss":0,"cards_obtained":["Demon Form"]}],"is_beta":false,"boss_relics":[{"not_picked":["SacredBark","Runic Dome"],"picked":"Calling Bell"}],"items_purged_floors":[],"is_endless":false,"potions_floor_spawned":[1,2,7,13,14,16,18,21],"killed_by":"Gremlin Leader","ascension_level":4}}