{"host":"aw6ta4ll26ap9lu8","time":1612484666,"event":{"mods":["AchievementEnabler","AlwaysNeverKeys","BaseMod","Bestiary","Block Reminder","Colored Map","Colored Powertips","Dark Map","DeckTracker","Highlight Path","Minty Spire (QoL Compilation)","Permanent Neow","Quick Restart","Relic Stats","StSLib"],"gold_per_floor":[111,111,286,60,135,162,162,191,191,191,191],"floor_reached":10,"language":"ENG","playtime":249,"items_purged":["Doubt"],"score":155,"play_id":"efe04b40-6688-464d-a9a4-83a8e2dcf666","local_time":"20210204192426","is_ascension_mode":true,"campfire_choices":[{"data":"BowlingBash","floor":7,"key":"SMITH"}],"circlet_count":0,"master_deck":["AscendersBane","Strike_P","Strike_P","Strike_P","Strike_P+1","Defend_P","Defend_P+1","Defend_P","Defend_P","Eruption+1","Vigilance","BowlingBash+1","FollowUp"],"relics":["PureWater","Juzu Bracelet","InkBottle","Potion Belt","TeardropLocket"],"acts_visited":["Exordium"],"potions_floor_usage":[8],"damage_taken":[{"damage":0,"enemies":"2 Louse","floor":1,"turns":2},{"damage":28,"enemies":"Gremlin Nob","floor":6,"turns":3},{"damage":0,"enemies":"Lagavulin","floor":8,"turns":2},{"damage":32,"enemies":"Gremlin Nob","floor":10,"turns":2}],"seed_played":"3756610854439914504","potions_obtained":[{"floor":6,"key":"FearPotion"}],"is_trial":false,"path_per_floor":["M","?","?","$","?","E","R","E","T","E"],"character_chosen":"WATCHER","items_purchased":["Juzu Bracelet"],"campfire_rested":0,"item_purchase_floors":[4],"current_hp_per_floor":[65,51,51,51,40,12,12,12,12,0,0],"gold":191,"neow_bonus":"UPGRADE_CARD","is_daily":false,"chose_seed":false,"campfire_upgraded":1,"win_rate":0.0,"timestamp":1612484666,"path_taken":["M","?","?","$","?","E","R","E","T","E"],"items_purchased_type":["Relic"],"build_version":"2020-12-22","purchased_purges":1,"victory":false,"max_hp_per_floor":[72,72,72,72,72,72,72,72,72,72,72],"relic_stats":{"counters":[4,9],"Juzu Bracelet":0,"obtain_stats":[{"Potion Belt":8,"Juzu Bracelet":4,"TeardropLocket":9,"PureWater":0,"InkBottle":6},{"Potion Belt":3,"Juzu Bracelet":1,"TeardropLocket":3,"PureWater":0,"InkBottle":2},{"Potion Belt":7,"Juzu Bracelet":2,"TeardropLocket":7,"PureWater":0,"InkBottle":5}],"InkBottle":[1]},"card_choices":[{"not_picked":["Meditate","Protect"],"picked":"BowlingBash","floor":1},{"not_picked":["Meditate","ThirdEye","Worship"],"picked":"SKIP","floor":6},{"not_picked":["ThirdEye","Worship"],"picked":"FollowUp","floor":8}],"player_experience":634525,"relics_obtained":[{"floor":6,"key":"InkBottle"},{"floor":8,"key":"Potion Belt"},{"floor":9,"key":"TeardropLocket"}],"event_choices":[{"damage_healed":0,"gold_gain":0,"player_choice":"Entered Light","damage_taken":14,"max_hp_gain":0,"max_hp_loss":0,"event_name":"Shining Light","floor":2,"gold_loss":0,"cards_upgraded":["Defend_P","Strike_P"]},{"damage_healed":0,"gold_gain":175,"player_choice":"AGREE","damage_taken":0,"max_hp_gain":0,"max_hp_loss":0,"event_name":"Liars Game","floor":3,"gold_loss":0,"cards_obtained":["Doubt"]},{"damage_healed":0,"gold_gain":75,"player_choice":"Gather Gold","damage_taken":11,"max_hp_gain":0,"max_hp_loss":0,"event_name":"World of Goop","floor":5,"gold_loss":0}],"is_beta":false,"boss_relics":[],"items_purged_floors":[4],"is_endless":false,"potions_floor_spawned":[6],"killed_by":"Gremlin Nob","ascension_level":12}}