{"host":"i70yit5z0kpl303k","time":1612564390,"event":{"mods":["2.2 Compatiblity","Act Like it!","BaseMod","BetterRewards","Downfall","Gensokyo","Infinite Spire","Ironclad Rager","Koishi","Marked Mod","Minty Spire (QoL Compilation)","Relic Stats","Replay The Spire","StSLib","The Marked","thorton"],"gold_per_floor":[99,110,126,226,236,251,278,294,307,307,325,344,344,361,376,481,481,481,497,515,566,106,132,132,132,132,132,149,49,65,100,120,216,316,394,394,444,464,475,495,522,422,439,455,465,465,633,633,647,647],"floor_reached":51,"language":"ENG","playtime":2744,"items_purged":[],"score":764,"play_id":"69b555b5-6d73-494d-80b5-2462a66fb824","local_time":"20210205143310","is_ascension_mode":false,"campfire_choices":[{"floor":1,"key":"DIG"},{"data":"bronze:GetLatest","floor":13,"key":"SMITH"},{"floor":18,"key":"RECALL"},{"floor":29,"key":"REST"},{"data":"1","floor":42,"key":"LIFT"},{"data":"2","floor":46,"key":"LIFT"}],"circlet_count":0,"master_deck":["bronze:Strike","bronze:Strike","bronze:Strike","bronze:Strike","bronze:Defend","bronze:Defend","bronze:Defend","bronze:Defend","bronze:Replicate","bronze:Goto","bronze:Overload","bronze:WhirlingStrike","bronze:Repair","bronze:WhirlingStrike","bronze:CutThrough","bronze:GetLatest+1","bronze:FineTuning","bronze:ChosenStrike","bronze:Boost","bronze:Flail","bronze:SpaghettiCode","bronze:DelayedSlice+1","bronze:BitShift","bronze:Repair+1","bronze:BuggyMess","bronze:GetLatest","bronze:BronzeOrb","bronze:OilSpill","bronze:Overload","bronze:FineTuning+1","bronze:WhirlingStrike","bronze:Boost","bronze:Repair+1","bronze:ThunderWave","bronze:Boost","bronze:Fortify+1","bronze:Flail","bronze:FineTuning","bronze:Fortify+1","bronze:Frontload+1","bronze:BronzeOrb+1","bronze:CloningBeam+1","bronze:ClassDefault","bronze:ChosenStrike","bronze:ChosenStrike"],"relics":["bronze:BronzeCore","Tiny Chest","Pet Ghost","Fusion Hammer","ReplayTheSpireMod:TigerMarble","BargainBundle","Pantograph","Snack Pack","MutagenicStrength","downfall:HeartBlessingBlue","infinitespire:Lucky Rock","Replay:Wanted Poster","Pear","Girya","Gremlin Food","downfall:HeartBlessingRed"],"acts_visited":["Exordium","TheCity","TheBeyond"],"potions_floor_usage":[10,30,50,50,50],"damage_taken":[{"damage":2,"enemies":"2 Louse","floor":2,"turns":3},{"damage":1,"enemies":"Cultist","floor":3,"turns":3},{"damage":0,"enemies":"Small Slimes","floor":5,"turns":2},{"damage":9,"enemies":"2 Fungi Beasts","floor":6,"turns":3},{"damage":0,"enemies":"Large Slime","floor":8,"turns":5},{"damage":13,"enemies":"3 Louse","floor":9,"turns":2},{"damage":9,"enemies":"Gremlin Gang","floor":11,"turns":3},{"damage":15,"enemies":"Exordium Thugs","floor":12,"turns":3},{"damage":2,"enemies":"Blue Slaver","floor":14,"turns":3},{"damage":2,"enemies":"Exordium Thugs","floor":15,"turns":3},{"damage":24,"enemies":"IC_STATUS_ARCHETYPE","floor":16,"turns":7},{"damage":10,"enemies":"Chosen","floor":19,"turns":4},{"damage":0,"enemies":"Spheric Guardian","floor":20,"turns":2},{"damage":10,"enemies":"downfall:FleeingMerchant","floor":22,"turns":4},{"damage":4,"enemies":"Slavers","floor":23,"turns":3},{"damage":20,"enemies":"Shelled Parasite and Fungi","floor":28,"turns":3},{"damage":36,"enemies":"Snecko","floor":30,"turns":6},{"damage":9,"enemies":"Book of Stabbing","floor":31,"turns":3},{"damage":21,"enemies":"Centurion and Healer","floor":32,"turns":3},{"damage":27,"enemies":"SI_MIRROR_ARCHETYPE","floor":33,"turns":8},{"damage":0,"enemies":"SI_MIRROR_ARCHETYPE","floor":37,"turns":4},{"damage":0,"enemies":"3 Shapes","floor":38,"turns":1},{"damage":0,"enemies":"3 Darklings","floor":39,"turns":3},{"damage":8,"enemies":"Spire Growth","floor":40,"turns":3},{"damage":4,"enemies":"Sphere and 2 Shapes","floor":43,"turns":3},{"damage":10,"enemies":"3 Darklings","floor":44,"turns":3},{"damage":24,"enemies":"Transient","floor":45,"turns":5},{"damage":15,"enemies":"downfall:FleeingMerchant","floor":47,"turns":3},{"damage":12,"enemies":"4 Shapes","floor":49,"turns":2},{"damage":111,"enemies":"DF_ARCHETYPE_ORBS","floor":50,"turns":10}],"seed_played":"-7768246055173855700","potions_obtained":[{"floor":6,"key":"Explosive Potion"},{"floor":9,"key":"SkillPotion"},{"floor":10,"key":"Fruit Juice"},{"floor":10,"key":"GamblersBrew"},{"floor":30,"key":"Languid Potion"}],"is_trial":false,"path_per_floor":["R","M","M","?","M","M","T","M","M","?","M","M","R","M","M","B",null,"R","M","M","T","$","E","T","?","?","?","M","R","M","E","M","B",null,"R","T","?","M","M","M","T","R","M","M","M","R","$","?","M","B",null],"character_chosen":"THE_AUTOMATON","items_purchased":["BargainBundle","Pantograph","bronze:Repulsor","bronze:BuggyMess","bronze:GetLatest","bronze:BronzeOrb","bronze:OilSpill","Toxic Potion","Cursed Concoction","bronze:ClassDefault","bronze:ChosenStrike"],"campfire_rested":1,"item_purchase_floors":[22,22,22,22,22,22,22,22,22,47,47],"current_hp_per_floor":[77,75,74,74,74,68,68,75,62,67,65,50,50,56,61,44,82,82,79,82,82,79,79,79,79,79,79,62,92,58,53,44,79,92,92,102,102,102,102,94,94,94,102,92,78,78,76,76,66,10],"gold":647,"neow_bonus":"TEN_PERCENT_HP_BONUS","is_daily":false,"chose_seed":false,"campfire_upgraded":1,"win_rate":0.0,"timestamp":1612564390,"path_taken":["R","M","M","?","M","M","T","M","M","?","M","M","R","M","M","BOSS","R","?","M","?","$","E","T","?","?","?","M","R","M","E","M","BOSS","R","?","?","M","M","M","T","R","M","M","M","R","$","?","M","BOSS"],"items_purchased_type":["Relic","Relic","Card","Card","Card","Card","Card","Potion","Potion","Card","Card"],"build_version":"2020-12-22","purchased_purges":0,"victory":true,"max_hp_per_floor":[77,77,77,77,77,77,77,77,77,82,82,82,82,82,82,82,82,82,82,82,82,82,82,82,82,82,82,82,92,92,92,92,92,92,92,102,102,102,102,102,102,102,102,102,102,102,102,102,102,102],"relic_stats":{"counters":[30,110],"Pantograph":50,"Tiny Chest":2,"obtain_stats":[{"Gremlin Food":41,"Girya":37,"BargainBundle":22,"bronze:BronzeCore":0,"Pear":36,"downfall:HeartBlessingRed":42,"infinitespire:Lucky Rock":31,"Pet Ghost":7,"Replay:Wanted Poster":34,"downfall:HeartBlessingBlue":29,"Pantograph":22,"MutagenicStrength":25,"Tiny Chest":1,"Fusion Hammer":17,"ReplayTheSpireMod:TigerMarble":21,"Snack Pack":23},{"Gremlin Food":24,"Girya":21,"BargainBundle":14,"bronze:BronzeCore":0,"Pear":20,"downfall:HeartBlessingRed":24,"infinitespire:Lucky Rock":18,"Pet Ghost":4,"Replay:Wanted Poster":20,"downfall:HeartBlessingBlue":16,"Pantograph":14,"MutagenicStrength":15,"Tiny Chest":0,"Fusion Hammer":11,"ReplayTheSpireMod:TigerMarble":13,"Snack Pack":15},{"Gremlin Food":84,"Girya":77,"BargainBundle":47,"bronze:BronzeCore":0,"Pear":73,"downfall:HeartBlessingRed":84,"infinitespire:Lucky Rock":62,"Pet Ghost":11,"Replay:Wanted Poster":73,"downfall:HeartBlessingBlue":53,"Pantograph":47,"MutagenicStrength":50,"Tiny Chest":0,"Fusion Hammer":37,"ReplayTheSpireMod:TigerMarble":43,"Snack Pack":50}]},"card_choices":[{"not_picked":["bronze:Deprecate","bronze:ClassDefault"],"picked":"bronze:Overload","floor":2},{"not_picked":["bronze:Branch","bronze:Shield"],"picked":"bronze:WhirlingStrike","floor":3},{"not_picked":["bronze:BuggyMess","bronze:Turbo"],"picked":"bronze:Repair","floor":5},{"not_picked":["bronze:Turbo","bronze:Overheat"],"picked":"bronze:WhirlingStrike","floor":6},{"not_picked":["bronze:DigitalCarnage","bronze:Return"],"picked":"bronze:CutThrough","floor":8},{"not_picked":["bronze:FindAndReplace","bronze:Branch"],"picked":"bronze:GetLatest","floor":9},{"not_picked":["bronze:Invalidate","bronze:Allocate"],"picked":"bronze:FineTuning","floor":11},{"not_picked":["bronze:MaxOutput","bronze:Deprecate"],"picked":"bronze:ChosenStrike","floor":12},{"not_picked":["bronze:Turbo","bronze:Deprecate"],"picked":"bronze:Boost","floor":14},{"not_picked":["bronze:Backtrace","bronze:Philosophize"],"picked":"bronze:Flail","floor":15},{"not_picked":["bronze:Mutator","bronze:ShipIt"],"picked":"bronze:SpaghettiCode","floor":16},{"not_picked":["bronze:BuggyMess","bronze:DarkDash+1"],"picked":"bronze:DelayedSlice+1","floor":19},{"not_picked":["bronze:Flail+1","bronze:BugBarrage"],"picked":"bronze:BitShift","floor":20},{"not_picked":["bronze:Virus","bronze:Fortify"],"picked":"bronze:Repair+1","floor":22},{"not_picked":["bronze:BugBarrage","bronze:ItsAFeature"],"picked":"bronze:Overload","floor":23},{"not_picked":["bronze:WhirlingStrike","bronze:BronzeArmor"],"picked":"bronze:FineTuning+1","floor":28},{"not_picked":["bronze:FollowUp","bronze:Shield"],"picked":"bronze:WhirlingStrike","floor":30},{"not_picked":["bronze:Frontload","bronze:Return"],"picked":"bronze:Boost","floor":31},{"not_picked":["bronze:BugBarrage","bronze:DelayedGuard"],"picked":"bronze:Repair+1","floor":32},{"not_picked":["bronze:Virus","bronze:HyperBeam"],"picked":"bronze:ThunderWave","floor":33},{"not_picked":["bronze:FineTuning+1","bronze:DelayedSlice"],"picked":"bronze:Boost","floor":37},{"not_picked":["bronze:DigitalCarnage+1","bronze:BronzeOrb+1"],"picked":"bronze:Fortify+1","floor":38},{"not_picked":["bronze:ItsAFeature","bronze:Philosophize"],"picked":"bronze:Flail","floor":39},{"not_picked":["bronze:OilSpill+1","bronze:Branch"],"picked":"bronze:FineTuning","floor":40},{"not_picked":["bronze:Frontload","bronze:Overheat+1"],"picked":"bronze:Fortify+1","floor":43},{"not_picked":["bronze:Turbo+1","bronze:Shell"],"picked":"bronze:Frontload+1","floor":44},{"not_picked":["bronze:WildBeam","bronze:Philosophize+1"],"picked":"bronze:BronzeOrb+1","floor":45},{"not_picked":["bronze:ChildClass+1","bronze:WhirlingStrike+1"],"picked":"bronze:CloningBeam+1","floor":47},{"not_picked":["bronze:DelayedSlice+1","bronze:FollowUp"],"picked":"bronze:ChosenStrike","floor":49}],"player_experience":251017,"relics_obtained":[{"floor":1,"key":"Tiny Chest"},{"floor":7,"key":"Pet Ghost"},{"floor":21,"key":"ReplayTheSpireMod:TigerMarble"},{"floor":23,"key":"Snack Pack"},{"floor":31,"key":"infinitespire:Lucky Rock"},{"floor":36,"key":"Pear"},{"floor":37,"key":"Girya"},{"floor":41,"key":"Gremlin Food"}],"event_choices":[{"damage_healed":0,"gold_gain":0,"player_choice":"Got Potions","damage_taken":0,"max_hp_gain":0,"max_hp_loss":0,"event_name":"Lab","floor":10,"gold_loss":0},{"damage_healed":0,"gold_gain":0,"player_choice":"Inject Mutagens","damage_taken":0,"relics_obtained":["MutagenicStrength"],"max_hp_gain":0,"max_hp_loss":0,"event_name":"Drug Dealer","floor":25,"gold_loss":0},{"cards_removed":["bronze:Repulsor"],"damage_healed":0,"gold_gain":0,"player_choice":"Removed Power","damage_taken":0,"max_hp_gain":0,"max_hp_loss":0,"event_name":"Falling","floor":48,"gold_loss":0}],"is_beta":false,"boss_relics":[{"not_picked":["Pandora\u0027s Box","ChewingGum"],"picked":"Fusion Hammer"},{"not_picked":["Philosopher\u0027s Stone","bronze:MakeshiftBattery"],"picked":"Replay:Wanted Poster"}],"items_purged_floors":[],"is_endless":false,"potions_floor_spawned":[6,9,12,15,16,19,30,38,39,44],"ascension_level":0}}