{"host":"jlcm6ljyvzfcs06u","time":1612525184,"event":{"mods":["Act Like it!","BaseMod","Better Note","Better Vampires","Downfall","Gensokyo","Hallownest","Jorbs\u0027s Wanderer Trilogy","Marisa£®ÏF”Í°°ƒß¿Ì…≥£©","Minty Spire (QoL Compilation)","Rare Cards Sparkle","Reimu£®≤©¿ˆ¡È√Œ£©","StSLib","The Construct","The Cursed","The Hierophant","The Servant 0.9.4","UnlockEverythingMod","Yakumo Yukari mod"],"gold_per_floor":[99,119,119,29,42,142,142,158,58,91,104,122,7,40,57,157,157,57,74,74,74,74,59,108,133,133,118,173,173,173,197,210,312,312,312,326,378,378,378,378],"floor_reached":38,"language":"ZHS","playtime":3512,"items_purged":["champ:Defend","TheCursedMod:Dregs"],"score":450,"play_id":"b28f4c81-5be7-4383-a2b2-7671729ca823","local_time":"20210205193944","is_ascension_mode":false,"campfire_choices":[{"data":"champ:Execute","floor":1.0,"key":"SMITH"},{"floor":9.0,"key":"REST"},{"data":"champ:GutPunch","floor":18,"key":"SMITH"},{"data":"champ:CrookedStrike","floor":26,"key":"SMITH"},{"data":"champ:StrikeOfGenius","floor":30,"key":"SMITH"},{"data":"champ:RecklessLeap","floor":35,"key":"SMITH"}],"circlet_count":0,"master_deck":["champ:Strike","champ:Strike","champ:Strike","champ:Defend","champ:Defend","champ:Defend","champ:Execute+1","champ:Taunt","champ:FaceSlap","champ:GutPunch+1","champ:StrikeOfGenius+1","champ:Taunt","champ:DefensiveShout","champ:RecklessLeap+1","champ:HoldFirm","Dark Shackles","champ:EnGarde","champ:CrookedStrike+1","champ:MurderStrike","champ:Backstep","champ:ShieldWall"],"relics":["champ:ChampionCrown","downfall:GremlinSack","downfall:HeartBlessingBlue","Singing Bowl","Mercury Hourglass","construct:WeddingRing","downfall:HeartBlessingGreen","downfall:KnowingSkull","NlothsMask","Pear","Potion Belt","Snecko Eye","Incense Burner"],"acts_visited":["Exordium","TheCity","TheBeyond"],"potions_floor_usage":[25,27,33,38,38,38],"damage_taken":[{"damage":10.0,"enemies":"Cultist","floor":2.0,"turns":3.0},{"damage":30.0,"enemies":"downfall:FleeingMerchant","floor":4.0,"turns":4.0},{"damage":1.0,"enemies":"Jaw Worm","floor":5.0,"turns":2.0},{"damage":52.0,"enemies":"Jaw Worm","floor":6.0,"turns":5.0},{"damage":15.0,"enemies":"Small Slimes","floor":8.0,"turns":4.0},{"damage":72.0,"enemies":"Lagavulin","floor":10.0,"turns":8.0},{"damage":15.0,"enemies":"Red Slaver","floor":11.0,"turns":4.0},{"damage":17.0,"enemies":"2 Fungi Beasts","floor":12.0,"turns":4.0},{"damage":25.0,"enemies":"downfall:FleeingMerchant","floor":13.0,"turns":4.0},{"damage":14.0,"enemies":"3 Sentries","floor":14.0,"turns":6.0},{"damage":19.0,"enemies":"Blue Slaver","floor":15.0,"turns":3.0},{"damage":31.0,"enemies":"SI_SHIV_ARCHETYPE","floor":16.0,"turns":5.0},{"damage":45,"enemies":"Shell Parasite","floor":19,"turns":3},{"damage":5,"enemies":"downfall:FleeingMerchant","floor":23,"turns":4},{"damage":63,"enemies":"Slavers","floor":25,"turns":6},{"damage":10,"enemies":"downfall:FleeingMerchant","floor":27,"turns":4},{"damage":33,"enemies":"Chosen","floor":28,"turns":5},{"damage":20,"enemies":"Snake Plant","floor":32,"turns":5},{"damage":97,"enemies":"WA_ARCHETYPE_CALM","floor":33,"turns":9},{"damage":40,"enemies":"3 Shapes","floor":36,"turns":3},{"damage":56,"enemies":"2 Orb Walkers","floor":37,"turns":6},{"damage":142,"enemies":"2 Orb Walkers","floor":38,"turns":19}],"seed_played":"-220651725386531283","potions_obtained":[{"floor":2.0,"key":"champ:OpenerPotion"},{"floor":8.0,"key":"Regen Potion"},{"floor":12.0,"key":"FearPotion"},{"floor":15.0,"key":"AttackPotion"},{"floor":25,"key":"AttackPotion"},{"floor":33,"key":"Dexterity Potion"},{"floor":37,"key":"Guardian:BlockOnCardUsePotion"}],"is_trial":false,"path_per_floor":["R","M","?","$","M","?","T","M","R","E","M","M","$","E","M","B",null,"R","M","?","?","?","$","T","E","R","$","M","?","R","T","M","B",null,"R","M","?","?"],"character_chosen":"THE_CHAMP","items_purchased":[],"campfire_rested":1,"item_purchase_floors":[],"current_hp_per_floor":[99,99,99,89,88,56,56,51,93,83,80,75,77,70,63,52,121,121,121,121,112,112,114,114,91,91,93,82,82,82,82,69,9,141,141,133,104,0,0,0],"gold":378,"neow_bonus":"TEN_PERCENT_HP_BONUS","is_daily":false,"chose_seed":false,"campfire_upgraded":5,"win_rate":0.0,"timestamp":1612525184,"path_taken":["R","M","?","?","M","?","T","M","R","E","M","M","$","E","M","BOSS","R","M","?","?","?","$","T","E","R","?","M","?","R","?","M","BOSS","R","M","?","?"],"items_purchased_type":[],"build_version":"2020-12-22","purchased_purges":2,"victory":false,"max_hp_per_floor":[99,99,99,99,99,99,99,99,109,111,113,115,117,119,121,121,121,121,121,121,121,121,123,123,133,133,135,137,137,137,137,139,141,141,141,143,145,145,145,145],"card_choices":[{"not_picked":["champ:FanOfKnives","champ:BerserkersShout"],"picked":"champ:FaceSlap","floor":2.0},{"not_picked":["champ:Haymaker","champ:StanceDance"],"picked":"champ:GutPunch","floor":4.0},{"not_picked":["champ:FancyFootwork","champ:AdrenalArmor"],"picked":"champ:StrikeOfGenius","floor":5.0},{"not_picked":["champ:Circumvent","champ:FanOfKnives"],"picked":"champ:EnGarde","floor":6.0},{"not_picked":["champ:Duel","champ:Haymaker"],"picked":"champ:CrookedStrike","floor":8.0},{"not_picked":["champ:PreciseThrust","champ:Lariat","champ:SkillfulDodge"],"picked":"Singing Bowl","floor":10.0},{"not_picked":["champ:StanceDance","champ:BringItOn","champ:Shatter"],"picked":"Singing Bowl","floor":11.0},{"not_picked":["champ:HoldFirm","champ:BladeFlurry","champ:CalledShot"],"picked":"Singing Bowl","floor":12.0},{"not_picked":["champ:Circumvent","champ:FanOfKnives","champ:Lariat"],"picked":"Singing Bowl","floor":13.0},{"not_picked":["champ:SkillfulDodge","champ:HeartStrike","champ:BladeFlurry"],"picked":"Singing Bowl","floor":14.0},{"not_picked":["champ:GladiatorStyle","champ:Lariat","champ:SkillfulDodge"],"picked":"Singing Bowl","floor":15.0},{"not_picked":["champ:HeavySlash","champ:SwordThrow"],"picked":"champ:MurderStrike","floor":16.0},{"not_picked":["champ:SkillfulDodge+1","champ:Haymaker"],"picked":"champ:Backstep","floor":19},{"not_picked":["champ:FaceSlap","champ:BerserkersShout","champ:RecklessLeap+1"],"picked":"Singing Bowl","floor":23},{"not_picked":["champ:FaceSlap","champ:FanOfKnives"],"picked":"champ:ShieldWall","floor":25},{"not_picked":["champ:RecklessLeap","champ:Shatter","champ:Circumvent"],"picked":"Singing Bowl","floor":27},{"not_picked":["champ:StanceDance","champ:PreciseThrust","champ:DancingMaster"],"picked":"Singing Bowl","floor":28},{"not_picked":["champ:HeartStrike+1","champ:StanceDance","champ:CrownThrow"],"picked":"Singing Bowl","floor":32},{"not_picked":["champ:GladiatorForm","champ:HoldFirm","champ:TripleStrike"],"picked":"Singing Bowl","floor":33},{"not_picked":["champ:RapidStrikes+1","champ:DeathBlow+1","champ:BladeFlurry"],"picked":"Singing Bowl","floor":36},{"not_picked":["champ:EnragedBash+1","champ:CalledShot","champ:Circumvent+1"],"picked":"Singing Bowl","floor":37}],"player_experience":275974,"relics_obtained":[{"floor":6.0,"key":"downfall:GremlinSack"},{"floor":10.0,"key":"Singing Bowl"},{"floor":14.0,"key":"Mercury Hourglass"},{"floor":25,"key":"Pear"},{"floor":31,"key":"Potion Belt"},{"floor":37,"key":"Incense Burner"}],"event_choices":[{"cards_removed":["champ:Strike"],"damage_healed":0.0,"max_hp_gain":0.0,"max_hp_loss":0.0,"gold_gain":0.0,"event_name":"The Cleric","player_choice":"Card Removal","floor":3.0,"gold_loss":0.0,"damage_taken":0.0},{"damage_healed":0,"gold_gain":0,"player_choice":"Trade","damage_taken":0,"relics_obtained":["NlothsMask"],"max_hp_gain":0,"max_hp_loss":0,"event_name":"FaceTrader","floor":22,"gold_loss":0},{"damage_healed":0,"gold_gain":0,"player_choice":"Fight","damage_taken":0,"max_hp_gain":0,"max_hp_loss":0,"event_name":"Mysterious Sphere","floor":37,"gold_loss":0}],"is_beta":false,"boss_relics":[{"not_picked":["Runic Dome","SacredBark"],"picked":"construct:WeddingRing"},{"not_picked":["Tiny House","SlaversCollar"],"picked":"Snecko Eye"}],"items_purged_floors":[4,13],"is_endless":false,"potions_floor_spawned":[2,8,12,15,25,33,37],"killed_by":"2 Orb Walkers","ascension_level":0}}