{"host":"6gwm7y0tp7acoxay","time":1612523122,"event":{"mods":["BaseMod","Colored Map","Keyboard Shortcuts","Minty Spire (QoL Compilation)","Quick Restart","StSLib","SuperFastMode","everything is the same but u backflip on backflip"],"gold_per_floor":[112,112,187,187,212,212,250,293,305,361,373,406,153,166,166,256,256,276,276,276,276,295,295,326,361,384,384,415,7,7,7],"floor_reached":30,"language":"KOR","playtime":860,"items_purged":["Flex"],"score":604,"play_id":"79ffb199-705d-42df-b873-b50fcb68352d","local_time":"20210205200522","daily_mods":["SealedDeck","Heirloom","Flight"],"is_ascension_mode":true,"campfire_choices":[{"data":"Armaments","floor":6.0,"key":"SMITH"},{"data":"Body Slam","floor":15.0,"key":"SMITH"},{"floor":23.0,"key":"REST"},{"floor":27.0,"key":"REST"}],"circlet_count":0,"master_deck":["AscendersBane","Clothesline","Headbutt","Fire Breathing","Body Slam+1","Entrench","Second Wind","Power Through","Flex","Whirlwind","Armaments+1","Berserk+1","Sword Boomerang","Disarm+1","Shrug It Off+1","Juggernaut","CurseOfTheBell","Reaper"],"relics":["Burning Blood","Turnip","Golden Idol","HornCleat","Letter Opener","MawBank","Toxic Egg 2","Matryoshka","Calling Bell","Red Skull","Ornamental Fan","Unceasing Top","Ancient Tea Set","Omamori","Regal Pillow","Oddly Smooth Stone","Boot","Calipers"],"acts_visited":["Exordium","TheCity"],"potions_floor_usage":[28],"damage_taken":[{"damage":0.0,"enemies":"Jaw Worm","floor":1.0,"turns":3.0},{"damage":0.0,"enemies":"2 Louse","floor":5.0,"turns":2.0},{"damage":11.0,"enemies":"3 Sentries","floor":7.0,"turns":5.0},{"damage":5.0,"enemies":"Lagavulin","floor":8.0,"turns":7.0},{"damage":31.0,"enemies":"Gremlin Nob","floor":10.0,"turns":4.0},{"damage":0.0,"enemies":"Cultist","floor":12.0,"turns":3.0},{"damage":1.0,"enemies":"Exordium Wildlife","floor":14.0,"turns":3.0},{"damage":3.0,"enemies":"Hexaghost","floor":16.0,"turns":10.0},{"damage":14.0,"enemies":"Spheric Guardian","floor":18.0,"turns":4.0},{"damage":26.0,"enemies":"Shell Parasite","floor":22.0,"turns":5.0},{"damage":27.0,"enemies":"Book of Stabbing","floor":24.0,"turns":6.0},{"damage":26.0,"enemies":"Gremlin Leader","floor":25.0,"turns":9.0},{"damage":29,"enemies":"Slavers","floor":28,"turns":4},{"damage":50,"enemies":"Colosseum Slavers","floor":30,"turns":6},{"damage":32,"enemies":"Colosseum Nobs","floor":30,"turns":4}],"seed_played":"5370805764151096011","potions_obtained":[{"floor":1.0,"key":"Energy Potion"},{"floor":10.0,"key":"FearPotion"},{"floor":21.0,"key":"LiquidMemories"},{"floor":24.0,"key":"DuplicationPotion"}],"is_trial":true,"path_per_floor":["M","?","?","?","M","R","E","E","T","E","?","M","$","M","R","B",null,"M","?","?","?","M","R","E","E","T","R","E","$","?"],"character_chosen":"IRONCLAD","items_purchased":["Matryoshka","Calipers"],"campfire_rested":2,"item_purchase_floors":[13,29],"current_hp_per_floor":[74,48,37,32,38,38,33,34,34,9,9,15,15,20,20,23,62,54,54,54,54,34,56,35,15,15,52,74,74,12,12],"gold":7,"neow_bonus":"","is_daily":false,"chose_seed":false,"campfire_upgraded":2,"win_rate":0.0,"timestamp":1612523122,"path_taken":["M","?","?","?","?","R","E","E","T","E","?","?","$","M","R","BOSS","M","?","?","?","?","R","E","E","T","R","E","$","?"],"items_purchased_type":["Relic","Relic"],"build_version":"2020-12-22","purchased_purges":1,"victory":false,"max_hp_per_floor":[75,75,75,75,75,75,75,75,75,75,75,75,75,75,75,75,75,75,75,75,75,75,75,75,75,75,75,75,75,75,75],"card_choices":[{"not_picked":["Twin Strike","Flex","Clash"],"picked":"SKIP","floor":1.0},{"not_picked":["Iron Wave","Uppercut"],"picked":"Armaments","floor":5.0},{"not_picked":["Rampage","Ghostly Armor"],"picked":"Berserk","floor":7.0},{"not_picked":["Reckless Charge","Clash"],"picked":"Sword Boomerang","floor":8.0},{"not_picked":["Body Slam","Uppercut"],"picked":"Disarm+1","floor":10.0},{"not_picked":["Blood for Blood","Wild Strike","Pommel Strike"],"picked":"SKIP","floor":12.0},{"not_picked":["Cleave","Carnage"],"picked":"Shrug It Off+1","floor":14.0},{"not_picked":["Demon Form","Brutality"],"picked":"Juggernaut","floor":16.0},{"not_picked":["Hemokinesis","Intimidate+1","Headbutt+1"],"picked":"SKIP","floor":18.0},{"not_picked":["Headbutt","Warcry+1","Clothesline"],"picked":"SKIP","floor":22.0},{"not_picked":["Headbutt","Cleave","Whirlwind"],"picked":"SKIP","floor":24.0},{"not_picked":["Uppercut","Dark Embrace"],"picked":"Reaper","floor":25.0},{"not_picked":["Pommel Strike","Perfected Strike","Infernal Blade+1"],"picked":"SKIP","floor":28}],"player_experience":4484136,"relics_obtained":[{"floor":7.0,"key":"Letter Opener"},{"floor":8.0,"key":"MawBank"},{"floor":10.0,"key":"Toxic Egg 2"},{"floor":17.0,"key":"Red Skull"},{"floor":17.0,"key":"Ornamental Fan"},{"floor":17.0,"key":"Unceasing Top"},{"floor":24.0,"key":"Ancient Tea Set"},{"floor":25.0,"key":"Omamori"},{"floor":26.0,"key":"Regal Pillow"},{"floor":26.0,"key":"Oddly Smooth Stone"},{"floor":28,"key":"Boot"}],"event_choices":[{"damage_healed":0.0,"max_hp_gain":0.0,"max_hp_loss":0.0,"gold_gain":0.0,"event_name":"Golden Idol","player_choice":"Take Damage","floor":2.0,"gold_loss":0.0,"damage_taken":26.0,"relics_obtained":["Golden Idol"]},{"damage_healed":0.0,"max_hp_gain":0.0,"max_hp_loss":0.0,"gold_gain":75.0,"event_name":"World of Goop","player_choice":"Gather Gold","floor":3.0,"gold_loss":0.0,"damage_taken":11.0},{"damage_healed":0.0,"max_hp_gain":0.0,"max_hp_loss":0.0,"gold_gain":0.0,"event_name":"Scrap Ooze","player_choice":"Success","floor":4.0,"gold_loss":0.0,"damage_taken":5.0,"relics_obtained":["HornCleat"]},{"damage_healed":0.0,"max_hp_gain":0.0,"max_hp_loss":0.0,"gold_gain":0.0,"event_name":"Upgrade Shrine","player_choice":"Upgraded","floor":11.0,"gold_loss":0.0,"damage_taken":0.0,"cards_upgraded":["Berserk"]},{"damage_healed":0.0,"max_hp_gain":0.0,"max_hp_loss":0.0,"gold_gain":0.0,"event_name":"Vampires","player_choice":"Ignored","floor":19.0,"gold_loss":0.0,"damage_taken":0.0},{"damage_healed":0.0,"max_hp_gain":0.0,"max_hp_loss":0.0,"gold_gain":0.0,"event_name":"Ghosts","player_choice":"Ignored","floor":20.0,"gold_loss":0.0,"damage_taken":0.0},{"damage_healed":0.0,"max_hp_gain":0.0,"max_hp_loss":0.0,"gold_gain":0.0,"event_name":"Lab","player_choice":"Got Potions","floor":21.0,"gold_loss":0.0,"damage_taken":0.0},{"damage_healed":0,"gold_gain":0,"player_choice":"Fight","damage_taken":0,"max_hp_gain":0,"max_hp_loss":0,"event_name":"Colosseum","floor":30,"gold_loss":0},{"damage_healed":0,"gold_gain":0,"player_choice":"Fought Nobs","damage_taken":0,"max_hp_gain":0,"max_hp_loss":0,"event_name":"Colosseum","floor":30,"gold_loss":0}],"is_beta":false,"boss_relics":[{"not_picked":["Empty Cage","SacredBark"],"picked":"Calling Bell"}],"items_purged_floors":[29],"is_endless":false,"potions_floor_spawned":[1,10,12,16,22,24,30],"killed_by":"Colosseum Nobs","ascension_level":20}}