{"host":"Hutts","time":1612500574,"event":{"mods":["BaseMod","Downfall","Googly Eyes","Minty Spire (QoL Compilation)","StSLib","The Cursed","The IronCluck"],"gold_per_floor":[99,117,128,37,37,22,49,68,68,84,84,95,95,108,118,118,118,118],"floor_reached":16,"language":"ENG","playtime":2212,"items_purged":[],"score":94,"play_id":"e2541279-8b23-46c2-8848-636eb352ccb9","local_time":"20210204224934","is_ascension_mode":false,"campfire_choices":[{"data":"Slimebound:Split","floor":1,"key":"SMITH"},{"data":"Slimebound:DuplicatedForm","floor":9,"key":"SMITH"},{"data":"Slimebound:CorrosiveSpit","floor":13,"key":"SMITH"}],"circlet_count":0,"master_deck":["Slimebound:Strike_Slimebound","Slimebound:Strike_Slimebound","Slimebound:Strike_Slimebound","Slimebound:Tackle","Slimebound:Defend_Slimebound","Slimebound:Defend_Slimebound","Slimebound:Defend_Slimebound","Slimebound:Defend_Slimebound","Slimebound:Split+1","Slimebound:CorrosiveSpit+1","Slimebound:Gluttony","Slimebound:SplitAcid","Slimebound:Recollect","Slimebound:OozeBath","Slimebound:DisruptingSlam","Deep Breath","Slimebound:DuplicatedForm+1","Slimebound:PressTheAttack","Slimebound:SplitSpecialist","Slimebound:DivideAndConquer","Slimebound:SlimeSpikes"],"relics":["Slimebound:AbsorbEndCombat","Oddly Smooth Stone"],"acts_visited":["Exordium"],"potions_floor_usage":[4,4,4,6,16,16],"damage_taken":[{"damage":2,"enemies":"Small Slimes","floor":2,"turns":4},{"damage":0,"enemies":"Cultist","floor":3,"turns":4},{"damage":9,"enemies":"downfall:FleeingMerchant","floor":4,"turns":4},{"damage":5,"enemies":"downfall:FleeingMerchant","floor":6,"turns":4},{"damage":12,"enemies":"Jaw Worm","floor":8,"turns":4},{"damage":10,"enemies":"2 Fungi Beasts","floor":10,"turns":3},{"damage":16,"enemies":"Exordium Thugs","floor":12,"turns":5},{"damage":7,"enemies":"Blue Slaver","floor":14,"turns":2},{"damage":7,"enemies":"2 Fungi Beasts","floor":15,"turns":3},{"damage":56,"enemies":"DF_ARCHETYPE_STREAMLINE","floor":16,"turns":6}],"seed_played":"-4503739427923835227","potions_obtained":[{"floor":0,"key":"EntropicBrew"},{"floor":0,"key":"FearPotion"},{"floor":0,"key":"Block Potion"},{"floor":2,"key":"Slimebound:SlimedPotion"},{"floor":3,"key":"DuplicationPotion"},{"floor":12,"key":"Fire Potion"}],"is_trial":false,"path_per_floor":["R","M","M","$","?","$","T","M","R","M","?","M","R","M","M","B"],"character_chosen":"SLIMEBOUND","items_purchased":["Slimebound:OozeBath"],"campfire_rested":0,"item_purchase_floors":[4],"current_hp_per_floor":[65,65,65,61,61,64,64,57,57,55,60,50,50,43,38,0,0,0],"gold":118,"neow_bonus":"THREE_SMALL_POTIONS","is_daily":false,"chose_seed":false,"campfire_upgraded":3,"win_rate":0.0,"timestamp":1612500574,"path_taken":["R","M","M","$","?","$","T","M","R","?","?","M","R","M","M","BOSS"],"items_purchased_type":["Card"],"build_version":"2020-12-18","purchased_purges":0,"victory":false,"max_hp_per_floor":[65,65,65,65,65,65,65,65,65,65,70,70,70,70,70,70,70,70],"card_choices":[{"not_picked":["Slimebound:Prepare","Slimebound:LivingWall"],"picked":"Slimebound:Gluttony","floor":2},{"not_picked":["Slimebound:SplitBruiser","Slimebound:FormOfPuddle"],"picked":"Slimebound:SplitAcid","floor":3},{"not_picked":["Slimebound:Prepare","Slimebound:SlimeSpikes"],"picked":"Slimebound:Recollect","floor":4},{"not_picked":["Slimebound:MassFeed","Slimebound:Prepare"],"picked":"Slimebound:PressTheAttack","floor":6},{"not_picked":["Slimebound:Schlurp","Slimebound:HauntingLick","Slimebound:FlameTackle"],"picked":"SKIP","floor":8},{"not_picked":["Slimebound:SplitMire","Slimebound:FinishingTackle"],"picked":"Slimebound:SplitSpecialist","floor":10},{"not_picked":["Slimebound:Replication","Slimebound:OneTwoCombo"],"picked":"Slimebound:DivideAndConquer","floor":12},{"not_picked":["Slimebound:HungryTackle","Slimebound:SplitAcid","Slimebound:LeechingTouch"],"picked":"SKIP","floor":14},{"not_picked":["Slimebound:HauntingLick","Slimebound:SplitLeeching"],"picked":"Slimebound:SlimeSpikes","floor":15}],"player_experience":1026706,"relics_obtained":[{"floor":7,"key":"Oddly Smooth Stone"}],"event_choices":[{"damage_healed":0,"gold_gain":0,"player_choice":"Donut","damage_taken":0,"max_hp_gain":5,"max_hp_loss":0,"event_name":"Big Fish","floor":11,"gold_loss":0}],"is_beta":true,"boss_relics":[],"items_purged_floors":[],"is_endless":false,"potions_floor_spawned":[2,3,12,14],"killed_by":"DF_ARCHETYPE_STREAMLINE","ascension_level":0}}