{"host":"3xls0xm49ftugio7","time":1612518857,"event":{"mods":["2.2 Compatiblity","AchievementEnabler","Act Like it!","BaseMod","Colored Powertips","GifTheSpireLib","Halation","Minty Spire (QoL Compilation)","StSLib","slay the spire mod where everything is the same but ironclad has a cowboy hat"],"gold_per_floor":[109,109,121,121,134,134,151,151,151,1,51,84,94,121,121,194,194,210,228,243,295,308,308,339,339,339,374,392,392,392],"floor_reached":29,"language":"ENG","playtime":1399,"items_purged":["Strike_G"],"score":575,"play_id":"60ce5546-db67-4bff-af4b-badeb387b755","local_time":"20210205115417","is_ascension_mode":true,"campfire_choices":[{"data":"All Out Attack","floor":6.0,"key":"SMITH"},{"data":"Leg Sweep","floor":8.0,"key":"SMITH"},{"data":"Blade Dance","floor":15.0,"key":"SMITH"},{"data":"Decay","floor":23.0,"key":"SMITH"},{"floor":25.0,"key":"REST"}],"circlet_count":0,"master_deck":["AscendersBane","Strike_G","Strike_G","Strike_G","Strike_G","Defend_G","Defend_G","Defend_G","Defend_G","Defend_G","Survivor","Neutralize","Leg Sweep+1","Predator","All Out Attack+1","Dagger Throw","Caltrops","Backstab+1","Blade Dance+1","Adrenaline","Deflect","Venomology","Blur","PiercingWail","Leg Sweep","Escape Plan","Footwork","Prepared","Well Laid Plans+1","Outmaneuver","Cloak And Dagger","Cloak And Dagger","A Thousand Cuts","Skewer","Flying Knee"],"relics":["Ring of the Snake","Pantograph","Prayer Wheel","halation:PrussianBluePaint","Cursed Key","Dream Catcher","Omamori","Potion Belt","halation:LettersToHer"],"acts_visited":["Exordium","TheCity"],"potions_floor_usage":[29,29],"damage_taken":[{"damage":6.0,"enemies":"Cultist","floor":1.0,"turns":3.0},{"damage":0.0,"enemies":"2 Louse","floor":3.0,"turns":4.0},{"damage":4.0,"enemies":"Jaw Worm","floor":5.0,"turns":5.0},{"damage":0.0,"enemies":"3 Louse","floor":7.0,"turns":2.0},{"damage":5.0,"enemies":"3 Sentries","floor":12.0,"turns":2.0},{"damage":0.0,"enemies":"Gremlin Gang","floor":13.0,"turns":2.0},{"damage":25.0,"enemies":"Lagavulin","floor":14.0,"turns":5.0},{"damage":48.0,"enemies":"Hexaghost","floor":16.0,"turns":11.0},{"damage":11.0,"enemies":"Chosen","floor":18.0,"turns":5.0},{"damage":6.0,"enemies":"Shell Parasite","floor":19.0,"turns":4.0},{"damage":0.0,"enemies":"Centurion and Healer","floor":20.0,"turns":8.0},{"damage":2.0,"enemies":"Snecko","floor":22.0,"turns":8.0},{"damage":19.0,"enemies":"Book of Stabbing","floor":24.0,"turns":7.0},{"damage":26.0,"enemies":"Gremlin Leader","floor":27.0,"turns":12.0},{"damage":6.0,"enemies":"Snake Plant","floor":28.0,"turns":6.0},{"damage":21,"enemies":"Shelled Parasite and Fungi","floor":29,"turns":1}],"seed_played":"-3641286603542283565","potions_obtained":[{"floor":5.0,"key":"SkillPotion"},{"floor":7.0,"key":"Energy Potion"},{"floor":12.0,"key":"Swift Potion"},{"floor":14.0,"key":"Energy Potion"},{"floor":16.0,"key":"DistilledChaos"},{"floor":19.0,"key":"Explosive Potion"},{"floor":24.0,"key":"DistilledChaos"}],"is_trial":false,"path_per_floor":["M","?","M","?","M","R","M","R","T","$","?","E","M","E","R","B",null,"M","M","M","T","M","R","E","R","T","E","M","M"],"character_chosen":"THE_SILENT","items_purchased":["Caltrops"],"campfire_rested":1,"item_purchase_floors":[10],"current_hp_per_floor":[59,59,59,64,60,60,60,60,60,60,60,55,55,30,30,7,60,49,43,43,43,41,41,22,45,45,19,13,0,0],"gold":392,"neow_bonus":"TEN_PERCENT_HP_BONUS","is_daily":false,"chose_seed":false,"campfire_upgraded":4,"win_rate":0.0,"timestamp":1612518857,"path_taken":["M","?","M","?","M","R","M","R","T","?","?","E","M","E","R","BOSS","M","?","M","?","?","R","E","R","T","E","M","M"],"items_purchased_type":["Card"],"build_version":"2020-12-22","purchased_purges":1,"victory":false,"max_hp_per_floor":[72,72,72,77,77,77,77,77,77,77,77,77,77,77,77,77,77,77,77,77,77,77,77,77,77,77,77,77,77,77],"card_choices":[{"not_picked":["Cloak And Dagger","Footwork"],"picked":"Leg Sweep","floor":1.0},{"not_picked":["Infinite Blades","Flechettes"],"picked":"Predator","floor":3.0},{"not_picked":["Acrobatics","Choke"],"picked":"All Out Attack","floor":5.0},{"not_picked":["Eviscerate","Acrobatics"],"picked":"Dagger Throw","floor":7.0},{"not_picked":["Caltrops","Masterful Stab"],"picked":"Backstab","floor":12.0},{"not_picked":["Deflect","Prepared"],"picked":"Blade Dance","floor":13.0},{"not_picked":["Reflex","Distraction"],"picked":"Adrenaline","floor":13.0},{"not_picked":["Prepared","Bane"],"picked":"Deflect","floor":14.0},{"not_picked":["Night Terror","Phantasmal Killer"],"picked":"Venomology","floor":16.0},{"not_picked":["Masterful Stab","Quick Slash"],"picked":"Blur","floor":18.0},{"not_picked":["Dagger Spray","Bane"],"picked":"PiercingWail","floor":18.0},{"not_picked":["Outmaneuver","Prepared"],"picked":"Leg Sweep","floor":19.0},{"not_picked":["Eviscerate+1","Prepared"],"picked":"Escape Plan","floor":19.0},{"not_picked":["Crippling Poison","Distraction"],"picked":"Footwork","floor":20.0},{"not_picked":["Poisoned Stab","Sucker Punch"],"picked":"Prepared","floor":20.0},{"not_picked":["Poisoned Stab+1","Glass Knife"],"picked":"Well Laid Plans+1","floor":22.0},{"not_picked":["Prepared","Dagger Spray"],"picked":"Outmaneuver","floor":22.0},{"not_picked":["Flying Knee","Bane"],"picked":"Cloak And Dagger","floor":24.0},{"not_picked":["PiercingWail","Choke"],"picked":"Cloak And Dagger","floor":25.0},{"not_picked":["Slice","Crippling Poison"],"picked":"A Thousand Cuts","floor":27.0},{"not_picked":["Bane","Eviscerate"],"picked":"Skewer","floor":28.0},{"not_picked":["Endless Agony","Quick Slash"],"picked":"Flying Knee","floor":28.0}],"player_experience":739998,"relics_obtained":[{"floor":9.0,"key":"Pantograph"},{"floor":12.0,"key":"Prayer Wheel"},{"floor":14.0,"key":"halation:PrussianBluePaint"},{"floor":21.0,"key":"Dream Catcher"},{"floor":24.0,"key":"Omamori"},{"floor":26.0,"key":"Potion Belt"},{"floor":27.0,"key":"halation:LettersToHer"}],"event_choices":[{"damage_healed":0.0,"max_hp_gain":0.0,"max_hp_loss":0.0,"gold_gain":0.0,"event_name":"Golden Wing","player_choice":"Ignored","floor":2.0,"gold_loss":0.0,"damage_taken":0.0},{"damage_healed":0.0,"max_hp_gain":5.0,"max_hp_loss":0.0,"gold_gain":0.0,"event_name":"Big Fish","player_choice":"Donut","floor":4.0,"gold_loss":0.0,"damage_taken":0.0},{"damage_healed":0.0,"max_hp_gain":0.0,"max_hp_loss":0.0,"gold_gain":50.0,"event_name":"Golden Shrine","player_choice":"Pray","floor":11.0,"gold_loss":0.0,"damage_taken":0.0}],"is_beta":false,"boss_relics":[{"not_picked":["Runic Pyramid","Fusion Hammer"],"picked":"Cursed Key"}],"items_purged_floors":[10],"is_endless":false,"potions_floor_spawned":[5,7,12,14,16,19,20,24],"killed_by":"Shelled Parasite and Fungi","ascension_level":20}}