{"host":"8vrmceg1p8ljousa","time":1612550323,"event":{"mods":["BaseMod","Highlight Path","Minty Spire (QoL Compilation)","StSLib","The Cursed","The Necromancer"],"gold_per_floor":[118,118,7,17,17,52,52,63,63,74,90,90,106,123,123,123,123],"floor_reached":16,"language":"ENG","playtime":527,"items_purged":[],"score":129,"play_id":"ea8412f6-1ce9-4f90-a839-38925c5e2577","local_time":"20210205203843","is_ascension_mode":false,"campfire_choices":[{"data":"Blood_Magic","floor":15,"key":"SMITH"}],"circlet_count":0,"master_deck":["Strike_W","Strike_W","Strike_W","Strike_W","Defend_W","Defend_W","Defend_W","Defend_W","Negative_Energy_Arrows","Bone_Wall","Bone_Bullets","Summon_Lich+1","Blood_Shield","Corrupt","Blood_Curse","Bone_Spikes","Death_Coil","Negative_Energy_Bomb","Shame","Blood_Magic+1","Negative_Energy_Burst","Spectral_Walk"],"relics":["Vampire_Amulet","NeowsBlessing","Du-Vu Doll","Meat on the Bone","Eternal Feather"],"acts_visited":["Exordium"],"potions_floor_usage":[16],"damage_taken":[{"damage":0,"enemies":"Jaw Worm","floor":1,"turns":1},{"damage":0,"enemies":"2 Louse","floor":4,"turns":2},{"damage":0,"enemies":"3 Sentries","floor":6,"turns":1},{"damage":1,"enemies":"Cultist","floor":8,"turns":3},{"damage":6,"enemies":"Looter","floor":10,"turns":3},{"damage":4,"enemies":"Red Slaver","floor":11,"turns":3},{"damage":15,"enemies":"Large Slime","floor":13,"turns":5},{"damage":12,"enemies":"Blue Slaver","floor":14,"turns":4},{"damage":38,"enemies":"Hexaghost","floor":16,"turns":9}],"seed_played":"-8636781554903010090","potions_obtained":[{"floor":1,"key":"Swift Potion"},{"floor":8,"key":"Ancient Potion"},{"floor":10,"key":"Weak Potion"},{"floor":14,"key":"Weak Potion"}],"is_trial":false,"path_per_floor":["M","?","$","M","?","E","?","M","T","M","M","?","M","M","R","B"],"character_chosen":"NECROMANCER","items_purchased":["Summon_Lich","Blood_Shield"],"campfire_rested":0,"item_purchase_floors":[3,3],"current_hp_per_floor":[75,80,80,80,80,80,80,80,80,76,74,74,63,53,65,27,27],"gold":123,"neow_bonus":"THREE_ENEMY_KILL","is_daily":false,"chose_seed":false,"campfire_upgraded":1,"win_rate":0.0,"timestamp":1612550323,"path_taken":["M","?","$","M","?","E","?","M","T","M","?","?","?","M","R","BOSS"],"items_purchased_type":["Card","Card"],"build_version":"2020-12-22","purchased_purges":0,"victory":false,"max_hp_per_floor":[75,80,80,80,80,80,80,80,80,80,80,80,80,80,80,80,80],"card_choices":[{"not_picked":["Uncharnel","Bones_to_Steel"],"picked":"Bone_Bullets","floor":1},{"not_picked":["Negative_Energy_Shield","Bone_Spikes"],"picked":"Corrupt","floor":4},{"not_picked":["Uncharnel","Thousand_Bone_Knives"],"picked":"Blood_Curse","floor":6},{"not_picked":["Toxic_Smoke_Screen","Pandemic"],"picked":"Bone_Spikes","floor":8},{"not_picked":["Acid_Javelin","Blood_Curse"],"picked":"Death_Coil","floor":10},{"not_picked":["Bones_to_Steel","Bone_Armor"],"picked":"Negative_Energy_Bomb","floor":11},{"not_picked":["Bone_Prison","Summon_Undead"],"picked":"Negative_Energy_Burst","floor":13},{"not_picked":["Death_March_Dance","Bone_Spikes"],"picked":"Spectral_Walk","floor":14}],"player_experience":77911,"relics_obtained":[{"floor":6,"key":"Du-Vu Doll"},{"floor":9,"key":"Eternal Feather"}],"event_choices":[{"damage_healed":0,"gold_gain":0,"player_choice":"Donut","damage_taken":0,"max_hp_gain":5,"max_hp_loss":0,"event_name":"Big Fish","floor":2,"gold_loss":0},{"damage_healed":0,"gold_gain":0,"player_choice":"Grow","damage_taken":0,"max_hp_gain":0,"max_hp_loss":0,"event_name":"Living Wall","floor":5,"gold_loss":0,"cards_upgraded":["Summon_Lich"]},{"damage_healed":0,"gold_gain":0,"player_choice":"Gave Potion","damage_taken":0,"relics_obtained":["Meat on the Bone"],"max_hp_gain":0,"max_hp_loss":0,"event_name":"WeMeetAgain","floor":7,"gold_loss":0},{"damage_healed":0,"gold_gain":0,"player_choice":"2 cards matched","damage_taken":0,"max_hp_gain":0,"max_hp_loss":0,"event_name":"Match and Keep!","floor":12,"gold_loss":0,"cards_obtained":["Shame","Blood_Magic"]}],"is_beta":false,"boss_relics":[],"items_purged_floors":[],"is_endless":false,"potions_floor_spawned":[1,8,10,14],"killed_by":"Hexaghost","ascension_level":0}}