{"host":"188xoqjicp18t4sg","time":1612503183,"event":{"mods":["BaseMod","Highlight Path","Minty Spire (QoL Compilation)","Quick Restart","Shop Mod"],"gold_per_floor":[116,116,41,60,60,60,100,100,169,169,183,183,198,218,218,317,317,338,359,409,429,89,89,105,105,105,105,124,142,267,54,54,143,143,166,186,199,42,63,63,63,63,89,89,109,109,129,29,29,29],"floor_reached":51,"language":"ZHS","playtime":2518,"items_purged":["Defend_P"],"score":1461,"play_id":"44172ba8-2a35-435f-8dad-0634ece36a03","local_time":"20210205133303","is_ascension_mode":true,"campfire_choices":[{"data":"Eruption","floor":6.0,"key":"SMITH"},{"data":"EmptyFist","floor":8.0,"key":"SMITH"},{"data":"Protect","floor":12.0,"key":"SMITH"},{"data":"FlurryOfBlows","floor":15.0,"key":"SMITH"},{"data":"Apotheosis","floor":23.0,"key":"SMITH"},{"data":"Adaptation","floor":25.0,"key":"SMITH"},{"data":"Halt","floor":27.0,"key":"SMITH"},{"floor":32.0,"key":"DIG"},{"floor":40.0,"key":"DIG"},{"floor":41.0,"key":"DIG"},{"floor":42.0,"key":"DIG"},{"floor":44.0,"key":"DIG"},{"floor":49,"key":"REST"}],"circlet_count":0,"master_deck":["AscendersBane","Strike_P","Strike_P","Defend_P","Defend_P","Defend_P","Eruption+1","Vigilance","EmptyFist+1","FearNoEvil+1","Protect+1","FlurryOfBlows+1","Blasphemy","Adaptation+1","Halt+1","Apotheosis+1","Crescendo","SignatureMove","Sanctity"],"relics":["PureWater","NeowsBlessing","Golden Idol","CloakClasp","Shuriken","Runic Pyramid","Bag of Preparation","WingedGreaves","Shovel","Blue Candle","HandDrill","Bottled Lightning","Busted Crown","Centennial Puzzle","Smiling Mask","Oddly Smooth Stone","CeramicFish","MealTicket","Incense Burner"],"acts_visited":["Exordium","TheCity","TheBeyond"],"potions_floor_usage":[50,50],"damage_taken":[{"damage":0.0,"enemies":"2 Louse","floor":1.0,"turns":1.0},{"damage":0.0,"enemies":"Jaw Worm","floor":4.0,"turns":1.0},{"damage":0.0,"enemies":"Gremlin Nob","floor":7.0,"turns":1.0},{"damage":0.0,"enemies":"Small Slimes","floor":11.0,"turns":3.0},{"damage":0.0,"enemies":"2 Fungi Beasts","floor":13.0,"turns":3.0},{"damage":0.0,"enemies":"Lots of Slimes","floor":14.0,"turns":2.0},{"damage":0.0,"enemies":"Hexaghost","floor":16.0,"turns":8.0},{"damage":0.0,"enemies":"Spheric Guardian","floor":18.0,"turns":3.0},{"damage":11.0,"enemies":"2 Thieves","floor":19.0,"turns":3.0},{"damage":9.0,"enemies":"Snake Plant","floor":21.0,"turns":3.0},{"damage":0.0,"enemies":"Sentry and Sphere","floor":24.0,"turns":4.0},{"damage":0.0,"enemies":"Chosen and Byrds","floor":28.0,"turns":4.0},{"damage":0.0,"enemies":"Snake Plant","floor":29.0,"turns":4.0},{"damage":0.0,"enemies":"Colosseum Slavers","floor":30.0,"turns":3.0},{"damage":0.0,"enemies":"Colosseum Nobs","floor":30.0,"turns":3.0},{"damage":15.0,"enemies":"Collector","floor":33.0,"turns":5.0},{"damage":4.0,"enemies":"3 Shapes","floor":35.0,"turns":5.0},{"damage":0.0,"enemies":"Orb Walker","floor":36.0,"turns":1.0},{"damage":0.0,"enemies":"Maw","floor":37.0,"turns":5.0},{"damage":16.0,"enemies":"3 Darklings","floor":39.0,"turns":3.0},{"damage":0,"enemies":"Writhing Mass","floor":45,"turns":2},{"damage":0,"enemies":"Jaw Worm Horde","floor":47,"turns":2},{"damage":0,"enemies":"Donu and Deca","floor":50,"turns":7}],"seed_played":"-4351583591947300504","potions_obtained":[{"floor":4.0,"key":"Explosive Potion"},{"floor":13.0,"key":"Block Potion"},{"floor":18.0,"key":"Strength Potion"},{"floor":28.0,"key":"FearPotion"}],"is_trial":false,"path_per_floor":["M","?","?","M","?","R","E","R","T","?","M","R","M","M","R","B",null,"M","M","?","M","$","R","M","R","T","R","M","M","?","$","R","B",null,"M","M","M","$","M","R","R","R","T","R","M","?","M","$","R","B",null],"character_chosen":"WATCHER","items_purchased":["Apotheosis","Bag of Preparation","SignatureMove","HandDrill","Centennial Puzzle","Dexterity Potion"],"campfire_rested":1,"item_purchase_floors":[22,22,31,31,38,48],"current_hp_per_floor":[61,66,66,66,41,41,41,41,41,34,34,34,34,34,34,34,63,63,52,52,43,43,43,43,43,43,43,43,43,43,43,43,28,62,58,58,58,58,42,42,42,42,42,42,42,42,42,57,73,73],"gold":29,"neow_bonus":"THREE_ENEMY_KILL","is_daily":false,"chose_seed":false,"campfire_upgraded":7,"win_rate":0.0,"timestamp":1612503183,"path_taken":["M","?","?","M","?","R","E","R","T","?","M","R","M","M","R","BOSS","M","M","?","M","$","R","?","R","T","R","M","M","?","$","R","BOSS","M","M","M","$","M","R","R","R","T","R","M","?","?","$","R","BOSS"],"items_purchased_type":["Card","Relic","Card","Relic","Relic","Potion"],"build_version":"2020-12-22","purchased_purges":1,"victory":true,"max_hp_per_floor":[68,73,73,73,73,73,73,73,73,73,73,73,73,73,73,73,73,73,73,73,73,73,73,73,73,73,73,73,73,73,73,73,73,73,73,73,73,73,73,73,73,73,73,73,73,73,73,73,73,73],"card_choices":[{"not_picked":["FollowUp","FearNoEvil"],"picked":"EmptyFist","floor":1.0},{"not_picked":["EmptyFist","Crescendo","CrushJoints"],"picked":"SKIP","floor":4.0},{"not_picked":["ForeignInfluence","WaveOfTheHand"],"picked":"FearNoEvil","floor":7.0},{"not_picked":["FollowUp","FlyingSleeves"],"picked":"Protect","floor":11.0},{"not_picked":["Tantrum","CrushJoints"],"picked":"FlurryOfBlows","floor":13.0},{"not_picked":["ForeignInfluence","CutThroughFate","SashWhip"],"picked":"SKIP","floor":14.0},{"not_picked":["DeusExMachina","MasterReality"],"picked":"Blasphemy","floor":16.0},{"not_picked":["JustLucky","MentalFortress"],"picked":"Adaptation","floor":18.0},{"not_picked":["MentalFortress","ClearTheMind"],"picked":"Halt","floor":19.0},{"not_picked":["Prostrate","Protect","LikeWater"],"picked":"SKIP","floor":21.0},{"not_picked":["Prostrate","WindmillStrike"],"picked":"Crescendo","floor":24.0},{"not_picked":["Weave","SashWhip","JustLucky"],"picked":"SKIP","floor":28.0},{"not_picked":["CutThroughFate","CrushJoints","BowlingBash"],"picked":"SKIP","floor":29.0},{"not_picked":[],"picked":"Sanctity","floor":35.0},{"not_picked":["Conclude"],"picked":"SKIP","floor":36.0},{"not_picked":["WaveOfTheHand"],"picked":"SKIP","floor":37.0},{"not_picked":["Consecrate"],"picked":"SKIP","floor":39.0},{"not_picked":["SashWhip"],"picked":"SKIP","floor":45},{"not_picked":["JustLucky"],"picked":"SKIP","floor":47}],"player_experience":216053,"relics_obtained":[{"floor":7.0,"key":"CloakClasp"},{"floor":9.0,"key":"Shuriken"},{"floor":26.0,"key":"WingedGreaves"},{"floor":30.0,"key":"Shovel"},{"floor":30.0,"key":"Blue Candle"},{"floor":32.0,"key":"Bottled Lightning"},{"floor":40.0,"key":"Smiling Mask"},{"floor":41.0,"key":"Oddly Smooth Stone"},{"floor":42.0,"key":"CeramicFish"},{"floor":43.0,"key":"MealTicket"},{"floor":44.0,"key":"Incense Burner"}],"event_choices":[{"damage_healed":0.0,"max_hp_gain":5.0,"max_hp_loss":0.0,"gold_gain":0.0,"event_name":"Big Fish","player_choice":"Donut","floor":2.0,"gold_loss":0.0,"damage_taken":0.0},{"cards_removed":["Strike_P"],"damage_healed":0.0,"max_hp_gain":0.0,"max_hp_loss":0.0,"gold_gain":0.0,"event_name":"The Cleric","player_choice":"Card Removal","floor":3.0,"gold_loss":75.0,"damage_taken":0.0},{"damage_healed":0.0,"max_hp_gain":0.0,"max_hp_loss":0.0,"gold_gain":0.0,"event_name":"Golden Idol","player_choice":"Take Damage","floor":5.0,"gold_loss":0.0,"damage_taken":25.0,"relics_obtained":["Golden Idol"]},{"cards_removed":["Strike_P"],"damage_healed":0.0,"max_hp_gain":0.0,"max_hp_loss":0.0,"gold_gain":0.0,"event_name":"Golden Wing","player_choice":"Card Removal","floor":10.0,"gold_loss":0.0,"damage_taken":7.0},{"damage_healed":0.0,"max_hp_gain":0.0,"max_hp_loss":0.0,"gold_gain":100.0,"event_name":"The Joust","player_choice":"Bet on Murderer","floor":20.0,"gold_loss":50.0,"damage_taken":0.0},{"damage_healed":0.0,"max_hp_gain":0.0,"max_hp_loss":0.0,"gold_gain":0.0,"event_name":"Colosseum","player_choice":"Fight","floor":30.0,"gold_loss":0.0,"damage_taken":0.0},{"damage_healed":0.0,"max_hp_gain":0.0,"max_hp_loss":0.0,"gold_gain":0.0,"event_name":"Colosseum","player_choice":"Fought Nobs","floor":30.0,"gold_loss":0.0,"damage_taken":0.0},{"damage_healed":0,"gold_gain":0,"player_choice":"Upgraded","damage_taken":0,"max_hp_gain":0,"max_hp_loss":0,"event_name":"Upgrade Shrine","floor":46,"gold_loss":0,"cards_upgraded":["FearNoEvil"]}],"is_beta":false,"boss_relics":[{"not_picked":["SacredBark","Sozu"],"picked":"Runic Pyramid"},{"not_picked":["VioletLotus","Black Star"],"picked":"Busted Crown"}],"items_purged_floors":[48],"is_endless":false,"potions_floor_spawned":[4,13,18,28,30,36,37,39,47],"ascension_level":15}}