{"host":"92wx9z21c4p52du4","time":1612557676,"event":{"mods":["BaseMod","Downfall","Hermit","Minty Spire (QoL Compilation)","Reliquary","StSLib","The Hierophant"],"gold_per_floor":[99,118,134,134,144,144,144,164,164,164,181,181,181,199,217,320,320,320,336,353,453,453,38,64,64,64,74,74,88,117,135,145,145,145,145],"floor_reached":33,"language":"ENG","playtime":1812,"items_purged":["Regret"],"score":336,"play_id":"d4679a96-2c88-4b13-984a-b1f202daf41d","local_time":"20210205144116","is_ascension_mode":false,"campfire_choices":[{"data":"bronze:Goto","floor":1,"key":"SMITH"},{"data":"bronze:Break","floor":6,"key":"SMITH"},{"data":"bronze:Replicate","floor":13,"key":"SMITH"},{"data":"bronze:Verify","floor":18,"key":"SMITH"},{"data":"bronze:Format","floor":28,"key":"SMITH"}],"circlet_count":0,"master_deck":["bronze:Defend","bronze:Defend","bronze:Defend","bronze:Replicate+1","bronze:Goto+1","bronze:Break+1","bronze:Frontload","bronze:Shell","bronze:BronzeOrb","bronze:Branch","bronze:ChosenStrike","bronze:Format+1","bronze:Verify+1","bronze:ItsAFeature","bronze:ForLoop","bronze:FineTuning","Bite","Bite","Bite","Bite","Bite","bronze:ClassDefault","bronze:BugBarrage","bronze:Repair","bronze:Shield","bronze:Return","bronze:Repair"],"relics":["bronze:BronzeCore","Omamori","The Courier","downfall:BrokenWingStatue","downfall:ExtraCursedKey","bronze:BottledCode","bronze:MakeshiftBattery","Dead Branch","reliquary:TridentHead","Shuriken","Bronze Scales","downfall:RedIOU","Pen Nib"],"acts_visited":["Exordium","TheCity"],"potions_floor_usage":[20,21,21,33,33],"damage_taken":[{"damage":0,"enemies":"Small Slimes","floor":2,"turns":2},{"damage":1,"enemies":"Jaw Worm","floor":3,"turns":2},{"damage":3,"enemies":"Cultist","floor":5,"turns":3},{"damage":6,"enemies":"2 Fungi Beasts","floor":8,"turns":2},{"damage":4,"enemies":"Large Slime","floor":11,"turns":3},{"damage":1,"enemies":"3 Louse","floor":14,"turns":4},{"damage":3,"enemies":"Exordium Wildlife","floor":15,"turns":4},{"damage":9,"enemies":"IC_STATUS_ARCHETYPE","floor":16,"turns":7},{"damage":11,"enemies":"3 Byrds","floor":19,"turns":7},{"damage":5,"enemies":"Shell Parasite","floor":20,"turns":5},{"damage":12,"enemies":"SI_SHIV_ARCHETYPE","floor":21,"turns":8},{"damage":2,"enemies":"downfall:FleeingMerchant","floor":23,"turns":4},{"damage":12,"enemies":"Snake Plant","floor":27,"turns":5},{"damage":0,"enemies":"Centurion and Healer","floor":29,"turns":4},{"damage":18,"enemies":"Slavers","floor":30,"turns":6},{"damage":14,"enemies":"Snecko","floor":31,"turns":4},{"damage":1,"enemies":"Sentry and Sphere","floor":32,"turns":3},{"damage":55,"enemies":"DF_ARCHETYPE_CLAW","floor":33,"turns":5}],"seed_played":"-9198214548627561971","potions_obtained":[{"floor":11,"key":"Dexterity Potion"},{"floor":14,"key":"SpeedPotion"},{"floor":16,"key":"Ancient Potion"},{"floor":19,"key":"ColorlessPotion"},{"floor":21,"key":"bronze:FreeFunctionsPotion"},{"floor":32,"key":"LiquidMemories"}],"is_trial":false,"path_per_floor":["R","M","M","?","M","R","T","M","?","?","M","?","R","M","M","B",null,"R","M","M","?","?","$","T","?","?","M","R","M","E","M","M","B"],"character_chosen":"THE_AUTOMATON","items_purchased":["Shuriken","PreservedInsect","bronze:BugBarrage"],"campfire_rested":0,"item_purchase_floors":[23,23,23],"current_hp_per_floor":[63,63,62,62,59,59,59,53,53,53,49,49,49,48,45,36,53,53,42,37,25,25,33,33,33,33,25,25,37,22,21,31,0,0,0],"gold":145,"neow_bonus":"THREE_RARE_CARDS","is_daily":false,"chose_seed":false,"campfire_upgraded":5,"win_rate":0.0,"timestamp":1612557676,"path_taken":["R","M","M","?","M","R","T","M","?","?","M","?","R","M","M","BOSS","R","M","M","?","?","$","T","?","?","M","R","M","E","?","M","BOSS"],"items_purchased_type":["Relic","Relic","Card"],"build_version":"2020-12-22","purchased_purges":1,"victory":false,"max_hp_per_floor":[63,63,63,63,63,63,63,63,63,63,63,53,53,53,53,53,53,53,53,53,53,37,37,37,37,37,37,37,37,37,37,37,37,37,37],"card_choices":[{"not_picked":["bronze:RecursiveStrike","bronze:CleanCode"],"picked":"bronze:Break","floor":0},{"not_picked":["bronze:WhirlingStrike","bronze:DelayedSlice"],"picked":"bronze:Frontload","floor":2},{"not_picked":["bronze:Separator","bronze:Branch"],"picked":"bronze:Shell","floor":3},{"not_picked":["bronze:OilSpill","bronze:ThunderWave"],"picked":"bronze:BronzeOrb","floor":5},{"not_picked":["bronze:Invalidate","bronze:Backtrace"],"picked":"bronze:Branch","floor":8},{"not_picked":["bronze:WildBeam","bronze:DigitalCarnage"],"picked":"bronze:ChosenStrike","floor":11},{"not_picked":["bronze:BuggyMess","bronze:Deprecate"],"picked":"bronze:Format","floor":14},{"not_picked":["bronze:Deprecate","bronze:WhirlingStrike","bronze:ChildClass"],"picked":"SKIP","floor":15},{"not_picked":["bronze:Break","bronze:Mutator"],"picked":"bronze:Verify","floor":16},{"not_picked":["bronze:DigitalCarnage","bronze:Separator"],"picked":"bronze:ItsAFeature","floor":19},{"not_picked":["bronze:CutThrough","bronze:NullPointer"],"picked":"bronze:ForLoop","floor":20},{"not_picked":["bronze:CutThrough+1","bronze:Constructor"],"picked":"bronze:FineTuning","floor":21},{"not_picked":["bronze:ForceShield+1","bronze:Branch"],"picked":"bronze:ClassDefault","floor":23},{"not_picked":["bronze:Frontload","bronze:ForLoop+1"],"picked":"bronze:Repair","floor":27},{"not_picked":["bronze:Branch","bronze:Refactor+1","bronze:Invalidate"],"picked":"SKIP","floor":29},{"not_picked":["bronze:ForLoop+1","bronze:Deprecate"],"picked":"bronze:Shield","floor":30},{"not_picked":["bronze:DelayedSlice+1","bronze:ChildClass"],"picked":"bronze:Return","floor":31},{"not_picked":["bronze:ChosenStrike+1","bronze:DigitalCarnage"],"picked":"bronze:Repair","floor":32}],"player_experience":277419,"relics_obtained":[{"floor":7,"key":"The Courier"},{"floor":21,"key":"Dead Branch"},{"floor":21,"key":"reliquary:TridentHead"},{"floor":24,"key":"Bronze Scales"},{"floor":30,"key":"Pen Nib"}],"event_choices":[{"damage_healed":0,"gold_gain":0,"player_choice":"Box","damage_taken":0,"relics_obtained":["Omamori"],"max_hp_gain":0,"max_hp_loss":0,"event_name":"Big Fish","floor":4,"gold_loss":0,"cards_obtained":["Regret"]},{"damage_healed":0,"gold_gain":0,"player_choice":"Became a vampire","damage_taken":0,"max_hp_gain":0,"max_hp_loss":16,"event_name":"Vampires","floor":22,"gold_loss":0,"cards_obtained":["Bite","Bite","Bite","Bite","Bite"]}],"is_beta":false,"boss_relics":[{"not_picked":["reliquary:RedCape","Tiny House"],"picked":"bronze:MakeshiftBattery"}],"items_purged_floors":[23],"is_endless":false,"potions_floor_spawned":[11,14,16,19,21,32],"killed_by":"DF_ARCHETYPE_CLAW","ascension_level":0}}