{"host":"Bilverbakes","time":1612551640,"event":{"mods":["2.2 Compatiblity","AchievementEnabler","BaseMod","Bestiary","Colored Map","Minty Spire (QoL Compilation)","Relic Stats","StSLib","ojb\u0027s Info Mod"],"gold_per_floor":[112,130,143,163,238,264,264,291,317,337,337,352,365,98,98,173,173,184,184,184,200,200,200,233,248,248,273,11,21,31,63,63,139,139,151,170,1169,693,707,707,740,740,763,388,413,413,433,446,446,446,446,446,446,15,49,49],"floor_reached":57,"language":"ENG","playtime":2727,"items_purged":["Strike_P","Normality","Normality"],"score":3478,"play_id":"a678a692-2cbe-4641-a73b-e0565f8d243a","local_time":"20210205130040","is_ascension_mode":true,"campfire_choices":[{"data":"Eruption","floor":7.0,"key":"SMITH"},{"data":"CutThroughFate","floor":11.0,"key":"SMITH"},{"floor":15.0,"key":"REST"},{"data":"ReachHeaven","floor":23.0,"key":"SMITH"},{"data":"Tantrum","floor":32.0,"key":"SMITH"},{"floor":40.0,"key":"RECALL"},{"data":"Wallop","floor":42.0,"key":"SMITH"},{"data":"TalkToTheHand","floor":49.0,"key":"SMITH"},{"floor":53.0,"key":"REST"}],"circlet_count":0,"master_deck":["AscendersBane","Strike_P","Defend_P","Defend_P","Eruption+1","Vigilance","FollowUp","Evaluate","ReachHeaven+1","Tantrum+1","Adaptation","CutThroughFate+1","TalkToTheHand+1","FlurryOfBlows","CarveReality","Trip+1","EmptyBody","Vault+1","FollowUp+1","Study+1","FlurryOfBlows","Necronomicurse","EmptyFist","SashWhip+1","MasterReality","Evaluate+1","Wallop+1","DeceiveReality","WheelKick+1","Wish+1","Wallop+1","Conclude+1","CutThroughFate+1","ThirdEye+1","JustLucky+1","TalkToTheHand+1","Sanctity+1","Weave+1"],"relics":["Runic Dome","Orichalcum","Tiny Chest","Bag of Marbles","Astrolabe","Necronomicon","War Paint","The Courier","Nunchaku","Lee\u0027s Waffle","Bag of Preparation","Lizard Tail","Philosopher\u0027s Stone","Membership Card","White Beast Statue","Mango","Toxic Egg 2","DollysMirror","Ornamental Fan","Molten Egg 2","Pear","Bottled Lightning","Happy Flower","Dead Branch","Anchor","Blood Vial"],"acts_visited":["Exordium","TheCity","TheBeyond","TheEnding"],"potions_floor_usage":[56],"damage_taken":[{"damage":0.0,"enemies":"Cultist","floor":1.0,"turns":3.0},{"damage":0.0,"enemies":"Jaw Worm","floor":2.0,"turns":3.0},{"damage":2.0,"enemies":"Small Slimes","floor":3.0,"turns":6.0},{"damage":3.0,"enemies":"Looter","floor":4.0,"turns":3.0},{"damage":17.0,"enemies":"Lagavulin","floor":6.0,"turns":5.0},{"damage":10.0,"enemies":"Gremlin Nob","floor":8.0,"turns":3.0},{"damage":5.0,"enemies":"Gremlin Gang","floor":10.0,"turns":3.0},{"damage":0.0,"enemies":"Blue Slaver","floor":12.0,"turns":1.0},{"damage":11.0,"enemies":"Large Slime","floor":13.0,"turns":3.0},{"damage":15.0,"enemies":"The Guardian","floor":16.0,"turns":7.0},{"damage":9.0,"enemies":"2 Thieves","floor":18.0,"turns":2.0},{"damage":0.0,"enemies":"Chosen","floor":21.0,"turns":2.0},{"damage":33.0,"enemies":"Slavers","floor":24.0,"turns":4.0},{"damage":0.0,"enemies":"Snecko","floor":25.0,"turns":3.0},{"damage":5.0,"enemies":"Shelled Parasite and Fungi","floor":29.0,"turns":2.0},{"damage":3.0,"enemies":"Centurion and Healer","floor":30.0,"turns":2.0},{"damage":0.0,"enemies":"Gremlin Leader","floor":31.0,"turns":3.0},{"damage":12.0,"enemies":"Champ","floor":33.0,"turns":6.0},{"damage":0.0,"enemies":"Orb Walker","floor":35.0,"turns":1.0},{"damage":0.0,"enemies":"3 Shapes","floor":36.0,"turns":2.0},{"damage":6.0,"enemies":"Transient","floor":39.0,"turns":6.0},{"damage":7.0,"enemies":"Nemesis","floor":41.0,"turns":4.0},{"damage":0.0,"enemies":"Giant Head","floor":45.0,"turns":4.0},{"damage":0.0,"enemies":"Spire Growth","floor":47.0,"turns":2.0},{"damage":0.0,"enemies":"Jaw Worm Horde","floor":48.0,"turns":3.0},{"damage":4.0,"enemies":"Awakened One","floor":50.0,"turns":7.0},{"damage":58.0,"enemies":"Donu and Deca","floor":51.0,"turns":9.0},{"damage":22.0,"enemies":"Shield and Spear","floor":55.0,"turns":4.0},{"damage":83,"enemies":"The Heart","floor":56,"turns":9}],"seed_played":"2817466035968020893","potions_obtained":[{"floor":2.0,"key":"StancePotion"},{"floor":3.0,"key":"BlessingOfTheForge"},{"floor":10.0,"key":"PowerPotion"},{"floor":13.0,"key":"FearPotion"},{"floor":24.0,"key":"FearPotion"},{"floor":31.0,"key":"EssenceOfSteel"},{"floor":33.0,"key":"AttackPotion"},{"floor":41.0,"key":"Swift Potion"},{"floor":48.0,"key":"Block Potion"},{"floor":55.0,"key":"PowerPotion"}],"is_trial":false,"path_per_floor":["M","M","M","M","?","E","R","E","T","M","R","M","M","$","R","B",null,"M","?","?","M","?","R","E","M","T","T","$","M","M","E","R","B",null,"M","M","?","$","M","R","E","R","T","$","E","?","M","M","R","B","B",null,"R","$","E","B",null],"character_chosen":"WATCHER","items_purchased":["CarveReality","Trip","EmptyBody","Lee\u0027s Waffle","Bag of Preparation","Membership Card","Wallop","White Beast Statue","Mango","DeceiveReality","DollysMirror","Ornamental Fan","Molten Egg 2","Conclude+1","TalkToTheHand+1","Bottled Lightning","Sanctity+1","Happy Flower","Dead Branch","Anchor"],"campfire_rested":2,"item_purchase_floors":[14,14,14,28,28,38,38,38,38,38,44,44,44,44,54,54,54,54,54,54],"current_hp_per_floor":[61,61,59,56,45,28,28,18,18,13,13,13,2,2,22,7,53,44,44,23,23,37,37,4,4,4,4,75,70,67,67,67,55,70,70,70,70,84,78,78,71,71,71,71,81,81,81,81,81,77,19,79,99,99,77,49],"gold":49,"neow_bonus":"BOSS_RELIC","is_daily":false,"chose_seed":false,"campfire_upgraded":6,"win_rate":0.0,"timestamp":1612551640,"path_taken":["M","M","?","M","?","E","R","E","T","M","R","M","M","$","R","BOSS","M","?","?","M","?","R","E","M","T","?","$","M","?","E","R","BOSS","M","M","?","$","M","R","E","R","T","$","E","?","M","M","R","BOSS","BOSS","R","$","E","BOSS"],"items_purchased_type":["Card","Card","Card","Relic","Relic","Relic","Card","Relic","Relic","Card","Relic","Relic","Relic","Card","Card","Relic","Card","Relic","Relic","Relic"],"build_version":"2020-12-18","purchased_purges":3,"victory":true,"max_hp_per_floor":[68,68,68,68,68,68,68,68,68,68,68,68,68,68,68,68,68,68,68,68,68,68,68,68,68,68,68,75,75,75,75,75,75,75,75,75,75,89,89,89,89,89,89,89,99,99,99,99,99,99,99,99,99,99,99,99],"relic_stats":{"Lee\u0027s Waffle":71,"Happy Flower":[4],"counters":[29,112],"Astrolabe":["FollowUp","Study","Halt"],"Dead Branch":[13],"Bag of Preparation":[30],"Orichalcum":[30],"War Paint":["Trip","Vault"],"Blood Vial":2,"Nunchaku":[29],"Lizard Tail":49,"Ornamental Fan":[200],"Tiny Chest":1,"Necronomicon":[29],"obtain_stats":[{"Mango":38,"Bag of Preparation":28,"Blood Vial":55,"Nunchaku":27,"Lizard Tail":31,"DollysMirror":44,"Tiny Chest":8,"Philosopher\u0027s Stone":34,"Necronomicon":20,"Toxic Egg 2":41,"Lee\u0027s Waffle":28,"Pear":45,"Happy Flower":54,"Astrolabe":17,"Dead Branch":54,"The Courier":26,"Orichalcum":6,"War Paint":24,"White Beast Statue":38,"Runic Dome":0,"Anchor":54,"Ornamental Fan":44,"Molten Egg 2":44,"Bag of Marbles":9,"Membership Card":38,"Bottled Lightning":54,"PureWater":0},{"Mango":20,"Bag of Preparation":14,"Blood Vial":28,"Nunchaku":14,"Lizard Tail":17,"DollysMirror":22,"Tiny Chest":6,"Philosopher\u0027s Stone":18,"Necronomicon":11,"Toxic Egg 2":22,"Lee\u0027s Waffle":14,"Pear":23,"Happy Flower":27,"Astrolabe":10,"Dead Branch":27,"The Courier":14,"Orichalcum":5,"War Paint":13,"White Beast Statue":20,"Runic Dome":0,"Anchor":27,"Ornamental Fan":22,"Molten Egg 2":22,"Bag of Marbles":6,"Membership Card":20,"Bottled Lightning":27,"PureWater":0},{"Mango":64,"Bag of Preparation":48,"Blood Vial":103,"Nunchaku":48,"Lizard Tail":55,"DollysMirror":74,"Tiny Chest":23,"Philosopher\u0027s Stone":61,"Necronomicon":39,"Toxic Egg 2":74,"Lee\u0027s Waffle":48,"Pear":78,"Happy Flower":99,"Astrolabe":37,"Dead Branch":99,"The Courier":48,"Orichalcum":20,"War Paint":45,"White Beast Statue":64,"Runic Dome":0,"Anchor":99,"Ornamental Fan":74,"Molten Egg 2":74,"Bag of Marbles":23,"Membership Card":64,"Bottled Lightning":99,"PureWater":0}]},"card_choices":[{"not_picked":["Evaluate","Prostrate"],"picked":"FollowUp","floor":1.0},{"not_picked":["Prostrate","ClearTheMind"],"picked":"Evaluate","floor":2.0},{"not_picked":["Pray","JustLucky"],"picked":"ReachHeaven","floor":3.0},{"not_picked":["PathToVictory","WaveOfTheHand","FlyingSleeves"],"picked":"SKIP","floor":4.0},{"not_picked":["Perseverance","Evaluate"],"picked":"Tantrum","floor":6.0},{"not_picked":["CrushJoints","ConjureBlade"],"picked":"Adaptation","floor":8.0},{"not_picked":["CrushJoints","BowlingBash"],"picked":"CutThroughFate","floor":10.0},{"not_picked":["Swivel","CutThroughFate"],"picked":"TalkToTheHand","floor":12.0},{"not_picked":["Evaluate","JustLucky"],"picked":"FlurryOfBlows","floor":13.0},{"not_picked":["Establishment","ConjureBlade"],"picked":"Vault","floor":16.0},{"not_picked":["Nirvana","SignatureMove"],"picked":"FlurryOfBlows","floor":18.0},{"not_picked":["JustLucky","Halt+1","Adaptation"],"picked":"SKIP","floor":21.0},{"not_picked":["FollowUp","SignatureMove"],"picked":"EmptyFist","floor":24.0},{"not_picked":["CrushJoints","LikeWater","ThirdEye"],"picked":"SKIP","floor":25.0},{"not_picked":["FlyingSleeves","EmptyFist","Adaptation"],"picked":"SKIP","floor":29.0},{"not_picked":["PathToVictory+1","CrushJoints","BowlingBash"],"picked":"SKIP","floor":30.0},{"not_picked":["CutThroughFate","ThirdEye"],"picked":"SashWhip+1","floor":31.0},{"not_picked":["Devotion","SpiritShield"],"picked":"MasterReality","floor":33.0},{"not_picked":["Halt","Study"],"picked":"Evaluate+1","floor":35.0},{"not_picked":["ThirdEye","PathToVictory","Protect"],"picked":"SKIP","floor":36.0},{"not_picked":["CrushJoints","Worship"],"picked":"WheelKick+1","floor":39.0},{"not_picked":["Halt+1","FlyingSleeves"],"picked":"Wish+1","floor":41.0},{"not_picked":["Prostrate+1","ForeignInfluence+1"],"picked":"CutThroughFate+1","floor":45.0},{"not_picked":["Crescendo+1","Indignation+1"],"picked":"ThirdEye+1","floor":47.0},{"not_picked":["ThirdEye+1","FlurryOfBlows+1"],"picked":"JustLucky+1","floor":48.0},{"not_picked":["Protect+1","Consecrate+1"],"picked":"Weave+1","floor":55.0}],"player_experience":899372,"relics_obtained":[{"floor":6.0,"key":"Orichalcum"},{"floor":8.0,"key":"Tiny Chest"},{"floor":9.0,"key":"Bag of Marbles"},{"floor":20.0,"key":"Necronomicon"},{"floor":24.0,"key":"War Paint"},{"floor":26.0,"key":"The Courier"},{"floor":27.0,"key":"Nunchaku"},{"floor":31.0,"key":"Lizard Tail"},{"floor":41.0,"key":"Toxic Egg 2"},{"floor":45.0,"key":"Pear"},{"floor":55.0,"key":"Blood Vial"}],"event_choices":[{"damage_healed":0.0,"max_hp_gain":0.0,"max_hp_loss":0.0,"gold_gain":75.0,"event_name":"World of Goop","player_choice":"Gather Gold","floor":5.0,"gold_loss":0.0,"damage_taken":11.0},{"cards_removed":["Strike_P"],"damage_healed":0.0,"max_hp_gain":0.0,"max_hp_loss":0.0,"gold_gain":0.0,"event_name":"Back to Basics","player_choice":"Elegance","floor":19.0,"gold_loss":0.0,"damage_taken":0.0},{"damage_healed":0.0,"max_hp_gain":0.0,"max_hp_loss":0.0,"gold_gain":0.0,"event_name":"Cursed Tome","player_choice":"Obtained Book","floor":20.0,"gold_loss":0.0,"damage_taken":21.0},{"damage_healed":14.0,"max_hp_gain":0.0,"max_hp_loss":0.0,"gold_gain":0.0,"event_name":"The Library","player_choice":"Heal","floor":22.0,"gold_loss":0.0,"damage_taken":0.0},{"damage_healed":0.0,"max_hp_gain":0.0,"max_hp_loss":0.0,"gold_gain":999.0,"event_name":"MindBloom","player_choice":"Gold","floor":37.0,"gold_loss":0.0,"damage_taken":0.0,"cards_obtained":["Normality","Normality"]},{"cards_removed":["Halt"],"damage_healed":0.0,"max_hp_gain":0.0,"max_hp_loss":0.0,"gold_gain":0.0,"event_name":"Falling","player_choice":"Removed Skill","floor":46.0,"gold_loss":0.0,"damage_taken":0.0}],"is_beta":true,"boss_relics":[{"not_picked":["Fusion Hammer","Snecko Eye"],"picked":"Astrolabe"},{"not_picked":["Pandora\u0027s Box","VioletLotus"],"picked":"Philosopher\u0027s Stone"}],"items_purged_floors":[14,38,44],"is_endless":false,"potions_floor_spawned":[2,3,8,10,13,24,31,33,39,41,45,47,48,55],"ascension_level":20}}