{"host":"gaqyve1328ta0etl","time":1612518260,"event":{"mods":["BaseMod","Colored Map","Colored Powertips","Duelist Mod","Googly Eyes","Hero for Fun","Minty Spire (QoL Compilation)","Shop Mod","StSLib","SuperFastMode","The Hierophant","The Runesmith"],"gold_per_floor":[116,216,235,250,250,250,28,47,73,73,107,107,138,156,156,260,287,307,232,260,278,300,300,300,300,300,318,218,218,227,256,256,362,362,375,395,395,395,395,395],"floor_reached":39,"language":"ENG","playtime":920,"items_purged":["Bash","Defend_R"],"score":391,"play_id":"7b76d723-bce8-4c67-b769-24dd5d1b60dc","local_time":"20210205014420","is_ascension_mode":false,"campfire_choices":[{"data":"Pommel Strike","floor":6,"key":"SMITH"},{"data":"Whirlwind","floor":10,"key":"SMITH"},{"data":"Limit Break","floor":12,"key":"SMITH"},{"floor":15,"key":"REST"},{"floor":23,"key":"REST"},{"floor":25,"key":"REST"},{"data":"True Grit","floor":29,"key":"SMITH"},{"floor":32,"key":"REST"}],"circlet_count":0,"master_deck":["Defend_R","Defend_R","Defend_R","Sword Boomerang","Fire Breathing","Pommel Strike+1","Whirlwind+1","Limit Break+1","Rampage+1","Infernal Blade+1","Flex+1","True Grit+1","Shrug It Off","Decay","Feed","Juggernaut","Armaments"],"relics":["Burning Blood","NeowsBlessing","Bronze Scales","CeramicFish","Vajra","Oddly Smooth Stone","Astrolabe","Ornamental Fan","SlaversCollar"],"acts_visited":["Exordium","TheCity","TheBeyond"],"potions_floor_usage":[11,16,21,33,33,35,36],"damage_taken":[{"damage":0,"enemies":"Jaw Worm","floor":1,"turns":1},{"damage":0,"enemies":"Cultist","floor":3,"turns":1},{"damage":0,"enemies":"2 Louse","floor":4,"turns":1},{"damage":11,"enemies":"2 Fungi Beasts","floor":8,"turns":4},{"damage":21,"enemies":"Gremlin Nob","floor":11,"turns":4},{"damage":31,"enemies":"Lagavulin","floor":13,"turns":7},{"damage":6,"enemies":"Blue Slaver","floor":14,"turns":3},{"damage":29,"enemies":"The Guardian","floor":16,"turns":10},{"damage":22,"enemies":"2 Thieves","floor":18,"turns":3},{"damage":8,"enemies":"Shell Parasite","floor":20,"turns":4},{"damage":28,"enemies":"Centurion and Healer","floor":21,"turns":6},{"damage":8,"enemies":"Snecko","floor":22,"turns":5},{"damage":17,"enemies":"Sentry and Sphere","floor":27,"turns":4},{"damage":20,"enemies":"Shelled Parasite and Fungi","floor":31,"turns":5},{"damage":76,"enemies":"Collector","floor":33,"turns":10},{"damage":11,"enemies":"3 Shapes","floor":35,"turns":4},{"damage":15,"enemies":"Orb Walker","floor":36,"turns":5},{"damage":112,"enemies":"Transient","floor":39,"turns":5}],"seed_played":"5001255714866943327","potions_obtained":[{"floor":4,"key":"EssenceOfSteel"},{"floor":13,"key":"ElixirPotion"},{"floor":14,"key":"Dexterity Potion"},{"floor":16,"key":"BlessingOfTheForge"},{"floor":20,"key":"BlessingOfTheForge"},{"floor":22,"key":"DuplicationPotion"},{"floor":31,"key":"Swift Potion"},{"floor":35,"key":"Fruit Juice"}],"is_trial":false,"path_per_floor":["M","?","M","M","?","R","$","M","T","R","E","R","E","M","R","B",null,"M","?","M","M","M","R","?","R","T","M","$","R","?","M","R","B",null,"M","M","?","?","M"],"character_chosen":"IRONCLAD","items_purchased":["Bronze Scales"],"campfire_rested":4,"item_purchase_floors":[7],"current_hp_per_floor":[80,80,80,80,80,80,80,75,75,75,60,60,35,35,59,36,80,64,64,62,40,38,62,56,80,80,69,69,69,69,55,79,9,80,83,74,74,74,0,0],"gold":395,"neow_bonus":"THREE_ENEMY_KILL","is_daily":false,"chose_seed":false,"campfire_upgraded":4,"win_rate":0.0,"timestamp":1612518260,"path_taken":["M","?","?","M","?","R","$","M","T","R","E","R","E","M","R","BOSS","M","?","M","M","M","R","?","R","T","?","$","R","?","?","R","BOSS","M","M","?","?","M"],"items_purchased_type":["Relic"],"build_version":"2020-12-22","purchased_purges":2,"victory":false,"max_hp_per_floor":[80,80,80,80,80,80,80,80,80,80,80,80,80,80,80,80,80,80,80,80,80,80,80,80,80,80,80,80,80,80,80,80,80,80,88,88,88,88,88,88],"card_choices":[{"not_picked":["True Grit","Second Wind"],"picked":"Sword Boomerang","floor":1},{"not_picked":["Armaments","Perfected Strike"],"picked":"Fire Breathing","floor":3},{"not_picked":["Burning Pact","Armaments"],"picked":"Pommel Strike","floor":4},{"not_picked":["Entrench","Sever Soul"],"picked":"Whirlwind","floor":8},{"not_picked":["Sword Boomerang","Shrug It Off"],"picked":"Limit Break","floor":11},{"not_picked":["Hemokinesis","Havoc","Pummel"],"picked":"SKIP","floor":13},{"not_picked":["Warcry","Rupture","Wild Strike"],"picked":"SKIP","floor":14},{"not_picked":["Brutality","Limit Break"],"picked":"Bludgeon","floor":16},{"not_picked":["Clash+1","Reckless Charge","Pummel+1"],"picked":"SKIP","floor":18},{"not_picked":["Cleave","Bloodletting"],"picked":"True Grit","floor":20},{"not_picked":["Anger+1","Seeing Red","Wild Strike"],"picked":"SKIP","floor":21},{"not_picked":["True Grit","Clothesline"],"picked":"Shrug It Off","floor":22},{"not_picked":["Cleave","Power Through","Headbutt+1"],"picked":"SKIP","floor":27},{"not_picked":["Blood for Blood","Whirlwind"],"picked":"Feed","floor":31},{"not_picked":["Berserk","Corruption"],"picked":"Juggernaut","floor":33},{"not_picked":["Perfected Strike","Pommel Strike+1","Anger"],"picked":"SKIP","floor":35},{"not_picked":["Cleave+1","Rage"],"picked":"Armaments","floor":36}],"player_experience":2075427,"relics_obtained":[{"floor":9,"key":"CeramicFish"},{"floor":11,"key":"Vajra"},{"floor":13,"key":"Oddly Smooth Stone"},{"floor":26,"key":"Ornamental Fan"}],"event_choices":[{"damage_healed":0,"gold_gain":100,"player_choice":"Pray","damage_taken":0,"max_hp_gain":0,"max_hp_loss":0,"event_name":"Golden Shrine","floor":2,"gold_loss":0},{"cards_removed":["Strike_R"],"damage_healed":0,"gold_gain":0,"player_choice":"Forget","damage_taken":0,"max_hp_gain":0,"max_hp_loss":0,"event_name":"Living Wall","floor":5,"gold_loss":0},{"cards_removed":["Strike_R"],"damage_healed":0,"gold_gain":0,"player_choice":"Gave Gold","damage_taken":0,"max_hp_gain":0,"max_hp_loss":0,"event_name":"Beggar","floor":19,"gold_loss":75},{"damage_healed":0,"gold_gain":0,"player_choice":"","damage_taken":6,"max_hp_gain":0,"max_hp_loss":0,"event_name":"Knowing Skull","floor":24,"potions_obtained":[],"gold_loss":0,"cards_obtained":[]},{"damage_healed":0,"gold_gain":0,"player_choice":"Cursed","damage_taken":0,"max_hp_gain":0,"max_hp_loss":0,"event_name":"Wheel of Change","floor":30,"gold_loss":0,"cards_obtained":["Decay"]},{"damage_healed":0,"gold_gain":0,"player_choice":"Ignored","damage_taken":0,"max_hp_gain":0,"max_hp_loss":0,"event_name":"Tomb of Lord Red Mask","floor":37,"gold_loss":0},{"cards_removed":["Bludgeon"],"damage_healed":0,"gold_gain":0,"player_choice":"Removed Attack","damage_taken":0,"max_hp_gain":0,"max_hp_loss":0,"event_name":"Falling","floor":38,"gold_loss":0}],"is_beta":false,"boss_relics":[{"not_picked":["Tiny House","Runic Dome"],"picked":"Astrolabe"},{"not_picked":["Snecko Eye","Calling Bell"],"picked":"SlaversCollar"}],"items_purged_floors":[7,28],"is_endless":false,"potions_floor_spawned":[4,13,14,16,20,22,31,35],"killed_by":"Transient","ascension_level":0}}