{"host":"630px4nyj50z5id8","time":1612526030,"event":{"mods":["BaseMod","Colored Powertips","Downfall","Minty Spire (QoL Compilation)","Quick Restart","Replay The Spire","StSLib","Waifu the Spire"],"gold_per_floor":[117,170,185,460,29,29,58,58,85,110,110,146,155,181,181,293,293,314,342,371,393,308,352,352,393,419,419,528,528,567,587,587,691,700,719,739,739,347,428,464,464,507,552,600,600,624,706,747,747,747,747],"floor_reached":50,"language":"ZHS","playtime":2090,"items_purged":["Regret","Feel No Pain"],"score":1027,"play_id":"0409b644-702c-4e6b-b631-c539ebcfd4b4","local_time":"20210205195350","is_ascension_mode":true,"campfire_choices":[{"data":"Secret Weapon","floor":6.0,"key":"SMITH"},{"data":"Flex","floor":8.0,"key":"SMITH"},{"data":"Pommel Strike","floor":11.0,"key":"SMITH"},{"data":"Limit Break","floor":15.0,"key":"SMITH"},{"data":"Massacre","floor":24.0,"key":"SMITH"},{"data":"Whirlwind","floor":27.0,"key":"SMITH"},{"data":"Perfected Strike","floor":32.0,"key":"SMITH"},{"floor":41,"key":"REST"},{"floor":45,"key":"REST"},{"floor":49,"key":"REST"}],"circlet_count":0,"master_deck":["Strike_R+1","Strike_R","Strike_R","Strike_R","Strike_R","Defend_R+1","Defend_R","Defend_R","Bash","Flex","Flex+1","Secret Weapon+1","Jack Of All Trades","ReplayTheSpireMod:Private Reserves","Pommel Strike+1","Massacre+1","Headbutt","Limit Break+1","Immolate","ReplayTheSpireMod:Muscle Training","Whirlwind+1","Inflame","Headbutt","Blood for Blood","Whirlwind","Perfected Strike+1","Carnage+1","ReplayTheSpireMod:Stacked","Demon Form","CurseOfTheBell","Bludgeon","Evolve+1","Dual Wield","Burning Pact","ReplayTheSpireMod:Limb From Limb+1","Battle Trance"],"relics":["Burning Blood","Bag of Marbles","Blue Candle","ReplayTheSpireMod:ShopPack","Bag of Preparation","CeramicFish","Simple Rune","Quantum Egg","Runic Cube","Ancient Tea Set","MealTicket","Juzu Bracelet","Bronze Scales","Durian","StrikeDummy","Nunchaku","Calling Bell","Oddly Smooth Stone","Darkstone Periapt","Lizard Tail","PreservedInsect","Akabeko","Bottled Lightning","Mango","Another Sword","Lantern","Pondfish Scales","Letter Opener","Bottled Flame"],"acts_visited":["Exordium","TheCity","TheBeyond"],"potions_floor_usage":[48,50,50],"damage_taken":[{"damage":1.0,"enemies":"2 Louse","floor":1.0,"turns":4.0},{"damage":10.0,"enemies":"Small Slimes","floor":3.0,"turns":4.0},{"damage":18.0,"enemies":"Gremlin Nob","floor":7.0,"turns":3.0},{"damage":0.0,"enemies":"Jaw Worm","floor":10.0,"turns":2.0},{"damage":18.0,"enemies":"3 Sentries","floor":12.0,"turns":7.0},{"damage":0.0,"enemies":"Exordium Thugs","floor":14.0,"turns":1.0},{"damage":0.0,"enemies":"Slime Boss","floor":16.0,"turns":4.0},{"damage":12.0,"enemies":"Chosen","floor":18.0,"turns":2.0},{"damage":12.0,"enemies":"Spheric Guardian","floor":19.0,"turns":3.0},{"damage":15.0,"enemies":"Centurion and Healer","floor":20.0,"turns":2.0},{"damage":16.0,"enemies":"Snake Plant","floor":21.0,"turns":2.0},{"damage":1.0,"enemies":"Gremlin Leader","floor":23.0,"turns":3.0},{"damage":8.0,"enemies":"Slavers","floor":25.0,"turns":2.0},{"damage":1.0,"enemies":"Colosseum Slavers","floor":28.0,"turns":1.0},{"damage":1.0,"enemies":"Colosseum Nobs","floor":28.0,"turns":1.0},{"damage":24.0,"enemies":"Book of Stabbing","floor":30.0,"turns":3.0},{"damage":1.0,"enemies":"3 Cultists","floor":31.0,"turns":2.0},{"damage":27.0,"enemies":"Collector","floor":33.0,"turns":6.0},{"damage":6,"enemies":"Orb Walker","floor":35,"turns":3},{"damage":13,"enemies":"3 Shapes","floor":36,"turns":1},{"damage":98,"enemies":"Giant Head","floor":40,"turns":7},{"damage":30,"enemies":"R_Hoarder","floor":42,"turns":4},{"damage":53,"enemies":"2 Orb Walkers","floor":44,"turns":4},{"damage":0,"enemies":"Jaw Worm Horde","floor":46,"turns":1},{"damage":20,"enemies":"Giant Head","floor":48,"turns":5},{"damage":76,"enemies":"Awakened One","floor":50,"turns":5}],"seed_played":"-9103894030360363782","potions_obtained":[{"floor":2.0,"key":"Weak Potion"},{"floor":7.0,"key":"SkillPotion"},{"floor":12.0,"key":"SkillPotion"},{"floor":14.0,"key":"GamblersBrew"},{"floor":18.0,"key":"SpeedPotion"},{"floor":19.0,"key":"GamblersBrew"},{"floor":25.0,"key":"Toxic Potion"},{"floor":30.0,"key":"Swift Potion"},{"floor":35,"key":"Swift Potion"},{"floor":36,"key":"SpeedPotion"},{"floor":40,"key":"Ancient Potion"}],"is_trial":false,"path_per_floor":["M","?","M","?","$","R","E","R","T","M","R","E","?","M","R","B",null,"M","M","M","M","?","E","R","E","T","R","?","?","E","M","R","B",null,"M","M","?","$","T","E","R","E","T","?","R","M","T","E","R","B"],"character_chosen":"IRONCLAD","items_purchased":["Feel No Pain","ReplayTheSpireMod:ShopPack","Bag of Preparation","PreservedInsect","Akabeko"],"campfire_rested":3,"item_purchase_floors":[5,5,5,38,38],"current_hp_per_floor":[77,77,73,73,73,73,61,61,61,67,67,55,55,61,61,67,77,71,65,56,46,46,51,51,49,49,49,64,64,46,51,51,30,71,71,64,56,71,71,62,91,67,67,20,49,55,55,41,70,0,0],"gold":747,"neow_bonus":"RANDOM_COMMON_RELIC","is_daily":false,"chose_seed":false,"campfire_upgraded":7,"win_rate":0.0,"timestamp":1612526030,"path_taken":["M","?","M","?","$","R","E","R","T","?","R","E","?","M","R","BOSS","M","M","M","M","?","E","R","E","T","R","?","?","E","M","R","BOSS","M","M","?","$","?","E","R","E","T","?","R","M","?","E","R","BOSS"],"items_purchased_type":["Card","Relic","Relic","Relic","Relic"],"build_version":"2020-12-22","purchased_purges":2,"victory":false,"max_hp_per_floor":[80,80,80,80,80,80,80,80,80,80,80,80,80,80,80,80,80,80,80,80,80,80,80,80,80,80,80,85,85,85,85,85,85,85,85,85,85,85,85,99,99,99,99,99,99,99,99,99,99,99,99],"card_choices":[{"not_picked":["Havoc","Replay:Undeath\u0027s Touch"],"picked":"Flex","floor":1.0},{"not_picked":["Run Through","Body Slam"],"picked":"Flex","floor":2.0},{"not_picked":["Anger","ReplayTheSpireMod:LeadingStrike","Headbutt"],"picked":"SKIP","floor":3.0},{"not_picked":["Metamorphosis","Master of Strategy"],"picked":"Secret Weapon","floor":5.0},{"not_picked":["ReplayTheSpireMod:Uncanny Aura","Replay:Sssssssssstrike"],"picked":"Jack Of All Trades","floor":5.0},{"not_picked":["Dramatic Entrance","Discovery"],"picked":"ReplayTheSpireMod:Private Reserves","floor":5.0},{"not_picked":["Anger","Body Slam","Thunderclap"],"picked":"SKIP","floor":7.0},{"not_picked":["Cleave","Thunderclap"],"picked":"Pommel Strike","floor":10.0},{"not_picked":["Fire Breathing","Body Slam"],"picked":"Massacre","floor":12.0},{"not_picked":["Rage","Anger"],"picked":"Limit Break","floor":14.0},{"not_picked":["Barricade","Impervious"],"picked":"Immolate","floor":16.0},{"not_picked":["Pommel Strike+1","Intimidate"],"picked":"ReplayTheSpireMod:Muscle Training","floor":18.0},{"not_picked":["ReplayTheSpireMod:Limb From Limb","Dark Embrace+1"],"picked":"Whirlwind","floor":19.0},{"not_picked":["Cleave","Flex"],"picked":"Inflame","floor":20.0},{"not_picked":["Searing Blow","Shrug It Off"],"picked":"Headbutt","floor":21.0},{"not_picked":["Rampage+1","Warcry"],"picked":"Blood for Blood","floor":23.0},{"not_picked":["Replay:Undeath\u0027s Touch","Sword Boomerang"],"picked":"Whirlwind","floor":25.0},{"not_picked":["Flame Barrier","Twin Strike"],"picked":"Perfected Strike","floor":28.0},{"not_picked":["Pommel Strike","ReplayTheSpireMod:Corrosion Curse+1"],"picked":"Carnage+1","floor":30.0},{"not_picked":["Sever Soul+1","Sword Boomerang+1"],"picked":"ReplayTheSpireMod:Stacked","floor":31.0},{"not_picked":["Double Tap","Juggernaut"],"picked":"Demon Form","floor":33.0},{"not_picked":["Thunderclap+1","Clash+1"],"picked":"Bludgeon","floor":35},{"not_picked":["Thunderclap+1","Sword Boomerang"],"picked":"Evolve+1","floor":36},{"not_picked":["Wild Strike","Fire Breathing+1"],"picked":"Dual Wield","floor":40},{"not_picked":["Havoc+1","Sentinel+1"],"picked":"Burning Pact","floor":42},{"not_picked":["Rampage","Thunderclap+1"],"picked":"ReplayTheSpireMod:Limb From Limb+1","floor":46},{"not_picked":["Disarm","ReplayTheSpireMod:LeadingStrike"],"picked":"Battle Trance","floor":48}],"player_experience":384691,"relics_obtained":[{"floor":2.0,"key":"Blue Candle"},{"floor":7.0,"key":"CeramicFish"},{"floor":9.0,"key":"Simple Rune"},{"floor":12.0,"key":"Quantum Egg"},{"floor":23.0,"key":"MealTicket"},{"floor":25.0,"key":"Juzu Bracelet"},{"floor":26.0,"key":"Bronze Scales"},{"floor":28.0,"key":"Durian"},{"floor":28.0,"key":"StrikeDummy"},{"floor":30.0,"key":"Nunchaku"},{"floor":34,"key":"Oddly Smooth Stone"},{"floor":34,"key":"Darkstone Periapt"},{"floor":34,"key":"Lizard Tail"},{"floor":39,"key":"Bottled Lightning"},{"floor":40,"key":"Mango"},{"floor":42,"key":"Another Sword"},{"floor":43,"key":"Lantern"},{"floor":44,"key":"Pondfish Scales"},{"floor":47,"key":"Letter Opener"},{"floor":48,"key":"Bottled Flame"}],"event_choices":[{"damage_healed":0.0,"max_hp_gain":0.0,"max_hp_loss":0.0,"gold_gain":275.0,"event_name":"Golden Shrine","player_choice":"Desecrate","floor":4.0,"gold_loss":0.0,"damage_taken":0.0,"cards_obtained":["Regret"]},{"damage_healed":0.0,"max_hp_gain":0.0,"max_hp_loss":0.0,"gold_gain":0.0,"cards_transformed":["Defend_R"],"event_name":"Living Wall","player_choice":"Change","floor":13.0,"gold_loss":0.0,"damage_taken":0.0,"cards_obtained":["Headbutt"]},{"damage_healed":0.0,"max_hp_gain":0.0,"max_hp_loss":0.0,"gold_gain":0.0,"event_name":"Addict","player_choice":"Obtained Relic","floor":22.0,"gold_loss":85.0,"damage_taken":0.0,"relics_obtained":["Ancient Tea Set"]},{"damage_healed":0.0,"max_hp_gain":0.0,"max_hp_loss":0.0,"gold_gain":0.0,"event_name":"Colosseum","player_choice":"Fight","floor":28.0,"gold_loss":0.0,"damage_taken":0.0},{"damage_healed":0.0,"max_hp_gain":0.0,"max_hp_loss":0.0,"gold_gain":0.0,"event_name":"Colosseum","player_choice":"Fought Nobs","floor":28.0,"gold_loss":0.0,"damage_taken":0.0},{"damage_healed":0,"gold_gain":0,"player_choice":"Damaged","damage_taken":8,"max_hp_gain":0,"max_hp_loss":0,"event_name":"Wheel of Change","floor":37,"gold_loss":0},{"damage_healed":0,"gold_gain":0,"player_choice":"Fight","damage_taken":0,"max_hp_gain":0,"max_hp_loss":0,"event_name":"Mysterious Sphere","floor":44,"gold_loss":0}],"is_beta":false,"boss_relics":[{"not_picked":["Ectoplasm","Fusion Hammer"],"picked":"Runic Cube"},{"not_picked":["SacredBark","Replay:Ancient Bell"],"picked":"Calling Bell"}],"items_purged_floors":[5,38],"is_endless":false,"potions_floor_spawned":[7,12,14,18,19,25,30,35,36,40,42],"killed_by":"Awakened One","ascension_level":6}}