{"host":"ox77rn1xcurm2t5a","time":1612525986,"event":{"mods":["2.2 Compatiblity","AchievementEnabler","Act Like it!","Aspiration","BaseMod","Best Route Mod","Better Match","Better Note","Better Sensory Stone","Block Reminder","Colored Map","Colored Powertips","Conjunction","Conspire","Custom Start","Energized Spire","GifTheSpireLib","Gold Saver","Gremlin Skip","Halation","Highlight Path","Hubris","Infinite Spire","Minty Spire (QoL Compilation)","Pale of the Ancients","Quick Restart","Replay The Spire","Reworked Bosses","ShortenTheSpire","Spire Exporter","StSLib","Stuff the Spire","Wandering Minibosses"],"gold_per_floor":[644,656,5109,5109,5109,5138,5138,5138,5215,5215,5227,5227,5245,4454,4454,4529,4529,4529,4529],"floor_reached":18,"language":"ENG","playtime":327,"items_purged":["Strike_B","Strike_B"],"score":329,"play_id":"75cf173e-be42-413d-a6e7-fcf2dc0bcfe4","local_time":"20210205135306","is_ascension_mode":true,"campfire_choices":[{"floor":10,"key":"RECALL"},{"data":"hubris:DuctTapeCard","floor":12,"key":"SMITH"},{"data":"Zap","floor":15,"key":"SMITH"}],"circlet_count":0,"master_deck":["AscendersBane","Strike_B+1","Strike_B+1","Defend_B","Defend_B","Defend_B","Defend_B","Zap+1","Dualcast","Buffer","hubris:DuctTapeCard+3","Injury","Self Repair+1","Buffer+1"],"relics":["Cracked Core","NeowsBlessing","conspire:InfiniteJournal","conspire:GiftBox","halation:Jellyphish","Garlic","hubris:DuctTape","Frozen Egg 2","conspire:Dentures","conspire:Boomerang","Blue Candle"],"acts_visited":["Exordium","TheCity"],"potions_floor_usage":[11,16],"damage_taken":[{"damage":0,"enemies":"2 Louse","floor":1,"turns":1},{"damage":0,"enemies":"Small Slimes","floor":2,"turns":1},{"damage":0,"enemies":"Lagavulin","floor":6,"turns":1},{"damage":0,"enemies":"3 Louse","floor":11,"turns":4},{"damage":29,"enemies":"Lots of Slimes","floor":13,"turns":5},{"damage":8,"enemies":"Hexaghost","floor":16,"turns":6},{"damage":0,"enemies":"Shell Parasite","floor":18,"turns":1}],"seed_played":"7164489582088099196","potions_obtained":[{"floor":1,"key":"Elixir"},{"floor":13,"key":"Venom Potion"}],"is_trial":false,"path_per_floor":["M","M","$","?","?","E","M","?","T","R","M","R","M","$","R","B",null,"M"],"character_chosen":"DEFECT","items_purchased":["conspire:InfiniteJournal","conspire:GiftBox","halation:Jellyphish","Static Discharge+1","PowerPotion","Sadistic Nature","Self Repair+1","conspire:Dentures","conspire:Boomerang"],"campfire_rested":0,"item_purchase_floors":[3,3,3,3,3,3,14,14,14],"current_hp_per_floor":[64,64,64,64,64,64,64,64,64,64,64,64,35,35,35,57,68,68,68],"gold":4529,"neow_bonus":"THREE_ENEMY_KILL","is_daily":false,"chose_seed":false,"campfire_upgraded":2,"win_rate":0.0,"timestamp":1612525986,"path_taken":["M","M","$","?","?","E","M","?","T","R","M","R","M","$","R","BOSS","M"],"items_purchased_type":["Relic","Relic","Relic","Card","Potion","Card","Card","Relic","Relic"],"build_version":"2020-12-22","purchased_purges":2,"victory":false,"max_hp_per_floor":[71,71,71,71,71,71,71,71,71,71,71,71,71,71,71,71,71,71,71],"card_choices":[{"not_picked":["conspire:Rain","StuffTheSpire:Plugnplay","ReplayTheSpireMod:Reroute Power"],"picked":"SKIP","floor":1},{"not_picked":["Leap","Panic Button"],"picked":"Buffer","floor":2},{"not_picked":["StuffTheSpire:Purify","Coolheaded","Panic Button"],"picked":"SKIP","floor":6},{"not_picked":["Barrage","Hologram","Leap"],"picked":"SKIP","floor":11},{"not_picked":["Turbo","FTL","Leap"],"picked":"SKIP","floor":13},{"not_picked":["StuffTheSpire:EventHorizon","All For One"],"picked":"Buffer+1","floor":16}],"player_experience":3030178,"relics_obtained":[{"floor":6,"key":"Garlic"}],"event_choices":[],"is_beta":false,"boss_relics":[{"not_picked":["aspiration:BursterCore","StuffTheSpire:RunicHypercube","energizedSpire:CursedPentagram"]}],"items_purged_floors":[3,14],"is_endless":false,"potions_floor_spawned":[1,6,13],"killed_by":"Shell Parasite","ascension_level":16}}