{"host":"q6ff4ns2kep02ti6","time":1612554405,"event":{"mods":["AchievementEnabler","BaseMod","Minty Spire (QoL Compilation)","Relic Stats","StSLib","Unceasing Turn Reminder"],"gold_per_floor":[115,131,56,72,82,82,82,110,134,134,175,175,175,192,192,279,279,299,29,47,62,78,78,110,110,110,110,110,137,137,31,31,119,146,163,172,24,0,13,13,13,13,64,94,110,110,28,57,57,57,57,57],"floor_reached":51,"language":"ENG","playtime":4374,"items_purged":["Strike_R","Strike_R","Strike_R","Second Wind","Cleave"],"score":1498,"play_id":"1d0ca321-cf8f-4bea-8078-0f1c42fb01c8","local_time":"20210205204645","is_ascension_mode":true,"campfire_choices":[{"data":"Searing Blow","floor":6,"key":"SMITH"},{"data":"Searing Blow+1","floor":10,"key":"SMITH"},{"data":"Searing Blow+2","floor":13,"key":"SMITH"},{"data":"Searing Blow+3","floor":15,"key":"SMITH"},{"data":"Searing Blow+4","floor":23,"key":"SMITH"},{"data":"Searing Blow+5","floor":25,"key":"SMITH"},{"data":"Searing Blow+6","floor":28,"key":"SMITH"},{"data":"Battle Trance","floor":30,"key":"SMITH"},{"floor":32,"key":"REST"},{"data":"Searing Blow+7","floor":40,"key":"SMITH"},{"data":"Searing Blow+8","floor":42,"key":"SMITH"},{"floor":46,"key":"REST"},{"floor":49,"key":"RECALL"}],"circlet_count":0,"master_deck":["AscendersBane","Defend_R","Defend_R","Bash","Searing Blow+9","Shrug It Off","Headbutt","Feed","Battle Trance+1","Feed","Bloodletting+1","Corruption+1","Demon Form+1","Burning Pact","Shrug It Off","Dual Wield"],"relics":["Burning Blood","Red Skull","Potion Belt","CeramicFish","Smiling Mask","Busted Crown","Medical Kit","Nunchaku","Pear","Art of War","Astrolabe","Red Mask","Lantern","Shuriken"],"acts_visited":["Exordium","TheCity","TheBeyond"],"potions_floor_usage":[8,11,16,21,21,22,24,29,33,33,50,51],"damage_taken":[{"damage":3,"enemies":"2 Louse","floor":1,"turns":4},{"damage":16,"enemies":"Jaw Worm","floor":2,"turns":5},{"damage":5,"enemies":"Small Slimes","floor":4,"turns":4},{"damage":8,"enemies":"Blue Slaver","floor":5,"turns":6},{"damage":20,"enemies":"3 Sentries","floor":8,"turns":8},{"damage":1,"enemies":"Gremlin Nob","floor":11,"turns":3},{"damage":5,"enemies":"Exordium Thugs","floor":14,"turns":4},{"damage":38,"enemies":"Slime Boss","floor":16,"turns":7},{"damage":0,"enemies":"Chosen","floor":18,"turns":2},{"damage":14,"enemies":"3 Byrds","floor":20,"turns":5},{"damage":38,"enemies":"Cultist and Chosen","floor":21,"turns":7},{"damage":4,"enemies":"Snake Plant","floor":22,"turns":2},{"damage":15,"enemies":"Gremlin Leader","floor":24,"turns":4},{"damage":44,"enemies":"Slavers","floor":29,"turns":5},{"damage":39,"enemies":"Collector","floor":33,"turns":5},{"damage":22,"enemies":"3 Shapes","floor":35,"turns":7},{"damage":3,"enemies":"Orb Walker","floor":39,"turns":3},{"damage":11,"enemies":"Giant Head","floor":44,"turns":4},{"damage":52,"enemies":"4 Shapes","floor":45,"turns":6},{"damage":7,"enemies":"Reptomancer","floor":48,"turns":2},{"damage":46,"enemies":"Donu and Deca","floor":50,"turns":5},{"damage":32,"enemies":"Awakened One","floor":51,"turns":3}],"seed_played":"-7722415711930031237","potions_obtained":[{"floor":1,"key":"SpeedPotion"},{"floor":5,"key":"Fire Potion"},{"floor":8,"key":"DistilledChaos"},{"floor":14,"key":"LiquidMemories"},{"floor":18,"key":"Swift Potion"},{"floor":21,"key":"AttackPotion"},{"floor":22,"key":"Explosive Potion"},{"floor":29,"key":"ElixirPotion"},{"floor":39,"key":"DistilledChaos"}],"is_trial":false,"path_per_floor":["M","M","$","M","M","R","?","E","T","R","E","?","R","M","R","B",null,"M","$","M","M","M","R","E","R","T","?","R","E","R","$","R","B",null,"M","?","$","?","M","R","$","R","T","E","M","R","$","E","R","B","B"],"character_chosen":"IRONCLAD","items_purchased":["Medical Kit","Swift Potion","PowerPotion","LiquidMemories","Shrug It Off","Dual Wield"],"campfire_rested":2,"item_purchase_floors":[19,19,31,37,37,47],"current_hp_per_floor":[78,68,68,69,67,67,67,53,53,53,58,53,53,54,54,22,67,73,73,68,39,41,41,35,35,45,45,45,10,10,10,41,8,80,70,70,70,70,76,76,76,76,76,74,34,70,70,69,69,32,0,0],"gold":57,"neow_bonus":"TEN_PERCENT_HP_BONUS","is_daily":false,"chose_seed":false,"campfire_upgraded":10,"win_rate":0.0,"timestamp":1612554405,"path_taken":["M","M","$","M","M","R","?","E","T","R","E","?","R","M","R","BOSS","M","$","M","M","M","R","E","R","T","?","R","E","R","$","R","BOSS","M","?","?","?","M","R","$","R","T","E","M","R","$","E","R","BOSS","BOSS"],"items_purchased_type":["Relic","Potion","Potion","Potion","Card","Card"],"build_version":"2020-12-22","purchased_purges":5,"victory":false,"max_hp_per_floor":[82,82,82,82,82,82,82,82,82,82,82,82,82,82,82,82,82,82,82,85,88,88,88,91,91,101,101,101,104,104,104,104,104,104,110,110,110,110,113,113,113,113,113,116,122,122,122,122,122,125,125,125],"relic_stats":{"Nunchaku":[6],"Busted Crown":24,"counters":[22,101],"Shuriken":[2],"CeramicFish":90,"Astrolabe":["Bloodletting","Corruption","Demon Form"],"Art of War":[6],"Smiling Mask":350,"Medical Kit":[9],"obtain_stats":[{"Potion Belt":9,"Lantern":44,"Pear":26,"CeramicFish":11,"Astrolabe":34,"Smiling Mask":12,"Medical Kit":19,"Burning Blood":0,"Nunchaku":24,"Busted Crown":17,"Shuriken":48,"Art of War":29,"Red Mask":38,"Red Skull":8},{"Potion Belt":5,"Lantern":18,"Pear":13,"CeramicFish":6,"Astrolabe":15,"Smiling Mask":6,"Medical Kit":9,"Burning Blood":0,"Nunchaku":13,"Busted Crown":8,"Shuriken":20,"Art of War":14,"Red Mask":16,"Red Skull":5},{"Potion Belt":27,"Lantern":85,"Pear":61,"CeramicFish":30,"Astrolabe":71,"Smiling Mask":30,"Medical Kit":43,"Burning Blood":0,"Nunchaku":61,"Busted Crown":41,"Shuriken":93,"Art of War":66,"Red Mask":78,"Red Skull":27}],"Burning Blood":126},"card_choices":[{"not_picked":["Perfected Strike","Seeing Red"],"picked":"Searing Blow","floor":1},{"not_picked":["Dual Wield","Seeing Red"],"picked":"Shrug It Off","floor":2},{"not_picked":["True Grit","Searing Blow"],"picked":"Cleave","floor":4},{"not_picked":["Seeing Red","Dropkick","Body Slam"],"picked":"SKIP","floor":5},{"not_picked":["Anger","Reckless Charge"],"picked":"Headbutt","floor":8},{"not_picked":["Hemokinesis","Demon Form"],"picked":"Second Wind","floor":11},{"not_picked":["Shrug It Off","Spot Weakness","Sever Soul"],"picked":"SKIP","floor":14},{"not_picked":["Bludgeon","Limit Break"],"picked":"Feed","floor":16},{"not_picked":[],"picked":"Battle Trance","floor":18},{"not_picked":["Havoc"],"picked":"SKIP","floor":20},{"not_picked":["Cleave+1"],"picked":"SKIP","floor":21},{"not_picked":["Iron Wave"],"picked":"SKIP","floor":22},{"not_picked":["Clash"],"picked":"SKIP","floor":24},{"not_picked":["Immolate"],"picked":"SKIP","floor":29},{"not_picked":[],"picked":"Feed","floor":33},{"not_picked":["Flex"],"picked":"SKIP","floor":35},{"not_picked":["Cleave+1"],"picked":"SKIP","floor":39},{"not_picked":["Dropkick"],"picked":"SKIP","floor":44},{"not_picked":["Whirlwind"],"picked":"SKIP","floor":45},{"not_picked":["Pommel Strike"],"picked":"SKIP","floor":48}],"player_experience":1040233,"relics_obtained":[{"floor":8,"key":"Red Skull"},{"floor":9,"key":"Potion Belt"},{"floor":11,"key":"CeramicFish"},{"floor":24,"key":"Nunchaku"},{"floor":26,"key":"Pear"},{"floor":29,"key":"Art of War"},{"floor":44,"key":"Lantern"},{"floor":48,"key":"Shuriken"}],"event_choices":[{"damage_healed":0,"gold_gain":0,"player_choice":"Ignored","damage_taken":0,"max_hp_gain":0,"max_hp_loss":0,"event_name":"Liars Game","floor":7,"gold_loss":0},{"damage_healed":0,"gold_gain":0,"player_choice":"Success","damage_taken":5,"relics_obtained":["Smiling Mask"],"max_hp_gain":0,"max_hp_loss":0,"event_name":"Scrap Ooze","floor":12,"gold_loss":0},{"damage_healed":0,"gold_gain":0,"player_choice":"Ignored","damage_taken":0,"max_hp_gain":0,"max_hp_loss":0,"event_name":"Vampires","floor":27,"gold_loss":0},{"damage_healed":0,"gold_gain":0,"cards_transformed":["Defend_R"],"player_choice":"Transformed","damage_taken":0,"max_hp_gain":0,"max_hp_loss":0,"event_name":"Transmorgrifier","floor":36,"gold_loss":0,"cards_obtained":["Burning Pact"]},{"damage_healed":0,"gold_gain":0,"player_choice":"Paid","damage_taken":0,"relics_obtained":["Red Mask"],"max_hp_gain":0,"max_hp_loss":0,"event_name":"Tomb of Lord Red Mask","floor":38,"gold_loss":24}],"is_beta":false,"boss_relics":[{"not_picked":["Cursed Key","Black Blood"],"picked":"Busted Crown"},{"not_picked":["Pandora\u0027s Box","Mark of Pain"],"picked":"Astrolabe"}],"items_purged_floors":[3,19,31,37,47],"is_endless":false,"potions_floor_spawned":[1,5,8,14,18,21,22,29,39],"killed_by":"Awakened One","ascension_level":20}}