{"host":"7fyy23rucerupe6i","time":1612503596,"event":{"mods":["BaseMod","Minty Spire (QoL Compilation)","StSLib","The Senshi"],"gold_per_floor":[116,133,133,143,68,99,99,116,116,134,84,84,112,127,127,127,127],"floor_reached":16,"language":"ZHS","playtime":1104,"items_purged":["theSenshi:SailorBlock"],"score":112,"play_id":"b27e36ac-de0d-4647-8e58-e1683bb7449f","local_time":"20210205133956","is_ascension_mode":false,"campfire_choices":[{"data":"theSenshi:MoonPrismPowerMakeUp","floor":7,"key":"SMITH"},{"data":"theSenshi:RoseThrow","floor":12,"key":"SMITH"},{"floor":15,"key":"REST"}],"circlet_count":0,"master_deck":["theSenshi:SailorKick","theSenshi:SailorKick","theSenshi:SailorKick","theSenshi:SailorBlock","theSenshi:SailorBlock","theSenshi:RoseThrow+1","theSenshi:MoonPrismPowerMakeUp+1","theSenshi:MoonsReflection","theSenshi:LunaWiseMentor"],"relics":["Black Star","Thread and Needle","InkBottle","Matryoshka","Nunchaku","Lantern"],"acts_visited":["Exordium"],"potions_floor_usage":[6,6,13,16],"damage_taken":[{"damage":1,"enemies":"2 Louse","floor":1,"turns":3},{"damage":2,"enemies":"Small Slimes","floor":2,"turns":5},{"damage":1,"enemies":"Cultist","floor":4,"turns":5},{"damage":43,"enemies":"3 Sentries","floor":6,"turns":20},{"damage":3,"enemies":"Lots of Slimes","floor":8,"turns":7},{"damage":0,"enemies":"2 Fungi Beasts","floor":10,"turns":5},{"damage":9,"enemies":"Lagavulin","floor":13,"turns":9},{"damage":0,"enemies":"Exordium Wildlife","floor":14,"turns":6},{"damage":33,"enemies":"Slime Boss","floor":16,"turns":13}],"seed_played":"6055874999979642058","potions_obtained":[{"floor":2,"key":"DuplicationPotion"},{"floor":4,"key":"DistilledChaos"},{"floor":8,"key":"PowerPotion"},{"floor":13,"key":"LiquidBronze"}],"is_trial":false,"path_per_floor":["M","M","?","M","$","E","R","M","T","M","?","R","E","M","R","B"],"character_chosen":"THE_SENSHI","items_purchased":[],"campfire_rested":1,"item_purchase_floors":[],"current_hp_per_floor":[74,72,72,71,71,28,28,25,25,25,25,25,16,16,38,5,5],"gold":127,"neow_bonus":"BOSS_RELIC","is_daily":false,"chose_seed":false,"campfire_upgraded":2,"win_rate":0.0,"timestamp":1612503596,"path_taken":["M","M","?","M","$","E","R","M","T","M","?","R","E","M","R","BOSS"],"items_purchased_type":[],"build_version":"2020-12-22","purchased_purges":1,"victory":false,"max_hp_per_floor":[75,75,75,75,75,75,75,75,75,75,75,75,75,75,75,75,75],"card_choices":[{"not_picked":["theSenshi:SailorVenusAssists","theSenshi:SailorPlanetAttack"],"picked":"theSenshi:MoonsReflection","floor":1},{"not_picked":["theSenshi:Sidestep","theSenshi:HesSoDreamy","theSenshi:SchoolBag"],"picked":"SKIP","floor":2},{"not_picked":["theSenshi:RainbowMoonHeartAche","theSenshi:SailorNeptuneAssists","theSenshi:SailorPlanetPower"],"picked":"SKIP","floor":4},{"not_picked":["theSenshi:MoonsReflection","theSenshi:TuxedoMaskAssists","theSenshi:SailorMercuryAssists"],"picked":"SKIP","floor":6},{"not_picked":["theSenshi:KlutzyLuck","theSenshi:UranusStrength","theSenshi:VenusGlamour"],"picked":"SKIP","floor":8},{"not_picked":["theSenshi:MoonsReflection","theSenshi:SailorPlanetPower","theSenshi:LunaWiseMentor"],"picked":"SKIP","floor":10},{"not_picked":["theSenshi:TuxedoSmokingBomber","theSenshi:MoonTiaraMagic","theSenshi:MoonKick"],"picked":"SKIP","floor":13},{"not_picked":["theSenshi:Sidestep","theSenshi:OdangoHead","theSenshi:PlutosSolemnity"],"picked":"SKIP","floor":14}],"player_experience":329711,"relics_obtained":[{"floor":6,"key":"Thread and Needle"},{"floor":6,"key":"InkBottle"},{"floor":9,"key":"Matryoshka"},{"floor":13,"key":"Nunchaku"},{"floor":13,"key":"Lantern"}],"event_choices":[{"damage_healed":0,"gold_gain":0,"cards_transformed":["theSenshi:SailorKick"],"player_choice":"Change","damage_taken":0,"max_hp_gain":0,"max_hp_loss":0,"event_name":"Living Wall","floor":3,"gold_loss":0,"cards_obtained":["theSenshi:LunaWiseMentor"]},{"cards_removed":["theSenshi:SailorBlock"],"damage_healed":0,"gold_gain":0,"player_choice":"Card Removal","damage_taken":0,"max_hp_gain":0,"max_hp_loss":0,"event_name":"The Cleric","floor":11,"gold_loss":50}],"is_beta":false,"boss_relics":[],"items_purged_floors":[5],"is_endless":false,"potions_floor_spawned":[2,4,8,13],"killed_by":"Slime Boss","ascension_level":0}}