{"host":"nz11ypxva4e39b7q","time":1612562424,"event":{"mods":["BaseMod","Better Third Choice","Better Vampires","Colored Map","Minty Spire (QoL Compilation)","Quick Restart","StSLib"],"gold_per_floor":[109,109,45,58,74,74,108,33,60,135,135,165,175,90,90,164,164,184,201,218,246,246,246],"floor_reached":22,"language":"ENG","playtime":990,"items_purged":["Zap"],"score":388,"play_id":"4a455ac0-abbf-4319-99e8-6e38891f83b8","local_time":"20210205230024","is_ascension_mode":true,"campfire_choices":[{"data":"Rip and Tear","floor":6.0,"key":"SMITH"},{"data":"Reprogram","floor":11.0,"key":"SMITH"},{"floor":15.0,"key":"REST"}],"circlet_count":0,"master_deck":["AscendersBane","Strike_B","Strike_B","Strike_B","Strike_B","Defend_B","Defend_B","Defend_B","Defend_B","Dualcast","Rip and Tear+1","Steam","Sweeping Beam","Reprogram+1","Reprogram","BootSequence","Core Surge","Reinforced Body","Go for the Eyes"],"relics":["Cracked Core","NeowsBlessing","Regal Pillow","Dead Branch","Blood Vial","Potion Belt","Runic Pyramid","Red Mask"],"acts_visited":["Exordium","TheCity"],"potions_floor_usage":[],"damage_taken":[{"damage":0.0,"enemies":"Small Slimes","floor":1.0,"turns":1.0},{"damage":0.0,"enemies":"Jaw Worm","floor":4.0,"turns":1.0},{"damage":0.0,"enemies":"Cultist","floor":5.0,"turns":1.0},{"damage":23.0,"enemies":"Lagavulin","floor":7.0,"turns":5.0},{"damage":17.0,"enemies":"3 Sentries","floor":12.0,"turns":4.0},{"damage":20.0,"enemies":"Lots of Slimes","floor":13.0,"turns":5.0},{"damage":52.0,"enemies":"Hexaghost","floor":16.0,"turns":10.0},{"damage":4.0,"enemies":"Spheric Guardian","floor":18.0,"turns":5.0},{"damage":19.0,"enemies":"Shell Parasite","floor":19.0,"turns":8.0},{"damage":21.0,"enemies":"Snecko","floor":20.0,"turns":9.0},{"damage":0.0,"enemies":"Masked Bandits","floor":21.0,"turns":2.0},{"damage":1,"enemies":"Cultist and Chosen","floor":22,"turns":5}],"seed_played":"1493644292263160808","potions_obtained":[{"floor":5.0,"key":"BlessingOfTheForge"},{"floor":7.0,"key":"Weak Potion"},{"floor":18.0,"key":"Block Potion"},{"floor":20.0,"key":"DistilledChaos"}],"is_trial":false,"path_per_floor":["M","?","?","M","M","R","E","$","T","?","R","E","M","$","R","B",null,"M","M","M","?","M"],"character_chosen":"DEFECT","items_purchased":["Regen Potion"],"campfire_rested":1,"item_purchase_floors":[14],"current_hp_per_floor":[64,69,69,69,69,69,46,46,46,35,35,20,2,2,39,4,58,56,39,20,22,23,23],"gold":246,"neow_bonus":"THREE_ENEMY_KILL","is_daily":false,"chose_seed":false,"campfire_upgraded":2,"win_rate":0.0,"timestamp":1612562424,"path_taken":["M","?","?","M","?","R","E","?","T","?","R","E","M","$","R","BOSS","M","M","M","?","M"],"items_purchased_type":["Potion"],"build_version":"2020-12-22","purchased_purges":1,"victory":false,"max_hp_per_floor":[71,76,76,76,76,76,76,76,76,76,76,76,76,76,76,76,76,76,76,76,76,76,76],"card_choices":[{"not_picked":["Rebound","Recycle"],"picked":"Rip and Tear","floor":1.0},{"not_picked":["Fusion","Coolheaded"],"picked":"Steam","floor":4.0},{"not_picked":["Steam","Beam Cell"],"picked":"Sweeping Beam","floor":5.0},{"not_picked":["Redo","Reinforced Body"],"picked":"Reprogram","floor":7.0},{"not_picked":["Leap","Fission"],"picked":"Reprogram","floor":12.0},{"not_picked":["Lockon","Melter"],"picked":"BootSequence","floor":13.0},{"not_picked":["Amplify","Rainbow"],"picked":"Core Surge","floor":16.0},{"not_picked":["Ball Lightning","Gash"],"picked":"Reinforced Body","floor":18.0},{"not_picked":["Capacitor","Ball Lightning"],"picked":"Go for the Eyes","floor":19.0},{"not_picked":["Melter","Coolheaded","Redo"],"picked":"SKIP","floor":20.0}],"player_experience":1016882,"relics_obtained":[{"floor":7.0,"key":"Dead Branch"},{"floor":9.0,"key":"Blood Vial"},{"floor":12.0,"key":"Potion Belt"},{"floor":21.0,"key":"Red Mask"}],"event_choices":[{"damage_healed":0.0,"max_hp_gain":5.0,"max_hp_loss":0.0,"gold_gain":0.0,"event_name":"Big Fish","player_choice":"Donut","floor":2.0,"gold_loss":0.0,"damage_taken":0.0},{"damage_healed":0.0,"max_hp_gain":0.0,"max_hp_loss":0.0,"gold_gain":0.0,"event_name":"WeMeetAgain","player_choice":"Paid Gold","floor":3.0,"gold_loss":64.0,"damage_taken":0.0,"relics_obtained":["Regal Pillow"]},{"damage_healed":0.0,"max_hp_gain":0.0,"max_hp_loss":0.0,"gold_gain":75.0,"event_name":"betterThird:BetterGoop","player_choice":"Gold","floor":10.0,"gold_loss":0.0,"damage_taken":11.0},{"damage_healed":0.0,"max_hp_gain":0.0,"max_hp_loss":0.0,"gold_gain":0.0,"event_name":"Masked Bandits","player_choice":"Fought Bandits","floor":21.0,"gold_loss":0.0,"damage_taken":0.0}],"is_beta":false,"boss_relics":[{"not_picked":["Ectoplasm","Astrolabe"],"picked":"Runic Pyramid"}],"items_purged_floors":[8],"is_endless":false,"potions_floor_spawned":[5,7,18,20],"killed_by":"Cultist and Chosen","ascension_level":20}}