{"host":"1ooxfz79hmpvpehx","time":1612485199,"event":{"mods":["BaseMod","Minty Spire (QoL Compilation)","Quick Restart","Replay The Spire","StSLib","SuperFastMode"],"gold_per_floor":[115,115,40,52,52,52,52,87,87,105,139,155,165,180,180,278,278,294,219,420,233,233,233,173,223,223,223,241,15,40,40,40,137,137,154,0,0,95,95,129,129,77,159,173,564,596,609,619,619,619],"floor_reached":51,"language":"ENG","playtime":1253,"items_purged":["Decay","Defend_R","Delirium"],"score":1104,"play_id":"8b27e638-e040-4137-bc60-292d9220eb42","local_time":"20210204213319","is_ascension_mode":false,"campfire_choices":[{"data":"Pommel Strike","floor":6,"key":"SMITH"},{"data":"Massacre","floor":15,"key":"SMITH"},{"data":"Demon Form","floor":23,"key":"SMITH"},{"data":"Demonic Infusion","floor":27,"key":"SMITH"},{"floor":32,"key":"REST"},{"floor":41,"key":"REST"},{"data":"Bash","floor":49,"key":"SMITH"}],"circlet_count":0,"master_deck":["Strike_R","Strike_R","Strike_R+1","Strike_R","Defend_R+1","Bash+1","Defend_B","Pommel Strike+1","Demonic Infusion+1","Flex+1","Massacre+1","Demon Form+1","CurseOfTheBell","Flex+1","Flash of Steel","Heavy Blade+1","Limit Break+1","Shockwave+1","Flex+1","Inflame+1"],"relics":["Burning Blood","Another Sword","Centennial Puzzle","Lantern","HornCleat","Toxic Egg 2","Replay:Grab Bag","Ooze Armor","Electric Blood","Calling Bell","Simple Rune","Replay:WaspNest","CaptainsWheel","PreservedInsect","ReplayTheSpireMod:CursedCoin","Ring of Hypnosis","ReplayTheSpireMod:Ring of Challenge","Nunchaku","WingedGreaves","BargainBundle","Pet Ghost","MutagenicStrength","Replay:Drink Me","Red Mask","Thread and Needle","Garlic","Frozen Egg 2","Old Coin","Boot"],"acts_visited":["Exordium","TheCity","TheBeyond"],"potions_floor_usage":[16,16,33,35,50,50,50],"damage_taken":[{"damage":6,"enemies":"Cultist","floor":1,"turns":3},{"damage":0,"enemies":"2 Louse","floor":4,"turns":2},{"damage":31,"enemies":"3 Sentries","floor":8,"turns":9},{"damage":0,"enemies":"Small Slimes","floor":10,"turns":2},{"damage":18,"enemies":"Lagavulin","floor":11,"turns":5},{"damage":0,"enemies":"Looter","floor":12,"turns":3},{"damage":0,"enemies":"2 Fungi Beasts","floor":13,"turns":4},{"damage":11,"enemies":"Large Slime","floor":14,"turns":3},{"damage":33,"enemies":"Hexaghost","floor":16,"turns":6},{"damage":2,"enemies":"Spheric Guardian","floor":18,"turns":1},{"damage":10,"enemies":"Chosen","floor":28,"turns":2},{"damage":14,"enemies":"Slavers","floor":30,"turns":3},{"damage":25,"enemies":"Pondfish","floor":33,"turns":7},{"damage":3,"enemies":"Orb Walker","floor":35,"turns":1},{"damage":10,"enemies":"Mind Bloom Boss Battle","floor":38,"turns":3},{"damage":8,"enemies":"Giant Head","floor":40,"turns":3},{"damage":3,"enemies":"3 Shapes","floor":44,"turns":1},{"damage":14,"enemies":"2 Orb Walkers","floor":45,"turns":1},{"damage":16,"enemies":"R_Hoarder","floor":46,"turns":2},{"damage":4,"enemies":"Maw","floor":47,"turns":2},{"damage":4,"enemies":"Jaw Worm Horde","floor":48,"turns":2},{"damage":10,"enemies":"Awakened One","floor":50,"turns":4}],"seed_played":"-5759081800692214971","potions_obtained":[{"floor":4,"key":"ElixirPotion"},{"floor":11,"key":"BlessingOfTheForge"},{"floor":12,"key":"Venom Potion"},{"floor":28,"key":"Explosive Potion"},{"floor":33,"key":"Explosive Potion"},{"floor":38,"key":"Toxic Potion"},{"floor":44,"key":"Block Potion"}],"is_trial":false,"path_per_floor":["M","?","$","M","$","R","?","E","T","M","E","M","M","M","R","B",null,"M","?","?","$","?","R","?","T","T","R","M","$","E","?","R","B",null,"M","?","?","?","?","E","R","$","T","M","?","E","M","M","R","B",null],"character_chosen":"IRONCLAD","items_purchased":["PreservedInsect","ReplayTheSpireMod:CursedCoin","Flash of Steel","BargainBundle","SteroidPotion"],"campfire_rested":2,"item_purchase_floors":[21,21,21,29,42],"current_hp_per_floor":[80,80,80,80,80,80,80,55,55,61,49,55,61,56,56,29,80,80,80,48,48,48,48,48,48,48,48,44,44,36,36,60,41,60,60,60,60,56,56,54,57,57,57,57,49,39,41,43,43,39],"gold":619,"neow_bonus":"ONE_RARE_RELIC","is_daily":false,"chose_seed":false,"campfire_upgraded":5,"win_rate":0.0,"timestamp":1612485199,"path_taken":["M","?","$","?","?","R","?","E","T","M","E","M","M","?","R","BOSS","M","?","?","$","?","R","?","?","T","R","?","$","E","?","R","BOSS","M","?","?","?","?","E","R","?","T","?","?","E","M","M","R","BOSS"],"items_purchased_type":["Relic","Relic","Card","Relic","Potion"],"build_version":"2020-12-22","purchased_purges":3,"victory":true,"max_hp_per_floor":[80,80,80,80,80,80,80,80,80,80,80,80,80,80,80,80,80,80,80,80,80,80,80,80,80,80,80,80,80,80,80,80,80,60,60,60,60,60,57,57,57,57,57,57,57,57,57,57,57,57],"card_choices":[{"not_picked":["Flame Barrier","ReplayTheSpireMod:Strike From Hell"],"picked":"Pommel Strike","floor":1},{"not_picked":["Sever Soul","Feel No Pain","Replay:Undeath\u0027s Touch"],"picked":"SKIP","floor":4},{"not_picked":["ReplayTheSpireMod:Strike From Hell","Reckless Charge"],"picked":"Demonic Infusion","floor":8},{"not_picked":["Flex","Combust","Clothesline"],"picked":"SKIP","floor":10},{"not_picked":["Thunderclap","Replay:Undeath\u0027s Touch","Run Through"],"picked":"SKIP","floor":11},{"not_picked":["Thunderclap","Replay:Undeath\u0027s Touch","Run Through"],"picked":"SKIP","floor":11},{"not_picked":["Eclipse+1","Heavy Blade"],"picked":"Flex+1","floor":12},{"not_picked":["True Grit+1","Body Slam"],"picked":"Massacre","floor":13},{"not_picked":["Anger","ReplayTheSpireMod:Strike From Hell","Cleave"],"picked":"SKIP","floor":14},{"not_picked":["Anger","ReplayTheSpireMod:Strike From Hell","Cleave"],"picked":"SKIP","floor":14},{"not_picked":["Brutality","Reaper"],"picked":"Demon Form","floor":16},{"not_picked":["Anger","ReplayTheSpireMod:Limb From Limb+1","Hemokinesis"],"picked":"SKIP","floor":18},{"not_picked":["Anger","True Grit+1"],"picked":"Flex+1","floor":20},{"not_picked":["Twin Strike","Second Wind+1"],"picked":"Heavy Blade+1","floor":28},{"not_picked":["Thunderclap","Replay:Undeath\u0027s Touch","Iron Wave"],"picked":"SKIP","floor":30},{"not_picked":["Replay:Many Hands+1","Demon Form"],"picked":"Limit Break+1","floor":33},{"not_picked":["Warcry+1","Anger+1","Headbutt+1"],"picked":"SKIP","floor":35},{"not_picked":["ReplayTheSpireMod:Strike From Hell+1","Iron Wave+1"],"picked":"Shockwave+1","floor":38},{"not_picked":["ReplayTheSpireMod:Muscle Training+1","Perfected Strike+1"],"picked":"Flex+1","floor":40},{"not_picked":["Thunderclap+1","Pommel Strike"],"picked":"Inflame+1","floor":44},{"not_picked":["Run Through","Feel No Pain+1","Abandon+1"],"picked":"SKIP","floor":46},{"not_picked":["Reckless Charge+1","Flame Barrier+1","ReplayTheSpireMod:Limb From Limb"],"picked":"SKIP","floor":47},{"not_picked":["True Grit+1","Pommel Strike","Anger+1"],"picked":"SKIP","floor":48}],"player_experience":2411,"relics_obtained":[{"floor":8,"key":"Lantern"},{"floor":9,"key":"HornCleat"},{"floor":11,"key":"Toxic Egg 2"},{"floor":17,"key":"Simple Rune"},{"floor":17,"key":"Replay:WaspNest"},{"floor":17,"key":"CaptainsWheel"},{"floor":22,"key":"Ring of Hypnosis"},{"floor":22,"key":"ReplayTheSpireMod:Ring of Challenge"},{"floor":25,"key":"Nunchaku"},{"floor":26,"key":"WingedGreaves"},{"floor":30,"key":"Pet Ghost"},{"floor":38,"key":"Thread and Needle"},{"floor":40,"key":"Garlic"},{"floor":43,"key":"Frozen Egg 2"},{"floor":45,"key":"Old Coin"},{"floor":46,"key":"Boot"}],"event_choices":[{"damage_healed":0,"gold_gain":0,"player_choice":"Cursed","damage_taken":0,"max_hp_gain":0,"max_hp_loss":0,"event_name":"Wheel of Change","floor":2,"gold_loss":0,"cards_obtained":["Decay"]},{"damage_healed":0,"gold_gain":0,"player_choice":"Gave Potion","damage_taken":0,"relics_obtained":["Centennial Puzzle"],"max_hp_gain":0,"max_hp_loss":0,"event_name":"WeMeetAgain","floor":7,"gold_loss":0},{"cards_removed":["Defend_R"],"damage_healed":0,"gold_gain":0,"player_choice":"Gave Gold","damage_taken":0,"max_hp_gain":0,"max_hp_loss":0,"event_name":"Beggar","floor":19,"gold_loss":75},{"damage_healed":0,"gold_gain":0,"player_choice":"Inject Mutagens","damage_taken":0,"relics_obtained":["MutagenicStrength"],"max_hp_gain":0,"max_hp_loss":0,"event_name":"Drug Dealer","floor":31,"gold_loss":0},{"damage_healed":0,"gold_gain":0,"player_choice":"Paid","damage_taken":0,"relics_obtained":["Red Mask"],"max_hp_gain":0,"max_hp_loss":0,"event_name":"Tomb of Lord Red Mask","floor":36,"gold_loss":154},{"cards_removed":["Strike_R"],"damage_healed":0,"gold_gain":0,"player_choice":"Removed Attack","damage_taken":0,"max_hp_gain":0,"max_hp_loss":0,"event_name":"Falling","floor":37,"gold_loss":0},{"damage_healed":0,"gold_gain":0,"player_choice":"Fight","damage_taken":0,"max_hp_gain":0,"max_hp_loss":0,"event_name":"MindBloom","floor":38,"gold_loss":0},{"damage_healed":0,"gold_gain":0,"player_choice":"Max HP","damage_taken":0,"max_hp_gain":0,"max_hp_loss":3,"event_name":"Winding Halls","floor":39,"gold_loss":0},{"damage_healed":0,"gold_gain":0,"player_choice":"Fight","damage_taken":0,"max_hp_gain":0,"max_hp_loss":0,"event_name":"Mysterious Sphere","floor":45,"gold_loss":0}],"is_beta":false,"boss_relics":[{"not_picked":["Philosopher\u0027s Stone","SlaversCollar"],"picked":"Replay:Grab Bag"},{"not_picked":["ReplayTheSpireMod:Onyx Gauntlets","Painkiller Herb"],"picked":"Ooze Armor"},{"not_picked":["Sozu","Runic Dome"],"picked":"Electric Blood"},{"not_picked":["Astrolabe","Snecko Eye"],"picked":"Calling Bell"},{"not_picked":["Tiny House","Fusion Hammer"],"picked":"Replay:Drink Me"}],"items_purged_floors":[3,21,29],"is_endless":false,"potions_floor_spawned":[4,11,12,28,33,38,44,47],"ascension_level":0}}