{"host":"8is2j71l4wmybkoi","time":1612539616,"event":{"mods":["AchievementEnabler","BaseMod","Colored Map","Minty Spire (QoL Compilation)","Rare Cards Sparkle","StSLib","SuperFastMode"],"gold_per_floor":[18,37,37,37,54,54,89,14,64,64,79,4,35,55,55,127,127,144,156,156,184,202,202,227,227,281,281,50,79,79,98,98,170,170,181,195,195,417,417,450,450,475,475,495,506,219,232,243,243,243,243],"floor_reached":50,"language":"KOR","playtime":2381,"items_purged":["Strike_R","Strike_R","Strike_R"],"score":1006,"play_id":"ef65cb86-69f2-4e0f-8c4a-f9083cc42781","local_time":"20210206004016","is_ascension_mode":true,"campfire_choices":[{"data":"Armaments","floor":6.0,"key":"SMITH"},{"data":"Flame Barrier","floor":10.0,"key":"SMITH"},{"data":"Pommel Strike","floor":15.0,"key":"SMITH"},{"data":"Berserk","floor":23.0,"key":"SMITH"},{"data":"Sentinel","floor":25.0,"key":"SMITH"},{"data":"Bash","floor":27.0,"key":"SMITH"},{"data":"Body Slam","floor":32.0,"key":"SMITH"},{"data":"Limit Break","floor":41.0,"key":"SMITH"},{"floor":49,"key":"RECALL"}],"circlet_count":0,"master_deck":["AscendersBane","Defend_R","Defend_R","Defend_R","Defend_R","Bash+1","Pommel Strike+1","Armaments+1","Flame Barrier+1","Inflame","Anger","Rage","Impervious","Flex","Berserk+1","Second Wind","Sentinel+1","Offering","Body Slam+1","Limit Break+1","Exhume","Entrench+1","Reaper","Inflame+1","Chrysalis"],"relics":["Burning Blood","Thread and Needle","Bronze Scales","Pantograph","MealTicket","Unceasing Top","Coffee Dripper","Red Mask","Eternal Feather","Orichalcum","Membership Card","Blue Candle","Sozu","Meat on the Bone","Strawberry","Du-Vu Doll","Kunai"],"acts_visited":["Exordium","TheCity","TheBeyond"],"potions_floor_usage":[],"damage_taken":[{"damage":1.0,"enemies":"Cultist","floor":1.0,"turns":4.0},{"damage":0.0,"enemies":"2 Louse","floor":2.0,"turns":3.0},{"damage":8.0,"enemies":"Small Slimes","floor":5.0,"turns":3.0},{"damage":30.0,"enemies":"Lagavulin","floor":7.0,"turns":9.0},{"damage":2.0,"enemies":"Exordium Thugs","floor":11.0,"turns":4.0},{"damage":6.0,"enemies":"3 Sentries","floor":13.0,"turns":6.0},{"damage":0.0,"enemies":"Large Slime","floor":14.0,"turns":5.0},{"damage":34.0,"enemies":"Hexaghost","floor":16.0,"turns":8.0},{"damage":5.0,"enemies":"Chosen","floor":18.0,"turns":4.0},{"damage":2.0,"enemies":"Spheric Guardian","floor":19.0,"turns":4.0},{"damage":33.0,"enemies":"Masked Bandits","floor":21.0,"turns":4.0},{"damage":4.0,"enemies":"Shelled Parasite and Fungi","floor":22.0,"turns":4.0},{"damage":29.0,"enemies":"Gremlin Leader","floor":24.0,"turns":10.0},{"damage":4.0,"enemies":"Slavers","floor":29.0,"turns":7.0},{"damage":20.0,"enemies":"Snake Plant","floor":31.0,"turns":4.0},{"damage":31.0,"enemies":"Collector","floor":33.0,"turns":7.0},{"damage":12.0,"enemies":"Orb Walker","floor":35.0,"turns":3.0},{"damage":20.0,"enemies":"3 Darklings","floor":36.0,"turns":4.0},{"damage":12.0,"enemies":"Reptomancer","floor":40.0,"turns":7.0},{"damage":33.0,"enemies":"Giant Head","floor":42.0,"turns":7.0},{"damage":9.0,"enemies":"Jaw Worm Horde","floor":44.0,"turns":4.0},{"damage":45.0,"enemies":"Spire Growth","floor":45.0,"turns":4.0},{"damage":22,"enemies":"Transient","floor":47,"turns":5},{"damage":16,"enemies":"Jaw Worm Horde","floor":48,"turns":3},{"damage":88,"enemies":"Donu and Deca","floor":50,"turns":6}],"seed_played":"9197010047290424260","potions_obtained":[{"floor":2.0,"key":"Energy Potion"},{"floor":5.0,"key":"DuplicationPotion"},{"floor":14.0,"key":"AttackPotion"},{"floor":16.0,"key":"ColorlessPotion"},{"floor":21.0,"key":"Regen Potion"},{"floor":24.0,"key":"Swift Potion"},{"floor":29.0,"key":"Ancient Potion"},{"floor":33.0,"key":"Fire Potion"}],"is_trial":false,"path_per_floor":["M","M","?","?","M","R","E","?","T","R","M","$","E","M","R","B",null,"M","M","?","?","M","R","E","R","T","R","$","E","?","M","R","B",null,"M","M","?","?","T","E","R","E","T","M","M","$","M","M","R","B"],"character_chosen":"IRONCLAD","items_purchased":["Membership Card","AttackPotion","Kunai","Chrysalis"],"campfire_rested":0,"item_purchase_floors":[28,28,46,46],"current_hp_per_floor":[73,75,80,80,78,78,54,54,54,54,58,73,73,79,79,52,73,74,78,78,51,67,67,44,56,56,68,80,80,80,66,78,55,74,68,54,54,54,54,48,60,52,52,84,57,72,56,64,79,0,0],"gold":243,"neow_bonus":"ONE_RARE_RELIC","is_daily":false,"chose_seed":false,"campfire_upgraded":8,"win_rate":0.0,"timestamp":1612539616,"path_taken":["M","M","?","?","?","R","E","?","T","R","M","?","E","M","R","BOSS","M","M","?","?","M","R","E","R","T","R","$","E","?","M","R","BOSS","M","M","?","?","?","E","R","E","T","M","M","$","M","M","R","BOSS"],"items_purchased_type":["Relic","Potion","Relic","Card"],"build_version":"2020-12-22","purchased_purges":3,"victory":false,"max_hp_per_floor":[75,75,80,80,80,80,80,80,80,80,80,80,80,80,80,80,80,80,80,80,80,80,80,80,80,80,80,80,80,80,80,80,80,80,80,80,80,80,80,80,80,87,87,87,87,87,87,87,87,87,87],"card_choices":[{"not_picked":["Thunderclap","Body Slam"],"picked":"Pommel Strike","floor":1.0},{"not_picked":["Sentinel","Thunderclap"],"picked":"Armaments","floor":2.0},{"not_picked":["Clash","Warcry"],"picked":"Flame Barrier","floor":5.0},{"not_picked":["Pummel","Carnage"],"picked":"Inflame","floor":7.0},{"not_picked":["Flame Barrier","Sever Soul"],"picked":"Anger","floor":11.0},{"not_picked":["Iron Wave","Perfected Strike"],"picked":"Rage","floor":13.0},{"not_picked":["Double Tap","Iron Wave"],"picked":"Fire Breathing","floor":14.0},{"not_picked":["Demon Form","Brutality"],"picked":"Impervious","floor":16.0},{"not_picked":["Pommel Strike","Uppercut"],"picked":"Flex","floor":18.0},{"not_picked":["Entrench","Spot Weakness","Anger"],"picked":"SKIP","floor":19.0},{"not_picked":["Armaments","Perfected Strike"],"picked":"Berserk","floor":21.0},{"not_picked":["Shrug It Off","Twin Strike"],"picked":"Second Wind","floor":22.0},{"not_picked":["Body Slam","True Grit+1"],"picked":"Sentinel","floor":24.0},{"not_picked":["Clothesline","Whirlwind"],"picked":"Offering","floor":29.0},{"not_picked":["Pommel Strike","Entrench"],"picked":"Body Slam","floor":31.0},{"not_picked":["Demon Form","Berserk"],"picked":"Limit Break","floor":33.0},{"not_picked":["Thunderclap+1","Havoc","True Grit"],"picked":"SKIP","floor":35.0},{"not_picked":["Clothesline+1","Wild Strike"],"picked":"Exhume","floor":36.0},{"not_picked":["Clothesline","Carnage"],"picked":"Entrench+1","floor":40.0},{"not_picked":["Thunderclap+1","Clothesline+1"],"picked":"Reaper","floor":42.0},{"not_picked":["Iron Wave","Perfected Strike","Armaments"],"picked":"SKIP","floor":44.0},{"not_picked":["Iron Wave","Perfected Strike","Armaments"],"picked":"SKIP","floor":44.0},{"not_picked":["Iron Wave","Perfected Strike","Armaments"],"picked":"SKIP","floor":44.0},{"not_picked":["Iron Wave","Perfected Strike","Armaments"],"picked":"SKIP","floor":44.0},{"not_picked":["Thunderclap","Sword Boomerang+1"],"picked":"Inflame+1","floor":45.0},{"not_picked":["Searing Blow","Dark Embrace","Ghostly Armor+1"],"picked":"SKIP","floor":47},{"not_picked":["Heavy Blade","Feel No Pain","Warcry"],"picked":"SKIP","floor":48}],"player_experience":998413,"relics_obtained":[{"floor":7.0,"key":"Pantograph"},{"floor":9.0,"key":"MealTicket"},{"floor":13.0,"key":"Unceasing Top"},{"floor":21.0,"key":"Red Mask"},{"floor":24.0,"key":"Eternal Feather"},{"floor":26.0,"key":"Orichalcum"},{"floor":29.0,"key":"Blue Candle"},{"floor":40.0,"key":"Meat on the Bone"},{"floor":42.0,"key":"Strawberry"},{"floor":43.0,"key":"Du-Vu Doll"}],"event_choices":[{"damage_healed":0.0,"max_hp_gain":5.0,"max_hp_loss":0.0,"gold_gain":0.0,"event_name":"Big Fish","player_choice":"Donut","floor":3.0,"gold_loss":0.0,"damage_taken":0.0},{"damage_healed":0.0,"max_hp_gain":0.0,"max_hp_loss":0.0,"gold_gain":0.0,"event_name":"WeMeetAgain","player_choice":"Gave Potion","floor":4.0,"gold_loss":0.0,"damage_taken":0.0,"relics_obtained":["Bronze Scales"]},{"cards_removed":["Strike_R"],"damage_healed":0.0,"max_hp_gain":0.0,"max_hp_loss":0.0,"gold_gain":0.0,"event_name":"The Cleric","player_choice":"Card Removal","floor":8.0,"gold_loss":75.0,"damage_taken":0.0},{"cards_removed":["Strike_R"],"damage_healed":0.0,"max_hp_gain":0.0,"max_hp_loss":0.0,"gold_gain":0.0,"event_name":"Back to Basics","player_choice":"Elegance","floor":20.0,"gold_loss":0.0,"damage_taken":0.0},{"damage_healed":0.0,"max_hp_gain":0.0,"max_hp_loss":0.0,"gold_gain":0.0,"event_name":"Masked Bandits","player_choice":"Fought Bandits","floor":21.0,"gold_loss":0.0,"damage_taken":0.0},{"damage_healed":0.0,"max_hp_gain":0.0,"max_hp_loss":0.0,"gold_gain":0.0,"event_name":"Vampires","player_choice":"Ignored","floor":30.0,"gold_loss":0.0,"damage_taken":0.0},{"cards_removed":["Fire Breathing"],"damage_healed":0.0,"max_hp_gain":0.0,"max_hp_loss":0.0,"gold_gain":0.0,"event_name":"Falling","player_choice":"Removed Power","floor":37.0,"gold_loss":0.0,"damage_taken":0.0},{"damage_healed":0.0,"max_hp_gain":0.0,"max_hp_loss":0.0,"gold_gain":222.0,"event_name":"Tomb of Lord Red Mask","player_choice":"Wore Mask","floor":38.0,"gold_loss":0.0,"damage_taken":0.0}],"is_beta":false,"boss_relics":[{"not_picked":["Fusion Hammer","Tiny House"],"picked":"Coffee Dripper"},{"not_picked":["Busted Crown","SacredBark"],"picked":"Sozu"}],"items_purged_floors":[12,28,46],"is_endless":false,"potions_floor_spawned":[2,5,14,16,21,24,29,33,36,40,44,45],"killed_by":"Donu and Deca","ascension_level":15}}