{"host":"xiain65d2hovry7l","time":1612556813,"event":{"mods":["2.2 Compatiblity","Act Like it!","BaseMod","Better Match","Better Note","BetterRewards","Challenge The Spire","Colored Map","Colored Powertips","Downfall","Faster Ascension Climbing","Friendly Minions","Gremlin Mod","Highlight Path","Mimic Mod","Minty Spire (QoL Compilation)","Relic Sorter","Remilia??????","StSLib","The Administrix","The Construct","The Necromancer","The Servant 0.9.4","Unknown Chances"],"gold_per_floor":[99,99,99,99,112,146,146,596,396,409,26,26,26,39,50,50,50,50],"floor_reached":16,"language":"ENG","playtime":736,"items_purged":["downfall:Icky"],"score":147,"play_id":"f1123d00-1a83-467b-b29e-983afb58bc41","local_time":"20210205212653","is_ascension_mode":true,"campfire_choices":[{"floor":1,"key":"RECALL"},{"data":"Guardian:PolyBeam","floor":9,"key":"SMITH"},{"data":"Guardian:RefractedBeam","floor":13,"key":"SMITH"}],"circlet_count":0,"master_deck":["AscendersBane","Guardian:Strike_Guardian","Guardian:Strike_Guardian","Guardian:Strike_Guardian","Guardian:Strike_Guardian","Guardian:Defend_Guardian","Guardian:Defend_Guardian","Guardian:Defend_Guardian","Guardian:Defend_Guardian+1","Guardian:CurlUp","Guardian:TwinSlam+1","Guardian:PolyBeam+1","Guardian:Planning","Guardian:Suspension","Guardian:Incinerate","Guardian:PrismaticBeam","downfall:Icky","downfall:Icky","Guardian:BronzeArmor+1","Guardian:RefractedBeam+1","Guardian:PiercingHide","Guardian:VentSteam","downfall:Malfunctioning","Guardian:Gem_Cyan","Guardian:Gem_Red"],"relics":["Guardian:ModeShifter","downfall:HeartsMalice","The Courier","downfall:HeartBlessingRed","downfall:HeartBlessingBlue","Toolbox"],"acts_visited":["Exordium"],"potions_floor_usage":[14,16],"damage_taken":[{"damage":0,"enemies":"Small Slimes","floor":2,"turns":1},{"damage":0,"enemies":"Jaw Worm","floor":3,"turns":1},{"damage":0,"enemies":"Cultist","floor":4,"turns":1},{"damage":1,"enemies":"Exordium Wildlife","floor":5,"turns":5},{"damage":44,"enemies":"Gremlin Nob","floor":6,"turns":6},{"damage":8,"enemies":"3 Louse","floor":10,"turns":3},{"damage":5,"enemies":"downfall:FleeingMerchant","floor":11,"turns":4},{"damage":3,"enemies":"Blue Slaver","floor":14,"turns":4},{"damage":12,"enemies":"Exordium Wildlife","floor":15,"turns":4},{"damage":24,"enemies":"WA_ARCHETYPE_RETAIN","floor":16,"turns":6}],"seed_played":"7356642711392225879","potions_obtained":[{"floor":10,"key":"SkillPotion"},{"floor":14,"key":"LiquidBronze"}],"is_trial":false,"path_per_floor":["R","M","M","M","M","E","T","?","R","M","$","?","R","M","M","B"],"character_chosen":"GUARDIAN","items_purchased":["Guardian:Gem_Lightblue","Guardian:PiercingHide","Guardian:VentSteam","Guardian:Gem_Fragmented","Toolbox"],"campfire_rested":0,"item_purchase_floors":[11,11,11,11,11],"current_hp_per_floor":[72,72,72,72,71,27,27,27,37,29,24,24,24,21,9,0,0,0],"gold":50,"neow_bonus":"THREE_ENEMY_KILL","is_daily":false,"chose_seed":false,"campfire_upgraded":2,"win_rate":0.0,"timestamp":1612556813,"path_taken":["R","M","M","M","M","E","T","?","R","M","$","?","R","M","M","BOSS"],"items_purchased_type":["Card","Card","Card","Card","Relic"],"build_version":"2020-12-22","purchased_purges":1,"victory":false,"max_hp_per_floor":[80,80,80,80,80,80,80,80,90,90,90,90,90,90,90,90,90,90],"card_choices":[{"not_picked":["Guardian:CrystalBeam","Guardian:Gem_Cyan"],"picked":"Guardian:PolyBeam","floor":2},{"not_picked":["Guardian:PiercingHide","Guardian:ChargeCore"],"picked":"Guardian:Planning","floor":3},{"not_picked":["Guardian:PrimingBeam","Guardian:HyperBeam_Guardian"],"picked":"Guardian:Suspension","floor":4},{"not_picked":["Guardian:Harden","Guardian:CrystalBeam"],"picked":"Guardian:Incinerate","floor":5},{"not_picked":["Guardian:Gem_Lightblue","Guardian:CrystalBeam"],"picked":"Guardian:PrismaticBeam","floor":6},{"not_picked":["Guardian:EvasiveProtocol","Guardian:Suspension"],"picked":"Guardian:BronzeArmor","floor":10},{"not_picked":["Guardian:PrismaticBarrier","Guardian:WalkerClaw"],"picked":"Guardian:RefractedBeam","floor":11},{"not_picked":["Guardian:SpikerProtocol","Guardian:Gem_Purple"],"picked":"Guardian:Gem_Cyan","floor":14},{"not_picked":["Guardian:PrimingBeam","Guardian:StasisField"],"picked":"Guardian:Gem_Red","floor":15}],"player_experience":723359,"relics_obtained":[{"floor":6,"key":"The Courier"}],"event_choices":[],"is_beta":false,"boss_relics":[],"items_purged_floors":[11],"is_endless":false,"potions_floor_spawned":[10,14],"killed_by":"WA_ARCHETYPE_RETAIN","ascension_level":10}}