{"host":"4k1o517shm2ba6vh","time":1612563982,"event":{"mods":["AchievementEnabler","BaseMod","Downfall","Minty Spire (QoL Compilation)","Smile Girya","StSLib","The Poker Player","everything is the same but u backflip on backflip"],"gold_per_floor":[99,111,111,111,131,31,31,51,51,64,64,75,99,84,100,205,205,205,219,242,242,259,24,24,24,37,37,53,38,38,38,48,48,48,48],"floor_reached":33,"language":"ENG","playtime":2673,"items_purged":[],"score":237,"play_id":"0ee2c3dd-175e-4918-95eb-bfbd8ee7f421","local_time":"20210205162622","is_ascension_mode":false,"campfire_choices":[{"floor":1.0,"key":"RECALL"},{"data":"champ:Taunt","floor":6.0,"key":"SMITH"},{"data":"champ:PreemptiveStrike","floor":9.0,"key":"SMITH"},{"data":"champ:DeathBlow","floor":11.0,"key":"SMITH"},{"data":"champ:SkillfulDodge","floor":18.0,"key":"SMITH"},{"floor":25.0,"key":"REST"},{"data":"champ:PreciseThrust","floor":27.0,"key":"SMITH"},{"floor":30,"key":"REST"}],"circlet_count":0,"master_deck":["champ:Strike","champ:Strike+1","champ:Defend","champ:Defend","champ:Defend","champ:Execute","champ:Taunt+1","champ:GutPunch+1","champ:DefensiveShout","champ:PreemptiveStrike+1","champ:DeathBlow+1","champ:SkillfulDodge+1","champ:Shatter","champ:SteelEdge","champ:FanOfKnives","champ:Encircle","champ:PreciseThrust+1","champ:FocusedDefense","champ:ShieldSlam+1","champ:ShieldWall","champ:UltimateStance","champ:Duel"],"relics":["champ:ChampionCrown","downfall:HeartBlessingRed","Vajra","Whetstone","Empty Cage","Dream Catcher","Medical Kit","Pantograph","champ:FightingForDummies"],"acts_visited":["Exordium","TheCity"],"potions_floor_usage":[29,33,33],"damage_taken":[{"damage":10.0,"enemies":"2 Louse","floor":2.0,"turns":4.0},{"damage":25.0,"enemies":"Jaw Worm","floor":5.0,"turns":4.0},{"damage":15.0,"enemies":"Cultist","floor":8.0,"turns":3.0},{"damage":27.0,"enemies":"3 Louse","floor":10.0,"turns":3.0},{"damage":25.0,"enemies":"Large Slime","floor":12.0,"turns":4.0},{"damage":25.0,"enemies":"downfall:FleeingMerchant","floor":14.0,"turns":4.0},{"damage":15.0,"enemies":"2 Fungi Beasts","floor":15.0,"turns":3.0},{"damage":100.0,"enemies":"IC_STATUS_ARCHETYPE","floor":16.0,"turns":9.0},{"damage":40.0,"enemies":"3 Byrds","floor":19.0,"turns":4.0},{"damage":53.0,"enemies":"Snake Plant","floor":22.0,"turns":4.0},{"damage":20.0,"enemies":"downfall:FleeingMerchant","floor":23.0,"turns":4.0},{"damage":40.0,"enemies":"Snecko","floor":26.0,"turns":6.0},{"damage":22,"enemies":"3 Cultists","floor":28,"turns":4},{"damage":21,"enemies":"downfall:FleeingMerchant","floor":29,"turns":4},{"damage":26,"enemies":"Snake Plant","floor":32,"turns":3},{"damage":87,"enemies":"SI_MIRROR_ARCHETYPE","floor":33,"turns":7}],"seed_played":"8567200444113796339","potions_obtained":[{"floor":5.0,"key":"Strength Potion"},{"floor":10.0,"key":"AttackPotion"},{"floor":12.0,"key":"sneckomod:MuddlingPotion"},{"floor":16.0,"key":"SkillPotion"},{"floor":26.0,"key":"CultistPotion"},{"floor":28,"key":"champ:OpenerPotion"}],"is_trial":false,"path_per_floor":["R","M","?","?","M","R","T","M","R","M","R","M","T","$","M","B",null,"R","M","T","?","M","$","T","R","M","R","M","$","R","?","M","B"],"character_chosen":"THE_CHAMP","items_purchased":["champ:FocusedDefense","Medical Kit"],"campfire_rested":2,"item_purchase_floors":[23,23],"current_hp_per_floor":[99,99,99,99,94,94,94,94,94,87,87,87,87,87,87,52,99,99,84,84,84,56,56,56,85,70,70,58,42,71,71,50,13,13,13],"gold":48,"neow_bonus":"TEN_PERCENT_HP_BONUS","is_daily":false,"chose_seed":false,"campfire_upgraded":5,"win_rate":0.0,"timestamp":1612563982,"path_taken":["R","M","?","?","M","R","T","M","R","M","R","M","?","?","M","BOSS","R","M","?","?","M","$","T","R","M","R","M","$","R","?","M","BOSS"],"items_purchased_type":["Card","Relic"],"build_version":"2020-12-22","purchased_purges":0,"victory":false,"max_hp_per_floor":[99,99,99,99,99,99,99,99,99,99,99,99,99,99,99,99,99,99,99,99,99,99,99,99,99,99,99,99,99,99,99,99,99,99,99],"card_choices":[{"not_picked":["champ:Shatter","champ:Parry"],"picked":"champ:GutPunch","floor":2.0},{"not_picked":["champ:TornadoPunch","champ:Circumvent"],"picked":"champ:DefensiveShout","floor":5.0},{"not_picked":["champ:DefensiveShout","champ:PerfectedStrike"],"picked":"champ:PreemptiveStrike","floor":8.0},{"not_picked":["champ:BringItOn","champ:Shatter"],"picked":"champ:DeathBlow","floor":10.0},{"not_picked":["champ:CrownThrow","champ:PerfectedStrike","champ:GutPunch"],"picked":"SKIP","floor":12.0},{"not_picked":["champ:PerfectedStrike","champ:LastStand"],"picked":"champ:SkillfulDodge","floor":14.0},{"not_picked":["champ:PerfectedStrike","champ:EndlessRage"],"picked":"champ:Shatter","floor":15.0},{"not_picked":["champ:ShieldThrow","champ:CheapShot"],"picked":"champ:SteelEdge","floor":16.0},{"not_picked":["champ:PerfectedStrike","champ:ShieldWall"],"picked":"champ:FanOfKnives","floor":19.0},{"not_picked":["champ:AdrenalArmor","champ:DefensiveShout"],"picked":"champ:Encircle","floor":22.0},{"not_picked":["champ:DeathBlow","champ:Parry"],"picked":"champ:PreciseThrust","floor":23.0},{"not_picked":["champ:GutPunch+1","champ:Backstep"],"picked":"champ:ShieldSlam+1","floor":25.0},{"not_picked":["champ:BerserkersShout+1","champ:AdrenalArmor"],"picked":"champ:ShieldWall","floor":26.0},{"not_picked":["champ:ShieldSlam","champ:AdrenalArmor","champ:Shatter"],"picked":"SKIP","floor":28},{"not_picked":["champ:StanceDance","champ:IgnorePain"],"picked":"champ:UltimateStance","floor":29},{"not_picked":["champ:FocusedDefense","champ:Circumvent"],"picked":"champ:Duel","floor":30},{"not_picked":["champ:PreciseThrust+1","champ:PreemptiveStrike","champ:BladeFlurry"],"picked":"SKIP","floor":32}],"player_experience":469530,"relics_obtained":[{"floor":7.0,"key":"Vajra"},{"floor":13.0,"key":"Whetstone"},{"floor":20.0,"key":"Dream Catcher"},{"floor":24.0,"key":"Pantograph"}],"event_choices":[{"damage_healed":0.0,"max_hp_gain":0.0,"max_hp_loss":0.0,"gold_gain":0.0,"event_name":"Vampires","player_choice":"Ignored","floor":21.0,"gold_loss":0.0,"damage_taken":0.0}],"is_beta":false,"boss_relics":[{"not_picked":["Calling Bell","Sozu"],"picked":"Empty Cage"}],"items_purged_floors":[],"is_endless":false,"potions_floor_spawned":[5,10,12,16,26,28],"killed_by":"SI_MIRROR_ARCHETYPE","ascension_level":0}}