{"host":"avq773cl9g5msfol","time":1612553305,"event":{"mods":["100% Spire Juice","AchievementEnabler","Act Like it!","Ascension Unlocker","Aspiration","Astrologer","Bard","Bartender","BaseMod","Better Altar","Better Third Choice","BetterRewards","CapriCore","ChefMod","Colored Map","Colored Powertips","Conspire","Dio Mod","Downfall","Elementarium","Energized Spire","Gensokyo","GifTheSpireLib","Hallownest","Hermit","Highlight Path","Hubris","Humility","Infinite Spire","Jorbs\u0027s Wanderer Trilogy","Koishi","Magitek Elite","Marisa????????","Marked Mod","Menagerie","Minty Spire (QoL Compilation)","Pale of the Ancients","Potionbrewer","Quarter Circle Forward PUNCH!","Rare Cards Sparkle","Reimu??????","Relic Stats","Reliquary","Remilia??????","Replay The Spire","Robot Space Explorer","SacredBarkPlus","Shade Mod","Somnambulant","Spicy Shops","Spire Arcade","StSLib","The Administrix","The Animator","The Blue Laboratory","The Bug Knight","The Construct","The Cursed","The Disciple","The Dragon Tamer","The Exalted","The Hayseed","The Hierophant","The Hydrologist","The Immortal","The Marked","The Mystic","The Problem Sleuth","The Runesmith","The Senshi","The Vixen","The Wild Card","TheFirefly","Wandering Minibosses","Wide Potions","vexMod"],"gold_per_floor":[111,111,111,122,135,163,163,198,279,308,308,334,334,350,350,429,429,448,466,466,466,466,500,500,512,538,538,555,586,586,586,586,657,657,671,671,686,698,698,729,729,729,729,729,729,742,742,771,771,771,771],"floor_reached":52,"language":"ENG","playtime":4328,"items_purged":["hubris:SlightOfHand+1","Slice+1"],"score":3128,"play_id":"53618396-279f-420d-9b24-a6baa725a00f","local_time":"20210206022825","is_ascension_mode":true,"campfire_choices":[{"data":"Survivor","floor":7,"key":"SMITH"},{"data":"Underhanded Strike","floor":13,"key":"SMITH"},{"floor":15,"key":"REST"},{"data":"Neutralize","floor":24,"key":"SMITH"},{"data":"bard:FaerieFire","floor":27,"key":"SMITH"},{"data":"ReplayTheSpireMod:Shiv Toss","floor":32,"key":"SMITH"},{"data":"Catalyst","floor":42,"key":"SMITH"},{"floor":44,"key":"REST"},{"data":"Hallownest:pwrSporeShroom","floor":47,"key":"SMITH"},{"floor":49,"key":"REST"}],"circlet_count":0,"master_deck":["AscendersBane","Survivor+1","Neutralize+1","Acrobatics+1","Tools of the Trade+1","Phantasmal Killer+1","Doppelganger+1","Accuracy+1","Escape Plan+1","Endless Agony+1","Tactician+1","Deflect+1","Leg Sweep+1","Cloak And Dagger+1","ReplayTheSpireMod:Scrap Shanks+1","Prepared+1","Sneak Up+1","Infinite Blades+1","Backflip+1","infinitespire:Neurotoxin+1","Envenom+1","Underhanded Strike+1","bard:HideousLaughter+1","bard:FaerieFire+1","ReplayTheSpireMod:Shiv Toss+1","After Image+1","Hallownest:pwrSporeShroom+1","Poison Darts+1","Catalyst+1","Bullet Time+1","downfall:Haunted","downfall:Haunted","downfall:Bewildered"],"relics":["Ring of the Snake","Golden Egg","Quantum Egg","hubris:AncientText","aspiration:FetidBarrel","qcfpunch:Chain_With_Nametags","Thread and Needle","reliquary:Pushpin","Membership Card","The Specimen","ReplayTheSpireMod:Shallot","infinitespire:CheckeredPen","reliquary:SharkskinSheath","aspiration:BardSkillbook","reliquary:Stiletto","Juzu Bracelet","qcfpunch:Dark_Gi","wanderingMiniBosses:ThiefScarf","Replay:Kaleidoscope","potionbrewer:SlideRule","Du-Vu Doll","hubris:Towel","conspire:Dentures"],"acts_visited":["Exordium","Hallownest:CityofTears","Gensokyo:Gensokyoest"],"potions_floor_usage":[],"damage_taken":[{"damage":0,"enemies":"Cultist","floor":1,"turns":2},{"damage":0,"enemies":"Jaw Worm","floor":4,"turns":2},{"damage":0,"enemies":"Small Slimes","floor":5,"turns":2},{"damage":0,"enemies":"Lagavulin","floor":6,"turns":2},{"damage":0,"enemies":"3 Sentries","floor":8,"turns":4},{"damage":0,"enemies":"Lagavulin","floor":10,"turns":3},{"damage":0,"enemies":"Blue Slaver","floor":14,"turns":2},{"damage":0,"enemies":"Slime Boss","floor":16,"turns":3},{"damage":0,"enemies":"Hallownest:2_Mistakes","floor":18,"turns":3},{"damage":0,"enemies":"Hallownest:3_Youths","floor":19,"turns":3},{"damage":0,"enemies":"Hallownest:eliteWatcherKnight","floor":23,"turns":7},{"damage":0,"enemies":"Hallownest:2_Husk_Sentries","floor":25,"turns":3},{"damage":0,"enemies":"Hallownest:Master_and_Novice","floor":28,"turns":2},{"damage":0,"enemies":"Hallownest:Nosk","floor":29,"turns":2},{"damage":0,"enemies":"Hallownest:BossGrimm","floor":33,"turns":4},{"damage":0,"enemies":"Gensokyo:AncientGuardian","floor":35,"turns":4},{"damage":0,"enemies":"Gensokyo:3_Bats","floor":37,"turns":3},{"damage":0,"enemies":"Gensokyo:SeedOfUnknown","floor":38,"turns":3},{"damage":0,"enemies":"Gensokyo:Kasen","floor":40,"turns":4},{"damage":0,"enemies":"Gensokyo:AtlasGolem","floor":46,"turns":3},{"damage":19,"enemies":"Gensokyo:Marisa","floor":48,"turns":3},{"damage":0,"enemies":"Gensokyo:Shinki","floor":50,"turns":3},{"damage":0,"enemies":"Gensokyo:Yuyuko","floor":51,"turns":3}],"seed_played":"-6690976482817174993","potions_obtained":[{"floor":3,"key":"blueLaboratory:ImpenetrablePotion"}],"is_trial":false,"path_per_floor":["M","?","?","M","M","E","R","E","T","E","?","T","R","M","R","B",null,"M","M","?","?","?","E","R","M","T","R","M","E","?","?","R","B",null,"M","?","M","M","?","E","?","R","T","R","?","M","R","E","R","B","B",null],"character_chosen":"THE_SILENT","items_purchased":["hubris:AncientText","Deflect","Leg Sweep","Cloak And Dagger","aspiration:FetidBarrel","qcfpunch:Chain_With_Nametags","Thread and Needle","ReplayTheSpireMod:Scrap Shanks","Prepared","reliquary:Pushpin","blueLaboratory:FrostheartPotion","GamblersBrew","Membership Card","The Specimen","Sneak Up","Infinite Blades+1","Slice","Backflip"],"campfire_rested":3,"item_purchase_floors":[0,0,0,0,0,0,0,0,0,0,0,0,0,0,0,0,0,0],"current_hp_per_floor":[59,59,59,59,59,59,59,59,59,59,55,55,55,55,66,66,66,66,66,66,66,66,66,66,66,66,66,66,66,66,66,66,66,43,43,43,43,43,22,24,29,29,29,43,43,48,48,29,43,48,48],"gold":771,"neow_bonus":"","is_daily":false,"chose_seed":false,"campfire_upgraded":7,"win_rate":0.0,"timestamp":1612553305,"path_taken":["M","?","?","M","?","E","R","E","T","E","?","?","R","?","R","BOSS","M","M","?","?","?","E","R","M","T","R","M","E","?","?","R","BOSS","M","?","M","M","?","E","?","R","T","R","?","M","R","E","R","BOSS","BOSS"],"items_purchased_type":["Relic","Card","Card","Card","Relic","Relic","Relic","Card","Card","Relic","Potion","Potion","Relic","Relic","Card","Card","Card","Card"],"build_version":"2020-12-22","purchased_purges":2,"victory":true,"max_hp_per_floor":[66,66,66,66,66,66,66,66,66,66,66,66,66,66,66,66,66,66,66,66,66,66,66,66,66,66,66,66,66,66,66,66,66,43,43,43,43,43,43,43,48,48,48,48,48,48,48,48,48,48,48],"relic_stats":{"counters":[25,74],"Juzu Bracelet":2,"obtain_stats":[{"Bromod:ArcaneUltimatum":37,"ReplayFunnel":40,"Golden Egg":0,"reliquary:Boomerang":51,"Vampiric Spirits":51,"reliquary:Firecrackers":40,"StoneCalendar":50,"Juzu Bracelet":26,"theSenshi:FeatherClipsRelic":46,"aspiration:BardSkillbook":17,"Replay:Mystery Machine":46,"ClockworkSouvenir":38,"hubris:HerbalPaste":50,"hubris:ScarierMask":48,"theSenshi:SailorFukuRelic":38,"qcfpunch:Chain_With_Nametags":0,"Bromod:ArcaneGuardian":48,"Ring of the Snake":0,"reliquary:SharkskinSheath":12,"conspire:Dentures":48,"The Specimen":0,"wanderingMiniBosses:ThiefScarf":35,"aspiration:FetidBarrel":0,"Quantum Egg":0,"Thread and Needle":0,"infinitespire:Beetle Shell":37,"qcfpunch:Dark_Gi":34,"infinitespire:CheckeredPen":8,"Replay:Kaleidoscope":39,"hubris:Towel":45,"reliquary:Pushpin":0,"Du-Vu Doll":41,"ReplayTheSpireMod:Shallot":6,"Pandora\u0027s Box":0,"reliquary:Stiletto":23,"Membership Card":0,"potionbrewer:SlideRule":40,"hubris:AncientText":0},{"Bromod:ArcaneUltimatum":18,"ReplayFunnel":20,"Golden Egg":2,"reliquary:Boomerang":24,"Vampiric Spirits":24,"reliquary:Firecrackers":20,"StoneCalendar":23,"Juzu Bracelet":14,"theSenshi:FeatherClipsRelic":21,"aspiration:BardSkillbook":10,"Replay:Mystery Machine":21,"ClockworkSouvenir":19,"hubris:HerbalPaste":23,"hubris:ScarierMask":22,"theSenshi:SailorFukuRelic":19,"qcfpunch:Chain_With_Nametags":2,"Bromod:ArcaneGuardian":22,"Ring of the Snake":0,"reliquary:SharkskinSheath":8,"conspire:Dentures":23,"The Specimen":2,"wanderingMiniBosses:ThiefScarf":18,"aspiration:FetidBarrel":2,"Quantum Egg":2,"Thread and Needle":2,"infinitespire:Beetle Shell":18,"qcfpunch:Dark_Gi":17,"infinitespire:CheckeredPen":7,"Replay:Kaleidoscope":20,"hubris:Towel":21,"reliquary:Pushpin":2,"Du-Vu Doll":21,"ReplayTheSpireMod:Shallot":6,"Pandora\u0027s Box":2,"reliquary:Stiletto":13,"Membership Card":2,"potionbrewer:SlideRule":21,"hubris:AncientText":2},{"Bromod:ArcaneUltimatum":52,"ReplayFunnel":58,"Golden Egg":4,"reliquary:Boomerang":71,"Vampiric Spirits":71,"reliquary:Firecrackers":58,"StoneCalendar":68,"Juzu Bracelet":40,"theSenshi:FeatherClipsRelic":62,"aspiration:BardSkillbook":24,"Replay:Mystery Machine":62,"ClockworkSouvenir":55,"hubris:HerbalPaste":68,"hubris:ScarierMask":65,"theSenshi:SailorFukuRelic":55,"qcfpunch:Chain_With_Nametags":4,"Bromod:ArcaneGuardian":65,"Ring of the Snake":0,"reliquary:SharkskinSheath":19,"conspire:Dentures":68,"The Specimen":4,"wanderingMiniBosses:ThiefScarf":52,"aspiration:FetidBarrel":4,"Quantum Egg":4,"Thread and Needle":4,"infinitespire:Beetle Shell":52,"qcfpunch:Dark_Gi":48,"infinitespire:CheckeredPen":16,"Replay:Kaleidoscope":58,"hubris:Towel":62,"reliquary:Pushpin":4,"Du-Vu Doll":62,"ReplayTheSpireMod:Shallot":12,"Pandora\u0027s Box":4,"reliquary:Stiletto":37,"Membership Card":4,"potionbrewer:SlideRule":62,"hubris:AncientText":4}],"Ring of the Snake":[51]},"card_choices":[{"not_picked":["Sucker Punch","Hidden Blade","PiercingWail"],"picked":"SKIP","floor":1},{"not_picked":["Slice","Prepared"],"picked":"infinitespire:Neurotoxin","floor":4},{"not_picked":["Blade Dance","Slice","Deflect"],"picked":"SKIP","floor":5},{"not_picked":["ReplayTheSpireMod:The Works","Deadly Poison"],"picked":"Envenom","floor":6},{"not_picked":["Sucker Punch","Deflect","hubris:TrickCloak"],"picked":"SKIP","floor":8},{"not_picked":["Footwork","Masterful Stab"],"picked":"Underhanded Strike","floor":10},{"not_picked":["Backflip","Flying Knee","hubris:SlightOfHand"],"picked":"SKIP","floor":14},{"not_picked":["Envenom","ReplayTheSpireMod:Necrosis"],"picked":"Burst","floor":16},{"not_picked":["PiercingWail+1","hubris:SlightOfHand","Sucker Punch","bard:EchoEcho+1"],"picked":"SKIP","floor":18},{"not_picked":["Escape Plan","Backflip+1","Dagger Throw"],"picked":"bard:HideousLaughter","floor":19},{"not_picked":["Tools of the Trade","Dagger Spray","bard:InspiringSong","Wraith Form v2"],"picked":"SKIP","floor":23},{"not_picked":["bard:BucklerBash","bard:TinyHut","Slice"],"picked":"bard:FaerieFire","floor":25},{"not_picked":["bard:Doot","Dagger Spray","bard:FirstStrike"],"picked":"ReplayTheSpireMod:Shiv Toss","floor":28},{"not_picked":["Infinite Blades+1","Backflip","bard:Improv"],"picked":"After Image","floor":29},{"not_picked":["Night Terror","ReplayTheSpireMod:From All Sides","infinitespire:Neurotoxin"],"picked":"Poison Darts","floor":33},{"not_picked":["bard:StudiedStrike","Flying Knee","Acrobatics"],"picked":"Catalyst","floor":35},{"not_picked":["ReplayTheSpireMod:Scrap Shanks","bard:CuttingWords","After Image","Poisoned Stab"],"picked":"SKIP","floor":37},{"not_picked":["ReplayTheSpireMod:Exploit Weakness","Accuracy","Underhanded Strike","Cloak And Dagger"],"picked":"SKIP","floor":38},{"not_picked":["bard:Gamble+1","bard:Thunderwave","bard:EnGarde","Acrobatics"],"picked":"SKIP","floor":40},{"not_picked":["Backflip","Flechettes","Backstab","Outmaneuver"],"picked":"SKIP","floor":46},{"not_picked":["Flying Knee","bard:Parry+1","bard:GlyphOfWarding","PiercingWail"],"picked":"SKIP","floor":48}],"player_experience":1419671,"relics_obtained":[{"floor":6,"key":"ReplayTheSpireMod:Shallot"},{"floor":8,"key":"infinitespire:CheckeredPen"},{"floor":12,"key":"reliquary:SharkskinSheath"},{"floor":23,"key":"reliquary:Stiletto"},{"floor":26,"key":"Juzu Bracelet"},{"floor":35,"key":"wanderingMiniBosses:ThiefScarf"},{"floor":40,"key":"potionbrewer:SlideRule"},{"floor":48,"key":"conspire:Dentures"}],"event_choices":[{"damage_healed":0,"gold_gain":0,"player_choice":"Got Potions","damage_taken":0,"max_hp_gain":0,"max_hp_loss":0,"event_name":"Lab","floor":3,"gold_loss":0},{"damage_healed":0,"gold_gain":0,"player_choice":"Leave","damage_taken":0,"max_hp_gain":0,"max_hp_loss":0,"event_name":"conspire:Investor","floor":11,"gold_loss":0}],"is_beta":false,"boss_relics":[{"not_picked":["energizedSpire:SpiderWeb","hubris:VirtuousBlindfold"],"picked":"aspiration:BardSkillbook"},{"not_picked":["ReplayTheSpireMod:SealedPack","Runesmith:UraniumAnvil"],"picked":"qcfpunch:Dark_Gi"}],"items_purged_floors":[0,0],"is_endless":false,"potions_floor_spawned":[4,8,18,25,33,38,48],"ascension_level":20,"is_humility":true}}