{"host":"iimv3xr0scyjt3cx","time":1612538155,"event":{"mods":["BaseMod","Hermit","Minty Spire (QoL Compilation)","Replay The Spire","StSLib","The Bladedancer","The Bug Knight","The Cursed","The Judge","The Marked","The Necromancer","The Runesmith","The Senshi","The Servant 0.9.4","The Wild Card"],"gold_per_floor":[110,125,137,153,166,166,194,194,194,194,227,232,245,264,264,394,394,408,408,433,433,296,339,351,401,413,425,425],"floor_reached":27,"language":"ENG","playtime":1877,"items_purged":["Spreading Infection","Injury"],"score":253,"play_id":"a46f8c9a-10a4-43e0-9f25-6aed5d930bd5","local_time":"20210205161555","is_ascension_mode":false,"campfire_choices":[{"data":"theMarked:Improvise","floor":6.0,"key":"SMITH"},{"data":"theMarked:Reabsorb","floor":8.0,"key":"SMITH"},{"data":"theMarked:ComboAttacks","floor":15.0,"key":"SMITH"},{"data":"theMarked:MagusForm","floor":24.0,"key":"SMITH"}],"circlet_count":0,"master_deck":["theMarked:Strike","theMarked:Strike","theMarked:Strike","theMarked:Strike","theMarked:Strike","theMarked:Defend","theMarked:Defend","theMarked:Defend","theMarked:Defend","theMarked:SoldierOfQuellstein+1","theMarked:Improvise+1","theMarked:GodGivenPower","theMarked:Reabsorb+1","theMarked:EmpowerWeapon","theMarked:TurnInvisible","theMarked:CreepingChasm","theMarked:ComboAttacks+1","theMarked:Pokerface","theMarked:MagusForm+1","theMarked:Overcharge","theMarked:Generate+1","theMarked:ElectricStrings+1","theMarked:RepellingDischarge+1","theMarked:TwofoldDefense+1","Shame"],"relics":["theMarked:ArtifactOfAir","Counterbalance","Bottled Tornado","Golden Idol","theMarked:Gun","ReplayTheSpireMod:CursedCoin","Cursed Key","MawBank","Shovel","Mango"],"acts_visited":["Exordium","TheCity"],"potions_floor_usage":[],"damage_taken":[{"damage":0.0,"enemies":"Jaw Worm","floor":1.0,"turns":4.0},{"damage":0.0,"enemies":"2 Louse","floor":2.0,"turns":2.0},{"damage":1.0,"enemies":"Cultist","floor":3.0,"turns":4.0},{"damage":11.0,"enemies":"2 Fungi Beasts","floor":4.0,"turns":5.0},{"damage":7.0,"enemies":"3 Louse","floor":5.0,"turns":4.0},{"damage":18.0,"enemies":"3 Sentries","floor":11.0,"turns":6.0},{"damage":13.0,"enemies":"Gremlin Gang","floor":13.0,"turns":4.0},{"damage":7.0,"enemies":"2 Fungi Beasts","floor":14.0,"turns":3.0},{"damage":10.0,"enemies":"Slime Boss","floor":16.0,"turns":6.0},{"damage":15.0,"enemies":"Spheric Guardian","floor":18.0,"turns":4.0},{"damage":19.0,"enemies":"2 Thieves","floor":20.0,"turns":3.0},{"damage":32.0,"enemies":"Gremlin Leader","floor":23.0,"turns":6.0},{"damage":34.0,"enemies":"Slavers","floor":25.0,"turns":5.0},{"damage":0,"enemies":"3 Cultists","floor":27,"turns":1}],"seed_played":"-5669841502950762377","potions_obtained":[{"floor":4.0,"key":"Elixir"},{"floor":11.0,"key":"FairyPotion"},{"floor":13.0,"key":"Weak Potion"},{"floor":20.0,"key":"Dexterity Potion"}],"is_trial":false,"path_per_floor":["M","M","M","M","M","R","?","R","T","?","E","$","M","M","R","B",null,"M","?","M","?","$","E","R","E","T","M"],"character_chosen":"THE_DEFAULT","items_purchased":["ReplayTheSpireMod:CursedCoin","theMarked:ComboAttacks","theMarked:ElectricStrings+1"],"campfire_rested":0,"item_purchase_floors":[12,12,22],"current_hp_per_floor":[70,70,69,58,51,51,51,51,51,51,33,33,20,13,13,3,70,55,55,36,70,70,38,38,4,18,18,18],"gold":425,"neow_bonus":"UPGRADE_CARD","is_daily":false,"chose_seed":false,"campfire_upgraded":4,"win_rate":0.0,"timestamp":1612538155,"path_taken":["M","M","M","M","M","R","?","R","T","?","E","$","M","M","R","BOSS","M","?","?","?","$","E","R","E","T","?"],"items_purchased_type":["Relic","Card","Card"],"build_version":"2020-12-22","purchased_purges":2,"victory":false,"max_hp_per_floor":[70,70,70,70,70,70,70,70,70,70,70,70,70,70,70,70,70,70,70,70,70,70,70,70,70,84,84,84],"card_choices":[{"not_picked":["theMarked:TakeCover","theMarked:Frustration"],"picked":"theMarked:Improvise","floor":1.0},{"not_picked":["theMarked:MuscleMemory","theMarked:ElectricStrings"],"picked":"theMarked:GodGivenPower","floor":2.0},{"not_picked":["theMarked:Electrify","theMarked:EmpowerWeapon"],"picked":"theMarked:Reabsorb","floor":3.0},{"not_picked":["theMarked:StartUp","theMarked:ElectricStrings"],"picked":"theMarked:EmpowerWeapon","floor":4.0},{"not_picked":["theMarked:Improvise","theMarked:Frustration"],"picked":"theMarked:TurnInvisible","floor":5.0},{"not_picked":["theMarked:ResourceFulStrike","theMarked:ChainLightning"],"picked":"theMarked:CreepingChasm","floor":11.0},{"not_picked":["theMarked:CreepingChasm","theMarked:ResourceFulStrike"],"picked":"theMarked:Pokerface","floor":13.0},{"not_picked":["theMarked:ResourceFulStrike","theMarked:Memento","theMarked:Improvise"],"picked":"SKIP","floor":14.0},{"not_picked":["theMarked:Levitate","theMarked:UnarmedFury"],"picked":"theMarked:MagusForm","floor":16.0},{"not_picked":["theMarked:Improvise+1","theMarked:Static"],"picked":"theMarked:Overcharge","floor":18.0},{"not_picked":["theMarked:TwofoldDefense","theMarked:EnhanceMovement"],"picked":"theMarked:Generate+1","floor":20.0},{"not_picked":["theMarked:Aftermath","theMarked:Overcharge"],"picked":"theMarked:RepellingDischarge+1","floor":23.0},{"not_picked":["theMarked:TakeOffHeels","theMarked:Electrify"],"picked":"theMarked:TwofoldDefense+1","floor":25.0}],"player_experience":517906,"relics_obtained":[{"floor":7.0,"key":"Counterbalance"},{"floor":9.0,"key":"Bottled Tornado"},{"floor":11.0,"key":"theMarked:Gun"},{"floor":23.0,"key":"MawBank"},{"floor":25.0,"key":"Shovel"},{"floor":26.0,"key":"Mango"}],"event_choices":[{"damage_healed":0.0,"max_hp_gain":0.0,"max_hp_loss":0.0,"gold_gain":0.0,"event_name":"Golden Idol","player_choice":"Take Wound","floor":10.0,"gold_loss":0.0,"damage_taken":0.0,"relics_obtained":["Golden Idol"],"cards_obtained":["Injury"]},{"damage_healed":0.0,"max_hp_gain":0.0,"max_hp_loss":0.0,"gold_gain":0.0,"event_name":"FaceTrader","player_choice":"Leave","floor":19.0,"gold_loss":0.0,"damage_taken":0.0},{"damage_healed":34.0,"max_hp_gain":0.0,"max_hp_loss":0.0,"gold_gain":0.0,"event_name":"Wheel of Change","player_choice":"Full Heal","floor":21.0,"gold_loss":0.0,"damage_taken":0.0}],"is_beta":false,"boss_relics":[{"not_picked":["Kintsugi","Tiny House"],"picked":"Cursed Key"}],"items_purged_floors":[12,22],"is_endless":false,"potions_floor_spawned":[4,11,13,20],"killed_by":"3 Cultists","ascension_level":0}}