{"host":"j6ca8ysqjwiwxbuw","time":1612550609,"event":{"mods":["AchievementEnabler","BaseMod","Colored Powertips","Minty Spire (QoL Compilation)","Quick Restart","StSLib"],"gold_per_floor":[110,129,140,140,160,160,186,186,209,209,225,256,101,113,113,217,217,237,254,16,27,37,63,63,78,78,78,98,98,98,98],"floor_reached":30,"language":"RUS","playtime":1919,"items_purged":[],"score":289,"play_id":"d3ee71d1-7822-4079-9da7-c69289ffbe9f","local_time":"20210205214329","is_ascension_mode":false,"campfire_choices":[{"data":"Eruption","floor":6,"key":"SMITH"},{"data":"Protect","floor":8,"key":"SMITH"},{"data":"FlurryOfBlows","floor":10,"key":"SMITH"},{"floor":15,"key":"REST"},{"floor":24,"key":"REST"}],"circlet_count":0,"master_deck":["Strike_P+1","Strike_P+1","Strike_P+1","Strike_P+1","Defend_P+1","Defend_P+1","Defend_P+1","Defend_P+1","Eruption+1","Vigilance","BattleHymn","BattleHymn+1","Protect+1","FlurryOfBlows+1","CutThroughFate","Establishment","Pray","Tantrum","LikeWater","Judgement","Halt+1","ClearTheMind+1","Worship","PathToVictory+1","FollowUp+1","FollowUp+1","Consecrate+1","Shame","Crescendo"],"relics":["PureWater","Whetstone","Lantern","Smiling Mask","Sozu","Membership Card","Happy Flower","Mango","Ancient Tea Set","Tiny Chest"],"acts_visited":["Exordium","TheCity"],"potions_floor_usage":[16,16,23,23,23],"damage_taken":[{"damage":0,"enemies":"Small Slimes","floor":1,"turns":2},{"damage":0,"enemies":"Cultist","floor":2,"turns":2},{"damage":2,"enemies":"Jaw Worm","floor":3,"turns":3},{"damage":6,"enemies":"2 Fungi Beasts","floor":5,"turns":3},{"damage":16,"enemies":"3 Sentries","floor":7,"turns":4},{"damage":2,"enemies":"Looter","floor":11,"turns":3},{"damage":10,"enemies":"Lagavulin","floor":12,"turns":6},{"damage":10,"enemies":"Exordium Thugs","floor":14,"turns":3},{"damage":25,"enemies":"The Guardian","floor":16,"turns":7},{"damage":10,"enemies":"3 Byrds","floor":18,"turns":5},{"damage":0,"enemies":"Chosen","floor":19,"turns":3},{"damage":32,"enemies":"3 Cultists","floor":21,"turns":6},{"damage":5,"enemies":"Cultist and Chosen","floor":22,"turns":4},{"damage":21,"enemies":"Book of Stabbing","floor":23,"turns":4},{"damage":16,"enemies":"Centurion and Healer","floor":25,"turns":3},{"damage":14,"enemies":"Snake Plant","floor":28,"turns":3},{"damage":30,"enemies":"Shelled Parasite and Fungi","floor":30,"turns":3}],"seed_played":"-4517821724860120879","potions_obtained":[{"floor":2,"key":"StancePotion"},{"floor":5,"key":"EntropicBrew"}],"is_trial":false,"path_per_floor":["M","M","M","?","M","R","E","R","T","R","M","E","$","M","R","B",null,"M","M","$","M","M","E","R","M","T","?","M","?","M"],"character_chosen":"WATCHER","items_purchased":["Pray","Tantrum","Membership Card","Happy Flower","Worship"],"campfire_rested":2,"item_purchase_floors":[13,13,20,20,20],"current_hp_per_floor":[79,79,77,77,71,71,55,55,55,55,53,43,43,33,56,31,79,69,69,69,37,32,25,52,36,36,36,22,22,0,0],"gold":98,"neow_bonus":"TEN_PERCENT_HP_BONUS","is_daily":false,"chose_seed":false,"campfire_upgraded":3,"win_rate":0.0,"timestamp":1612550609,"path_taken":["M","M","M","?","M","R","E","R","T","R","M","E","$","?","R","BOSS","M","M","$","M","M","E","R","M","T","?","M","?","M"],"items_purchased_type":["Card","Card","Relic","Relic","Card"],"build_version":"2020-12-22","purchased_purges":0,"victory":false,"max_hp_per_floor":[79,79,79,79,79,79,79,79,79,79,79,79,79,79,79,79,79,79,79,79,79,79,93,93,93,93,93,93,93,93,93],"card_choices":[{"not_picked":["CrushJoints","SashWhip"],"picked":"BattleHymn","floor":1},{"not_picked":["FollowUp","Consecrate"],"picked":"BattleHymn","floor":2},{"not_picked":["BowlingBash","SashWhip","FlyingSleeves"],"picked":"SKIP","floor":3},{"not_picked":["ThirdEye","Crescendo"],"picked":"Protect","floor":5},{"not_picked":["JustLucky","EmptyBody"],"picked":"FlurryOfBlows","floor":7},{"not_picked":["Evaluate","Protect"],"picked":"CutThroughFate","floor":11},{"not_picked":["Sanctity","Conclude"],"picked":"Establishment","floor":12},{"not_picked":["BowlingBash","FollowUp"],"picked":"LikeWater","floor":14},{"not_picked":["MasterReality","LessonLearned"],"picked":"Judgement","floor":16},{"not_picked":["EmptyBody","EmptyFist+1"],"picked":"Halt+1","floor":18},{"not_picked":["Halt","Evaluate+1"],"picked":"ClearTheMind+1","floor":19},{"not_picked":["Sanctity","EmptyFist"],"picked":"PathToVictory+1","floor":21},{"not_picked":["Pray","SandsOfTime"],"picked":"FollowUp+1","floor":22},{"not_picked":["Study","Sanctity"],"picked":"FollowUp+1","floor":23},{"not_picked":["Swivel","Halt"],"picked":"Consecrate+1","floor":25},{"not_picked":["BowlingBash","Conclude"],"picked":"Crescendo","floor":28}],"player_experience":194635,"relics_obtained":[{"floor":7,"key":"Whetstone"},{"floor":9,"key":"Lantern"},{"floor":12,"key":"Smiling Mask"},{"floor":23,"key":"Mango"},{"floor":26,"key":"Ancient Tea Set"}],"event_choices":[{"damage_healed":0,"gold_gain":0,"player_choice":"Upgraded","damage_taken":0,"max_hp_gain":0,"max_hp_loss":0,"event_name":"Upgrade Shrine","floor":4,"gold_loss":0,"cards_upgraded":["BattleHymn"]},{"damage_healed":0,"gold_gain":0,"player_choice":"Stole Relic","damage_taken":0,"relics_obtained":["Tiny Chest"],"max_hp_gain":0,"max_hp_loss":0,"event_name":"Addict","floor":27,"gold_loss":0,"cards_obtained":["Shame"]},{"damage_healed":0,"gold_gain":0,"player_choice":"Simplicity","damage_taken":0,"max_hp_gain":0,"max_hp_loss":0,"event_name":"Back to Basics","floor":29,"gold_loss":0,"cards_upgraded":["Strike_P","Strike_P","Defend_P","Defend_P","Defend_P","Defend_P"]}],"is_beta":false,"boss_relics":[{"not_picked":["Coffee Dripper","Runic Pyramid"],"picked":"Sozu"}],"items_purged_floors":[],"is_endless":false,"potions_floor_spawned":[2,5,16,21,25],"killed_by":"Shelled Parasite and Fungi","ascension_level":0}}