{"host":"37ccm3d17clopct7","time":1612501523,"event":{"mods":["BaseMod","Hermit","Lobotomy","Minty Spire (QoL Compilation)","StSLib","The Bug Knight","The Cursed","The Hierophant","The Jungle","The Runesmith"],"gold_per_floor":[112,37,52,52,52,52,80,100,100,100,120,132,157,139,139,230,230,240,140,5,24,24,59,59,73,73,73,73,127,164,19,19,145,145,171,167,167],"floor_reached":36,"language":"KOR","playtime":1901,"items_purged":["hierophant:Defend_Hierophant","hierophant:Strike_Hierophant"],"score":362,"play_id":"c37961f4-16a3-47c9-b1f6-ed452c13bb41","local_time":"20210205140523","is_ascension_mode":false,"campfire_choices":[{"data":"hierophant:ChurchCoffers","floor":6,"key":"SMITH"},{"data":"hierophant:Punish","floor":10,"key":"SMITH"},{"floor":15,"key":"REST"},{"floor":32,"key":"REST"}],"circlet_count":0,"master_deck":["hierophant:Strike_Hierophant","hierophant:Punish+1","hierophant:Defend_Hierophant","hierophant:Defend_Hierophant","hierophant:Defend_Hierophant","hierophant:ChurchCoffers+1","hierophant:Endure","hierophant:Community","hierophant:MorningPrayer","hierophant:Glossolalia","hierophant:Determination","CurseOfTheBell","hierophant:Doubloon","hierophant:Refuge","hierophant:Smite","hierophant:Doubloon","hierophant:Doubloon","hierophant:CursedGold","hierophant:ArchangelShield+1","hierophant:RepressedViolence+1","hierophant:Doomsaying+1"],"relics":["hierophant:PropheticMaskRelic","NeowsBlessing","HornCleat","Mummified Hand","Gremlin Horn","Boot","Calling Bell","Strawberry","Pear","Ice Cream","theJungle:Flamango","HollowMod:PaleOreRelic","Molten Egg 2","Bottled Flame","Lantern","Juzu Bracelet","SlaversCollar"],"acts_visited":["Exordium","theJungle:Jungle","TheBeyond"],"potions_floor_usage":[16,16,29,33],"damage_taken":[{"damage":0,"enemies":"Small Slimes","floor":1,"turns":1},{"damage":0,"enemies":"2 Louse","floor":3,"turns":1},{"damage":0,"enemies":"Gremlin Nob","floor":7,"turns":1},{"damage":6,"enemies":"Jaw Worm","floor":8,"turns":3},{"damage":6,"enemies":"2 Fungi Beasts","floor":11,"turns":3},{"damage":0,"enemies":"Large Slime","floor":12,"turns":4},{"damage":11,"enemies":"3 Sentries","floor":13,"turns":6},{"damage":0,"enemies":"Looter","floor":14,"turns":3},{"damage":32,"enemies":"Slime Boss","floor":16,"turns":10},{"damage":23,"enemies":"theJungle:GiantWrat","floor":18,"turns":10},{"damage":7,"enemies":"Shell Parasite","floor":21,"turns":8},{"damage":47,"enemies":"theJungle:Cassacara","floor":23,"turns":9},{"damage":28,"enemies":"Snake Plant","floor":25,"turns":5},{"damage":4,"enemies":"theJungle:2_Phrogs","floor":29,"turns":5},{"damage":1,"enemies":"theJungle:SlimyTreeVines","floor":30,"turns":15},{"damage":0,"enemies":"theJungle:QueenSpyder","floor":33,"turns":16},{"damage":26,"enemies":"3 Shapes","floor":35,"turns":6},{"damage":71,"enemies":"Mind Bloom Boss Battle","floor":36,"turns":16}],"seed_played":"-9215291382277579607","potions_obtained":[{"floor":3,"key":"Dexterity Potion"},{"floor":11,"key":"PowerPotion"},{"floor":14,"key":"DistilledChaos"},{"floor":18,"key":"Weak Potion"},{"floor":29,"key":"SteroidPotion"},{"floor":33,"key":"Strength Potion"},{"floor":35,"key":"PowerPotion"}],"is_trial":false,"path_per_floor":["M","$","M","?","?","R","E","M","T","R","M","M","E","M","R","B",null,"M","$","?","M","?","E","?","M","T","?","T","E","M","$","R","B",null,"M","?"],"character_chosen":"HIEROPHANT","items_purchased":["Juzu Bracelet"],"campfire_rested":2,"item_purchase_floors":[31],"current_hp_per_floor":[75,75,75,68,61,61,61,55,55,55,49,49,38,38,60,28,92,78,78,78,82,72,60,60,41,41,41,41,37,56,56,83,92,92,66,0,0],"gold":167,"neow_bonus":"THREE_ENEMY_KILL","is_daily":false,"chose_seed":false,"campfire_upgraded":2,"win_rate":0.0,"timestamp":1612501523,"path_taken":["M","$","M","?","?","R","E","M","T","R","M","M","E","M","R","BOSS","M","$","?","M","?","E","?","M","T","?","?","E","M","?","R","BOSS","M","?"],"items_purchased_type":["Relic"],"build_version":"2020-12-22","purchased_purges":2,"victory":false,"max_hp_per_floor":[75,75,75,75,75,75,75,75,75,75,75,75,75,75,75,75,92,92,92,92,92,92,92,92,92,92,92,92,92,92,92,92,92,92,92,92,92],"card_choices":[{"not_picked":["hierophant:Doubloon","hierophant:Sermon","hierophant:SealAway"],"picked":"SKIP","floor":1},{"not_picked":["hierophant:TollTheBells","hierophant:ArchangelShield"],"picked":"hierophant:Endure","floor":3},{"not_picked":["hierophant:HammerAndAnvil","hierophant:FieryStrike"],"picked":"hierophant:Community","floor":7},{"not_picked":["hierophant:Blessing","hierophant:Exaltation"],"picked":"hierophant:MorningPrayer","floor":8},{"not_picked":["hierophant:SecretStash","hierophant:AuricShield","hierophant:MorningPrayer"],"picked":"SKIP","floor":11},{"not_picked":["hierophant:SealAway","hierophant:Doubloon","hierophant:FieryStrike"],"picked":"SKIP","floor":12},{"not_picked":["hierophant:RecallFunds","hierophant:FaithHealing"],"picked":"hierophant:Glossolalia","floor":13},{"not_picked":["hierophant:Flagellation","hierophant:Cornucopia","hierophant:MorningPrayer"],"picked":"SKIP","floor":14},{"not_picked":["hierophant:Invocation","hierophant:Levitation"],"picked":"hierophant:Determination","floor":16},{"not_picked":["hierophant:RepressedViolence","hierophant:Encroach"],"picked":"hierophant:Refuge","floor":18},{"not_picked":["hierophant:FieryStrike","hierophant:Community+1"],"picked":"hierophant:Smite","floor":21},{"not_picked":["hierophant:Purify","hierophant:Flagellation"],"picked":"hierophant:Doubloon","floor":23},{"not_picked":["hierophant:RustyCrate","hierophant:MorningPrayer"],"picked":"hierophant:CursedGold","floor":25},{"not_picked":["hierophant:RustyCrate","hierophant:Anathema+1"],"picked":"hierophant:ArchangelShield+1","floor":29},{"not_picked":["hierophant:SolarFlare+1","hierophant:AuricBeam+1"],"picked":"hierophant:RepressedViolence+1","floor":30},{"not_picked":["hierophant:FieryStrike+1","hierophant:PristineSoul"],"picked":"hierophant:Doomsaying+1","floor":35}],"player_experience":123375,"relics_obtained":[{"floor":7,"key":"Mummified Hand"},{"floor":9,"key":"Gremlin Horn"},{"floor":13,"key":"Boot"},{"floor":17,"key":"Strawberry"},{"floor":17,"key":"Pear"},{"floor":17,"key":"Ice Cream"},{"floor":23,"key":"HollowMod:PaleOreRelic"},{"floor":26,"key":"Molten Egg 2"},{"floor":28,"key":"Bottled Flame"},{"floor":29,"key":"Lantern"}],"event_choices":[{"cards_removed":["hierophant:Strike_Hierophant"],"damage_healed":0,"gold_gain":0,"player_choice":"Card Removal","damage_taken":7,"max_hp_gain":0,"max_hp_loss":0,"event_name":"Golden Wing","floor":4,"gold_loss":0},{"damage_healed":0,"gold_gain":0,"player_choice":"Success","damage_taken":7,"relics_obtained":["HornCleat"],"max_hp_gain":0,"max_hp_loss":0,"event_name":"Scrap Ooze","floor":5,"gold_loss":0},{"damage_healed":0,"gold_gain":0,"player_choice":"Fight","damage_taken":0,"max_hp_gain":0,"max_hp_loss":0,"event_name":"MindBloom","floor":36,"gold_loss":0}],"is_beta":false,"boss_relics":[{"not_picked":["Tiny House","Snecko Eye"],"picked":"Calling Bell"},{"not_picked":["Fusion Hammer","Sozu"],"picked":"SlaversCollar"}],"items_purged_floors":[2,19],"is_endless":false,"potions_floor_spawned":[3,11,14,18,25,29,33,35],"killed_by":"Mind Bloom Boss Battle","ascension_level":0}}