{"host":"4ih4fq53sefgqhvb","time":1612485975,"event":{"mods":["AchievementEnabler","Aspiration","Bard","BaseMod","BetterRewards","Colored Map","Colored Powertips","Conspire","Downfall","Googly Eyes","Hermit","Highlight Path","Hubris","Infinite Spire","Jedi Mod","Jorbs\u0027s Wanderer Trilogy","Marisa????????","Mimic Mod","Minty Spire (QoL Compilation)","Quick Restart","Relic Stats","Replay The Spire","Shop Mod","StSLib","The Animator","The Cursed","The Disciple","The Jungle","The Runesmith","The Servant 0.9.4"],"gold_per_floor":[349,360,360,373,391,421,459,475,492,502,530,330,605,622,636,738,738,738,751,260,260,260,270,270,285,304,9,9,20,20,20,38,133,133,33,43,58,333,344,89,122,139,139,139,139,139,139,139],"floor_reached":46,"language":"ENG","playtime":3059,"items_purged":["Regret","Pain"],"score":586,"play_id":"99b683ca-24d1-404f-9ff1-9fbb70b003a8","local_time":"20210204164615","is_ascension_mode":false,"campfire_choices":[{"floor":1,"key":"RECALL"},{"floor":12,"key":"REST"},{"data":"bronze:SpaghettiCode","floor":18,"key":"SMITH"},{"floor":28,"key":"REST"},{"floor":30,"key":"REST"},{"data":"bronze:Assembly","floor":35,"key":"SMITH"},{"data":"bronze:Assembly","floor":43,"key":"SMITH"}],"circlet_count":0,"master_deck":["bronze:Strike","bronze:Strike","bronze:Strike","bronze:Strike","bronze:Defend","bronze:Defend","bronze:Defend","bronze:Defend","bronze:Replicate","bronze:Goto","downfall:Icky","bronze:BronzeOrb","bronze:Overheat","bronze:SpaghettiCode+1","bronze:BronzeOrb","bronze:GetLatest","bronze:Branch","bronze:ForceShield","bronze:Iterate","bronze:Branch","bronze:Repulsor","bronze:Optimize","bronze:ThunderWave+1","bronze:Backtrace+1","bronze:Backtrace+1","bronze:Format+1","bronze:WhirlingStrike","bronze:OilSpill","bronze:OilSpill","hubris:Fate","bronze:Return","bronze:DelayedSlice","bronze:Branch","bronze:Backtrace","bronze:Boost+1","bronze:Branch","bronze:ClassDefault","bronze:Repair","bronze:Assembly+1","bronze:ClassDefault+1","bronze:BitShift+1","Regret","bronze:Safeguard+1","Bandage Up","bronze:Assembly+1","bronze:Fortify+1","Parasite","bronze:Overload","expansioncontent:Chronoboost","expansioncontent:PolyBeam","expansioncontent:AwakenDeath"],"relics":["bronze:PlatinumCore","hexamod:Sixitude","jedi:crownofsimplicity","Mercury Hourglass","downfall:HeartBlessingRed","downfall:HeartBlessingGreen","conspire:RoyalGoblet","Pen Nib","Bottled Tornado","MerchantsRug","infinitespire:BottledMercury","downfall:HeartBlessingBlue","Bird Faced Urn","Quantum Egg"],"acts_visited":["Exordium","TheCity","TheBeyond"],"potions_floor_usage":[7,11,11,16,33,39,46,46],"damage_taken":[{"damage":0,"enemies":"2 Louse","floor":2,"turns":2},{"damage":4,"enemies":"Cultist","floor":4,"turns":5},{"damage":1,"enemies":"Jaw Worm","floor":5,"turns":4},{"damage":24,"enemies":"Gremlin Nob","floor":6,"turns":4},{"damage":0,"enemies":"Exordium Thugs","floor":7,"turns":6},{"damage":12,"enemies":"Exordium Thugs","floor":8,"turns":4},{"damage":1,"enemies":"Red Slaver","floor":9,"turns":3},{"damage":0,"enemies":"Blue Slaver","floor":10,"turns":1},{"damage":0,"enemies":"Lagavulin","floor":11,"turns":6},{"damage":4,"enemies":"Exordium Wildlife","floor":14,"turns":3},{"damage":0,"enemies":"Lots of Slimes","floor":15,"turns":3},{"damage":23,"enemies":"DF_ARCHETYPE_STREAMLINE","floor":16,"turns":11},{"damage":5,"enemies":"Shell Parasite","floor":19,"turns":4},{"damage":12,"enemies":"downfall:FleeingMerchant","floor":20,"turns":4},{"damage":0,"enemies":"Centurion and Healer","floor":23,"turns":3},{"damage":7,"enemies":"Snake Plant","floor":25,"turns":2},{"damage":0,"enemies":"Sentry and Sphere","floor":26,"turns":2},{"damage":9,"enemies":"downfall:FleeingMerchant","floor":27,"turns":4},{"damage":4,"enemies":"Shelled Parasite and Fungi","floor":29,"turns":2},{"damage":0,"enemies":"Centurion and Healer","floor":32,"turns":3},{"damage":16,"enemies":"WA_ARCHETYPE_CALM","floor":33,"turns":3},{"damage":0,"enemies":"3 Shapes","floor":36,"turns":1},{"damage":7,"enemies":"3 Darklings","floor":37,"turns":5},{"damage":26,"enemies":"Transient","floor":39,"turns":5},{"damage":6,"enemies":"Writhing Mass","floor":41,"turns":9},{"damage":0,"enemies":"Writhing Mass","floor":42,"turns":4},{"damage":16,"enemies":"infinitespire:Three Voidlings","floor":46,"turns":4},{"damage":130,"enemies":"Nightmare_Alpha","floor":46,"turns":7}],"seed_played":"-7494629306852640488","potions_obtained":[{"floor":2,"key":"hexamod:SoulburnPotion"},{"floor":3,"key":"downfall:CursedFountainPotion"},{"floor":4,"key":"Milkshake"},{"floor":8,"key":"SmokeBomb"},{"floor":14,"key":"EssenceOfSteel"},{"floor":25,"key":"Death Potion"},{"floor":26,"key":"jedi:wingpotion"},{"floor":32,"key":"Adrenaline Potion"},{"floor":37,"key":"SpeedPotion"},{"floor":39,"key":"bronze:BurnAndBuffPotion"}],"is_trial":false,"path_per_floor":["R","M","?","M","M","E","MIM","M","M","M","E","R","?","M","M","B",null,"R","M","$","?","?","M","T","M","M","$","R","M","R","?","M","B",null,"R","M","M","?","M","$","MIM","M","R","?","?","?"],"character_chosen":"THE_AUTOMATON","items_purchased":["Pen Nib","bronze:Format","bronze:WhirlingStrike","bronze:OilSpill","Guide Book","MerchantsRug","infinitespire:BottledMercury","bronze:Boost+1","bronze:Branch","Bandage Up","bronze:Assembly"],"campfire_rested":3,"item_purchase_floors":[20,20,20,20,27,27,27,27,27,40,40],"current_hp_per_floor":[70,70,70,66,65,41,41,29,28,28,28,49,49,45,45,22,70,70,65,53,36,36,36,36,29,29,20,41,37,58,45,45,29,75,85,85,78,78,59,59,85,85,85,85,75,0,0,0],"gold":139,"neow_bonus":"TWO_FIFTY_GOLD","is_daily":false,"chose_seed":false,"campfire_upgraded":3,"win_rate":0.0,"timestamp":1612485975,"path_taken":["R","M","?","?","M","E","MIM","M","M","M","E","R","?","M","M","BOSS","R","M","$","?","?","?","T","M","M","?","R","M","R","?","M","BOSS","R","M","M","?","?","$","MIM","M","R","?","?","?"],"items_purchased_type":["Relic","Card","Card","Card","Relic","Relic","Relic","Card","Card","Card","Card"],"build_version":"2020-12-22","purchased_purges":2,"victory":false,"max_hp_per_floor":[70,70,70,70,70,70,70,70,70,70,70,70,70,70,70,70,70,70,70,70,70,70,70,70,70,70,70,70,70,70,75,75,75,75,85,85,85,85,85,85,85,85,85,85,85,85,85,85],"relic_stats":{"counters":[28,113],"Bird Faced Urn":[10],"Pen Nib":[16],"obtain_stats":[{"MerchantsRug":27,"infinitespire:BottledMercury":27,"bronze:PlatinumCore":34,"bronze:BronzeCore":0,"downfall:HeartBlessingRed":12,"conspire:RoyalGoblet":17,"Guide Book":27,"Quantum Egg":44,"hexamod:Sixitude":6,"downfall:HeartBlessingGreen":12,"Pen Nib":20,"jedi:crownofsimplicity":7,"Bottled Tornado":22,"Mercury Hourglass":11,"downfall:HeartBlessingBlue":35,"Bird Faced Urn":41},{"MerchantsRug":18,"infinitespire:BottledMercury":18,"bronze:PlatinumCore":21,"bronze:BronzeCore":0,"downfall:HeartBlessingRed":9,"conspire:RoyalGoblet":12,"Guide Book":18,"Quantum Egg":26,"hexamod:Sixitude":4,"downfall:HeartBlessingGreen":9,"Pen Nib":14,"jedi:crownofsimplicity":5,"Bottled Tornado":14,"Mercury Hourglass":9,"downfall:HeartBlessingBlue":21,"Bird Faced Urn":25},{"MerchantsRug":71,"infinitespire:BottledMercury":71,"bronze:PlatinumCore":78,"bronze:BronzeCore":0,"downfall:HeartBlessingRed":35,"conspire:RoyalGoblet":52,"Guide Book":71,"Quantum Egg":102,"hexamod:Sixitude":15,"downfall:HeartBlessingGreen":35,"Pen Nib":60,"jedi:crownofsimplicity":21,"Bottled Tornado":60,"Mercury Hourglass":35,"downfall:HeartBlessingBlue":78,"Bird Faced Urn":98}],"Mercury Hourglass":[230]},"card_choices":[{"not_picked":["bronze:DelayedGuard","bronze:Frontload"],"picked":"bronze:BronzeOrb","floor":2},{"not_picked":["bronze:BitShift","bronze:Invalidate"],"picked":"bronze:Overheat","floor":4},{"not_picked":["bronze:BuggyMess","bronze:Shield"],"picked":"bronze:SpaghettiCode","floor":5},{"not_picked":["bronze:FineTuning","bronze:Allocate"],"picked":"bronze:BronzeOrb","floor":6},{"not_picked":["bronze:Branch","bronze:DelayedGuard"],"picked":"bronze:GetLatest","floor":7},{"not_picked":["bronze:DelayedSlice","bronze:Deprecate"],"picked":"bronze:Branch","floor":8},{"not_picked":["bronze:MaxOutput","bronze:Branch"],"picked":"bronze:ForceShield","floor":9},{"not_picked":["bronze:WildBeam","bronze:Verify"],"picked":"bronze:Iterate","floor":10},{"not_picked":["bronze:BurnOut","bronze:BuggyMess"],"picked":"bronze:Branch","floor":11},{"not_picked":["bronze:Turbo","bronze:ChildClass"],"picked":"bronze:Repulsor","floor":14},{"not_picked":["bronze:BugBarrage","bronze:WhirlingStrike"],"picked":"bronze:Optimize","floor":15},{"not_picked":["bronze:CleanCode","bronze:HardenedForm"],"picked":"bronze:ThunderWave","floor":16},{"not_picked":["bronze:FollowUp","bronze:Overheat"],"picked":"bronze:Backtrace+1","floor":19},{"not_picked":["bronze:Deprecate","bronze:MaxOutput+1"],"picked":"bronze:Backtrace+1","floor":20},{"not_picked":["infinitespire:TheBestDefense","infinitespire:Oblivion"],"picked":"hubris:Fate","floor":21},{"not_picked":["bronze:BugBarrage","bronze:DelayedGuard+1"],"picked":"bronze:Return","floor":23},{"not_picked":["bronze:WhirlingStrike+1","bronze:BuggyMess"],"picked":"bronze:DelayedSlice","floor":25},{"not_picked":["bronze:Iterate","bronze:BugBarrage"],"picked":"bronze:Branch","floor":26},{"not_picked":["bronze:BuggyMess","bronze:Overload"],"picked":"bronze:Backtrace","floor":27},{"not_picked":["bronze:Boost","bronze:BugBarrage"],"picked":"bronze:ClassDefault","floor":29},{"not_picked":["bronze:DarkDash","bronze:BuggyMess"],"picked":"bronze:Repair","floor":32},{"not_picked":["bronze:ShipIt","bronze:Verify"],"picked":"bronze:Assembly","floor":33},{"not_picked":["bronze:BitShift","bronze:Deprecate"],"picked":"bronze:ClassDefault+1","floor":36},{"not_picked":["bronze:BuggyMess+1","bronze:DelayedSlice"],"picked":"bronze:BitShift+1","floor":37},{"not_picked":["bronze:Optimize+1","bronze:Overheat"],"picked":"bronze:Safeguard+1","floor":39},{"not_picked":["bronze:Frontload+1","bronze:Invalidate+1"],"picked":"bronze:Fortify+1","floor":41},{"not_picked":["bronze:WhirlingStrike+1","bronze:Constructor"],"picked":"bronze:Overload","floor":42},{"not_picked":["Replay:SS_forest_2","expansioncontent:GuardianWhirl"],"picked":"expansioncontent:Chronoboost","floor":45},{"not_picked":["Replay:SS_hec_1","expansioncontent:GuardianWhirl"],"picked":"expansioncontent:PolyBeam","floor":45},{"not_picked":["Replay:SS_forest_2","Replay:SS_hec_1"],"picked":"expansioncontent:AwakenDeath","floor":45}],"player_experience":995300,"relics_obtained":[{"floor":6,"key":"hexamod:Sixitude"},{"floor":7,"key":"jedi:crownofsimplicity"},{"floor":11,"key":"Mercury Hourglass"},{"floor":41,"key":"Bird Faced Urn"},{"floor":44,"key":"Quantum Egg"}],"event_choices":[],"is_beta":false,"boss_relics":[{"not_picked":["Ring of Chaos","ReplayTheSpireMod:DimensionalGlitch"],"picked":"conspire:RoyalGoblet"},{"not_picked":["Replay:Fungal Core","conspire:SlowCooker"],"picked":"bronze:PlatinumCore"}],"items_purged_floors":[20,40],"is_endless":false,"potions_floor_spawned":[2,4,8,14,25,26,32,37,39,46],"killed_by":"Nightmare_Alpha","ascension_level":0}}