{"host":"gfxjwtol062e9znw","time":1612514377,"event":{"mods":["BaseMod","Colored Map","Minty Spire (QoL Compilation)","Rare Cards Sparkle"],"gold_per_floor":[113,128,138,150,170,170,183,212,212,212,212,212,212,243,243,372,372,388,409,429,85,85,118,132,153,234,234,234],"floor_reached":27,"language":"ENG","playtime":1248,"items_purged":["Strike_R"],"score":383,"play_id":"53891997-856d-4322-8469-3a8facfea868","local_time":"20210205193937","is_ascension_mode":true,"campfire_choices":[{"data":"Berserk","floor":6.0,"key":"SMITH"},{"floor":10.0,"key":"REST"},{"data":"Clothesline","floor":13.0,"key":"SMITH"},{"data":"Whirlwind","floor":15.0,"key":"SMITH"}],"circlet_count":0,"master_deck":["Strike_R","Strike_R","Strike_R","Strike_R","Defend_R","Defend_R","Defend_R","Defend_R","Bash","Feed","Clothesline+1","Berserk+1","Shrug It Off","Shockwave","Anger","Battle Trance","Metallicize","Whirlwind+1","Whirlwind+1"],"relics":["Burning Blood","Regal Pillow","PreservedInsect","Golden Idol","Smiling Mask","Snecko Eye","InkBottle","Tiny Chest","Letter Opener","Shuriken"],"acts_visited":["Exordium","TheCity"],"potions_floor_usage":[27,27],"damage_taken":[{"damage":2.0,"enemies":"Jaw Worm","floor":1.0,"turns":3.0},{"damage":6.0,"enemies":"2 Louse","floor":2.0,"turns":2.0},{"damage":1.0,"enemies":"Cultist","floor":3.0,"turns":3.0},{"damage":17.0,"enemies":"2 Fungi Beasts","floor":4.0,"turns":7.0},{"damage":21.0,"enemies":"Large Slime","floor":5.0,"turns":8.0},{"damage":5.0,"enemies":"Blue Slaver","floor":7.0,"turns":4.0},{"damage":12.0,"enemies":"3 Sentries","floor":8.0,"turns":6.0},{"damage":8.0,"enemies":"Gremlin Nob","floor":14.0,"turns":3.0},{"damage":13.0,"enemies":"Slime Boss","floor":16.0,"turns":7.0},{"damage":2.0,"enemies":"3 Byrds","floor":18.0,"turns":4.0},{"damage":23.0,"enemies":"Shell Parasite","floor":19.0,"turns":7.0},{"damage":7.0,"enemies":"Centurion and Healer","floor":20.0,"turns":4.0},{"damage":31.0,"enemies":"Slavers","floor":23.0,"turns":3.0},{"damage":35.0,"enemies":"Shelled Parasite and Fungi","floor":24.0,"turns":6.0},{"damage":21.0,"enemies":"Snake Plant","floor":25.0,"turns":4.0},{"damage":20,"enemies":"Book of Stabbing","floor":27,"turns":3}],"seed_played":"-7649459642683701600","potions_obtained":[{"floor":2.0,"key":"CultistPotion"},{"floor":3.0,"key":"AttackPotion"},{"floor":5.0,"key":"EssenceOfSteel"},{"floor":14.0,"key":"BlessingOfTheForge"},{"floor":23.0,"key":"Explosive Potion"}],"is_trial":false,"path_per_floor":["M","M","M","M","M","R","M","E","T","R","?","?","R","E","R","B",null,"M","M","M","$","?","E","M","M","T","E"],"character_chosen":"IRONCLAD","items_purchased":["InkBottle","PowerPotion"],"campfire_rested":1,"item_purchase_floors":[21,21],"current_hp_per_floor":[79,82,86,78,63,63,64,58,58,89,94,87,87,88,88,81,88,93,76,78,78,78,53,27,15,15,0,0],"gold":234,"neow_bonus":"ONE_RANDOM_RARE_CARD","is_daily":false,"chose_seed":false,"campfire_upgraded":3,"win_rate":0.0,"timestamp":1612514377,"path_taken":["M","M","M","M","M","R","M","E","T","R","?","?","R","E","R","BOSS","M","M","M","$","?","E","M","M","T","E"],"items_purchased_type":["Relic","Potion"],"build_version":"2020-12-22","purchased_purges":1,"victory":false,"max_hp_per_floor":[83,86,86,89,89,89,89,89,89,89,94,87,87,90,90,90,90,93,93,96,96,96,96,99,102,102,102,102],"card_choices":[{"not_picked":["Havoc","Iron Wave"],"picked":"Clothesline","floor":1.0},{"not_picked":["Havoc","True Grit"],"picked":"Berserk","floor":2.0},{"not_picked":["Twin Strike","Blood for Blood"],"picked":"Shrug It Off","floor":3.0},{"not_picked":["Armaments","Barricade"],"picked":"Shockwave","floor":4.0},{"not_picked":["Feel No Pain","True Grit"],"picked":"Anger","floor":5.0},{"not_picked":["Clothesline","Sword Boomerang"],"picked":"Battle Trance","floor":7.0},{"not_picked":["Impervious","Iron Wave"],"picked":"Metallicize","floor":8.0},{"not_picked":["Seeing Red","Feel No Pain"],"picked":"Whirlwind","floor":14.0},{"not_picked":["Wild Strike+1","Headbutt+1","Flex+1"],"picked":"SKIP","floor":18.0},{"not_picked":["Anger+1","Flex","Seeing Red"],"picked":"SKIP","floor":19.0},{"not_picked":["Berserk","Headbutt+1","Battle Trance"],"picked":"SKIP","floor":20.0},{"not_picked":["Cleave","Ghostly Armor"],"picked":"Whirlwind+1","floor":23.0},{"not_picked":["Rage","Iron Wave+1","Spot Weakness"],"picked":"SKIP","floor":24.0},{"not_picked":["Twin Strike+1","Warcry+1","Disarm"],"picked":"SKIP","floor":25.0}],"player_experience":86093,"relics_obtained":[{"floor":8.0,"key":"Regal Pillow"},{"floor":9.0,"key":"PreservedInsect"},{"floor":14.0,"key":"Smiling Mask"},{"floor":23.0,"key":"Letter Opener"},{"floor":26,"key":"Shuriken"}],"event_choices":[{"damage_healed":0.0,"max_hp_gain":5.0,"max_hp_loss":0.0,"gold_gain":0.0,"event_name":"Big Fish","player_choice":"Donut","floor":11.0,"gold_loss":0.0,"damage_taken":0.0},{"damage_healed":0.0,"max_hp_gain":0.0,"max_hp_loss":7.0,"gold_gain":0.0,"event_name":"Golden Idol","player_choice":"Lose Max HP","floor":12.0,"gold_loss":0.0,"damage_taken":0.0,"relics_obtained":["Golden Idol"]},{"damage_healed":0.0,"max_hp_gain":0.0,"max_hp_loss":0.0,"gold_gain":0.0,"event_name":"The Mausoleum","player_choice":"Opened","floor":22.0,"gold_loss":0.0,"damage_taken":0.0,"relics_obtained":["Tiny Chest"]}],"is_beta":false,"boss_relics":[{"not_picked":["Black Star","Tiny House"],"picked":"Snecko Eye"}],"items_purged_floors":[21],"is_endless":false,"potions_floor_spawned":[2,3,5,14,23],"killed_by":"Book of Stabbing","ascension_level":9}}