{"host":"5n1fl7z5i1vf7jan","time":1612497042,"event":{"mods":["BaseMod","Minty Spire (QoL Compilation)","Quick Restart","Relic Stats"],"gold_per_floor":[112,122,122,122,133,162,175,15,62,62,62,10,44,60,60,139,189,208,39,49,49,49,74,86,86,86,114,18,18,35,305,305,305,305],"floor_reached":33,"language":"ENG","playtime":1098,"items_purged":[],"score":645,"play_id":"a439b399-0339-4307-8fe8-6e14e9a17250","local_time":"20210204195042","is_ascension_mode":true,"campfire_choices":[{"floor":10.0,"key":"REST"},{"floor":15.0,"key":"RECALL"},{"floor":25.0,"key":"REST"},{"floor":29.0,"key":"REST"},{"floor":32.0,"key":"REST"}],"circlet_count":0,"master_deck":["AscendersBane","Defend_P","Defend_P","Defend_P","Defend_P","Eruption","Vigilance","FollowUp","EmptyFist+1","TalkToTheHand+1","CrushJoints","BowlingBash","Halt","FlurryOfBlows","FollowUp","LikeWater","Sanctity","CarveReality","ReachHeaven","InnerPeace","Writhe","Weave+1","Ragnarok+1","Fasting2","TalkToTheHand+1","Panacea"],"relics":["Fusion Hammer","Mango","Art of War","Whetstone","MealTicket","Orichalcum","Tiny House","Bag of Marbles","Molten Egg 2","Bag of Preparation","Pantograph","Mummified Hand"],"acts_visited":["TheCity"],"potions_floor_usage":[33],"damage_taken":[{"damage":0.0,"enemies":"Cultist","floor":1.0,"turns":3.0},{"damage":1.0,"enemies":"Small Slimes","floor":2.0,"turns":3.0},{"damage":0.0,"enemies":"Jaw Worm","floor":5.0,"turns":3.0},{"damage":14.0,"enemies":"Lagavulin","floor":6.0,"turns":9.0},{"damage":0.0,"enemies":"3 Louse","floor":7.0,"turns":2.0},{"damage":0.0,"enemies":"Gremlin Nob","floor":13.0,"turns":2.0},{"damage":0.0,"enemies":"2 Fungi Beasts","floor":14.0,"turns":3.0},{"damage":33.0,"enemies":"The Guardian","floor":16.0,"turns":14.0},{"damage":11.0,"enemies":"Shell Parasite","floor":18.0,"turns":6.0},{"damage":0.0,"enemies":"Chosen","floor":20.0,"turns":3.0},{"damage":24.0,"enemies":"Book of Stabbing","floor":23.0,"turns":5.0},{"damage":6.0,"enemies":"Centurion and Healer","floor":24.0,"turns":3.0},{"damage":32.0,"enemies":"Gremlin Leader","floor":27.0,"turns":4.0},{"damage":5.0,"enemies":"Snake Plant","floor":30.0,"turns":3.0},{"damage":105,"enemies":"Automaton","floor":33,"turns":10}],"seed_played":"918438760464606786","potions_obtained":[{"floor":1.0,"key":"SkillPotion"},{"floor":5.0,"key":"Weak Potion"},{"floor":6.0,"key":"Explosive Potion"},{"floor":17.0,"key":"SkillPotion"},{"floor":18.0,"key":"Ambrosia"}],"is_trial":false,"path_per_floor":["M","M","T","?","M","E","M","$","T","R","?","$","E","M","R","B",null,"M","$","M","?","?","E","M","R","T","E","$","R","M","?","R","B"],"character_chosen":"WATCHER","items_purchased":["Whetstone","FlurryOfBlows","Bag of Marbles","TalkToTheHand+1","BottledMiracle"],"campfire_rested":4,"item_purchase_floors":[8,12,19,28,28],"current_hp_per_floor":[61,60,74,74,74,60,60,60,60,82,75,82,82,82,82,49,79,68,83,83,83,83,59,53,79,79,47,62,87,82,29,58,0,0],"gold":305,"neow_bonus":"BOSS_RELIC","is_daily":false,"chose_seed":false,"campfire_upgraded":0,"win_rate":0.0,"timestamp":1612497042,"path_taken":["M","M","?","?","M","E","M","$","T","R","?","?","E","M","R","BOSS","M","$","M","?","?","E","M","R","T","E","$","R","M","?","R","BOSS"],"items_purchased_type":["Relic","Card","Relic","Card","Potion"],"build_version":"2020-12-22","purchased_purges":0,"victory":false,"max_hp_per_floor":[68,68,82,82,82,82,82,82,82,82,82,82,82,82,82,82,87,87,87,87,87,87,87,87,87,87,87,87,87,87,97,97,97,97],"relic_stats":{"counters":[15,73],"Mummified Hand":[3],"Pantograph":25,"MealTicket":37,"Art of War":[3],"Bag of Preparation":[8],"Whetstone":["EmptyFist","TalkToTheHand"],"Orichalcum":[18],"obtain_stats":[{"Tiny House":17,"Mango":3,"Bag of Preparation":23,"Whetstone":8,"Orichalcum":13,"Mummified Hand":27,"Pantograph":26,"MealTicket":9,"Molten Egg 2":22,"Fusion Hammer":0,"Art of War":6,"Bag of Marbles":19,"PureWater":0},{"Tiny House":8,"Mango":2,"Bag of Preparation":11,"Whetstone":5,"Orichalcum":6,"Mummified Hand":13,"Pantograph":12,"MealTicket":5,"Molten Egg 2":10,"Fusion Hammer":0,"Art of War":4,"Bag of Marbles":9,"PureWater":0},{"Tiny House":39,"Mango":6,"Bag of Preparation":53,"Whetstone":20,"Orichalcum":22,"Mummified Hand":60,"Pantograph":56,"MealTicket":20,"Molten Egg 2":48,"Fusion Hammer":0,"Art of War":18,"Bag of Marbles":45,"PureWater":0}]},"card_choices":[{"not_picked":["Nirvana","Study"],"picked":"FollowUp","floor":1.0},{"not_picked":["ThirdEye","CrushJoints"],"picked":"EmptyFist","floor":2.0},{"not_picked":["Evaluate","Protect"],"picked":"CrushJoints","floor":5.0},{"not_picked":["ThirdEye","ReachHeaven"],"picked":"BowlingBash","floor":6.0},{"not_picked":["ConjureBlade","Pray"],"picked":"Halt","floor":7.0},{"not_picked":["CrushJoints","Weave"],"picked":"FollowUp","floor":13.0},{"not_picked":["EmptyFist","Study"],"picked":"LikeWater","floor":14.0},{"not_picked":["ClearTheMind","Worship"],"picked":"Sanctity","floor":18.0},{"not_picked":["JustLucky","Pray"],"picked":"CarveReality","floor":20.0},{"not_picked":["Halt","Crescendo"],"picked":"Weave+1","floor":23.0},{"not_picked":["JustLucky+1","EmptyMind"],"picked":"Ragnarok+1","floor":24.0},{"not_picked":["Perseverance","ReachHeaven+1"],"picked":"Fasting2","floor":27.0},{"not_picked":["ForeignInfluence","EmptyFist+1","ClearTheMind"],"picked":"SKIP","floor":30.0}],"player_experience":314217,"relics_obtained":[{"floor":3.0,"key":"Mango"},{"floor":6.0,"key":"Art of War"},{"floor":9.0,"key":"MealTicket"},{"floor":13.0,"key":"Orichalcum"},{"floor":23.0,"key":"Bag of Preparation"},{"floor":26.0,"key":"Pantograph"},{"floor":27.0,"key":"Mummified Hand"}],"event_choices":[{"damage_healed":0.0,"max_hp_gain":0.0,"max_hp_loss":0.0,"gold_gain":0.0,"cards_transformed":["Strike_P"],"event_name":"Living Wall","player_choice":"Change","floor":4.0,"gold_loss":0.0,"damage_taken":0.0,"cards_obtained":["TalkToTheHand"]},{"cards_removed":["Strike_P"],"damage_healed":0.0,"max_hp_gain":0.0,"max_hp_loss":0.0,"gold_gain":0.0,"event_name":"Golden Wing","player_choice":"Card Removal","floor":11.0,"gold_loss":0.0,"damage_taken":7.0},{"damage_healed":0.0,"max_hp_gain":0.0,"max_hp_loss":0.0,"gold_gain":0.0,"cards_transformed":["Strike_P","Strike_P"],"event_name":"Drug Dealer","player_choice":"Became Test Subject","floor":21.0,"gold_loss":0.0,"damage_taken":0.0,"cards_obtained":["ReachHeaven","InnerPeace"]},{"damage_healed":0.0,"max_hp_gain":0.0,"max_hp_loss":0.0,"gold_gain":0.0,"event_name":"The Mausoleum","player_choice":"Opened","floor":22.0,"gold_loss":0.0,"damage_taken":0.0,"relics_obtained":["Molten Egg 2"],"cards_obtained":["Writhe"]},{"damage_healed":0.0,"max_hp_gain":0.0,"max_hp_loss":0.0,"gold_gain":270.0,"event_name":"Knowing Skull","player_choice":"POTION POTION POTION POTION GOLD GOLD GOLD CARD ","floor":31.0,"potions_obtained":["SmokeBomb","Fruit Juice","Fruit Juice","Energy Potion"],"gold_loss":0.0,"damage_taken":63.0,"cards_obtained":["Panacea"]}],"is_beta":false,"boss_relics":[{"not_picked":["Cursed Key","Busted Crown"],"picked":"Tiny House"}],"items_purged_floors":[],"is_endless":false,"potions_floor_spawned":[1,5,6,18,20],"killed_by":"Automaton","ascension_level":19}}