{"host":"qvcm5n1ry1q9iv9x","time":1612545229,"event":{"mods":["Act Like it!","BaseMod","BetterRewards","Colored Map","Colored Powertips","Downfall","Friendly Minions","Highlight Path","Minty Spire (QoL Compilation)","Quick Restart","Relic Sorter","Shop Mod","StSLib"],"gold_per_floor":[99,99,116,116,133,164,164,76,89,89,119,130,130,164,178,273,273,173,189,189,1,16,26,53,88,113,140,179,201,226,249,269,269,269,269],"floor_reached":33,"language":"ZHS","playtime":1637,"items_purged":[],"score":313,"play_id":"46e4a61d-a059-4e1a-ba7d-8fec610dc39e","local_time":"20210206011349","is_ascension_mode":false,"campfire_choices":[{"data":"Guardian:TwinSlam","floor":1.0,"key":"SMITH"},{"data":"Guardian:PrismaticBeam","floor":10.0,"key":"SMITH"},{"data":"Guardian:Preprogram","floor":13.0,"key":"SMITH"},{"data":"Guardian:TimeSifter","floor":18.0,"key":"SMITH"}],"circlet_count":0,"master_deck":["Guardian:Strike_Guardian","Guardian:Strike_Guardian+1","Guardian:Strike_Guardian+1","Guardian:Strike_Guardian","Guardian:Defend_Guardian+1","Guardian:Defend_Guardian","Guardian:Defend_Guardian","Guardian:Defend_Guardian","Guardian:CurlUp","Guardian:TwinSlam+1","downfall:Malfunctioning","Guardian:MultiBeam","Guardian:TimeBomb","Guardian:PrismaticBeam+1","Guardian:Preprogram+1","Guardian:BronzeArmor","Guardian:TimeSifter","Guardian:TimeSifter+1","Guardian:Planning","Guardian:EvasiveProtocol+1","Guardian:Gem_Red","Guardian:BodySlam","Guardian:Gem_Purple","downfall:Icky","Guardian:Gem_Red","Guardian:Suspension+1","Guardian:BaubleBeam","Guardian:Gem_Cyan","Guardian:Gem_Crimson","Guardian:Gem_Fragmented","Guardian:Recover+1","Guardian:StasisField"],"relics":["Coffee Dripper","Boot","Happy Flower","PreservedInsect","Bird Faced Urn","Cursed Key","downfall:HeartBlessingGreen","Bronze Scales","Centennial Puzzle","CeramicFish","Nunchaku"],"acts_visited":["Exordium","TheCity"],"potions_floor_usage":[32,33],"damage_taken":[{"damage":0.0,"enemies":"Small Slimes","floor":3.0,"turns":3.0},{"damage":0.0,"enemies":"Cultist","floor":5.0,"turns":3.0},{"damage":13.0,"enemies":"3 Sentries","floor":6.0,"turns":5.0},{"damage":0.0,"enemies":"downfall:FleeingMerchant","floor":8.0,"turns":4.0},{"damage":5.0,"enemies":"Jaw Worm","floor":9.0,"turns":4.0},{"damage":13.0,"enemies":"Lagavulin","floor":11.0,"turns":5.0},{"damage":0.0,"enemies":"Gremlin Gang","floor":12.0,"turns":2.0},{"damage":9.0,"enemies":"3 Sentries","floor":14.0,"turns":5.0},{"damage":0.0,"enemies":"3 Louse","floor":15.0,"turns":1.0},{"damage":15.0,"enemies":"SI_SHIV_ARCHETYPE","floor":16.0,"turns":8.0},{"damage":9.0,"enemies":"Chosen","floor":19.0,"turns":5.0},{"damage":0.0,"enemies":"downfall:FleeingMerchant","floor":21.0,"turns":4.0},{"damage":0.0,"enemies":"3 Byrds","floor":22.0,"turns":3.0},{"damage":1.0,"enemies":"Cultist and Chosen","floor":23.0,"turns":5.0},{"damage":26.0,"enemies":"Book of Stabbing","floor":25.0,"turns":5.0},{"damage":16.0,"enemies":"Snecko","floor":26.0,"turns":5.0},{"damage":6.0,"enemies":"Shelled Parasite and Fungi","floor":27.0,"turns":3.0},{"damage":16.0,"enemies":"Slavers","floor":28.0,"turns":2.0},{"damage":12.0,"enemies":"Cultist and Chosen","floor":29.0,"turns":6.0},{"damage":9.0,"enemies":"3 Cultists","floor":30.0,"turns":4.0},{"damage":14.0,"enemies":"Centurion and Healer","floor":31.0,"turns":4.0},{"damage":10,"enemies":"Chosen and Byrds","floor":32,"turns":5},{"damage":14,"enemies":"IC_MUSHROOM_ARCHETYPE","floor":33,"turns":1}],"seed_played":"8844158633133767015","potions_obtained":[{"floor":3.0,"key":"Fire Potion"},{"floor":4.0,"key":"downfall:CursedFountainPotion"},{"floor":6.0,"key":"FearPotion"},{"floor":9.0,"key":"Explosive Potion"},{"floor":12.0,"key":"SmokeBomb"},{"floor":19.0,"key":"PowerPotion"},{"floor":25.0,"key":"GamblersBrew"},{"floor":28.0,"key":"Fire Potion"},{"floor":31.0,"key":"Fire Potion"}],"is_trial":false,"path_per_floor":["R","?","M","?","M","E","T","$","M","R","E","M","R","E","M","B",null,"R","M","?","$","M","M","T","E","M","M","E","M","M","M","M","B"],"character_chosen":"GUARDIAN","items_purchased":["Guardian:Gem_White","Guardian:Gem_Red","Bronze Scales"],"campfire_rested":0,"item_purchase_floors":[8,21,21],"current_hp_per_floor":[80,80,80,80,80,67,67,67,62,62,49,49,49,40,40,27,80,80,71,71,75,79,79,79,58,48,48,36,30,25,15,11,0,0,0],"gold":269,"neow_bonus":"BOSS_RELIC","is_daily":false,"chose_seed":false,"campfire_upgraded":4,"win_rate":0.0,"timestamp":1612545229,"path_taken":["R","?","M","?","M","E","T","$","M","R","E","M","R","E","M","BOSS","R","M","?","?","M","M","T","E","M","M","E","?","M","M","M","BOSS"],"items_purchased_type":["Card","Card","Relic"],"build_version":"2020-12-22","purchased_purges":0,"victory":false,"max_hp_per_floor":[80,80,80,80,80,80,80,80,80,80,80,80,80,80,80,80,80,80,80,80,80,80,80,80,80,80,80,80,80,80,80,80,80,80,80],"card_choices":[{"not_picked":["Guardian:TemporalStrike","Guardian:TemporalShield"],"picked":"Guardian:MultiBeam","floor":3.0},{"not_picked":["Guardian:WalkerClaw","Guardian:RollAttack"],"picked":"Guardian:TimeBomb","floor":5.0},{"not_picked":["Guardian:DonusPower","Guardian:Gem_Cyan"],"picked":"Guardian:PrismaticBeam","floor":6.0},{"not_picked":["Guardian:VentSteam","Guardian:ChargeCore"],"picked":"Guardian:Preprogram","floor":8.0},{"not_picked":["Guardian:Suspension","Guardian:FloatingOrbs"],"picked":"Guardian:Gem_Purple","floor":9.0},{"not_picked":["Guardian:TimeCapacitor","Guardian:BronzeOrb"],"picked":"Guardian:Gem_Blue","floor":11.0},{"not_picked":["Guardian:VentSteam","Guardian:ChargeCore"],"picked":"Guardian:BronzeArmor","floor":12.0},{"not_picked":["Guardian:SphericShield","Guardian:BaubleBeam"],"picked":"Guardian:TimeSifter","floor":14.0},{"not_picked":["Guardian:Suspension","Guardian:Harden"],"picked":"Guardian:Gem_Red","floor":15.0},{"not_picked":["Guardian:Gem_Synthetic","Guardian:ExploitGems"],"picked":"Guardian:TimeSifter","floor":16.0},{"not_picked":["Guardian:Preprogram","Guardian:RollAttack+1"],"picked":"Guardian:Planning","floor":19.0},{"not_picked":["Guardian:Incinerate","Guardian:PrimingBeam"],"picked":"Guardian:EvasiveProtocol+1","floor":21.0},{"not_picked":["Guardian:PrimingBeam","Guardian:FloatingOrbs"],"picked":"Guardian:BodySlam","floor":22.0},{"not_picked":["Guardian:DonusPower+1","Guardian:RefractedBeam"],"picked":"Guardian:Gem_Purple","floor":23.0},{"not_picked":["Guardian:FloatingOrbs","Guardian:TemporalStrike"],"picked":"Guardian:Gem_Red","floor":25.0},{"not_picked":["Guardian:Planning","Guardian:Gem_Cyan"],"picked":"Guardian:Suspension+1","floor":26.0},{"not_picked":["Guardian:ChargeCore","Guardian:DonusPower"],"picked":"Guardian:BaubleBeam","floor":27.0},{"not_picked":["Guardian:PiercingHide+1","Guardian:TemporalShield+1"],"picked":"Guardian:Gem_Cyan","floor":28.0},{"not_picked":["Guardian:PrismaticBeam+1","Guardian:Gem_Lightblue"],"picked":"Guardian:Gem_Crimson","floor":29.0},{"not_picked":["Guardian:Harden","Guardian:TemporalStrike+1"],"picked":"Guardian:Gem_Fragmented","floor":30.0},{"not_picked":["Guardian:WalkerClaw+1","Guardian:TemporalStrike"],"picked":"Guardian:Recover+1","floor":31.0},{"not_picked":["Guardian:Gem_White","Guardian:Harden"],"picked":"Guardian:StasisField","floor":32}],"player_experience":181458,"relics_obtained":[{"floor":6.0,"key":"Boot"},{"floor":7.0,"key":"Happy Flower"},{"floor":11.0,"key":"PreservedInsect"},{"floor":14.0,"key":"Bird Faced Urn"},{"floor":24.0,"key":"Centennial Puzzle"},{"floor":25.0,"key":"CeramicFish"},{"floor":28.0,"key":"Nunchaku"}],"event_choices":[],"is_beta":false,"boss_relics":[{"not_picked":["Philosopher\u0027s Stone","Runic Pyramid"],"picked":"Cursed Key"}],"items_purged_floors":[],"is_endless":false,"potions_floor_spawned":[3,6,9,12,16,19,23,25,28,29,31],"killed_by":"IC_MUSHROOM_ARCHETYPE","ascension_level":0}}