{"host":"lpzule13k694vaqg","time":1612537882,"event":{"mods":["BaseMod","Block Reminder","Colored Map","Colored Powertips","Minty Spire (QoL Compilation)","Permanent Neow"],"gold_per_floor":[114,289,289,304,329,359,359,389,414,444,404,434,449,449,449,574,574,593,553,572,591,41,41,41,71,96,96,111,111,126,156,156,156,156],"floor_reached":33,"language":"ENG","playtime":1644,"items_purged":[],"score":431,"play_id":"7f18f2c2-feae-4cb4-a147-60761800189c","local_time":"20210205161122","daily_mods":["Specialized","ControlledChaos","Elite Swarm"],"is_ascension_mode":false,"campfire_choices":[{"data":"Devotion","floor":7,"key":"SMITH"},{"floor":15,"key":"REST"},{"floor":23,"key":"REST"},{"floor":29,"key":"REST"},{"floor":32,"key":"REST"}],"circlet_count":0,"master_deck":["Strike_P","Strike_P","Strike_P","Strike_P","Defend_P","Defend_P","Defend_P","Defend_P","Eruption+1","Vigilance","FlyingSleeves","FlyingSleeves","FlyingSleeves","FlyingSleeves","FlyingSleeves","BowlingBash","Doubt","Consecrate","Devotion+1","MasterReality","Scrawl","Alpha","ClearTheMind+1","DeusExMachina","Consecrate","BattleHymn+1","Pray","EmptyBody","DevaForm","FlurryOfBlows+1","FlurryOfBlows+1","BowlingBash+1","Brilliance+1","EmptyFist+1","FollowUp+1","Establishment"],"relics":["HolyWater","Frozen Eye","Centennial Puzzle","Art of War","Omamori","Potion Belt","Torii","Nunchaku","Bloody Idol","Molten Egg 2","Tiny Chest","Orrery","Question Card","Lantern","Peace Pipe"],"acts_visited":["Exordium","TheCity"],"potions_floor_usage":[6,10,12,12,16,16,16,16,16,16,16,27,33,33],"damage_taken":[{"damage":0,"enemies":"2 Louse","floor":1,"turns":2},{"damage":0,"enemies":"Small Slimes","floor":4,"turns":2},{"damage":13,"enemies":"3 Sentries","floor":6,"turns":2},{"damage":28,"enemies":"Gremlin Nob","floor":8,"turns":4},{"damage":0,"enemies":"Lagavulin","floor":10,"turns":2},{"damage":0,"enemies":"Gremlin Nob","floor":12,"turns":2},{"damage":6,"enemies":"Cultist","floor":13,"turns":3},{"damage":41,"enemies":"Hexaghost","floor":16,"turns":5},{"damage":15,"enemies":"Spheric Guardian","floor":18,"turns":3},{"damage":0,"enemies":"2 Thieves","floor":20,"turns":1},{"damage":15,"enemies":"Snake Plant","floor":21,"turns":5},{"damage":35,"enemies":"Gremlin Leader","floor":25,"turns":6},{"damage":0,"enemies":"Book of Stabbing","floor":27,"turns":2},{"damage":7,"enemies":"Snecko","floor":28,"turns":3},{"damage":2,"enemies":"Chosen and Byrds","floor":30,"turns":4},{"damage":31,"enemies":"Slavers","floor":31,"turns":4},{"damage":20,"enemies":"Automaton","floor":33,"turns":6}],"seed_played":"-8643747277835071688","potions_obtained":[{"floor":1,"key":"BottledMiracle"},{"floor":6,"key":"ColorlessPotion"},{"floor":11,"key":"CultistPotion"},{"floor":11,"key":"SteroidPotion"},{"floor":11,"key":"EntropicBrew"},{"floor":12,"key":"SpeedPotion"},{"floor":28,"key":"LiquidMemories"},{"floor":30,"key":"Strength Potion"}],"is_trial":false,"path_per_floor":["M","?","?","M","T","E","R","E","T","E","?","E","M","?","R","B",null,"M","?","M","M","$","R","?","E","T","E","M","R","M","E","R","B"],"character_chosen":"WATCHER","items_purchased":["Molten Egg 2","Tiny Chest","Orrery"],"campfire_rested":4,"item_purchase_floors":[22,22,22],"current_hp_per_floor":[72,72,72,72,72,59,59,31,31,31,31,31,25,25,46,5,72,57,57,57,42,42,63,63,33,38,38,36,57,60,34,55,35,35],"gold":156,"neow_bonus":"","is_daily":true,"chose_seed":false,"campfire_upgraded":1,"win_rate":0.0,"timestamp":1612537882,"path_taken":["M","?","?","?","?","E","R","E","T","E","?","E","?","?","R","BOSS","M","?","M","?","$","R","?","E","T","E","M","R","M","E","R","BOSS"],"items_purchased_type":["Relic","Relic","Relic"],"build_version":"2020-12-22","purchased_purges":0,"victory":false,"max_hp_per_floor":[72,72,72,72,72,72,72,72,72,72,72,72,72,72,72,72,72,72,72,72,72,72,72,72,72,72,72,72,72,72,72,72,72,72],"card_choices":[{"not_picked":["Sanctity","Conclude"],"picked":"BowlingBash","floor":1},{"not_picked":["CrushJoints","CutThroughFate"],"picked":"Consecrate","floor":4},{"not_picked":["Vault","Scrawl"],"picked":"Devotion","floor":6},{"not_picked":["Alpha","Scrawl"],"picked":"MasterReality","floor":8},{"not_picked":["ConjureBlade","Vault"],"picked":"Scrawl","floor":10},{"not_picked":["MasterReality","Omniscience"],"picked":"Alpha","floor":12},{"not_picked":["PathToVictory","Evaluate"],"picked":"ClearTheMind","floor":13},{"not_picked":["MasterReality","Ragnarok"],"picked":"DeusExMachina","floor":16},{"not_picked":["Sanctity+1","ClearTheMind"],"picked":"Consecrate","floor":18},{"not_picked":["WaveOfTheHand","FlyingSleeves+1"],"picked":"BattleHymn+1","floor":20},{"not_picked":["ClearTheMind","JustLucky"],"picked":"Pray","floor":21},{"not_picked":["ClearTheMind+1","WaveOfTheHand"],"picked":"EmptyBody","floor":22},{"not_picked":["Halt","WreathOfFlame"],"picked":"DevaForm","floor":22},{"not_picked":["EmptyFist+1","Conclude+1"],"picked":"FlurryOfBlows+1","floor":22},{"not_picked":["Indignation","CrushJoints+1"],"picked":"FlurryOfBlows+1","floor":22},{"not_picked":["MentalFortress","Fasting2"],"picked":"BowlingBash+1","floor":22},{"not_picked":["Alpha","ConjureBlade"],"picked":"Brilliance+1","floor":25},{"not_picked":["Halt","Prostrate+1","Evaluate"],"picked":"EmptyFist+1","floor":28},{"not_picked":["WindmillStrike+1","SandsOfTime+1","Protect+1"],"picked":"FollowUp+1","floor":30},{"not_picked":["MasterReality","Ragnarok+1","DeusExMachina"],"picked":"Establishment","floor":31}],"player_experience":12136,"relics_obtained":[{"floor":5,"key":"Centennial Puzzle"},{"floor":6,"key":"Art of War"},{"floor":8,"key":"Omamori"},{"floor":9,"key":"Potion Belt"},{"floor":10,"key":"Torii"},{"floor":12,"key":"Nunchaku"},{"floor":25,"key":"Question Card"},{"floor":26,"key":"Lantern"},{"floor":31,"key":"Peace Pipe"}],"event_choices":[{"damage_healed":0,"gold_gain":175,"player_choice":"AGREE","damage_taken":0,"max_hp_gain":0,"max_hp_loss":0,"event_name":"Liars Game","floor":2,"gold_loss":0,"cards_obtained":["Doubt"]},{"damage_healed":0,"gold_gain":0,"player_choice":"Upgraded","damage_taken":0,"max_hp_gain":0,"max_hp_loss":0,"event_name":"Upgrade Shrine","floor":3,"gold_loss":0,"cards_upgraded":["Eruption"]},{"damage_healed":0,"gold_gain":0,"player_choice":"Bought 3 Potions","damage_taken":0,"max_hp_gain":0,"max_hp_loss":0,"event_name":"The Woman in Blue","floor":11,"gold_loss":0},{"damage_healed":0,"gold_gain":0,"player_choice":"Take Wound","damage_taken":0,"relics_obtained":["Golden Idol"],"max_hp_gain":0,"max_hp_loss":0,"event_name":"Golden Idol","floor":14,"gold_loss":0,"cards_obtained":["Injury"]},{"damage_healed":0,"gold_gain":0,"player_choice":"Upgrade","damage_taken":0,"max_hp_gain":0,"max_hp_loss":0,"event_name":"Designer","floor":19,"gold_loss":40,"cards_upgraded":["ClearTheMind"]},{"damage_healed":0,"gold_gain":0,"player_choice":"Gave Idol","damage_taken":0,"relics_obtained":["Bloody Idol"],"max_hp_gain":0,"max_hp_loss":0,"event_name":"Forgotten Altar","floor":24,"relics_lost":["Golden Idol"],"gold_loss":0}],"is_beta":false,"boss_relics":[{"not_picked":["Velvet Choker","Calling Bell"],"picked":"HolyWater"}],"items_purged_floors":[],"is_endless":false,"potions_floor_spawned":[1,6,12,27,28,30],"killed_by":"Automaton","ascension_level":0}}