{"host":"uv5ws9rdk87e8i5k","time":1612500712,"event":{"mods":["AchievementEnabler","BaseMod","Colored Map","Minty Spire (QoL Compilation)","Permanent Neow","Quick Restart","StSLib","SuperFastMode","The Necromancer"],"gold_per_floor":[116,133,152,167,183,183,210,225,248,263,292,308,318,345,345,418,418,431,442,457,45,45,80,80,162,188,220,145,172,182,200,200,279,279,292,52,71,87,0,30,30,61,61,77,106,106,123,154,154,154],"floor_reached":51,"language":"ENG","playtime":1517,"items_purged":["Strike_W"],"score":1700,"play_id":"951bbd0c-25d9-4782-8141-480d85e32b1d","local_time":"20210204225152","is_ascension_mode":true,"campfire_choices":[{"data":"Summon_Death_Knight","floor":6.0,"key":"SMITH"},{"floor":15.0,"key":"REST"},{"data":"Cloudkill","floor":24.0,"key":"SMITH"},{"data":"Requiem","floor":32.0,"key":"SMITH"},{"data":"Summon_Death_Knight","floor":41,"key":"SMITH"},{"data":"Summon_Undead","floor":46,"key":"SMITH"},{"data":"Spectral_Walk","floor":49,"key":"SMITH"}],"circlet_count":0,"master_deck":["AscendersBane","Strike_W+1","Strike_W","Defend_W","Defend_W","Defend_W","Defend_W","Negative_Energy_Arrows+1","Bone_Wall","Summon_Death_Knight+1","Bone_Prison","Siphon_Strength","Bone_Prison","Uncharnel","Cloudkill+1","Spectral_Walk+1","Summon_Undead+1","Requiem+1","Summon_Undead+1","Siphon_Strength+1","Summon_Undead+1","Spectral_Walk+1","Summon_Death_Knight+1","Summon_Undead+1","Siphon_Strength+1","Pain","Uncharnel+1","Cloudkill+1","Stop_Heart+1"],"relics":["Vampire_Amulet","Potion Belt","Nunchaku","Calipers","Ancient Tea Set","SlaversCollar","Whetstone","PreservedInsect","HornCleat","Dream Catcher","Toxic Egg 2","Thread and Needle","Cursed Key","Art of War","Red Mask","Gremlin Horn","Vajra","Frozen Egg 2","Sundial","Blue Candle"],"acts_visited":["Exordium","TheCity","TheBeyond"],"potions_floor_usage":[44,45,45,50],"damage_taken":[{"damage":0.0,"enemies":"Cultist","floor":1.0,"turns":4.0},{"damage":4.0,"enemies":"Small Slimes","floor":2.0,"turns":4.0},{"damage":7.0,"enemies":"Jaw Worm","floor":3.0,"turns":5.0},{"damage":13.0,"enemies":"Large Slime","floor":4.0,"turns":9.0},{"damage":3.0,"enemies":"Blue Slaver","floor":5.0,"turns":5.0},{"damage":20.0,"enemies":"3 Sentries","floor":7.0,"turns":12.0},{"damage":0.0,"enemies":"Looter","floor":8.0,"turns":4.0},{"damage":3.0,"enemies":"Exordium Wildlife","floor":10.0,"turns":5.0},{"damage":8.0,"enemies":"Lagavulin","floor":11.0,"turns":6.0},{"damage":1.0,"enemies":"Blue Slaver","floor":12.0,"turns":5.0},{"damage":16.0,"enemies":"Lots of Slimes","floor":13.0,"turns":6.0},{"damage":23.0,"enemies":"3 Sentries","floor":14.0,"turns":4.0},{"damage":31.0,"enemies":"Slime Boss","floor":16.0,"turns":10.0},{"damage":0.0,"enemies":"Shell Parasite","floor":18.0,"turns":7.0},{"damage":6.0,"enemies":"Chosen","floor":19.0,"turns":6.0},{"damage":15.0,"enemies":"Snake Plant","floor":20.0,"turns":6.0},{"damage":8.0,"enemies":"Book of Stabbing","floor":23.0,"turns":6.0},{"damage":5.0,"enemies":"Slavers","floor":27.0,"turns":5.0},{"damage":17.0,"enemies":"Book of Stabbing","floor":29.0,"turns":4.0},{"damage":11.0,"enemies":"Snecko","floor":30.0,"turns":5.0},{"damage":0.0,"enemies":"3 Cultists","floor":31.0,"turns":5.0},{"damage":6.0,"enemies":"Automaton","floor":33.0,"turns":9.0},{"damage":2.0,"enemies":"Orb Walker","floor":35.0,"turns":5.0},{"damage":0.0,"enemies":"3 Shapes","floor":37.0,"turns":4.0},{"damage":2,"enemies":"Maw","floor":38,"turns":7},{"damage":0,"enemies":"Nemesis","floor":40,"turns":5},{"damage":0,"enemies":"Giant Head","floor":42,"turns":6},{"damage":16,"enemies":"Sphere and 2 Shapes","floor":44,"turns":4},{"damage":11,"enemies":"Reptomancer","floor":45,"turns":4},{"damage":5,"enemies":"Transient","floor":47,"turns":5},{"damage":0,"enemies":"Nemesis","floor":48,"turns":5},{"damage":27,"enemies":"Donu and Deca","floor":50,"turns":8}],"seed_played":"1304416903943026297","potions_obtained":[{"floor":4.0,"key":"DistilledChaos"},{"floor":8.0,"key":"PowerPotion"},{"floor":10.0,"key":"Ancient Potion"},{"floor":12.0,"key":"PowerPotion"},{"floor":13.0,"key":"SteroidPotion"},{"floor":16.0,"key":"Weak Potion"},{"floor":19.0,"key":"PowerPotion"},{"floor":29.0,"key":"AttackPotion"},{"floor":30.0,"key":"CultistPotion"},{"floor":31.0,"key":"Swift Potion"},{"floor":38,"key":"Explosive Potion"},{"floor":40,"key":"Fire Potion"},{"floor":44,"key":"Swift Potion"},{"floor":45,"key":"Dexterity Potion"}],"is_trial":false,"path_per_floor":["M","M","M","M","M","R","E","M","T","M","E","M","M","E","R","B",null,"M","M","M","$","?","E","R","T","T","E","?","E","M","M","R","B",null,"M","$","M","M","?","E","R","E","T","M","E","R","M","E","R","B",null],"character_chosen":"NECROMANCER","items_purchased":["Whetstone","Requiem","Summon_Undead+1","Art of War"],"campfire_rested":1,"item_purchase_floors":[21,21,36,36],"current_hp_per_floor":[66,66,61,52,51,51,37,39,39,40,34,35,29,24,45,20,58,60,56,43,43,43,37,37,37,37,53,53,53,56,62,62,62,69,71,71,71,71,71,71,71,71,71,61,71,71,68,70,70,62],"gold":154,"neow_bonus":"ONE_RANDOM_RARE_CARD","is_daily":false,"chose_seed":false,"campfire_upgraded":6,"win_rate":0.0,"timestamp":1612500712,"path_taken":["M","M","M","M","M","R","E","M","T","M","E","?","M","E","R","BOSS","M","M","M","$","?","E","R","?","T","E","?","E","M","?","R","BOSS","M","$","M","M","?","E","R","E","T","M","E","R","M","E","R","BOSS"],"items_purchased_type":["Relic","Card","Card","Relic"],"build_version":"2020-12-22","purchased_purges":1,"victory":true,"max_hp_per_floor":[71,71,71,71,71,71,71,71,71,71,71,71,71,71,71,71,71,71,71,71,71,71,71,71,71,71,71,71,71,71,71,71,71,71,71,71,71,71,71,71,71,71,71,71,71,71,71,71,71,71],"card_choices":[{"not_picked":["Negative_Energy_Shield","Bone_Armor","Death_Coil"],"picked":"SKIP","floor":1.0},{"not_picked":["Consume_Illness","Blood_Whip","Bone_Bullets"],"picked":"SKIP","floor":2.0},{"not_picked":["Finger_Of_Death","Death_Knell","Blood_Shield"],"picked":"SKIP","floor":3.0},{"not_picked":["Blood_Magic","Blood_for_Blood"],"picked":"Bone_Prison","floor":4.0},{"not_picked":["Chill_Blood","Finger_Of_Death"],"picked":"Siphon_Strength","floor":5.0},{"not_picked":["Pandemic","Finger_Of_Death","Bone_Spikes"],"picked":"SKIP","floor":7.0},{"not_picked":["Exploit","Chill_Blood","Toxic_Smoke_Screen"],"picked":"SKIP","floor":8.0},{"not_picked":["Bone_Spikes","Chill_Blood","Toxic_Smoke_Screen"],"picked":"SKIP","floor":10.0},{"not_picked":["Negative_Energy_Mist","Bone_Spikes"],"picked":"Bone_Prison","floor":11.0},{"not_picked":["Necromantic_Selection","Bone_Spikes"],"picked":"Uncharnel","floor":12.0},{"not_picked":["Skeleton_Dragon","Negative_Energy_Sphere","Strike_from_Beyond"],"picked":"SKIP","floor":13.0},{"not_picked":["Bone_Bullets","Exploit","Pandemic"],"picked":"SKIP","floor":14.0},{"not_picked":["Blood_Magic","Negative_Energy_Bomb"],"picked":"Cloudkill","floor":16.0},{"not_picked":["Finger_Of_Death","Plague_Bolt+1"],"picked":"Spectral_Walk","floor":18.0},{"not_picked":["Necrotic_Claws","Bone_Prison"],"picked":"Summon_Undead","floor":19.0},{"not_picked":["Vampiric_Strike+1","Necromantic_Selection+1","Death_Knell"],"picked":"SKIP","floor":20.0},{"not_picked":["Reap_The_Weak","Negative_Energy_Javelin","Blood_Is_Power"],"picked":"SKIP","floor":23.0},{"not_picked":["Chill_Blood+1","Blood_Curse"],"picked":"Summon_Undead+1","floor":27.0},{"not_picked":["Pandemic+1","Bone_Armor+1"],"picked":"Siphon_Strength+1","floor":29.0},{"not_picked":["Death_Coil","Blood_Whip"],"picked":"Summon_Undead+1","floor":30.0},{"not_picked":["Acid_Javelin","Death_Coil+1"],"picked":"Spectral_Walk+1","floor":31.0},{"not_picked":["Requiem","Blood_Wake"],"picked":"Summon_Death_Knight","floor":33.0},{"not_picked":["Death_Coil+1","Negative_Energy_Shield+1","Strike_from_Beyond+1"],"picked":"SKIP","floor":35.0},{"not_picked":["Negative_Energy_Javelin","Bone_Shift+1","Shackles_Of_Pain+1"],"picked":"SKIP","floor":37.0},{"not_picked":["Negative_Energy_Mist+1","Toxic_Smoke_Screen+1","Bone_Spikes"],"picked":"SKIP","floor":38},{"not_picked":["Negative_Energy_Shield+1","Shackles_Of_Pain+1","Slay_Living"],"picked":"SKIP","floor":40},{"not_picked":["Chill_Blood+1","Bone_Bullets"],"picked":"Siphon_Strength+1","floor":42},{"not_picked":["Blood_Curse","Toxic_Smoke_Screen+1"],"picked":"Uncharnel+1","floor":44},{"not_picked":["Strike_from_Beyond+1","Corrupt+1"],"picked":"Cloudkill+1","floor":45},{"not_picked":["Negative_Energy_Sphere","Death_Coil+1","Thousand_Bone_Knives"],"picked":"SKIP","floor":47},{"not_picked":["Negative_Energy_Shield+1","Life_Tap+1"],"picked":"Stop_Heart+1","floor":48}],"player_experience":232856,"relics_obtained":[{"floor":7.0,"key":"Potion Belt"},{"floor":9.0,"key":"Nunchaku"},{"floor":11.0,"key":"Calipers"},{"floor":14.0,"key":"Ancient Tea Set"},{"floor":23.0,"key":"PreservedInsect"},{"floor":25.0,"key":"HornCleat"},{"floor":26.0,"key":"Dream Catcher"},{"floor":27.0,"key":"Toxic Egg 2"},{"floor":29.0,"key":"Thread and Needle"},{"floor":40,"key":"Gremlin Horn"},{"floor":42,"key":"Vajra"},{"floor":43,"key":"Frozen Egg 2"},{"floor":45,"key":"Sundial"},{"floor":48,"key":"Blue Candle"}],"event_choices":[{"damage_healed":0.0,"max_hp_gain":0.0,"max_hp_loss":0.0,"gold_gain":0.0,"event_name":"Ghosts","player_choice":"Ignored","floor":22.0,"gold_loss":0.0,"damage_taken":0.0},{"cards_removed":["Strike_W"],"damage_healed":0.0,"max_hp_gain":0.0,"max_hp_loss":0.0,"gold_gain":0.0,"event_name":"Beggar","player_choice":"Gave Gold","floor":28.0,"gold_loss":75.0,"damage_taken":0.0},{"damage_healed":0,"gold_gain":0,"player_choice":"Paid","damage_taken":0,"relics_obtained":["Red Mask"],"max_hp_gain":0,"max_hp_loss":0,"event_name":"Tomb of Lord Red Mask","floor":39,"gold_loss":87}],"is_beta":false,"boss_relics":[{"not_picked":["SacredBark","Fusion Hammer"],"picked":"SlaversCollar"},{"not_picked":["Busted Crown","Black Star"],"picked":"Cursed Key"}],"items_purged_floors":[21],"is_endless":false,"potions_floor_spawned":[4,8,10,12,13,16,19,29,30,31,38,40,44,45],"ascension_level":16}}