{"host":"qxt9611uhnemh1bn","time":1612501025,"event":{"mods":["AchievementEnabler","BaseMod","Minty Spire (QoL Compilation)","StSLib"],"gold_per_floor":[109,109,109,37,62,62,81,81,106,125,54,77,97,120,120,251,251,275,296,395,395,413,413,427,442,442,442,442],"floor_reached":27,"language":"ENG","playtime":834,"items_purged":[],"score":232,"play_id":"0db76f51-3720-42d4-981b-75510db63c26","local_time":"20210204225705","is_ascension_mode":false,"campfire_choices":[{"data":"Bash","floor":6.0,"key":"SMITH"},{"data":"Armaments","floor":15.0,"key":"SMITH"},{"floor":23,"key":"REST"}],"circlet_count":0,"master_deck":["Strike_R+1","Strike_R","Defend_R","Defend_R","Defend_R","Defend_R","Bash+1","Whirlwind","Uppercut","Armaments+1","Headbutt+1","Burning Pact","Metallicize","Sword Boomerang","Shrug It Off","Juggernaut","Havoc+1","Power Through+1","Feed+1","Cleave","Pommel Strike","Dark Embrace","Power Through"],"relics":["Burning Blood","NeowsBlessing","Golden Idol","Omamori","Vajra","Astrolabe","Pen Nib"],"acts_visited":["Exordium","TheCity"],"potions_floor_usage":[],"damage_taken":[{"damage":0.0,"enemies":"Small Slimes","floor":1.0,"turns":1.0},{"damage":0.0,"enemies":"Jaw Worm","floor":5.0,"turns":1.0},{"damage":0.0,"enemies":"2 Louse","floor":7.0,"turns":1.0},{"damage":4.0,"enemies":"Looter","floor":10.0,"turns":3.0},{"damage":0.0,"enemies":"Large Slime","floor":12.0,"turns":6.0},{"damage":33.0,"enemies":"Exordium Thugs","floor":13.0,"turns":5.0},{"damage":47.0,"enemies":"The Guardian","floor":16.0,"turns":11.0},{"damage":3.0,"enemies":"3 Byrds","floor":18.0,"turns":6.0},{"damage":24.0,"enemies":"Shell Parasite","floor":19.0,"turns":10.0},{"damage":48,"enemies":"Shelled Parasite and Fungi","floor":22,"turns":8},{"damage":28,"enemies":"Sentry and Sphere","floor":24,"turns":7},{"damage":8,"enemies":"Snecko","floor":25,"turns":5},{"damage":42,"enemies":"Shelled Parasite and Fungi","floor":27,"turns":6}],"seed_played":"4355937140902768529","potions_obtained":[{"floor":5.0,"key":"Fire Potion"},{"floor":7.0,"key":"Regen Potion"},{"floor":12.0,"key":"ColorlessPotion"},{"floor":19.0,"key":"SpeedPotion"},{"floor":24,"key":"ElixirPotion"}],"is_trial":false,"path_per_floor":["M","?","?","$","M","R","M","?","T","M","$","M","M","T","R","B",null,"M","M","?","?","M","R","M","M","T","M"],"character_chosen":"IRONCLAD","items_purchased":["Uppercut","Metallicize"],"campfire_rested":1,"item_purchase_floors":[4,11],"current_hp_per_floor":[80,74,79,79,79,79,79,63,63,65,65,71,56,56,56,15,79,83,65,65,59,21,47,29,31,31,0,0],"gold":442,"neow_bonus":"THREE_ENEMY_KILL","is_daily":false,"chose_seed":false,"campfire_upgraded":2,"win_rate":0.0,"timestamp":1612501025,"path_taken":["M","?","?","?","M","R","M","?","T","M","$","M","M","?","R","BOSS","M","M","?","?","?","R","M","M","T","M"],"items_purchased_type":["Card","Card"],"build_version":"2020-12-22","purchased_purges":0,"victory":false,"max_hp_per_floor":[80,74,79,79,79,79,79,79,79,79,79,79,79,79,79,79,79,83,83,83,83,87,87,91,95,95,99,99],"card_choices":[{"not_picked":["Clothesline","Blood for Blood"],"picked":"Whirlwind","floor":1.0},{"not_picked":["Power Through","Bloodletting"],"picked":"Armaments","floor":5.0},{"not_picked":["Reckless Charge","Searing Blow"],"picked":"Headbutt","floor":7.0},{"not_picked":["Pummel","Whirlwind"],"picked":"Burning Pact","floor":10.0},{"not_picked":["True Grit","Burning Pact"],"picked":"Sword Boomerang","floor":12.0},{"not_picked":["Reaper","Body Slam"],"picked":"Shrug It Off","floor":13.0},{"not_picked":["Exhume","Berserk"],"picked":"Juggernaut","floor":16.0},{"not_picked":["Blood for Blood","Pommel Strike+1"],"picked":"Cleave","floor":18.0},{"not_picked":["Pommel Strike","Clothesline","Whirlwind+1"],"picked":"SKIP","floor":19.0},{"not_picked":["Clothesline","Whirlwind+1"],"picked":"Pommel Strike","floor":19.0},{"not_picked":["Clothesline","Twin Strike","Flame Barrier"],"picked":"SKIP","floor":22},{"not_picked":["Iron Wave","Dark Embrace","Body Slam"],"picked":"SKIP","floor":24},{"not_picked":["Iron Wave","Body Slam"],"picked":"Dark Embrace","floor":24},{"not_picked":["Body Slam","Thunderclap"],"picked":"Power Through","floor":25}],"player_experience":240230,"relics_obtained":[{"floor":9.0,"key":"Omamori"},{"floor":14.0,"key":"Vajra"},{"floor":26,"key":"Pen Nib"}],"event_choices":[{"damage_healed":0.0,"max_hp_gain":0.0,"max_hp_loss":6.0,"gold_gain":0.0,"event_name":"Golden Idol","player_choice":"Lose Max HP","floor":2.0,"gold_loss":0.0,"damage_taken":0.0,"relics_obtained":["Golden Idol"]},{"damage_healed":0.0,"max_hp_gain":5.0,"max_hp_loss":0.0,"gold_gain":0.0,"event_name":"Big Fish","player_choice":"Donut","floor":3.0,"gold_loss":0.0,"damage_taken":0.0},{"damage_healed":0.0,"max_hp_gain":0.0,"max_hp_loss":0.0,"gold_gain":0.0,"event_name":"Shining Light","player_choice":"Entered Light","floor":8.0,"gold_loss":0.0,"damage_taken":16.0,"cards_upgraded":["Headbutt","Strike_R"]},{"damage_healed":0.0,"max_hp_gain":0.0,"max_hp_loss":0.0,"gold_gain":99.0,"event_name":"Nest","player_choice":"Stole From Cult","floor":20.0,"gold_loss":0.0,"damage_taken":0.0},{"damage_healed":0.0,"max_hp_gain":0.0,"max_hp_loss":0.0,"gold_gain":0.0,"event_name":"Knowing Skull","player_choice":"","floor":21.0,"potions_obtained":[],"gold_loss":0.0,"damage_taken":6.0,"cards_obtained":[]}],"is_beta":false,"boss_relics":[{"not_picked":["Runic Pyramid","Coffee Dripper"],"picked":"Astrolabe"}],"items_purged_floors":[],"is_endless":false,"potions_floor_spawned":[5,7,12,19,24],"killed_by":"Shelled Parasite and Fungi","ascension_level":0}}