{"host":"e9u6h9e9dkzlniog","time":1612546947,"event":{"mods":["100% Spire Juice","BaseMod","Luminous","Minty Spire (QoL Compilation)","Replay The Spire","StSLib","UnlockEverythingMod","Yakumo Yukari mod","[功能]功能增强和修复MOD"],"gold_per_floor":[113,125,17,30,65,65,93,105,196,0,24,36,48,60,60],"floor_reached":14,"language":"ZHS","playtime":945,"items_purged":["Observe_purple_1","Normality","Strike_P"],"score":98,"play_id":"590e3709-f220-400d-997f-6c46e966227a","local_time":"20210206014227","is_ascension_mode":false,"campfire_choices":[{"data":"Moonworks:RocketCannon","floor":6,"key":"SMITH"},{"data":"Moonworks:MetallicMonocoque","floor":8,"key":"SMITH"}],"circlet_count":0,"master_deck":["Moonworks:Strike","Moonworks:Strike","Moonworks:Strike","Moonworks:Strike","Moonworks:Defend","Moonworks:Defend","Moonworks:Defend","Moonworks:Defend","Moonworks:Ambush","Moonworks:LongDistanceShot","Moonworks:SweetBattle","Moonworks:RedAndBlue","Moonworks:HolyNight","Moonworks:HolyNight","Moonworks:RocketCannon+1","Moonworks:JonathanRush","Moonworks:EvilSpyWorkPreparation","Regret","Moonworks:MetallicMonocoque+1","Moonworks:CloudOfSeagulls","Moonworks:Encore"],"relics":["Moonworks:BrokenBomb","Moonworks:Homemark","ReplayTheSpireMod:CursedCoin","Strawberry","Centennial Puzzle","MawBank","Bag of Preparation"],"acts_visited":["Exordium"],"potions_floor_usage":[14],"damage_taken":[{"damage":3.0,"enemies":"Small Slimes","floor":1.0,"turns":3.0},{"damage":0,"enemies":"Cultist","floor":2,"turns":3},{"damage":5,"enemies":"Jaw Worm","floor":4,"turns":2},{"damage":27,"enemies":"Lagavulin","floor":7,"turns":4},{"damage":6,"enemies":"Gremlin Nob","floor":10,"turns":4},{"damage":21,"enemies":"Red Slaver","floor":11,"turns":4},{"damage":7,"enemies":"3 Sentries","floor":14,"turns":1}],"seed_played":"1273190929414428650","potions_obtained":[{"floor":1.0,"key":"Explosive Potion"},{"floor":7,"key":"Adrenaline Potion"},{"floor":10,"key":"FearPotion"},{"floor":11,"key":"LifebloodPotion"},{"floor":11,"key":"Swift Potion"}],"is_trial":false,"path_per_floor":["M","M","$","M","?","R","E","R","T","E","M","PTL","PTL","E"],"character_chosen":"THE_STARBREAKER","items_purchased":["ReplayTheSpireMod:CursedCoin","Strawberry","Moonworks:HolyNight","Moonworks:RocketCannon","Moonworks:JonathanRush","Centennial Puzzle"],"campfire_rested":0,"item_purchase_floors":[3,3,3,3,3,3],"current_hp_per_floor":[57,57,64,59,59,59,32,32,32,26,7,7,7,0,0],"gold":60,"neow_bonus":"THREE_RARE_CARDS","is_daily":false,"chose_seed":false,"campfire_upgraded":2,"win_rate":0.0,"timestamp":1612546947,"path_taken":["M","M","$","M","?","R","E","R","T","E","M","PTL","PTL","E"],"items_purchased_type":["Relic","Relic","Card","Card","Card","Relic"],"build_version":"2020-12-22","purchased_purges":3,"victory":false,"max_hp_per_floor":[60,60,67,67,67,67,67,67,67,67,67,67,67,67,67],"card_choices":[{"not_picked":["Moonworks:Blazing","Moonworks:WeAreWaruda"],"picked":"Moonworks:RocketCannon","floor":0.0},{"not_picked":["Moonworks:EvilSpyWorkPreparation","Moonworks:ImOnFire"],"picked":"Moonworks:SweetBattle","floor":1.0},{"not_picked":["Moonworks:Assault","Moonworks:ImOnFire"],"picked":"Moonworks:RedAndBlue","floor":2},{"not_picked":["Moonworks:Assault","Moonworks:DeployBits"],"picked":"Moonworks:EvilSpyWorkPreparation","floor":4},{"not_picked":["Moonworks:NicePresent","Moonworks:EvilSpyWorkPreparation"],"picked":"Moonworks:MetallicMonocoque","floor":7},{"not_picked":["Moonworks:NicePresent","Moonworks:DeployBits"],"picked":"Moonworks:CloudOfSeagulls","floor":10},{"not_picked":["Moonworks:DeployBits","Moonworks:LulusLuckyEgg"],"picked":"Moonworks:Encore","floor":11}],"player_experience":127897,"relics_obtained":[{"floor":7,"key":"MawBank"},{"floor":10,"key":"Bag of Preparation"}],"event_choices":[{"damage_healed":0,"gold_gain":275,"player_choice":"Desecrate","damage_taken":0,"max_hp_gain":0,"max_hp_loss":0,"event_name":"Golden Shrine","floor":5,"gold_loss":0,"cards_obtained":["Regret"]}],"is_beta":false,"boss_relics":[],"items_purged_floors":[3,3,3],"is_endless":false,"potions_floor_spawned":[1,7,10,11,11],"killed_by":"3 Sentries","ascension_level":0}}