{"host":"8a72fthmlk1o8pdb","time":1612492159,"event":{"mods":["AchievementEnabler","Aspiration","Astrologer","Bard","BaseMod","Beaked The Cultist","Better Sensory Stone","Better Skull","Better Third Choice","ChefMod","Colored Map","Colored Powertips","Dark Map","Downfall","Friendly Minions","GifTheSpireLib","Googly Eyes","Gremlin Mod","Hermit","JesterMod","Jorbs\u0027s Wanderer Trilogy","Marisa????????","Minty Spire (QoL Compilation)","Permanent Neow","Random Character Button","Rare Cards Sparkle","Relic Stats","Reliquary","Robot Space Explorer","Shade Mod","Shop Mod","Somnambulant","StSLib","The Alterego","The Animator","The Blue Laboratory","The Construct","The Cursed","The Disciple","The Hayseed","The Hierophant","The Marked","The Necromancer","The Poker Player","The Problem Sleuth","The Runesmith","thorton"],"gold_per_floor":[113,126,51,69,87,87,117,147,147,161,173,173,173,173,173,272,272,287,139,139,139,149,149,149,149,176,192,67,67,85,111,111,206,206,222,237,237,237],"floor_reached":37,"language":"ENG","playtime":1398,"items_purged":["Strike_R","Strike_R","Defend_R"],"score":419,"play_id":"1d92e1c4-68eb-48fd-a5bc-1f0bfad262a3","local_time":"20210204182919","is_ascension_mode":false,"campfire_choices":[{"floor":6,"key":"RECALL"},{"floor":13,"key":"REST"},{"data":"Strike_R","floor":15,"key":"PURGE"},{"data":"Strike_R","floor":23,"key":"PURGE"},{"data":"Strike_R","floor":24,"key":"PURGE"},{"floor":25,"key":"REST"},{"floor":32,"key":"REST"}],"circlet_count":0,"master_deck":["Defend_R","Defend_R","Bash","Thunderclap","Whirlwind","Armaments","Double Tap","Burning Pact","Berserk","Burning Pact","Bloodletting","Offering"],"relics":["Fusion Hammer","Peace Pipe","Odd Mushroom","FossilizedHelix","WingedGreaves","reliquary:RedCape","Enchiridion","Lantern","Empty Cage"],"acts_visited":["Exordium","TheCity","TheBeyond"],"potions_floor_usage":[7,16,16,18,27,33,33],"damage_taken":[{"damage":0,"enemies":"2 Louse","floor":1,"turns":3},{"damage":0,"enemies":"Small Slimes","floor":2,"turns":3},{"damage":2,"enemies":"Jaw Worm","floor":4,"turns":4},{"damage":10,"enemies":"Looter","floor":5,"turns":3},{"damage":26,"enemies":"Lagavulin","floor":7,"turns":6},{"damage":4,"enemies":"The Mushroom Lair","floor":8,"turns":3},{"damage":10,"enemies":"Exordium Thugs","floor":10,"turns":4},{"damage":7,"enemies":"Blue Slaver","floor":11,"turns":4},{"damage":0,"enemies":"Slime Boss","floor":16,"turns":4},{"damage":0,"enemies":"3 Byrds","floor":18,"turns":3},{"damage":10,"enemies":"Spheric Guardian","floor":22,"turns":4},{"damage":0,"enemies":"Centurion and Healer","floor":27,"turns":3},{"damage":31,"enemies":"Shelled Parasite and Fungi","floor":30,"turns":3},{"damage":37,"enemies":"Collector","floor":33,"turns":7},{"damage":9,"enemies":"3 Darklings","floor":35,"turns":2},{"damage":16,"enemies":"Orb Walker","floor":36,"turns":3},{"damage":64,"enemies":"2 Orb Walkers","floor":37,"turns":2}],"seed_played":"-7548245214225968548","potions_obtained":[{"floor":4,"key":"Energy Potion"},{"floor":5,"key":"DuplicationPotion"},{"floor":7,"key":"Swift Potion"},{"floor":16,"key":"Strength Potion"},{"floor":27,"key":"hexamod:SoulburnPotion"},{"floor":30,"key":"blueLaboratory:IronCompound"}],"is_trial":false,"path_per_floor":["M","M","$","M","M","R","E","?","T","M","M","?","R","?","R","B",null,"M","$","?","?","M","R","R","R","T","M","$","?","M","T","R","B",null,"M","M","?"],"character_chosen":"IRONCLAD","items_purchased":["blueLaboratory:FruitPunch"],"campfire_rested":3,"item_purchase_floors":[19],"current_hp_per_floor":[80,80,80,78,68,68,42,38,38,28,21,21,45,45,45,45,80,80,80,65,49,39,39,39,64,64,66,66,66,35,35,61,24,87,78,62,0,0],"gold":237,"neow_bonus":"BOSS_RELIC","is_daily":false,"chose_seed":false,"campfire_upgraded":0,"win_rate":0.0,"timestamp":1612492159,"path_taken":["M","M","$","M","M","R","E","?","T","M","M","?","R","?","R","BOSS","M","$","?","?","M","R","R","R","T","M","$","?","M","?","R","BOSS","M","M","?"],"items_purchased_type":["Potion"],"build_version":"2020-12-22","purchased_purges":3,"victory":false,"max_hp_per_floor":[80,80,80,80,80,80,80,80,80,80,80,80,80,80,80,80,80,80,80,85,85,85,85,85,85,85,87,87,87,87,87,87,87,87,87,87,87,87],"relic_stats":{"Peace Pipe":3,"counters":[17,61],"obtain_stats":[{"Peace Pipe":7,"Lantern":31,"Enchiridion":21,"Fusion Hammer":0,"WingedGreaves":16,"Odd Mushroom":8,"reliquary:RedCape":17,"Empty Cage":34,"Burning Blood":0,"FossilizedHelix":9,"reliquary:FerryPass":14},{"Peace Pipe":5,"Lantern":13,"Enchiridion":10,"Fusion Hammer":0,"WingedGreaves":9,"Odd Mushroom":6,"reliquary:RedCape":9,"Empty Cage":14,"Burning Blood":0,"FossilizedHelix":6,"reliquary:FerryPass":8},{"Peace Pipe":19,"Lantern":47,"Enchiridion":37,"Fusion Hammer":0,"WingedGreaves":34,"Odd Mushroom":22,"reliquary:RedCape":34,"Empty Cage":54,"Burning Blood":0,"FossilizedHelix":22,"reliquary:FerryPass":30}]},"card_choices":[{"not_picked":["Warcry","Body Slam"],"picked":"Fire Breathing","floor":1},{"not_picked":["Second Wind","Anger"],"picked":"Thunderclap","floor":2},{"not_picked":["Shrug It Off","Sever Soul"],"picked":"Whirlwind","floor":4},{"not_picked":["Heavy Blade","Flex"],"picked":"Armaments","floor":5},{"not_picked":["Pommel Strike","Thunderclap"],"picked":"Double Tap","floor":7},{"not_picked":["Headbutt","Warcry"],"picked":"Burning Pact","floor":8},{"not_picked":["Cleave","Warcry","Sword Boomerang"],"picked":"SKIP","floor":10},{"not_picked":["Anger","Body Slam"],"picked":"Armaments","floor":11},{"not_picked":["Impervious","Demon Form"],"picked":"Berserk","floor":16},{"not_picked":["Clash","Sword Boomerang+1","Twin Strike+1"],"picked":"SKIP","floor":18},{"not_picked":["Anger+1","Intimidate+1"],"picked":"Burning Pact","floor":22},{"not_picked":["Body Slam+1","Perfected Strike","Shrug It Off"],"picked":"SKIP","floor":27},{"not_picked":["Entrench","Rupture","Hemokinesis"],"picked":"SKIP","floor":30},{"not_picked":["Bludgeon","Berserk"],"picked":"Offering","floor":33},{"not_picked":["Pommel Strike+1","Flex+1","Iron Wave+1"],"picked":"SKIP","floor":35},{"not_picked":["Iron Wave","Sword Boomerang+1","Clash+1"],"picked":"SKIP","floor":36}],"player_experience":149307,"relics_obtained":[{"floor":7,"key":"Peace Pipe"},{"floor":8,"key":"Odd Mushroom"},{"floor":9,"key":"FossilizedHelix"},{"floor":16,"key":"WingedGreaves"},{"floor":21,"key":"Enchiridion"},{"floor":31,"key":"Lantern"}],"event_choices":[{"damage_healed":0,"gold_gain":0,"player_choice":"Fought Mushrooms","damage_taken":0,"max_hp_gain":0,"max_hp_loss":0,"event_name":"Mushrooms","floor":8,"gold_loss":0},{"damage_healed":0,"gold_gain":1,"player_choice":"1","damage_taken":0,"max_hp_gain":0,"max_hp_loss":0,"event_name":"betterStone:BetterStone","floor":12,"gold_loss":0},{"cards_removed":["Armaments"],"damage_healed":0,"gold_gain":0,"player_choice":"Gave Card","damage_taken":0,"relics_obtained":["reliquary:FerryPass"],"max_hp_gain":0,"max_hp_loss":0,"event_name":"WeMeetAgain","floor":14,"gold_loss":0},{"damage_healed":0,"gold_gain":0,"player_choice":"Shed Blood","damage_taken":20,"max_hp_gain":5,"max_hp_loss":0,"event_name":"Forgotten Altar","floor":20,"gold_loss":0},{"damage_healed":0,"gold_gain":0,"player_choice":"Obtained Book","damage_taken":16,"max_hp_gain":0,"max_hp_loss":0,"event_name":"Cursed Tome","floor":21,"gold_loss":0},{"damage_healed":0,"gold_gain":0,"player_choice":"Read","damage_taken":0,"max_hp_gain":0,"max_hp_loss":0,"event_name":"The Library","floor":29,"gold_loss":0,"cards_obtained":["Bloodletting"]},{"damage_healed":0,"gold_gain":0,"player_choice":"Fight","damage_taken":0,"max_hp_gain":0,"max_hp_loss":0,"event_name":"Mysterious Sphere","floor":37,"gold_loss":0}],"is_beta":false,"boss_relics":[{"not_picked":["aspiration:RitualDagger","aspiration:BardSkillbook"],"picked":"reliquary:RedCape"},{"not_picked":["SlaversCollar","aspiration:BeakedSkillbook"],"picked":"Empty Cage"}],"items_purged_floors":[3,19,28],"is_endless":false,"potions_floor_spawned":[4,5,7,16,27,30],"killed_by":"2 Orb Walkers","ascension_level":0}}