{"host":"mr1ctipv0dcr6y8g","time":1612565784,"event":{"mods":["BaseMod","Beaked The Cultist","DeckTracker","Energized Spire","Minty Spire (QoL Compilation)","Shop Mod","StSLib","The Construct"],"gold_per_floor":[112,132,148,162,177,202,45,45,45,45,78,91,91,123,123,222,222,240,275,275,275,308,338,368,368,368,368,368,368,368,467,467,566,566,579,591,616,666,666,691,734,499,570,570,608,608,608,636,636,636,636,636,128,153,153],"floor_reached":56,"language":"ENG","playtime":7149,"items_purged":["Strike_R","Flex"],"score":1480,"play_id":"046ded40-9003-4887-a2b2-8e1fe0ddfe27","local_time":"20210205155624","daily_mods":["Specialized","Heirloom","Time Dilation","Flight"],"is_ascension_mode":false,"campfire_choices":[{"data":"Feed","floor":8,"key":"SMITH"},{"data":"Flex","floor":10,"key":"PURGE"},{"data":"Flex","floor":13,"key":"PURGE"},{"data":"Armaments","floor":15,"key":"SMITH"},{"data":"Limit Break","floor":25,"key":"SMITH"},{"data":"Flex","floor":27,"key":"PURGE"},{"data":"Flex","floor":29,"key":"PURGE"},{"data":"Strike_R","floor":30,"key":"PURGE"},{"data":"Demon Form","floor":32,"key":"SMITH"},{"data":"Strike_R","floor":44,"key":"PURGE"},{"floor":46,"key":"RECALL"},{"data":"Strike_R","floor":47,"key":"PURGE"},{"data":"Barricade","floor":49,"key":"SMITH"},{"data":"Strike_R","floor":52,"key":"PURGE"}],"circlet_count":0,"master_deck":["Defend_R","Defend_R+1","Defend_R","Defend_R","Bash","Iron Wave","True Grit","Offering+1","Sword Boomerang","Feed+1","Armaments+1","Demon Form+1","Flame Barrier","Dark Embrace+1","Reckless Charge","Thunderclap","Limit Break+1","Barricade+1","Shrug It Off+1","Disarm+1","Entrench+1","Limit Break","Metallicize","Shrug It Off","Double Tap","Whirlwind+1"],"relics":["Burning Blood","Charon\u0027s Ashes","Akabeko","Peace Pipe","Gambling Chip","Champion Belt","beaked:MawFillet","White Beast Statue","Nilry\u0027s Codex","Happy Flower","Anchor","Eternal Feather","Lantern","Molten Egg 2","Velvet Choker","Regal Pillow","Incense Burner","Magic Flower","CeramicFish","Vajra","War Paint","construct:FoamFinger","Bag of Preparation","Nunchaku"],"acts_visited":["Exordium","TheCity","TheBeyond","TheEnding"],"potions_floor_usage":[6,6,11,18,22,22,23,38,55,55],"damage_taken":[{"damage":1,"enemies":"Cultist","floor":1,"turns":3},{"damage":2,"enemies":"2 Louse","floor":2,"turns":2},{"damage":1,"enemies":"Jaw Worm","floor":3,"turns":3},{"damage":10,"enemies":"3 Louse","floor":4,"turns":4},{"damage":12,"enemies":"Blue Slaver","floor":5,"turns":4},{"damage":6,"enemies":"3 Sentries","floor":6,"turns":7},{"damage":20,"enemies":"Gremlin Nob","floor":11,"turns":3},{"damage":0,"enemies":"Exordium Wildlife","floor":12,"turns":5},{"damage":22,"enemies":"Lagavulin","floor":14,"turns":4},{"damage":28,"enemies":"The Guardian","floor":16,"turns":9},{"damage":6,"enemies":"Chosen","floor":18,"turns":6},{"damage":12,"enemies":"Book of Stabbing","floor":19,"turns":5},{"damage":0,"enemies":"Slavers","floor":22,"turns":4},{"damage":17,"enemies":"Book of Stabbing","floor":23,"turns":3},{"damage":11,"enemies":"Slavers","floor":24,"turns":3},{"damage":53,"enemies":"Champ","floor":33,"turns":10},{"damage":7,"enemies":"Orb Walker","floor":35,"turns":3},{"damage":19,"enemies":"3 Darklings","floor":36,"turns":6},{"damage":6,"enemies":"Giant Head","floor":37,"turns":6},{"damage":8,"enemies":"Mind Bloom Boss Battle","floor":38,"turns":7},{"damage":16,"enemies":"Reptomancer","floor":40,"turns":7},{"damage":36,"enemies":"Nemesis","floor":41,"turns":6},{"damage":6,"enemies":"Reptomancer","floor":45,"turns":8},{"damage":6,"enemies":"Jaw Worm Horde","floor":48,"turns":4},{"damage":6,"enemies":"Donu and Deca","floor":50,"turns":8},{"damage":9,"enemies":"Shield and Spear","floor":54,"turns":7},{"damage":61,"enemies":"The Heart","floor":55,"turns":8}],"seed_played":"-714944029020462850","potions_obtained":[{"floor":2,"key":"EssenceOfSteel"},{"floor":3,"key":"Strength Potion"},{"floor":4,"key":"Dexterity Potion"},{"floor":6,"key":"BloodPotion"},{"floor":12,"key":"BloodPotion"},{"floor":18,"key":"LiquidMemories"},{"floor":19,"key":"Fire Potion"},{"floor":22,"key":"SteroidPotion"},{"floor":23,"key":"ElixirPotion"},{"floor":24,"key":"Energy Potion"},{"floor":36,"key":"EssenceOfSteel"},{"floor":37,"key":"Strength Potion"},{"floor":38,"key":"Strength Potion"}],"is_trial":true,"path_per_floor":["M","M","M","M","M","E","$","R","T","R","E","M","R","E","R","B",null,"M","E","?","?","E","E","E","R","T","R","T","R","R","?","R","B",null,"M","M","E","?","?","E","E","$","T","R","E","R","R","M","R","B",null,"R","$","E","B",null],"character_chosen":"IRONCLAD","items_purchased":["Feed","Vajra","Shrug It Off","construct:FoamFinger","Bag of Preparation"],"campfire_rested":0,"item_purchase_floors":[7,42,42,53,53],"current_hp_per_floor":[80,80,80,76,70,70,70,70,70,70,76,86,86,74,74,56,96,96,90,74,74,84,73,68,83,83,98,98,100,100,100,100,53,100,99,90,94,112,112,102,81,81,81,96,105,120,120,124,124,128,128,128,128,132,80],"gold":153,"neow_bonus":"","is_daily":false,"chose_seed":false,"campfire_upgraded":5,"win_rate":0.0,"timestamp":1612565784,"path_taken":["M","M","M","?","M","E","$","R","T","R","E","M","R","E","R","BOSS","M","E","?","?","E","E","E","R","T","R","?","R","R","?","R","BOSS","M","M","E","?","?","E","E","?","T","R","E","R","R","M","R","BOSS","R","$","E","BOSS"],"items_purchased_type":["Card","Relic","Card","Relic","Relic"],"build_version":"2020-12-22","purchased_purges":2,"victory":true,"max_hp_per_floor":[80,80,80,80,80,80,80,80,80,80,84,88,88,92,92,96,96,96,96,96,96,100,100,100,100,100,100,100,100,100,100,100,100,100,100,104,108,112,112,112,116,116,116,116,120,120,120,124,124,128,128,128,128,132,132],"card_choices":[{"not_picked":["Perfected Strike","Flex","Searing Blow"],"picked":"SKIP","floor":1},{"not_picked":["Seeing Red","Flex"],"picked":"Iron Wave","floor":2},{"not_picked":["Entrench","Sever Soul","Warcry"],"picked":"SKIP","floor":3},{"not_picked":["Perfected Strike","Heavy Blade"],"picked":"True Grit","floor":4},{"not_picked":["Heavy Blade","Pommel Strike"],"picked":"Offering","floor":5},{"not_picked":["Iron Wave","Intimidate"],"picked":"Sword Boomerang","floor":6},{"not_picked":["Entrench","Sever Soul","Pommel Strike"],"picked":"SKIP","floor":11},{"not_picked":["Power Through","Blood for Blood","Uppercut"],"picked":"SKIP","floor":12},{"not_picked":["Cleave","Pummel"],"picked":"Armaments","floor":14},{"not_picked":["Barricade","Double Tap"],"picked":"Demon Form","floor":16},{"not_picked":["Cleave","Ghostly Armor"],"picked":"Flame Barrier","floor":18},{"not_picked":["Flex","Headbutt+1"],"picked":"Dark Embrace+1","floor":19},{"not_picked":["Flex","Brutality"],"picked":"Reckless Charge","floor":22},{"not_picked":["Infernal Blade","Perfected Strike+1"],"picked":"Thunderclap","floor":23},{"not_picked":["Iron Wave","Shrug It Off"],"picked":"Limit Break","floor":24},{"not_picked":["Double Tap","Fiend Fire+1"],"picked":"Barricade","floor":33},{"not_picked":["Havoc+1","Hemokinesis+1"],"picked":"Shrug It Off+1","floor":35},{"not_picked":["Warcry+1","Rampage+1"],"picked":"Disarm+1","floor":36},{"not_picked":["Demon Form","Perfected Strike+1","Havoc+1"],"picked":"SKIP","floor":37},{"not_picked":["Rage","Hemokinesis+1"],"picked":"Entrench+1","floor":38},{"not_picked":["Armaments","Anger+1"],"picked":"Limit Break","floor":40},{"not_picked":["Dual Wield+1","Anger+1"],"picked":"Metallicize","floor":41},{"not_picked":["Cleave+1","Fire Breathing"],"picked":"Double Tap","floor":45},{"not_picked":["Clothesline+1","Thunderclap+1"],"picked":"Whirlwind+1","floor":48},{"not_picked":["Wild Strike+1","Carnage+1","Havoc+1"],"picked":"SKIP","floor":54}],"player_experience":1561513,"relics_obtained":[{"floor":6,"key":"Akabeko"},{"floor":9,"key":"Peace Pipe"},{"floor":11,"key":"Gambling Chip"},{"floor":14,"key":"Champion Belt"},{"floor":19,"key":"White Beast Statue"},{"floor":20,"key":"Nilry\u0027s Codex"},{"floor":22,"key":"Happy Flower"},{"floor":23,"key":"Anchor"},{"floor":24,"key":"Eternal Feather"},{"floor":26,"key":"Lantern"},{"floor":28,"key":"Molten Egg 2"},{"floor":37,"key":"Regal Pillow"},{"floor":38,"key":"Incense Burner"},{"floor":40,"key":"Magic Flower"},{"floor":41,"key":"CeramicFish"},{"floor":45,"key":"War Paint"},{"floor":54,"key":"Nunchaku"}],"event_choices":[{"damage_healed":0,"gold_gain":0,"player_choice":"Obtained Book","damage_taken":16,"max_hp_gain":0,"max_hp_loss":0,"event_name":"Cursed Tome","floor":20,"gold_loss":0},{"damage_healed":0,"gold_gain":0,"player_choice":"Ignored","damage_taken":0,"max_hp_gain":0,"max_hp_loss":0,"event_name":"Ghosts","floor":21,"gold_loss":0},{"damage_healed":0,"gold_gain":99,"player_choice":"Stole From Cult","damage_taken":0,"max_hp_gain":0,"max_hp_loss":0,"event_name":"Nest","floor":31,"gold_loss":0},{"damage_healed":0,"gold_gain":0,"player_choice":"Fight","damage_taken":0,"max_hp_gain":0,"max_hp_loss":0,"event_name":"MindBloom","floor":38,"gold_loss":0},{"damage_healed":0,"gold_gain":0,"player_choice":"Memory 1","damage_taken":0,"max_hp_gain":0,"max_hp_loss":0,"event_name":"SensoryStone","floor":39,"gold_loss":0}],"is_beta":false,"boss_relics":[{"not_picked":["Busted Crown","Empty Cage"],"picked":"beaked:MawFillet"},{"not_picked":["Fusion Hammer","energizedSpire:RedRose"],"picked":"Velvet Choker"}],"items_purged_floors":[42,53],"is_endless":false,"potions_floor_spawned":[2,3,4,6,12,18,19,22,23,24,33,35,36,37,38,40,41,45,48,54],"ascension_level":0}}