{"host":"uv5ws9rdk87e8i5k","time":1612550914,"event":{"mods":["AchievementEnabler","BaseMod","Colored Map","Minty Spire (QoL Compilation)","Permanent Neow","Quick Restart","StSLib","SuperFastMode","The Necromancer"],"gold_per_floor":[115,129,147,147,158,190,205,205,205,240,253,273,293,321,321,321,321],"floor_reached":16,"language":"ENG","playtime":418,"items_purged":[],"score":195,"play_id":"ea001158-e710-4339-86fd-2f4218b67396","local_time":"20210205124834","is_ascension_mode":true,"campfire_choices":[{"floor":15.0,"key":"REST"}],"circlet_count":0,"master_deck":["AscendersBane","Strike_G","Strike_G","Strike_G","Strike_G","Strike_G","Defend_G","Defend_G","Defend_G","Defend_G","Defend_G","Survivor","Neutralize","Poisoned Stab","Backflip","Bouncing Flask","Prepared","PiercingWail","Bouncing Flask","Glass Knife","Backstab","Catalyst+1","Acrobatics","Corpse Explosion","Noxious Fumes","Bullet Time"],"relics":["Ring of the Snake","Prayer Wheel","Orichalcum","Torii","Pantograph","Calipers"],"acts_visited":["Exordium"],"potions_floor_usage":[],"damage_taken":[{"damage":2.0,"enemies":"Small Slimes","floor":1.0,"turns":3.0},{"damage":1.0,"enemies":"Cultist","floor":2.0,"turns":3.0},{"damage":0.0,"enemies":"2 Louse","floor":3.0,"turns":4.0},{"damage":1.0,"enemies":"Looter","floor":5.0,"turns":5.0},{"damage":7.0,"enemies":"Gremlin Nob","floor":6.0,"turns":3.0},{"damage":11.0,"enemies":"Lots of Slimes","floor":7.0,"turns":4.0},{"damage":14.0,"enemies":"3 Sentries","floor":10.0,"turns":8.0},{"damage":1.0,"enemies":"Blue Slaver","floor":11.0,"turns":3.0},{"damage":0.0,"enemies":"2 Fungi Beasts","floor":12.0,"turns":2.0},{"damage":11.0,"enemies":"Large Slime","floor":13.0,"turns":4.0},{"damage":7.0,"enemies":"Gremlin Nob","floor":14.0,"turns":3.0},{"damage":0,"enemies":"The Guardian","floor":16,"turns":1}],"seed_played":"-4457046900824083414","potions_obtained":[{"floor":3.0,"key":"BlessingOfTheForge"},{"floor":5.0,"key":"Poison Potion"},{"floor":7.0,"key":"SmokeBomb"},{"floor":11.0,"key":"SteroidPotion"},{"floor":12.0,"key":"Weak Potion"}],"is_trial":false,"path_per_floor":["M","M","M","?","M","E","M","?","T","E","M","M","M","E","R","B"],"character_chosen":"THE_SILENT","items_purchased":[],"campfire_rested":1,"item_purchase_floors":[],"current_hp_per_floor":[61,60,60,60,59,52,41,41,41,27,26,26,15,8,26,51,51],"gold":321,"neow_bonus":"ONE_RARE_RELIC","is_daily":false,"chose_seed":false,"campfire_upgraded":0,"win_rate":0.0,"timestamp":1612550914,"path_taken":["M","M","M","?","?","E","M","?","T","E","M","M","M","E","R","BOSS"],"items_purchased_type":[],"build_version":"2020-12-22","purchased_purges":0,"victory":false,"max_hp_per_floor":[63,63,63,63,63,63,63,63,63,63,63,63,63,63,63,63,63],"card_choices":[{"not_picked":["Underhanded Strike","Acrobatics"],"picked":"Poisoned Stab","floor":1.0},{"not_picked":["Footwork","Outmaneuver"],"picked":"Backflip","floor":1.0},{"not_picked":["Caltrops","Distraction"],"picked":"Bouncing Flask","floor":2.0},{"not_picked":["Slice","Dagger Throw","Blur"],"picked":"SKIP","floor":2.0},{"not_picked":["Quick Slash","Setup"],"picked":"Prepared","floor":3.0},{"not_picked":["Masterful Stab","Acrobatics"],"picked":"PiercingWail","floor":3.0},{"not_picked":["Dodge and Roll","Backflip"],"picked":"Glass Knife","floor":5.0},{"not_picked":["Cloak And Dagger","Dodge and Roll"],"picked":"Backstab","floor":5.0},{"not_picked":["Slice","Blade Dance"],"picked":"Catalyst","floor":6.0},{"not_picked":["Backflip","PiercingWail"],"picked":"Acrobatics","floor":7.0},{"not_picked":["Endless Agony","Bane","Dagger Spray"],"picked":"SKIP","floor":7.0},{"not_picked":["Leg Sweep","Dodge and Roll"],"picked":"Corpse Explosion","floor":10.0},{"not_picked":["Cloak And Dagger","Flying Knee"],"picked":"Noxious Fumes","floor":11.0},{"not_picked":["Calculated Gamble","Predator","Riddle With Holes"],"picked":"SKIP","floor":11.0},{"not_picked":["Bane","Reflex","Cloak And Dagger"],"picked":"SKIP","floor":12.0},{"not_picked":["Flying Knee","Infinite Blades","Dodge and Roll"],"picked":"SKIP","floor":12.0},{"not_picked":["Bane","PiercingWail","Prepared"],"picked":"SKIP","floor":13.0},{"not_picked":["Underhanded Strike","Dodge and Roll","Dagger Throw"],"picked":"SKIP","floor":13.0},{"not_picked":["Bane","Dagger Spray"],"picked":"Bullet Time","floor":14.0}],"player_experience":237669,"relics_obtained":[{"floor":6.0,"key":"Orichalcum"},{"floor":9.0,"key":"Torii"},{"floor":10.0,"key":"Pantograph"},{"floor":14.0,"key":"Calipers"}],"event_choices":[{"damage_healed":0.0,"max_hp_gain":0.0,"max_hp_loss":0.0,"gold_gain":0.0,"event_name":"Match and Keep!","player_choice":"1 cards matched","floor":4.0,"gold_loss":0.0,"damage_taken":0.0,"cards_obtained":["Bouncing Flask"]},{"damage_healed":0.0,"max_hp_gain":0.0,"max_hp_loss":0.0,"gold_gain":0.0,"event_name":"Living Wall","player_choice":"Grow","floor":8.0,"gold_loss":0.0,"damage_taken":0.0,"cards_upgraded":["Catalyst"]}],"is_beta":false,"boss_relics":[],"items_purged_floors":[],"is_endless":false,"potions_floor_spawned":[3,5,7,11,12],"killed_by":"The Guardian","ascension_level":11}}