{"host":"uwdjobnswnt8y9oc","time":1612523497,"event":{"mods":["BaseMod","Colored Powertips","Minty Spire (QoL Compilation)"],"gold_per_floor":[113,129,143,158,172,206,206,238,265,283,283,283,302,316,316,417,417,436,436,436,455,455,455],"floor_reached":22,"language":"ENG","playtime":1076,"items_purged":[],"score":200,"play_id":"2c14fa56-4d2d-461a-bf60-085a044a03cb","local_time":"20210205181137","is_ascension_mode":false,"campfire_choices":[{"floor":7.0,"key":"REST"},{"floor":12.0,"key":"RECALL"},{"floor":15.0,"key":"REST"}],"circlet_count":0,"master_deck":["Survivor","Neutralize","Blade Dance","Accuracy","Slice","Noxious Fumes","Backflip","Prepared","Noxious Fumes","Infinite Blades","Choke","Noxious Fumes","Phantasmal Killer","Infinite Blades","Deflect","Grand Finale","Dash","Well Laid Plans","Crippling Poison","Crippling Poison","Grand Finale","Heel Hook","Bane","Outmaneuver"],"relics":["Ring of the Snake","The Courier","Toy Ornithopter","Vajra","Pandora\u0027s Box"],"acts_visited":["Exordium","TheCity"],"potions_floor_usage":[],"damage_taken":[{"damage":0.0,"enemies":"2 Louse","floor":1.0,"turns":3.0},{"damage":0.0,"enemies":"Cultist","floor":2.0,"turns":2.0},{"damage":3.0,"enemies":"Jaw Worm","floor":3.0,"turns":4.0},{"damage":2.0,"enemies":"Looter","floor":4.0,"turns":3.0},{"damage":9.0,"enemies":"2 Fungi Beasts","floor":5.0,"turns":4.0},{"damage":25.0,"enemies":"Gremlin Nob","floor":6.0,"turns":4.0},{"damage":17.0,"enemies":"Lagavulin","floor":8.0,"turns":6.0},{"damage":13.0,"enemies":"Large Slime","floor":10.0,"turns":6.0},{"damage":21.0,"enemies":"3 Louse","floor":13.0,"turns":3.0},{"damage":0.0,"enemies":"Looter","floor":14.0,"turns":3.0},{"damage":17.0,"enemies":"Hexaghost","floor":16.0,"turns":9.0},{"damage":13,"enemies":"Chosen","floor":18,"turns":4},{"damage":43,"enemies":"2 Thieves","floor":21,"turns":5},{"damage":4,"enemies":"3 Cultists","floor":22,"turns":2}],"seed_played":"-2289621049086828148","potions_obtained":[{"floor":1.0,"key":"ColorlessPotion"},{"floor":5.0,"key":"Explosive Potion"},{"floor":8.0,"key":"SneckoOil"},{"floor":10.0,"key":"Energy Potion"},{"floor":14.0,"key":"SneckoOil"}],"is_trial":false,"path_per_floor":["M","M","M","M","M","E","R","E","T","M","?","R","M","M","R","B",null,"M","?","?","M","M"],"character_chosen":"THE_SILENT","items_purchased":[],"campfire_rested":2,"item_purchase_floors":[],"current_hp_per_floor":[70,70,67,65,56,31,52,35,35,22,22,22,1,1,22,5,70,57,44,44,1,0,0],"gold":455,"neow_bonus":"THREE_CARDS","is_daily":false,"chose_seed":false,"campfire_upgraded":0,"win_rate":0.0,"timestamp":1612523497,"path_taken":["M","M","M","M","M","E","R","E","T","M","?","R","?","M","R","BOSS","M","?","?","M","M"],"items_purchased_type":[],"build_version":"2020-12-22","purchased_purges":0,"victory":false,"max_hp_per_floor":[70,70,70,70,70,70,70,70,70,70,70,70,70,70,70,70,70,70,75,75,75,75,75],"card_choices":[{"not_picked":["Sucker Punch","Deadly Poison"],"picked":"Blade Dance","floor":0.0},{"not_picked":["Poisoned Stab","Blade Dance"],"picked":"Accuracy","floor":1.0},{"not_picked":["Deadly Poison","Bane","Dagger Throw"],"picked":"SKIP","floor":2.0},{"not_picked":["Concentrate","Tactician"],"picked":"Slice","floor":3.0},{"not_picked":["Deflect","Tactician"],"picked":"Noxious Fumes","floor":4.0},{"not_picked":["Venomology","Slice"],"picked":"Backflip","floor":5.0},{"not_picked":["Deflect","Reflex"],"picked":"Prepared","floor":6.0},{"not_picked":["Heel Hook","Dash"],"picked":"Noxious Fumes","floor":8.0},{"not_picked":["Backflip","Bouncing Flask"],"picked":"Infinite Blades","floor":10.0},{"not_picked":["Acrobatics","Prepared"],"picked":"Choke","floor":13.0},{"not_picked":["Prepared","Caltrops"],"picked":"Noxious Fumes","floor":14.0},{"not_picked":["Bullet Time","Die Die Die"],"picked":"Phantasmal Killer","floor":16.0},{"not_picked":["Concentrate","PiercingWail"],"picked":"Outmaneuver","floor":18},{"not_picked":["Outmaneuver","Bane+1","Prepared"],"picked":"SKIP","floor":21}],"player_experience":427136,"relics_obtained":[{"floor":6.0,"key":"The Courier"},{"floor":8.0,"key":"Toy Ornithopter"}],"event_choices":[{"damage_healed":0.0,"max_hp_gain":0.0,"max_hp_loss":0.0,"gold_gain":0.0,"event_name":"WeMeetAgain","player_choice":"Gave Potion","floor":11.0,"gold_loss":0.0,"damage_taken":0.0,"relics_obtained":["Vajra"]},{"damage_healed":0,"gold_gain":0,"player_choice":"Shed Blood","damage_taken":18,"max_hp_gain":5,"max_hp_loss":0,"event_name":"Forgotten Altar","floor":19,"gold_loss":0},{"damage_healed":0,"gold_gain":0,"player_choice":"Ignored","damage_taken":0,"max_hp_gain":0,"max_hp_loss":0,"event_name":"The Mausoleum","floor":20,"gold_loss":0}],"is_beta":false,"boss_relics":[{"not_picked":["SacredBark","Philosopher\u0027s Stone"],"picked":"Pandora\u0027s Box"}],"items_purged_floors":[],"is_endless":false,"potions_floor_spawned":[1,5,8,10,14],"killed_by":"3 Cultists","ascension_level":0}}