{"host":"test","time":1612540279,"event":{"mods":["BaseMod","Colored Map","Colored Powertips","Filter the Spire","Minty Spire (QoL Compilation)","Relic Stats","Spire Exporter","StSLib","ojb\u0027s Better Paths Mod","ojb\u0027s Info Mod"],"gold_per_floor":[112,123,140,140,50,85,85,85,137,137,158,184,184,201,201,274,274,285,285,300,60,78,78,78],"floor_reached":23,"language":"JPN","playtime":1324,"items_purged":["Blood for Blood"],"score":398,"play_id":"788204f1-1c64-4a2d-bc9b-e5e887c24774","local_time":"20210206005119","is_ascension_mode":true,"campfire_choices":[{"floor":7.0,"key":"REST"},{"floor":10.0,"key":"REST"},{"data":"Clothesline","floor":13.0,"key":"SMITH"},{"data":"Disarm","floor":15.0,"key":"SMITH"}],"circlet_count":0,"master_deck":["AscendersBane","Strike_R+1","Defend_R","Defend_R+1","Defend_R","Defend_R","Bash","Shrug It Off","Thunderclap","Clothesline+1","Bludgeon+1","Havoc","Headbutt","Disarm+1","Second Wind","Feed","Sentinel","Sentinel","True Grit","Warcry"],"relics":["Burning Blood","Anchor","Art of War","Odd Mushroom","Blue Candle","Cursed Key","ClockworkSouvenir"],"acts_visited":["Exordium","TheCity"],"potions_floor_usage":[23],"damage_taken":[{"damage":1.0,"enemies":"Small Slimes","floor":1.0,"turns":5.0},{"damage":11.0,"enemies":"2 Louse","floor":2.0,"turns":3.0},{"damage":7.0,"enemies":"Jaw Worm","floor":3.0,"turns":4.0},{"damage":39.0,"enemies":"3 Sentries","floor":6.0,"turns":9.0},{"damage":9.0,"enemies":"The Mushroom Lair","floor":11.0,"turns":4.0},{"damage":10.0,"enemies":"Lagavulin","floor":12.0,"turns":6.0},{"damage":0.0,"enemies":"Looter","floor":14.0,"turns":3.0},{"damage":33.0,"enemies":"The Guardian","floor":16.0,"turns":16.0},{"damage":0.0,"enemies":"Chosen","floor":18.0,"turns":5.0},{"damage":8.0,"enemies":"3 Byrds","floor":20.0,"turns":6.0},{"damage":25.0,"enemies":"Sentry and Sphere","floor":22.0,"turns":7.0},{"damage":50,"enemies":"Gremlin Leader","floor":23,"turns":9}],"seed_played":"2120159253969947729","potions_obtained":[{"floor":11.0,"key":"ColorlessPotion"},{"floor":14.0,"key":"Fire Potion"},{"floor":16.0,"key":"Block Potion"}],"is_trial":false,"path_per_floor":["M","M","M","?","$","E","R","?","T","R","?","E","R","M","R","B",null,"M","?","M","$","M","E"],"character_chosen":"IRONCLAD","items_purchased":["Bludgeon","ClockworkSouvenir"],"campfire_rested":2,"item_purchase_floors":[5,21],"current_hp_per_floor":[68,63,62,42,42,9,29,29,29,49,46,42,42,48,48,21,56,65,65,66,66,50,0,0],"gold":78,"neow_bonus":"REMOVE_TWO","is_daily":false,"chose_seed":false,"campfire_upgraded":2,"win_rate":0.0,"timestamp":1612540279,"path_taken":["M","M","M","?","$","E","R","?","T","R","?","E","R","M","R","BOSS","M","?","M","$","M","E"],"items_purchased_type":["Card","Relic"],"build_version":"2020-12-18","purchased_purges":1,"victory":false,"max_hp_per_floor":[68,68,68,68,68,68,68,68,68,68,68,68,68,68,68,68,68,71,71,74,74,77,77,77],"relic_stats":{"counters":[12,77],"Blue Candle":[0],"Art of War":[6],"Cursed Key":0,"obtain_stats":[{"Anchor":6,"Blue Candle":12,"Art of War":9,"Odd Mushroom":11,"Cursed Key":17,"Burning Blood":0,"ClockworkSouvenir":21},{"Anchor":4,"Blue Candle":6,"Art of War":4,"Odd Mushroom":5,"Cursed Key":8,"Burning Blood":0,"ClockworkSouvenir":10},{"Anchor":21,"Blue Candle":31,"Art of War":21,"Odd Mushroom":25,"Cursed Key":50,"Burning Blood":0,"ClockworkSouvenir":61}],"Burning Blood":61},"card_choices":[{"not_picked":["Wild Strike","Clash"],"picked":"Shrug It Off","floor":1.0},{"not_picked":["Body Slam","Flex"],"picked":"Thunderclap","floor":2.0},{"not_picked":["Entrench","True Grit"],"picked":"Clothesline","floor":3.0},{"not_picked":["Rage","Flex"],"picked":"Havoc","floor":6.0},{"not_picked":["Pommel Strike","Uppercut"],"picked":"Headbutt","floor":11.0},{"not_picked":["Body Slam","Berserk"],"picked":"Disarm","floor":12.0},{"not_picked":["Anger","Pummel","Second Wind"],"picked":"SKIP","floor":14.0},{"not_picked":["Anger","Pummel"],"picked":"Second Wind","floor":14.0},{"not_picked":["Juggernaut","Berserk"],"picked":"Feed","floor":16.0},{"not_picked":["Anger","Perfected Strike"],"picked":"Sentinel","floor":18.0},{"not_picked":["Sentinel","Body Slam"],"picked":"True Grit","floor":20.0},{"not_picked":["Twin Strike","Rupture"],"picked":"Warcry","floor":22.0}],"player_experience":2028447,"relics_obtained":[{"floor":6.0,"key":"Anchor"},{"floor":9.0,"key":"Art of War"},{"floor":11.0,"key":"Odd Mushroom"},{"floor":12.0,"key":"Blue Candle"}],"event_choices":[{"damage_healed":0.0,"max_hp_gain":0.0,"max_hp_loss":0.0,"gold_gain":0.0,"event_name":"Shining Light","player_choice":"Entered Light","floor":4.0,"gold_loss":0.0,"damage_taken":20.0,"cards_upgraded":["Strike_R","Defend_R"]},{"damage_healed":0.0,"max_hp_gain":0.0,"max_hp_loss":0.0,"gold_gain":0.0,"event_name":"Living Wall","player_choice":"Grow","floor":8.0,"gold_loss":0.0,"damage_taken":0.0,"cards_upgraded":["Bludgeon"]},{"damage_healed":0.0,"max_hp_gain":0.0,"max_hp_loss":0.0,"gold_gain":0.0,"event_name":"Mushrooms","player_choice":"Fought Mushrooms","floor":11.0,"gold_loss":0.0,"damage_taken":0.0},{"damage_healed":0.0,"max_hp_gain":0.0,"max_hp_loss":0.0,"gold_gain":0.0,"cards_transformed":["Strike_R","Strike_R"],"event_name":"Drug Dealer","player_choice":"Became Test Subject","floor":19.0,"gold_loss":0.0,"damage_taken":0.0,"cards_obtained":["Sentinel","Blood for Blood"]}],"is_beta":true,"boss_relics":[{"not_picked":["Fusion Hammer","SacredBark"],"picked":"Cursed Key"}],"items_purged_floors":[21],"is_endless":false,"potions_floor_spawned":[11,14,16,20],"killed_by":"Gremlin Leader","ascension_level":20}}