{"host":"8is2j71l4wmybkoi","time":1612502581,"event":{"mods":["AchievementEnabler","BaseMod","Colored Map","Minty Spire (QoL Compilation)","Rare Cards Sparkle","StSLib","SuperFastMode"],"gold_per_floor":[110,22,34,34,44,44,78,78,78,78,96,112,141,152,152,230,230,248,24,50,60,73,73,90,119,119,69,69,19,19,50,50,50,50],"floor_reached":33,"language":"KOR","playtime":1300,"items_purged":["Strike_R","Strike_R","Strike_R"],"score":516,"play_id":"3d2e4dc9-a317-4def-843f-ca7a173d59ae","local_time":"20210205142300","is_ascension_mode":true,"campfire_choices":[{"data":"Mayhem","floor":6,"key":"SMITH"},{"data":"Blood for Blood","floor":8,"key":"SMITH"},{"data":"Bash","floor":10,"key":"SMITH"},{"data":"True Grit","floor":15,"key":"SMITH"},{"data":"Carnage","floor":23,"key":"SMITH"},{"data":"Fire Breathing","floor":32,"key":"SMITH"}],"circlet_count":0,"master_deck":["AscendersBane","Strike_R","Strike_R","Defend_R","Defend_R","Defend_R","Defend_R","Bash+1","Mayhem+1","Carnage+1","Flash of Steel","Dropkick","Power Through","Blood for Blood+1","True Grit+1","Offering","Reaper","Feel No Pain","Double Tap","Fire Breathing+1","Anger","Clothesline+1","Writhe"],"relics":["Burning Blood","Kunai","Bag of Preparation","Mark of Pain","Medical Kit","Red Mask","Smiling Mask","Pocketwatch","The Courier","Meat on the Bone"],"acts_visited":["Exordium","TheCity"],"potions_floor_usage":[4,7,11,16,18,22,24,25],"damage_taken":[{"damage":6,"enemies":"Cultist","floor":1,"turns":3},{"damage":4,"enemies":"Small Slimes","floor":3,"turns":3},{"damage":2,"enemies":"Jaw Worm","floor":5,"turns":3},{"damage":17,"enemies":"Gremlin Nob","floor":7,"turns":5},{"damage":0,"enemies":"Blue Slaver","floor":11,"turns":1},{"damage":12,"enemies":"Exordium Wildlife","floor":12,"turns":5},{"damage":18,"enemies":"Lagavulin","floor":13,"turns":7},{"damage":6,"enemies":"Looter","floor":14,"turns":1},{"damage":41,"enemies":"Hexaghost","floor":16,"turns":10},{"damage":14,"enemies":"Shell Parasite","floor":18,"turns":3},{"damage":49,"enemies":"Masked Bandits","floor":20,"turns":7},{"damage":8,"enemies":"Chosen","floor":21,"turns":4},{"damage":8,"enemies":"Centurion and Healer","floor":22,"turns":5},{"damage":8,"enemies":"Snake Plant","floor":24,"turns":3},{"damage":14,"enemies":"Slavers","floor":25,"turns":4},{"damage":26,"enemies":"Book of Stabbing","floor":31,"turns":5},{"damage":67,"enemies":"Collector","floor":33,"turns":6}],"seed_played":"1399841403291827575","potions_obtained":[{"floor":1,"key":"FearPotion"},{"floor":4,"key":"BloodPotion"},{"floor":4,"key":"Block Potion"},{"floor":5,"key":"Fire Potion"},{"floor":13,"key":"AttackPotion"},{"floor":14,"key":"Energy Potion"},{"floor":16,"key":"SteroidPotion"},{"floor":20,"key":"Block Potion"},{"floor":24,"key":"ColorlessPotion"}],"is_trial":false,"path_per_floor":["M","$","M","?","M","R","E","R","T","R","M","M","E","M","R","B",null,"M","$","?","M","M","R","M","E","T","$","?","$","?","E","R","B"],"character_chosen":"IRONCLAD","items_purchased":["Flash of Steel","Medical Kit"],"campfire_rested":0,"item_purchase_floors":[2,19],"current_hp_per_floor":[50,50,52,67,71,71,60,60,60,60,66,60,48,48,48,17,61,53,53,16,20,36,36,34,38,38,38,53,53,53,39,39,0,0],"gold":50,"neow_bonus":"RANDOM_COLORLESS_2","is_daily":false,"chose_seed":false,"campfire_upgraded":6,"win_rate":0.0,"timestamp":1612502580,"path_taken":["M","?","M","?","M","R","E","R","T","R","M","M","E","?","R","BOSS","M","$","?","M","M","R","M","E","T","$","?","$","?","E","R","BOSS"],"items_purchased_type":["Card","Relic"],"build_version":"2020-12-22","purchased_purges":3,"victory":false,"max_hp_per_floor":[75,75,75,75,75,75,75,75,75,75,75,75,75,75,75,75,75,75,75,75,75,75,75,75,75,75,75,75,75,75,75,75,75,75],"card_choices":[{"not_picked":["Magnetism","Sadistic Nature"],"picked":"Mayhem","floor":0},{"not_picked":["Warcry","Shrug It Off"],"picked":"Carnage","floor":1},{"not_picked":["Reckless Charge","Battle Trance"],"picked":"Dropkick","floor":3},{"not_picked":["Pommel Strike","Sentinel"],"picked":"Power Through","floor":5},{"not_picked":["Armaments","Warcry"],"picked":"Blood for Blood","floor":7},{"not_picked":["Clash","Iron Wave"],"picked":"True Grit","floor":11},{"not_picked":["Heavy Blade","Intimidate"],"picked":"Offering","floor":12},{"not_picked":["Pommel Strike","Flex"],"picked":"Reaper","floor":13},{"not_picked":["Perfected Strike","Cleave"],"picked":"Feel No Pain","floor":14},{"not_picked":["Impervious","Juggernaut"],"picked":"Double Tap","floor":16},{"not_picked":["Warcry","Body Slam","Headbutt"],"picked":"SKIP","floor":18},{"not_picked":["Flex+1","Armaments"],"picked":"Fire Breathing","floor":20},{"not_picked":["Sever Soul","Power Through","Rampage"],"picked":"SKIP","floor":21},{"not_picked":["Double Tap","Clash"],"picked":"Anger","floor":22},{"not_picked":["Thunderclap","Infernal Blade"],"picked":"Clothesline+1","floor":24},{"not_picked":["Feel No Pain","Disarm","Havoc"],"picked":"SKIP","floor":25},{"not_picked":["Feel No Pain","Disarm","Havoc"],"picked":"SKIP","floor":25},{"not_picked":["Combust+1","Feel No Pain","Sever Soul"],"picked":"SKIP","floor":31}],"player_experience":973124,"relics_obtained":[{"floor":7,"key":"Kunai"},{"floor":13,"key":"Bag of Preparation"},{"floor":20,"key":"Red Mask"},{"floor":25,"key":"Smiling Mask"},{"floor":26,"key":"Pocketwatch"},{"floor":31,"key":"Meat on the Bone"}],"event_choices":[{"damage_healed":0,"gold_gain":0,"player_choice":"Got Potions","damage_taken":0,"max_hp_gain":0,"max_hp_loss":0,"event_name":"Lab","floor":4,"gold_loss":0},{"damage_healed":0,"gold_gain":0,"player_choice":"Fought Bandits","damage_taken":0,"max_hp_gain":0,"max_hp_loss":0,"event_name":"Masked Bandits","floor":20,"gold_loss":0},{"damage_healed":15,"gold_gain":0,"player_choice":"Heal","damage_taken":0,"max_hp_gain":0,"max_hp_loss":0,"event_name":"The Library","floor":28,"gold_loss":0},{"damage_healed":0,"gold_gain":0,"player_choice":"Opened","damage_taken":0,"relics_obtained":["The Courier"],"max_hp_gain":0,"max_hp_loss":0,"event_name":"The Mausoleum","floor":30,"gold_loss":0,"cards_obtained":["Writhe"]}],"is_beta":false,"boss_relics":[{"not_picked":["Cursed Key","Velvet Choker"],"picked":"Mark of Pain"}],"items_purged_floors":[19,27,29],"is_endless":false,"potions_floor_spawned":[1,5,13,14,16,20,24],"killed_by":"Collector","ascension_level":15}}