{"host":"4eao2pkwlmv012cz","time":1612492527,"event":{"mods":["BaseMod","Colored Powertips","Minty Spire (QoL Compilation)","Permanent Neow","Quick Restart","Random Character Button","StSLib"],"gold_per_floor":[117,117,135,146,158,184,184,218,244,271,271,271,286,297,297,374,374,391,391,27,27,27,52,66,66,66,66,66,66],"floor_reached":28,"language":"ENG","playtime":1331,"items_purged":[],"score":512,"play_id":"c97bf689-1bb0-439e-af69-4309d31df9b3","local_time":"20210204213527","is_ascension_mode":true,"campfire_choices":[{"floor":7.0,"key":"REST"},{"data":"Zap","floor":12.0,"key":"SMITH"},{"data":"Defragment","floor":15.0,"key":"SMITH"},{"floor":25,"key":"REST"},{"data":"Barrage","floor":27,"key":"SMITH"}],"circlet_count":0,"master_deck":["AscendersBane","Strike_B","Strike_B","Strike_B","Defend_B","Defend_B","Defend_B","Defend_B","Zap+1","Dualcast","Shame","Electrodynamics","Chill","Hello World","Sweeping Beam+1","BootSequence","Self Repair","All For One+1","Auto Shields","Barrage+1","Defragment+1","Recycle","Machine Learning","Reinforced Body","Shame","Capacitor","Defragment+1","Auto Shields+1","Reinforced Body+1"],"relics":["Cracked Core","Whetstone","Strawberry","Happy Flower","Tiny Chest","Inserter","Omamori","Pear","Toxic Egg 2","Ornamental Fan","The Courier"],"acts_visited":["Exordium","TheCity"],"potions_floor_usage":[28],"damage_taken":[{"damage":4.0,"enemies":"Small Slimes","floor":1.0,"turns":4.0},{"damage":1.0,"enemies":"Cultist","floor":3.0,"turns":3.0},{"damage":0.0,"enemies":"2 Louse","floor":4.0,"turns":2.0},{"damage":0.0,"enemies":"Exordium Thugs","floor":5.0,"turns":3.0},{"damage":28.0,"enemies":"Lagavulin","floor":6.0,"turns":7.0},{"damage":32.0,"enemies":"Gremlin Nob","floor":8.0,"turns":4.0},{"damage":29.0,"enemies":"Lagavulin","floor":10.0,"turns":7.0},{"damage":0.0,"enemies":"Blue Slaver","floor":13.0,"turns":3.0},{"damage":10.0,"enemies":"Red Slaver","floor":14.0,"turns":3.0},{"damage":32.0,"enemies":"The Guardian","floor":16.0,"turns":9.0},{"damage":3.0,"enemies":"2 Thieves","floor":18.0,"turns":3.0},{"damage":68,"enemies":"Book of Stabbing","floor":23,"turns":6},{"damage":18,"enemies":"3 Byrds","floor":24,"turns":3},{"damage":43,"enemies":"Gremlin Leader","floor":28,"turns":3}],"seed_played":"-4918544948566980301","potions_obtained":[{"floor":4.0,"key":"SneckoOil"},{"floor":5.0,"key":"SteroidPotion"},{"floor":6.0,"key":"GamblersBrew"},{"floor":14.0,"key":"SneckoOil"},{"floor":16.0,"key":"FearPotion"},{"floor":24,"key":"Weak Potion"}],"is_trial":false,"path_per_floor":["M","?","M","M","M","E","R","E","T","E","?","R","M","M","R","B",null,"M","?","$","?","T","E","M","R","T","R","E"],"character_chosen":"DEFECT","items_purchased":["Capacitor","Pear"],"campfire_rested":2,"item_purchase_floors":[20,20],"current_hp_per_floor":[60,60,59,59,59,38,59,41,41,19,78,78,78,75,75,50,71,75,75,85,85,85,24,6,32,32,32,0,0],"gold":66,"neow_bonus":"THREE_RARE_CARDS","is_daily":false,"chose_seed":false,"campfire_upgraded":3,"win_rate":0.0,"timestamp":1612492527,"path_taken":["M","?","M","?","M","E","R","E","T","E","?","R","M","M","R","BOSS","M","?","$","?","?","E","M","R","T","R","E"],"items_purchased_type":["Card","Relic"],"build_version":"2020-12-22","purchased_purges":0,"victory":false,"max_hp_per_floor":[71,71,71,71,71,71,71,78,78,78,78,78,78,78,78,78,78,78,78,88,88,88,88,88,88,88,88,88,88],"card_choices":[{"not_picked":["Buffer","Creative AI"],"picked":"Electrodynamics","floor":0.0},{"not_picked":["Streamline","Beam Cell"],"picked":"Chill","floor":1.0},{"not_picked":["Rebound","Streamline"],"picked":"Sweeping Beam","floor":3.0},{"not_picked":["Hologram","Turbo"],"picked":"BootSequence","floor":4.0},{"not_picked":["Rebound","Hologram"],"picked":"Self Repair","floor":5.0},{"not_picked":["Hologram","Fusion"],"picked":"All For One","floor":6.0},{"not_picked":["Tempest","Gash"],"picked":"Auto Shields","floor":8.0},{"not_picked":["Turbo","Hologram"],"picked":"Barrage","floor":10.0},{"not_picked":["Conserve Battery","Beam Cell"],"picked":"Defragment","floor":13.0},{"not_picked":["Streamline","Go for the Eyes"],"picked":"Recycle","floor":14.0},{"not_picked":["Seek","Reboot"],"picked":"Machine Learning","floor":16.0},{"not_picked":["Ball Lightning","Recycle+1"],"picked":"Reinforced Body","floor":18.0},{"not_picked":["Aggregate+1","Hyperbeam"],"picked":"Auto Shields+1","floor":23},{"not_picked":["Reprogram+1","Go for the Eyes"],"picked":"Reinforced Body+1","floor":24}],"player_experience":2876549,"relics_obtained":[{"floor":6.0,"key":"Whetstone"},{"floor":8.0,"key":"Strawberry"},{"floor":9.0,"key":"Happy Flower"},{"floor":10.0,"key":"Tiny Chest"},{"floor":22.0,"key":"Toxic Egg 2"},{"floor":23,"key":"Ornamental Fan"},{"floor":26,"key":"The Courier"}],"event_choices":[{"damage_healed":0.0,"max_hp_gain":0.0,"max_hp_loss":0.0,"gold_gain":0.0,"cards_transformed":["Strike_B"],"event_name":"Transmorgrifier","player_choice":"Transformed","floor":2.0,"gold_loss":0.0,"damage_taken":0.0,"cards_obtained":["Hello World"]},{"damage_healed":59.0,"max_hp_gain":0.0,"max_hp_loss":0.0,"gold_gain":0.0,"event_name":"Wheel of Change","player_choice":"Full Heal","floor":11.0,"gold_loss":0.0,"damage_taken":0.0},{"damage_healed":0.0,"max_hp_gain":0.0,"max_hp_loss":0.0,"gold_gain":0.0,"event_name":"Addict","player_choice":"Stole Relic","floor":19.0,"gold_loss":0.0,"damage_taken":0.0,"relics_obtained":["Omamori"],"cards_obtained":["Shame"]},{"damage_healed":0.0,"max_hp_gain":0.0,"max_hp_loss":0.0,"gold_gain":0.0,"event_name":"Duplicator","player_choice":"Copied","floor":21.0,"gold_loss":0.0,"damage_taken":0.0,"cards_obtained":["Defragment"]}],"is_beta":false,"boss_relics":[{"not_picked":["Empty Cage","SlaversCollar"],"picked":"Inserter"}],"items_purged_floors":[],"is_endless":false,"potions_floor_spawned":[4,5,6,14,16,24],"killed_by":"Gremlin Leader","ascension_level":20}}