{"host":"a3wpq7kyokchzawk","time":1612541295,"event":{"mods":["BaseMod","Colored Map","Highlight Path","Minty Spire (QoL Compilation)","Permanent Neow","Potion Indicator Mod","Relic Stats","Weighted Paths"],"gold_per_floor":[114,132,148,167,2,37,37,52,98,98,124,124,124,149,149,149,149],"floor_reached":16,"language":"ENG","playtime":1998,"items_purged":[],"score":240,"play_id":"d6371b6e-2c92-4c87-b2e2-92506295f147","local_time":"20210205140815","is_ascension_mode":true,"campfire_choices":[{"floor":10,"key":"REST"},{"floor":12,"key":"REST"},{"data":"Crippling Poison","floor":15,"key":"SMITH"}],"circlet_count":0,"master_deck":["AscendersBane","Strike_G","Strike_G","Strike_G","Strike_G","Strike_G","Defend_G","Defend_G","Defend_G","Defend_G","Defend_G","Survivor","Neutralize+1","Infinite Blades","Underhanded Strike","Infinite Blades","Blade Dance","Crippling Poison+1"],"relics":["Snecko Eye","ClockworkSouvenir","Nunchaku","Happy Flower","Regal Pillow","InkBottle","Eternal Feather"],"acts_visited":["Exordium"],"potions_floor_usage":[6,11,14],"damage_taken":[{"damage":4,"enemies":"Cultist","floor":1,"turns":4},{"damage":0,"enemies":"2 Louse","floor":2,"turns":6},{"damage":4,"enemies":"Jaw Worm","floor":3,"turns":4},{"damage":3,"enemies":"Exordium Wildlife","floor":4,"turns":8},{"damage":44,"enemies":"Lagavulin","floor":6,"turns":8},{"damage":0,"enemies":"Looter","floor":8,"turns":3},{"damage":31,"enemies":"Gremlin Nob","floor":11,"turns":4},{"damage":5,"enemies":"3 Sentries","floor":14,"turns":6},{"damage":46,"enemies":"The Guardian","floor":16,"turns":11}],"seed_played":"2107774564272205113","potions_obtained":[{"floor":1,"key":"Swift Potion"},{"floor":3,"key":"LiquidBronze"},{"floor":11,"key":"ColorlessPotion"}],"is_trial":false,"path_per_floor":["M","M","M","M","$","E","T","M","T","R","E","R","?","E","R","B"],"character_chosen":"THE_SILENT","items_purchased":["ClockworkSouvenir"],"campfire_rested":2,"item_purchase_floors":[5],"current_hp_per_floor":[55,55,51,48,48,4,4,4,4,38,7,41,41,36,45,0,0],"gold":149,"neow_bonus":"BOSS_RELIC","is_daily":false,"chose_seed":false,"campfire_upgraded":1,"win_rate":0.0,"timestamp":1612541295,"path_taken":["M","M","M","M","$","E","?","?","T","R","E","R","?","E","R","BOSS"],"items_purchased_type":["Relic"],"build_version":"2020-12-22","purchased_purges":0,"victory":false,"max_hp_per_floor":[66,66,66,66,66,66,66,66,66,66,66,66,66,66,66,66,66],"relic_stats":{"Nunchaku":[7],"Regal Pillow":30,"Happy Flower":[8],"counters":[9,54],"Snecko Eye":[100,93,80,98],"Eternal Feather":9,"obtain_stats":[{"Nunchaku":6,"Regal Pillow":9,"Happy Flower":7,"Snecko Eye":0,"Eternal Feather":14,"InkBottle":11,"Ring of the Snake":0,"ClockworkSouvenir":5},{"Nunchaku":5,"Regal Pillow":6,"Happy Flower":5,"Snecko Eye":0,"Eternal Feather":8,"InkBottle":7,"Ring of the Snake":0,"ClockworkSouvenir":4},{"Nunchaku":30,"Regal Pillow":33,"Happy Flower":30,"Snecko Eye":0,"Eternal Feather":43,"InkBottle":37,"Ring of the Snake":0,"ClockworkSouvenir":22}],"InkBottle":[8]},"card_choices":[{"not_picked":["Endless Agony","Outmaneuver"],"picked":"Infinite Blades","floor":1},{"not_picked":["Heel Hook","Deflect","Slice"],"picked":"SKIP","floor":2},{"not_picked":["Dagger Spray","Backflip"],"picked":"Underhanded Strike","floor":3},{"not_picked":["Phantasmal Killer","Deflect","Dagger Spray"],"picked":"SKIP","floor":4},{"not_picked":["Slice","Prepared"],"picked":"Infinite Blades","floor":6},{"not_picked":["Sucker Punch","Dodge and Roll"],"picked":"Blade Dance","floor":8},{"not_picked":["Poisoned Stab","Well Laid Plans","Deflect"],"picked":"SKIP","floor":11},{"not_picked":["Choke","Expertise"],"picked":"Crippling Poison","floor":14}],"player_experience":2625881,"relics_obtained":[{"floor":6,"key":"Nunchaku"},{"floor":7,"key":"Happy Flower"},{"floor":9,"key":"Regal Pillow"},{"floor":11,"key":"InkBottle"},{"floor":14,"key":"Eternal Feather"}],"event_choices":[{"damage_healed":0,"gold_gain":0,"player_choice":"Forge","damage_taken":0,"max_hp_gain":0,"max_hp_loss":0,"event_name":"Accursed Blacksmith","floor":13,"gold_loss":0,"cards_upgraded":["Neutralize"]}],"is_beta":false,"boss_relics":[],"items_purged_floors":[],"is_endless":false,"potions_floor_spawned":[1,3,11],"killed_by":"The Guardian","ascension_level":20}}