{"host":"78ng8b0jg92p48rp","time":1612530989,"event":{"mods":["Aspiration","BaseMod","Minty Spire (QoL Compilation)","Quick Restart","Replay The Spire","StSLib"],"gold_per_floor":[118,43,218,234,234,261,261,279,279,291,291,325,325,48,48,48,48],"floor_reached":16,"language":"ZHS","playtime":550,"items_purged":["Strike_G","Strike_G"],"score":133,"play_id":"0b0cf6c8-5889-4cf3-8572-19f589f81961","local_time":"20210205211629","is_ascension_mode":false,"campfire_choices":[{"data":"Catalyst","floor":7,"key":"SMITH"},{"data":"Replay:Poison Smokescreen","floor":7,"key":"SMITH"},{"data":"Deadly Poison","floor":11,"key":"SMITH"},{"data":"Acrobatics","floor":11,"key":"SMITH"},{"floor":15,"key":"REST"}],"circlet_count":0,"master_deck":["Strike_G","Strike_G","Strike_G","Defend_G","Defend_G","Defend_G","Defend_G","Defend_G","Survivor","Neutralize","Catalyst+1","Replay:Poison Smokescreen+1","Acrobatics+1","Deadly Poison+1","Flying Knee+1"],"relics":["Ring of the Snake","NeowsBlessing","Replay:Arrowhead","Bottled Lightning","Onion Ring","Snack Pack","Happy Flower"],"acts_visited":["Exordium"],"potions_floor_usage":[16,16],"damage_taken":[{"damage":0,"enemies":"Small Slimes","floor":1,"turns":1},{"damage":0,"enemies":"2 Louse","floor":4,"turns":2},{"damage":0,"enemies":"3 Sentries","floor":6,"turns":2},{"damage":1,"enemies":"Jaw Worm","floor":8,"turns":4},{"damage":5,"enemies":"Large Slime","floor":10,"turns":7},{"damage":37,"enemies":"Gremlin Nob","floor":12,"turns":5},{"damage":48,"enemies":"Slime Boss","floor":16,"turns":8}],"seed_played":"-7603657318562973984","potions_obtained":[{"floor":1,"key":"Regen Potion"},{"floor":10,"key":"Elixir"}],"is_trial":false,"path_per_floor":["M","$","?","M","?","E","R","M","T","M","R","E","?","$","R","B"],"character_chosen":"THE_SILENT","items_purchased":["Happy Flower","Flying Knee+1"],"campfire_rested":1,"item_purchase_floors":[14,14],"current_hp_per_floor":[70,70,70,70,63,63,63,62,62,57,57,20,17,17,38,0,0],"gold":48,"neow_bonus":"THREE_ENEMY_KILL","is_daily":false,"chose_seed":false,"campfire_upgraded":4,"win_rate":0.0,"timestamp":1612530989,"path_taken":["M","$","?","M","?","E","R","M","T","M","R","E","?","?","R","BOSS"],"items_purchased_type":["Relic","Card"],"build_version":"2020-12-22","purchased_purges":2,"victory":false,"max_hp_per_floor":[70,70,70,70,70,70,70,70,70,70,70,70,70,70,70,70,70],"card_choices":[{"not_picked":["Slice","Poisoned Stab"],"picked":"Catalyst","floor":1},{"not_picked":["Dagger Spray","Outmaneuver"],"picked":"Replay:Poison Smokescreen","floor":4},{"not_picked":["Hidden Blade","Prepared"],"picked":"Acrobatics","floor":6},{"not_picked":["Sucker Punch","Flying Knee","Dagger Spray"],"picked":"SKIP","floor":8},{"not_picked":["Dodge and Roll","Backflip"],"picked":"Deadly Poison","floor":10},{"not_picked":["Infinite Blades","ReplayTheSpireMod:Scrap Shanks","Caltrops"],"picked":"SKIP","floor":12}],"player_experience":81718,"relics_obtained":[{"floor":6,"key":"Replay:Arrowhead"},{"floor":9,"key":"Bottled Lightning"},{"floor":12,"key":"Onion Ring"}],"event_choices":[{"damage_healed":0,"gold_gain":175,"player_choice":"AGREE","damage_taken":0,"max_hp_gain":0,"max_hp_loss":0,"event_name":"Liars Game","floor":3,"gold_loss":0,"cards_obtained":["Doubt"]},{"cards_removed":["Doubt"],"damage_healed":0,"gold_gain":0,"player_choice":"Card Removal","damage_taken":7,"max_hp_gain":0,"max_hp_loss":0,"event_name":"Golden Wing","floor":5,"gold_loss":0},{"damage_healed":0,"gold_gain":0,"player_choice":"Success","damage_taken":3,"relics_obtained":["Snack Pack"],"max_hp_gain":0,"max_hp_loss":0,"event_name":"Scrap Ooze","floor":13,"gold_loss":0}],"is_beta":false,"boss_relics":[],"items_purged_floors":[2,14],"is_endless":false,"potions_floor_spawned":[1,10],"killed_by":"Slime Boss","ascension_level":0}}