{"host":"x7xd4wkamhrqrrvw","time":1612525078,"event":{"mods":["AchievementEnabler","BaseMod","Minty Spire (QoL Compilation)","StSLib"],"gold_per_floor":[116,128,139,139,149,149,187,43,70,70,97,131,143,143,143,143,143],"floor_reached":16,"language":"ENG","playtime":558,"items_purged":["Strike_R"],"score":213,"play_id":"2b939ece-5c70-41ec-9952-7f740d308713","local_time":"20210205093758","is_ascension_mode":true,"campfire_choices":[{"data":"Wild Strike","floor":6,"key":"SMITH"},{"data":"Uppercut","floor":10,"key":"SMITH"},{"data":"Wild Strike","floor":15,"key":"SMITH"}],"circlet_count":0,"master_deck":["AscendersBane","Strike_R","Defend_R","Defend_R","Defend_R","Defend_R","Bash","Iron Wave","Wild Strike+1","Wild Strike+1","Flame Barrier","Flame Barrier","Wild Strike","Uppercut+1","Flame Barrier","Impervious"],"relics":["Burning Blood","CeramicFish","Omamori"],"acts_visited":["Exordium"],"potions_floor_usage":[5,12,16],"damage_taken":[{"damage":14,"enemies":"Jaw Worm","floor":1,"turns":4},{"damage":1,"enemies":"Cultist","floor":2,"turns":4},{"damage":3,"enemies":"Small Slimes","floor":3,"turns":3},{"damage":0,"enemies":"Exordium Wildlife","floor":5,"turns":7},{"damage":28,"enemies":"Lagavulin","floor":7,"turns":7},{"damage":0,"enemies":"2 Fungi Beasts","floor":11,"turns":4},{"damage":22,"enemies":"3 Sentries","floor":12,"turns":9},{"damage":10,"enemies":"Lots of Slimes","floor":13,"turns":6},{"damage":22,"enemies":"Slime Boss","floor":16,"turns":5}],"seed_played":"-2006837458312870846","potions_obtained":[{"floor":1,"key":"AttackPotion"},{"floor":2,"key":"Dexterity Potion"},{"floor":13,"key":"Swift Potion"}],"is_trial":false,"path_per_floor":["M","M","M","?","M","R","E","$","T","R","M","E","M","?","R","B"],"character_chosen":"IRONCLAD","items_purchased":["Flame Barrier"],"campfire_rested":0,"item_purchase_floors":[8],"current_hp_per_floor":[42,47,50,50,56,56,34,34,34,34,40,24,20,20,20,0,0],"gold":143,"neow_bonus":"TRANSFORM_TWO_CARDS","is_daily":false,"chose_seed":false,"campfire_upgraded":3,"win_rate":0.0,"timestamp":1612525078,"path_taken":["M","M","M","?","M","R","E","?","T","R","?","E","M","?","R","BOSS"],"items_purchased_type":["Card"],"build_version":"2020-12-22","purchased_purges":1,"victory":false,"max_hp_per_floor":[75,75,75,75,75,75,75,75,75,75,75,75,75,75,75,75,75],"card_choices":[{"not_picked":["Rampage","Sentinel"],"picked":"Wild Strike","floor":1},{"not_picked":["Flex","Blood for Blood"],"picked":"Flame Barrier","floor":2},{"not_picked":["Havoc","True Grit"],"picked":"Flame Barrier","floor":3},{"not_picked":["Thunderclap","Seeing Red"],"picked":"Wild Strike","floor":5},{"not_picked":["Shrug It Off","Anger"],"picked":"Uppercut","floor":7},{"not_picked":["Havoc","Armaments"],"picked":"Impervious","floor":11},{"not_picked":["Clothesline","Cleave","Thunderclap"],"picked":"SKIP","floor":12},{"not_picked":["True Grit","Reckless Charge","Pummel"],"picked":"SKIP","floor":13}],"player_experience":426622,"relics_obtained":[{"floor":7,"key":"CeramicFish"},{"floor":12,"key":"Omamori"}],"event_choices":[{"cards_removed":["Strike_R"],"damage_healed":0,"gold_gain":0,"player_choice":"Purged","damage_taken":0,"max_hp_gain":0,"max_hp_loss":0,"event_name":"Purifier","floor":4,"gold_loss":0},{"damage_healed":0,"gold_gain":0,"player_choice":"Ignored","damage_taken":0,"max_hp_gain":0,"max_hp_loss":0,"event_name":"Liars Game","floor":14,"gold_loss":0}],"is_beta":false,"boss_relics":[],"items_purged_floors":[8],"is_endless":false,"potions_floor_spawned":[1,2,13],"killed_by":"Slime Boss","ascension_level":18}}