{"host":"msfr2axb1w9025n0","time":1612492511,"event":{"mods":["BaseMod","Bestiary","Block Reminder","Colored Map","DeckTracker","Minty Spire (QoL Compilation)","Relic Stats","Weighted Paths"],"gold_per_floor":[119,119,66,66,78,106,106,106,106,106,137,156,156,167,167,246,246,260,260,272,117,133,133,133],"floor_reached":23,"language":"ENG","playtime":517,"items_purged":[],"score":452,"play_id":"ef0d3802-b119-41d0-be13-a5e6defd0850","local_time":"20210205093511","is_ascension_mode":true,"campfire_choices":[{"data":"Inflame","floor":8,"key":"SMITH"},{"data":"Bash","floor":13,"key":"SMITH"},{"data":"Shrug It Off","floor":15,"key":"SMITH"}],"circlet_count":0,"master_deck":["AscendersBane","Strike_R","Strike_R","Strike_R","Strike_R","Defend_R","Defend_R","Defend_R","Defend_R","Bash+1","Cleave+1","Shrug It Off+1","Inflame+1","Pummel","Whirlwind+1","Perfected Strike+1","Demon Form","Twin Strike+1","Havoc+1"],"relics":["Burning Blood","NeowsBlessing","Dead Branch","StrikeDummy","Ornamental Fan","Molten Egg 2","Runic Pyramid","Medical Kit"],"acts_visited":["Exordium","TheCity"],"potions_floor_usage":[14,20,22,23],"damage_taken":[{"damage":0,"enemies":"Small Slimes","floor":1,"turns":1},{"damage":0,"enemies":"Jaw Worm","floor":5,"turns":1},{"damage":0,"enemies":"3 Sentries","floor":6,"turns":1},{"damage":22,"enemies":"Lagavulin","floor":11,"turns":6},{"damage":0,"enemies":"2 Louse","floor":12,"turns":3},{"damage":7,"enemies":"Large Slime","floor":14,"turns":4},{"damage":0,"enemies":"Slime Boss","floor":16,"turns":7},{"damage":12,"enemies":"Chosen","floor":18,"turns":4},{"damage":33,"enemies":"Shell Parasite","floor":20,"turns":4},{"damage":0,"enemies":"Snake Plant","floor":22,"turns":1},{"damage":58,"enemies":"Slavers","floor":23,"turns":2}],"seed_played":"-4587659204979151342","potions_obtained":[{"floor":6,"key":"Fruit Juice"},{"floor":11,"key":"Strength Potion"},{"floor":14,"key":"Energy Potion"},{"floor":20,"key":"DistilledChaos"}],"is_trial":false,"path_per_floor":["M","?","$","?","M","E","?","R","T","?","E","M","R","M","R","B",null,"M","?","M","$","M","E"],"character_chosen":"IRONCLAD","items_purchased":["Shrug It Off","Medical Kit"],"campfire_rested":0,"item_purchase_floors":[3,21],"current_hp_per_floor":[78,78,78,78,80,80,73,73,73,66,50,56,56,60,60,66,80,74,74,47,47,53,0,0],"gold":133,"neow_bonus":"THREE_ENEMY_KILL","is_daily":false,"chose_seed":false,"campfire_upgraded":3,"win_rate":0.0,"timestamp":1612492511,"path_taken":["M","?","$","?","M","E","?","R","T","?","E","M","R","M","R","BOSS","M","?","M","$","M","E"],"items_purchased_type":["Card","Relic"],"build_version":"2020-12-22","purchased_purges":0,"victory":false,"max_hp_per_floor":[80,80,80,80,80,80,80,80,80,80,80,80,80,85,85,85,85,85,85,85,85,85,85,85],"relic_stats":{"counters":[11,34],"Ornamental Fan":[8],"Dead Branch":[15],"Medical Kit":[0],"obtain_stats":[{"NeowsBlessing":0,"Ornamental Fan":9,"Dead Branch":6,"Molten Egg 2":11,"StrikeDummy":7,"Medical Kit":21,"Burning Blood":0,"Runic Pyramid":17},{"NeowsBlessing":0,"Ornamental Fan":3,"Dead Branch":3,"Molten Egg 2":4,"StrikeDummy":3,"Medical Kit":9,"Burning Blood":0,"Runic Pyramid":7},{"NeowsBlessing":0,"Ornamental Fan":3,"Dead Branch":3,"Molten Egg 2":9,"StrikeDummy":3,"Medical Kit":31,"Burning Blood":0,"Runic Pyramid":23}],"Burning Blood":50},"card_choices":[{"not_picked":["Pommel Strike","Clash"],"picked":"Cleave","floor":1},{"not_picked":["Entrench","Headbutt"],"picked":"Inflame","floor":5},{"not_picked":["Reaper","Sentinel"],"picked":"Pummel","floor":6},{"not_picked":["Warcry","Burning Pact","Armaments"],"picked":"SKIP","floor":11},{"not_picked":["True Grit","Wild Strike+1"],"picked":"Whirlwind+1","floor":12},{"not_picked":["Reaper+1","Heavy Blade+1"],"picked":"Perfected Strike+1","floor":14},{"not_picked":["Brutality","Impervious"],"picked":"Demon Form","floor":16},{"not_picked":["Armaments","Havoc+1"],"picked":"Twin Strike+1","floor":18},{"not_picked":["Iron Wave+1","Fire Breathing"],"picked":"Havoc+1","floor":20},{"not_picked":["Havoc","Rampage+1","Hemokinesis+1"],"picked":"SKIP","floor":22}],"player_experience":286375,"relics_obtained":[{"floor":6,"key":"Dead Branch"},{"floor":9,"key":"Ornamental Fan"},{"floor":11,"key":"Molten Egg 2"}],"event_choices":[{"damage_healed":0,"gold_gain":0,"player_choice":"Grow","damage_taken":0,"max_hp_gain":0,"max_hp_loss":0,"event_name":"Living Wall","floor":2,"gold_loss":0,"cards_upgraded":["Cleave"]},{"damage_healed":0,"gold_gain":0,"player_choice":"Ignored","damage_taken":0,"max_hp_gain":0,"max_hp_loss":0,"event_name":"Liars Game","floor":4,"gold_loss":0},{"damage_healed":0,"gold_gain":0,"player_choice":"Success","damage_taken":7,"relics_obtained":["StrikeDummy"],"max_hp_gain":0,"max_hp_loss":0,"event_name":"Scrap Ooze","floor":7,"gold_loss":0},{"cards_removed":["Strike_R"],"damage_healed":0,"gold_gain":0,"player_choice":"Card Removal","damage_taken":7,"max_hp_gain":0,"max_hp_loss":0,"event_name":"Golden Wing","floor":10,"gold_loss":0},{"damage_healed":0,"gold_gain":0,"player_choice":"Ignored","damage_taken":0,"max_hp_gain":0,"max_hp_loss":0,"event_name":"Ghosts","floor":19,"gold_loss":0}],"is_beta":false,"boss_relics":[{"not_picked":["Black Blood","Tiny House"],"picked":"Runic Pyramid"}],"items_purged_floors":[],"is_endless":false,"potions_floor_spawned":[6,11,14,20],"killed_by":"Slavers","ascension_level":13}}