{"host":"egwexuw5uvnxf11j","time":1612489789,"event":{"mods":["2.2 Compatiblity","Aspiration","BaseMod","Better Altar","Better Note","Better Sensory Stone","Better Third Choice","Displayed Cursed Tome","Downfall","Hermit","Key Reminder","Koishi","Marisa????????","Minty Spire (QoL Compilation)","Quick Restart","Shade Mod","Spicy Shops","StSLib","The Construct","The Cursed","The Hierophant","The Runesmith","The Senshi","The Servant 0.9.4","Transform Curses"],"gold_per_floor":[119,119,119,138,138,165,177,189,201,248,260,285,315,340,352,468,480,509,538,550,862,889,935,947,959,971,1003,1032,1054,981,466,466,567,567,577,594,594,594,429,429,429],"floor_reached":40,"language":"ENG","playtime":1790,"items_purged":[],"score":462,"play_id":"10409e41-ec78-4de9-ae30-2f06b7a70a16","local_time":"20210204204949","is_ascension_mode":true,"campfire_choices":[{"floor":11,"key":"REST"},{"floor":15,"key":"REST"},{"floor":24,"key":"REST"},{"floor":32,"key":"REST"}],"circlet_count":0,"master_deck":["hermit:Strike_Hermit","hermit:Strike_Hermit","hermit:Strike_Hermit","hermit:Strike_Hermit","hermit:Defend_Hermit","hermit:Defend_Hermit","hermit:Defend_Hermit","hermit:Defend_Hermit","hermit:Snapshot","hermit:Covet+1","hermit:FatalDesire+1","hermit:Grudge","Injury","hermit:ShadowCloak","hermit:Dive","hermit:Vantage","hermit:Grudge+1","hermit:Grudge+1","hermit:Roughhouse+1","hermit:Roulette+1","hermit:Quickdraw+1","Writhe","hermit:Horror+1","hermit:DeadMansHand+1","hermit:Misfire+1","hermit:Spite+1","hermit:CalledShot+1","hermit:PistolWhip+1","hermit:Magnum+1","hermit:CalledShot+1","hermit:EyeOfTheStorm+1","hermit:Snipe","hermit:Magnum+1","hermit:Malice+1"],"relics":["hermit:Momento","Molten Egg 2","MawBank","Slimebound:PreparedRelic","Ornamental Fan","keyreminder:keyreminder","construct:WeddingRing","Old Coin","hermit:Spyglass","The Courier","Runesmith:Nanobots","Question Card","Membership Card","Vajra","White Beast Statue","Toy Ornithopter","Gremlin Horn","Bronze Scales","Busted Crown","HandDrill"],"acts_visited":["Exordium","TheCity","TheBeyond"],"potions_floor_usage":[10,16,16,16,16,16,18,23,29,33,33,40,40,40],"damage_taken":[{"damage":4,"enemies":"2 Louse","floor":1,"turns":2},{"damage":1,"enemies":"Jaw Worm","floor":4,"turns":4},{"damage":23,"enemies":"Lagavulin","floor":6,"turns":7},{"damage":16,"enemies":"Gremlin Nob","floor":10,"turns":5},{"damage":5,"enemies":"Small Slimes","floor":12,"turns":2},{"damage":13,"enemies":"Gremlin Gang","floor":13,"turns":4},{"damage":5,"enemies":"Blue Slaver","floor":14,"turns":4},{"damage":3,"enemies":"Slime Boss","floor":16,"turns":9},{"damage":15,"enemies":"Chosen","floor":18,"turns":5},{"damage":26,"enemies":"3 Byrds","floor":19,"turns":4},{"damage":15,"enemies":"Snecko","floor":22,"turns":5},{"damage":10,"enemies":"Book of Stabbing","floor":23,"turns":5},{"damage":5,"enemies":"Snake Plant","floor":27,"turns":4},{"damage":6,"enemies":"Cultist and Chosen","floor":28,"turns":3},{"damage":9,"enemies":"Shelled Parasite and Fungi","floor":29,"turns":2},{"damage":32,"enemies":"Champ","floor":33,"turns":9},{"damage":6,"enemies":"3 Darklings","floor":35,"turns":2},{"damage":3,"enemies":"Orb Walker","floor":36,"turns":2},{"damage":97,"enemies":"Giant Head","floor":40,"turns":8}],"seed_played":"-2936583573788022872","potions_obtained":[{"floor":7,"key":"EntropicBrew"},{"floor":7,"key":"Ancient Potion"},{"floor":7,"key":"hermit:Tonic"},{"floor":10,"key":"Strength Potion"},{"floor":16,"key":"SkillPotion"},{"floor":18,"key":"DuplicationPotion"},{"floor":23,"key":"AttackPotion"},{"floor":28,"key":"FearPotion"},{"floor":33,"key":"Ancient Potion"},{"floor":35,"key":"Regen Potion"},{"floor":36,"key":"PowerPotion"}],"is_trial":false,"path_per_floor":["M","$","?","M","?","E","?","$","T","E","R","M","M","M","R","B",null,"M","M","?","?","M","E","R","T","T","M","M","M","?","$","R","B",null,"M","M","?","?","$","E"],"character_chosen":"HERMIT","items_purchased":["Membership Card","Vajra","White Beast Statue","Toy Ornithopter","Gremlin Horn","Bronze Scales","hermit:PistolWhip+1","HandDrill","hermit:Snipe","hermit:Magnum+1","hermit:Malice+1"],"campfire_rested":4,"item_purchase_floors":[31,31,31,31,31,31,31,39,39,39,39],"current_hp_per_floor":[71,71,71,70,55,32,32,32,32,16,38,33,20,15,37,34,75,60,34,34,34,19,9,31,31,31,26,20,11,11,11,33,11,75,69,66,66,66,66,0,0],"gold":429,"neow_bonus":"ONE_RANDOM_RARE_CARD","is_daily":false,"chose_seed":false,"campfire_upgraded":0,"win_rate":0.0,"timestamp":1612489789,"path_taken":["M","$","?","M","?","E","?","$","T","E","R","M","M","?","R","BOSS","M","M","?","?","M","E","R","?","T","M","M","?","?","$","R","BOSS","M","M","?","?","$","E"],"items_purchased_type":["Relic","Relic","Relic","Relic","Relic","Relic","Card","Relic","Card","Card","Card"],"build_version":"2020-12-22","purchased_purges":0,"victory":false,"max_hp_per_floor":[75,75,75,75,75,75,75,75,75,75,75,75,75,75,75,75,75,75,75,75,75,75,75,75,75,75,75,75,75,75,75,75,75,75,75,75,75,75,75,75,75],"card_choices":[{"not_picked":["hermit:Dive","hermit:WideOpen"],"picked":"hermit:Grudge","floor":1},{"not_picked":["hermit:PistolWhip+1","hermit:BodyArmor"],"picked":"hermit:ShadowCloak","floor":4},{"not_picked":["hermit:Quickdraw+1","hermit:Ricochet+1"],"picked":"hermit:Manifest","floor":6},{"not_picked":["hermit:Roulette+1","hermit:Cheat"],"picked":"hermit:Dive","floor":10},{"not_picked":["hermit:Dive","hermit:LowProfile"],"picked":"hermit:Vantage","floor":12},{"not_picked":["hermit:TakeAim","hermit:Cheat"],"picked":"hermit:Grudge+1","floor":13},{"not_picked":["hermit:Desperado+1","hermit:HoleUp"],"picked":"hermit:Grudge+1","floor":14},{"not_picked":["hermit:Purgatory+1","hermit:HighNoon"],"picked":"hermit:Roughhouse+1","floor":16},{"not_picked":["hermit:Virtue","hermit:CursedWeapon+1"],"picked":"hermit:Roulette+1","floor":18},{"not_picked":["hermit:Showdown+1","hermit:Vantage"],"picked":"hermit:Quickdraw+1","floor":19},{"not_picked":["hermit:Enervate+1","hermit:Combo"],"picked":"hermit:Horror+1","floor":22},{"not_picked":["hermit:WideOpen+1","hermit:ShadowCloak"],"picked":"hermit:DeadMansHand+1","floor":23},{"not_picked":["hermit:Shortfuse+1","hermit:Coalescence"],"picked":"hermit:Misfire+1","floor":27},{"not_picked":["hermit:Manifest","hermit:HighCaliber+1"],"picked":"hermit:Spite+1","floor":28},{"not_picked":["hermit:FatalDesire","hermit:HoleUp"],"picked":"hermit:CalledShot+1","floor":29},{"not_picked":["hermit:RoundhouseKick+1","hermit:DeadOrAlive+1","hermit:OverwhelmingPower"],"picked":"hermit:Magnum+1","floor":33},{"not_picked":["hermit:BodyArmor"],"picked":"hermit:CalledShot+1","floor":35},{"not_picked":["hermit:Dive"],"picked":"hermit:EyeOfTheStorm+1","floor":36}],"player_experience":2321692,"relics_obtained":[{"floor":6,"key":"MawBank"},{"floor":9,"key":"Slimebound:PreparedRelic"},{"floor":10,"key":"Ornamental Fan"},{"floor":23,"key":"hermit:Spyglass"},{"floor":25,"key":"The Courier"},{"floor":26,"key":"Runesmith:Nanobots"}],"event_choices":[{"damage_healed":70,"gold_gain":0,"player_choice":"Upgrade","damage_taken":15,"max_hp_gain":0,"max_hp_loss":75,"event_name":"betterThird:BetterShining","floor":5,"gold_loss":0,"cards_upgraded":["hermit:Covet","hermit:FatalDesire"]},{"damage_healed":0,"gold_gain":0,"player_choice":"Got Potions","damage_taken":0,"max_hp_gain":0,"max_hp_loss":0,"event_name":"Lab","floor":7,"gold_loss":0},{"damage_healed":0,"gold_gain":0,"player_choice":"Ignored","damage_taken":0,"max_hp_gain":0,"max_hp_loss":0,"event_name":"Ghosts","floor":20,"gold_loss":0},{"damage_healed":0,"gold_gain":0,"player_choice":"Opened","damage_taken":0,"relics_obtained":["Old Coin"],"max_hp_gain":0,"max_hp_loss":0,"event_name":"The Mausoleum","floor":21,"gold_loss":0,"cards_obtained":["Writhe"]},{"damage_healed":0,"gold_gain":0,"player_choice":"Obtained Relic","damage_taken":0,"relics_obtained":["Question Card"],"max_hp_gain":0,"max_hp_loss":0,"event_name":"Addict","floor":30,"gold_loss":85},{"cards_removed":["hermit:Manifest"],"damage_healed":0,"gold_gain":0,"player_choice":"Removed Skill","damage_taken":0,"max_hp_gain":0,"max_hp_loss":0,"event_name":"Falling","floor":37,"gold_loss":0},{"damage_healed":0,"gold_gain":0,"player_choice":"Ignored","damage_taken":0,"max_hp_gain":0,"max_hp_loss":0,"event_name":"Tomb of Lord Red Mask","floor":38,"gold_loss":0}],"is_beta":false,"boss_relics":[{"not_picked":["Coffee Dripper","Cursed Key"],"picked":"construct:WeddingRing"},{"not_picked":["Sozu","aspiration:PoetsPen_weak"],"picked":"Busted Crown"}],"items_purged_floors":[],"is_endless":false,"potions_floor_spawned":[10,13,14,16,18,23,28,33,35,36],"killed_by":"Giant Head","ascension_level":1}}