{"host":"gttgmv2wah99hzdm","time":1612563717,"event":{"mods":["AchievementEnabler","BaseMod","Bestiary","Block Reminder","Filter the Spire","Jorbs\u0027s Wanderer Trilogy","Minty Spire (QoL Compilation)","Relic Stats","StSLib","Weighted Paths","ojb\u0027s Info Mod"],"gold_per_floor":[212,230,230,264,264,264,264],"floor_reached":17,"language":"ENG","playtime":616,"items_purged":[],"score":198,"play_id":"223c4ff7-1257-4a21-a8b2-7516aaa7cc09","local_time":"20210205162157","is_ascension_mode":true,"campfire_choices":[{"data":"stsjorbsmod:Toil","floor":16,"key":"SMITH"}],"circlet_count":0,"master_deck":["AscendersBane","stsjorbsmod:CULLCard+1","stsjorbsmod:Apparition_Cull","stsjorbsmod:Strike_Cull","stsjorbsmod:Strike_Cull","stsjorbsmod:Strike_Cull","stsjorbsmod:Strike_Cull","stsjorbsmod:Paralysis","stsjorbsmod:SpiritShield_Cull","stsjorbsmod:Exhale","stsjorbsmod:Withering","stsjorbsmod:DemonicCoup","stsjorbsmod:ProdigalMemory","stsjorbsmod:FranticMind","stsjorbsmod:Toil+1"],"relics":["stsjorbsmod:BookOfTrialsRelic","Mercury Hourglass","Centennial Puzzle"],"acts_visited":["Exordium"],"potions_floor_usage":[],"damage_taken":[{"damage":2,"enemies":"Cultist","floor":1,"turns":3},{"damage":15,"enemies":"Jaw Worm","floor":4,"turns":4},{"damage":19,"enemies":"3 Sentries","floor":10,"turns":6},{"damage":38,"enemies":"Slime Boss","floor":17,"turns":3}],"seed_played":"537828456358631819","potions_obtained":[{"floor":4,"key":"CultistPotion"},{"floor":10,"key":"stsjorbsmod:GhostPoisonPotion"}],"is_trial":false,"path_per_floor":["M","M","T","E","R","B"],"character_chosen":"CULL","items_purchased":[],"campfire_rested":0,"item_purchase_floors":[],"current_hp_per_floor":[52,37,37,18,18,0,0],"gold":264,"neow_bonus":"UPGRADE_CARD","is_daily":false,"chose_seed":false,"campfire_upgraded":1,"win_rate":0.0,"timestamp":1612563717,"path_taken":["M","?","T","E","R","BOSS"],"items_purchased_type":[],"build_version":"2020-12-22","purchased_purges":0,"victory":false,"max_hp_per_floor":[55,48,48,33,33,26,26],"relic_stats":{"Centennial Puzzle":[0],"counters":[4,16],"obtain_stats":[{"Centennial Puzzle":10,"stsjorbsmod:BookOfTrialsRelic":0,"Mercury Hourglass":9},{"Centennial Puzzle":3,"stsjorbsmod:BookOfTrialsRelic":0,"Mercury Hourglass":2},{"Centennial Puzzle":13,"stsjorbsmod:BookOfTrialsRelic":0,"Mercury Hourglass":7}],"Mercury Hourglass":[42]},"card_choices":[{"not_picked":["stsjorbsmod:Commune","stsjorbsmod:Trouble"],"picked":"stsjorbsmod:FranticMind","floor":1},{"not_picked":["stsjorbsmod:WastingStrike","stsjorbsmod:Melt","stsjorbsmod:BlackTentacles_Cull"],"picked":"SKIP","floor":4},{"not_picked":["stsjorbsmod:Abjure","stsjorbsmod:Flame"],"picked":"stsjorbsmod:Toil","floor":10}],"player_experience":1201274,"relics_obtained":[{"floor":9,"key":"Mercury Hourglass"},{"floor":10,"key":"Centennial Puzzle"}],"event_choices":[],"is_beta":false,"boss_relics":[],"items_purged_floors":[],"is_endless":false,"potions_floor_spawned":[4,10],"killed_by":"Slime Boss","ascension_level":20}}