{"host":"ia9e4s524g7bamk7","time":1612556469,"event":{"mods":["AchievementEnabler","BaseMod","Minty Spire (QoL Compilation)","Slay-I"],"gold_per_floor":[110,123,133,149,149,180,180,251,251,263,279,132,132,159,159,159,159],"floor_reached":16,"language":"ENG","playtime":975,"items_purged":["Strike_G"],"score":129,"play_id":"e66fb8f5-4ce2-4b03-b4cb-c668cae07d0b","local_time":"20210205212109","is_ascension_mode":true,"campfire_choices":[{"floor":7,"key":"REST"},{"floor":15,"key":"REST"}],"circlet_count":0,"master_deck":["Strike_G","Strike_G","Strike_G","Strike_G","Defend_G","Defend_G","Defend_G","Defend_G","Defend_G","Survivor","Neutralize+1","Tactician","Concentrate+1","Masterful Stab","Underhanded Strike","Setup+1","Acrobatics","Underhanded Strike","Reflex","Footwork"],"relics":["Ring of the Snake","NeowsBlessing","MealTicket","Art of War","Sundial"],"acts_visited":["Exordium"],"potions_floor_usage":[6,14],"damage_taken":[{"damage":0,"enemies":"Cultist","floor":1,"turns":1},{"damage":0,"enemies":"2 Louse","floor":2,"turns":1},{"damage":0,"enemies":"Jaw Worm","floor":3,"turns":1},{"damage":1,"enemies":"Exordium Wildlife","floor":4,"turns":5},{"damage":58,"enemies":"Lagavulin","floor":6,"turns":9},{"damage":13,"enemies":"Blue Slaver","floor":10,"turns":2},{"damage":13,"enemies":"Gremlin Gang","floor":11,"turns":6},{"damage":25,"enemies":"Gremlin Nob","floor":14,"turns":4},{"damage":44,"enemies":"Slime Boss","floor":16,"turns":8}],"seed_played":"4194659818395103466","potions_obtained":[{"floor":1,"key":"Poison Potion"},{"floor":4,"key":"DuplicationPotion"},{"floor":10,"key":"FairyPotion"}],"is_trial":false,"path_per_floor":["M","M","M","M","?","E","R","?","T","M","M","$","?","E","R","B"],"character_chosen":"THE_SILENT","items_purchased":["Reflex"],"campfire_rested":2,"item_purchase_floors":[12],"current_hp_per_floor":[70,70,70,69,69,11,32,32,32,19,6,21,7,21,42,0,0],"gold":159,"neow_bonus":"THREE_ENEMY_KILL","is_daily":false,"chose_seed":false,"campfire_upgraded":0,"win_rate":0.0,"timestamp":1612556469,"path_taken":["M","M","M","M","?","E","R","?","T","?","M","$","?","E","R","BOSS"],"items_purchased_type":["Card"],"build_version":"2020-12-22","purchased_purges":1,"victory":false,"max_hp_per_floor":[70,70,70,70,70,70,70,70,70,70,70,70,70,70,70,70,70],"card_choices":[{"not_picked":["Flying Knee","Deadly Poison"],"picked":"Tactician","floor":1},{"not_picked":["Reflex","Backflip"],"picked":"Concentrate","floor":2},{"not_picked":["PiercingWail","Flying Knee"],"picked":"Masterful Stab","floor":3},{"not_picked":["Choke","Cloak And Dagger"],"picked":"Underhanded Strike","floor":4},{"not_picked":["Noxious Fumes","Dagger Spray"],"picked":"Setup","floor":6},{"not_picked":["Flechettes","Concentrate"],"picked":"Acrobatics","floor":10},{"not_picked":["Concentrate","Dagger Spray"],"picked":"Underhanded Strike","floor":11},{"not_picked":["Endless Agony","Escape Plan"],"picked":"Footwork","floor":14}],"player_experience":263279,"relics_obtained":[{"floor":6,"key":"MealTicket"},{"floor":9,"key":"Art of War"},{"floor":14,"key":"Sundial"}],"event_choices":[{"damage_healed":0,"gold_gain":0,"player_choice":"Grow","damage_taken":0,"max_hp_gain":0,"max_hp_loss":0,"event_name":"Living Wall","floor":5,"gold_loss":0,"cards_upgraded":["Concentrate"]},{"damage_healed":0,"gold_gain":71,"player_choice":"Gained Gold","damage_taken":0,"max_hp_gain":0,"max_hp_loss":0,"event_name":"Golden Wing","floor":8,"gold_loss":0},{"damage_healed":0,"gold_gain":0,"player_choice":"Entered Light","damage_taken":14,"max_hp_gain":0,"max_hp_loss":0,"event_name":"Shining Light","floor":13,"gold_loss":0,"cards_upgraded":["Neutralize","Setup"]}],"is_beta":false,"boss_relics":[],"items_purged_floors":[12],"is_endless":false,"potions_floor_spawned":[1,4,10],"killed_by":"Slime Boss","ascension_level":3}}