{"host":"rknezr0ykt7pds1i","time":1612492863,"event":{"mods":["BaseMod","Downfall","Marisa????????","Minty Spire (QoL Compilation)","Replay The Spire","StSLib","The Alterego","The Servant 0.9.4","Waifu the Spire"],"gold_per_floor":[10,29,48,61,61,75,75,75,98,115,126,153,153,170,170,275,275,285,300,300,42,58,58,75,86,86,98,110,110,135,154,154,251,251,269,106,158,158,172,203,203,233,233,265,275,306,306,318,318,318,318,318,123,157,157],"floor_reached":56,"language":"ENG","playtime":4736,"items_purged":["alterego_mod:Strike","alterego_mod:Strike"],"score":1470,"play_id":"9cc510d7-1644-44b4-aca7-e5279881dbbb","local_time":"20210204214103","is_ascension_mode":false,"campfire_choices":[{"data":"alterego_mod:Nekomimi","floor":7,"key":"SMITH"},{"data":"alterego_mod:Santa","floor":15,"key":"SMITH"},{"data":"alterego_mod:BrynhildrsRune","floor":23,"key":"SMITH"},{"data":"alterego_mod:ChallengeComplete","floor":32,"key":"SMITH"},{"floor":41,"key":"RECALL"},{"data":"alterego_mod:ChallengeComplete","floor":49,"key":"SMITH"},{"data":"alterego_mod:MagicResistance","floor":52,"key":"SMITH"}],"circlet_count":0,"master_deck":["alterego_mod:Strike","alterego_mod:Strike","alterego_mod:Defend","alterego_mod:Defend","alterego_mod:Defend","alterego_mod:Defend+1","alterego_mod:Impale","alterego_mod:BigMeatyClaws","alterego_mod:BrynhildrsRune+1","alterego_mod:Undulate+1","alterego_mod:Santa+1","alterego_mod:PurpleHair","alterego_mod:Birthday+1","alterego_mod:Nekomimi+1","alterego_mod:BustOut","alterego_mod:ChallengeComplete+1","alterego_mod:Maid","alterego_mod:Stockings","alterego_mod:TrickOrTreatment","alterego_mod:Undulate+1","alterego_mod:Vow+1","Jack Of All Trades+1","alterego_mod:ChallengeComplete+1","alterego_mod:Crossover","alterego_mod:MagicResistance+1","alterego_mod:Skirt+1","alterego_mod:GachaTicket+1","alterego_mod:STier+1","alterego_mod:SakuraFive","alterego_mod:DiscoLights","alterego_mod:DiscoLights","alterego_mod:BiFurious","alterego_mod:MagicResistance","alterego_mod:Crossover+1","alterego_mod:Bounce","alterego_mod:Cooking+1","alterego_mod:Bounce","alterego_mod:AlterEgo+1","alterego_mod:GoddessCore+1","Pot Of Greed+1","Pot Of Greed+1","Pot Of Greed+1","Pot Of Greed+1"],"relics":["alterego_mod:MasochisticConstitution","Counterbalance","WarpedTongs","Blue Doll","Blood Vial","Sozu","Membership Card","Boot","Guardian:GemstoneGun","ReplayFunnel","Dream Catcher","Busted Crown","TheAbacus","Prayer Wheel","Golden Egg","ReplayTheSpireMod:Ninjato","Nunchaku","Snack Pack","Guide Book","Grinning Jar","Lantern"],"acts_visited":["Exordium","TheCity","TheBeyond","TheEnding"],"potions_floor_usage":[24,54,54],"damage_taken":[{"damage":4,"enemies":"Cultist","floor":1,"turns":6},{"damage":3,"enemies":"2 Louse","floor":2,"turns":4},{"damage":19,"enemies":"Small Slimes","floor":3,"turns":6},{"damage":22,"enemies":"Red Slaver","floor":4,"turns":7},{"damage":8,"enemies":"Blue Slaver","floor":6,"turns":7},{"damage":21,"enemies":"Looter","floor":10,"turns":5},{"damage":24,"enemies":"Red Slaver","floor":11,"turns":8},{"damage":10,"enemies":"Replay:BlueRogue","floor":12,"turns":12},{"damage":24,"enemies":"Gremlin Gang","floor":14,"turns":9},{"damage":68,"enemies":"Hexaghost","floor":16,"turns":12},{"damage":62,"enemies":"Spheric Guardian","floor":18,"turns":8},{"damage":5,"enemies":"2 Thieves","floor":19,"turns":5},{"damage":14,"enemies":"Shelled Parasite and Fungi","floor":22,"turns":3},{"damage":18,"enemies":"Snake Plant","floor":24,"turns":5},{"damage":23,"enemies":"Snecko","floor":25,"turns":7},{"damage":0,"enemies":"Sentry and Sphere","floor":27,"turns":10},{"damage":10,"enemies":"Snake Plant","floor":28,"turns":6},{"damage":0,"enemies":"Gremlin Leader","floor":30,"turns":3},{"damage":0,"enemies":"Shelled Parasite and Fungi","floor":31,"turns":4},{"damage":0,"enemies":"Champ","floor":33,"turns":12},{"damage":25,"enemies":"3 Darklings","floor":35,"turns":5},{"damage":20,"enemies":"2 Orb Walkers","floor":37,"turns":2},{"damage":17,"enemies":"3 Shapes","floor":39,"turns":8},{"damage":14,"enemies":"Reptomancer","floor":40,"turns":2},{"damage":0,"enemies":"Giant Head","floor":42,"turns":8},{"damage":0,"enemies":"Reptomancer","floor":44,"turns":2},{"damage":29,"enemies":"Writhing Mass","floor":45,"turns":6},{"damage":1,"enemies":"Giant Head","floor":46,"turns":5},{"damage":52,"enemies":"Jaw Worm Horde","floor":48,"turns":6},{"damage":30,"enemies":"Awakened One","floor":50,"turns":10},{"damage":91,"enemies":"Shield and Spear","floor":54,"turns":6},{"damage":84,"enemies":"The Heart","floor":55,"turns":8}],"seed_played":"-4471181500659942831","potions_obtained":[{"floor":6,"key":"sneckomod:MuddlingPotion"},{"floor":10,"key":"Reflective Coating"},{"floor":11,"key":"SneckoOil"}],"is_trial":false,"path_per_floor":["M","M","M","M","?","M","R","?","T","M","M","E","?","M","R","B",null,"M","M","?","$","M","R","M","M","T","M","M","?","E","M","R","B",null,"M","$","?","?","M","E","R","E","T","E","M","E","?","M","R","B",null,"R","$","E","B",null],"character_chosen":"The_Alterego","items_purchased":["Membership Card","Boot","Jack Of All Trades+1","TheAbacus","alterego_mod:SakuraFive","alterego_mod:DiscoLights","Guide Book","Grinning Jar"],"campfire_rested":0,"item_purchase_floors":[21,21,21,36,36,36,53,53],"current_hp_per_floor":[71,69,68,54,39,42,42,42,42,32,45,64,64,74,74,32,83,64,72,72,72,61,61,65,65,65,89,87,87,90,90,90,90,90,87,87,73,73,86,75,75,89,89,94,78,87,87,63,63,98,101,101,101,102,52],"gold":157,"neow_bonus":"ONE_RARE_RELIC","is_daily":false,"chose_seed":false,"campfire_upgraded":6,"win_rate":0.0,"timestamp":1612492863,"path_taken":["M","M","?","M","?","M","R","?","T","M","?","E","?","M","R","BOSS","M","M","?","$","M","R","M","?","T","M","?","?","E","M","R","BOSS","M","$","?","?","M","E","R","E","T","E","?","E","?","?","R","BOSS","R","$","E","BOSS"],"items_purchased_type":["Relic","Relic","Card","Relic","Card","Card","Relic","Relic"],"build_version":"2020-12-22","purchased_purges":2,"victory":true,"max_hp_per_floor":[71,72,76,77,77,78,78,78,78,79,80,81,81,82,82,83,83,84,85,85,85,86,86,87,88,88,89,90,90,90,90,90,90,90,91,91,92,92,93,94,94,97,97,97,98,99,99,100,100,101,101,101,101,102,103],"card_choices":[{"not_picked":["alterego_mod:Cooking","alterego_mod:Cycle"],"picked":"alterego_mod:Undulate","floor":1},{"not_picked":["alterego_mod:HighServant","alterego_mod:Smother"],"picked":"alterego_mod:Santa","floor":2},{"not_picked":["alterego_mod:MaintainEyeContact","alterego_mod:DiscoLights"],"picked":"alterego_mod:PurpleHair","floor":3},{"not_picked":["alterego_mod:DiscoLights","alterego_mod:Skirt"],"picked":"alterego_mod:Birthday","floor":4},{"not_picked":["alterego_mod:TrashNCrash","alterego_mod:Bounce"],"picked":"alterego_mod:Nekomimi","floor":6},{"not_picked":["alterego_mod:DiscoLights","alterego_mod:PainIsPleasure"],"picked":"alterego_mod:BustOut","floor":10},{"not_picked":["alterego_mod:HighServant","alterego_mod:Pet"],"picked":"alterego_mod:ChallengeComplete","floor":11},{"not_picked":["alterego_mod:TrashNCrash","alterego_mod:SakuraPetals"],"picked":"alterego_mod:Maid","floor":12},{"not_picked":["alterego_mod:Swimsuit","alterego_mod:SuperDuperMasochism"],"picked":"alterego_mod:Stockings","floor":14},{"not_picked":["alterego_mod:Lift","alterego_mod:Vow"],"picked":"alterego_mod:TrickOrTreatment","floor":16},{"not_picked":["alterego_mod:PurpleHair","alterego_mod:Punishment"],"picked":"alterego_mod:Undulate+1","floor":18},{"not_picked":["alterego_mod:PerceptionDisorder","alterego_mod:DustData+1"],"picked":"alterego_mod:Vow","floor":19},{"not_picked":["alterego_mod:Skirt","alterego_mod:Cushion"],"picked":"alterego_mod:ChallengeComplete","floor":22},{"not_picked":["alterego_mod:SakuraPetals","alterego_mod:Santa"],"picked":"alterego_mod:Crossover","floor":24},{"not_picked":["alterego_mod:Undulate+1","alterego_mod:DiscoLights"],"picked":"alterego_mod:MagicResistance","floor":25},{"not_picked":["alterego_mod:Bounce","alterego_mod:BoobPocket"],"picked":"alterego_mod:Skirt+1","floor":27},{"not_picked":["alterego_mod:DeftHands+1","alterego_mod:SakuraLabyrinth"],"picked":"alterego_mod:GachaTicket+1","floor":28},{"not_picked":["alterego_mod:Schoolgirl","alterego_mod:Mirror+1","alterego_mod:PresenceConcealment"],"picked":"SKIP","floor":30},{"not_picked":["alterego_mod:BusterCard","alterego_mod:HighServant","alterego_mod:Belts"],"picked":"SKIP","floor":31},{"not_picked":["alterego_mod:InsideBaseball","alterego_mod:TrickOrTreatment"],"picked":"alterego_mod:STier","floor":33},{"not_picked":["alterego_mod:DeftHands+1"],"picked":"SKIP","floor":35},{"not_picked":[],"picked":"alterego_mod:BiFurious","floor":37},{"not_picked":["alterego_mod:DiscoLights"],"picked":"SKIP","floor":39},{"not_picked":["alterego_mod:Mirror+1"],"picked":"SKIP","floor":39},{"not_picked":["alterego_mod:Crossover"],"picked":"SKIP","floor":40},{"not_picked":[],"picked":"alterego_mod:Crossover+1","floor":42},{"not_picked":[],"picked":"alterego_mod:Bounce","floor":44},{"not_picked":[],"picked":"alterego_mod:Cooking+1","floor":45},{"not_picked":[],"picked":"alterego_mod:Bounce","floor":45},{"not_picked":[],"picked":"alterego_mod:AlterEgo","floor":46},{"not_picked":[],"picked":"alterego_mod:GoddessCore+1","floor":48},{"not_picked":["alterego_mod:DestructionOfProperty+1"],"picked":"SKIP","floor":48},{"not_picked":["alterego_mod:Mirror+1"],"picked":"SKIP","floor":54}],"player_experience":232547,"relics_obtained":[{"floor":9,"key":"Blue Doll"},{"floor":12,"key":"Blood Vial"},{"floor":26,"key":"Guardian:GemstoneGun"},{"floor":30,"key":"Dream Catcher"},{"floor":37,"key":"Prayer Wheel"},{"floor":40,"key":"Golden Egg"},{"floor":42,"key":"ReplayTheSpireMod:Ninjato"},{"floor":44,"key":"Nunchaku"},{"floor":46,"key":"Snack Pack"},{"floor":54,"key":"Lantern"}],"event_choices":[{"damage_healed":0,"gold_gain":0,"player_choice":"Entered Light","damage_taken":15,"max_hp_gain":0,"max_hp_loss":0,"event_name":"Shining Light","floor":5,"gold_loss":0,"cards_upgraded":["alterego_mod:Birthday","alterego_mod:Undulate"]},{"damage_healed":0,"gold_gain":0,"player_choice":"Rummage","damage_taken":0,"relics_obtained":["WarpedTongs"],"max_hp_gain":0,"max_hp_loss":0,"event_name":"Accursed Blacksmith","floor":8,"gold_loss":0,"cards_obtained":["Pain"]},{"cards_removed":["Pain"],"damage_healed":0,"gold_gain":0,"player_choice":"Removed Curses","damage_taken":0,"max_hp_gain":0,"max_hp_loss":0,"event_name":"Fountain of Cleansing","floor":20,"gold_loss":0},{"damage_healed":0,"gold_gain":0,"player_choice":"Fight","damage_taken":0,"max_hp_gain":0,"max_hp_loss":0,"event_name":"Mysterious Sphere","floor":37,"gold_loss":0},{"damage_healed":0,"gold_gain":0,"player_choice":"Copied","damage_taken":0,"max_hp_gain":0,"max_hp_loss":0,"event_name":"Duplicator","floor":38,"gold_loss":0,"cards_obtained":["alterego_mod:MagicResistance"]},{"damage_healed":0,"gold_gain":0,"player_choice":"Got Potions","damage_taken":0,"max_hp_gain":0,"max_hp_loss":0,"event_name":"Lab","floor":47,"gold_loss":0}],"is_beta":false,"boss_relics":[{"not_picked":["Astrolabe","ReplayTheSpireMod:DimensionalGlitch"],"picked":"Sozu"},{"not_picked":["Pandora\u0027s Box","Replay:Ancient Bell"],"picked":"Busted Crown"}],"items_purged_floors":[36,53],"is_endless":false,"potions_floor_spawned":[6,10,11,24,25,28,33,37,40,42,45,48,54],"ascension_level":0}}