{"host":"3y2rtlgteqp2nuo3","time":1612529810,"event":{"mods":["2.2 Compatiblity","AchievementEnabler","BaseMod","Colored Map","DeckTracker","Highlight Path","Keyboard Shortcuts","Minty Spire (QoL Compilation)","Permanent Neow","Quick Restart","StSLib","SuperFastMode","everything is the same but u backflip on backflip"],"gold_per_floor":[115,126,144,159,184,184,216,216,216,216,141,184,184,210,210,296,296,324,324,17,36,71,71,121,40,40,59,59,59,81,81,81,81,81],"floor_reached":33,"language":"KOR","playtime":859,"items_purged":["Strike_G","Regret"],"score":468,"play_id":"c46c2d8d-6fd9-4842-834c-3a9ac0e3a5ea","local_time":"20210205215650","is_ascension_mode":true,"campfire_choices":[{"data":"Poisoned Stab","floor":6.0,"key":"SMITH"},{"data":"All Out Attack","floor":8.0,"key":"SMITH"},{"floor":13.0,"key":"REST"},{"data":"Dagger Spray","floor":15.0,"key":"SMITH"},{"data":"Panache","floor":23.0,"key":"SMITH"},{"data":"Accuracy","floor":29,"key":"SMITH"},{"data":"Blade Dance","floor":32,"key":"SMITH"}],"circlet_count":0,"master_deck":["AscendersBane","Strike_G","Strike_G","Defend_G","Defend_G","Defend_G","Defend_G","Survivor","Neutralize","Tools of the Trade","All Out Attack+1","Backflip","Dagger Throw","Tactician","Poisoned Stab+1","Dagger Spray+1","Dodge and Roll","Reflex","Corpse Explosion","Blade Dance","Panache+1","Prepared","Escape Plan","Doubt","Accuracy+1","Blade Dance+1","Leg Sweep+1"],"relics":["Ring of the Snake","Tiny Chest","Ancient Tea Set","CeramicFish","Meat on the Bone","InkBottle","Cursed Key","Membership Card","Akabeko"],"acts_visited":["Exordium","TheCity"],"potions_floor_usage":[30],"damage_taken":[{"damage":1.0,"enemies":"Cultist","floor":1.0,"turns":5.0},{"damage":9.0,"enemies":"Jaw Worm","floor":2.0,"turns":5.0},{"damage":0.0,"enemies":"2 Louse","floor":3.0,"turns":2.0},{"damage":1.0,"enemies":"Blue Slaver","floor":4.0,"turns":4.0},{"damage":33.0,"enemies":"3 Sentries","floor":7.0,"turns":9.0},{"damage":15.0,"enemies":"Lagavulin","floor":12.0,"turns":6.0},{"damage":0.0,"enemies":"Looter","floor":14.0,"turns":2.0},{"damage":38.0,"enemies":"The Guardian","floor":16.0,"turns":11.0},{"damage":20.0,"enemies":"Shell Parasite","floor":18.0,"turns":8.0},{"damage":19.0,"enemies":"Chosen","floor":21.0,"turns":4.0},{"damage":0.0,"enemies":"3 Cultists","floor":27.0,"turns":2.0},{"damage":10,"enemies":"Colosseum Slavers","floor":28,"turns":2},{"damage":10,"enemies":"Sentry and Sphere","floor":30,"turns":4},{"damage":60,"enemies":"Collector","floor":33,"turns":6}],"seed_played":"6569722864246926100","potions_obtained":[{"floor":3.0,"key":"GamblersBrew"},{"floor":4.0,"key":"Regen Potion"},{"floor":16.0,"key":"Block Potion"}],"is_trial":false,"path_per_floor":["M","M","M","M","T","R","E","R","T","?","?","E","R","M","R","B",null,"M","?","$","M","T","R","?","$","T","M","?","R","M","?","R","B"],"character_chosen":"THE_SILENT","items_purchased":["Membership Card","Panache","Prepared","Accuracy"],"campfire_rested":1,"item_purchase_floors":[20,20,20,25],"current_hp_per_floor":[58,49,49,48,48,48,30,30,30,25,25,22,41,41,41,15,53,45,45,45,38,38,38,38,38,38,38,40,40,42,42,42,0,0],"gold":81,"neow_bonus":"TRANSFORM_TWO_CARDS","is_daily":false,"chose_seed":false,"campfire_upgraded":6,"win_rate":0.0,"timestamp":1612529810,"path_taken":["M","?","M","?","?","R","E","R","T","?","?","E","R","M","R","BOSS","M","?","$","M","?","R","?","$","T","M","?","R","M","?","R","BOSS"],"items_purchased_type":["Relic","Card","Card","Card"],"build_version":"2020-12-22","purchased_purges":2,"victory":false,"max_hp_per_floor":[66,66,66,66,66,66,66,66,66,66,66,66,66,66,66,66,66,66,66,66,66,66,66,66,66,66,66,66,66,66,66,66,66,66],"card_choices":[{"not_picked":["Acrobatics","Infinite Blades"],"picked":"Backflip","floor":1.0},{"not_picked":["Cloak And Dagger","Outmaneuver"],"picked":"Dagger Throw","floor":2.0},{"not_picked":["Backflip","PiercingWail"],"picked":"Tactician","floor":3.0},{"not_picked":["Burst","Dodge and Roll"],"picked":"Poisoned Stab","floor":4.0},{"not_picked":["Concentrate","Dodge and Roll"],"picked":"Dagger Spray","floor":7.0},{"not_picked":["Infinite Blades","All Out Attack"],"picked":"Dodge and Roll","floor":12.0},{"not_picked":["Flying Knee","Dagger Spray"],"picked":"Reflex","floor":14.0},{"not_picked":["Venomology","Night Terror"],"picked":"Corpse Explosion","floor":16.0},{"not_picked":["Reflex","Slice"],"picked":"Blade Dance","floor":18.0},{"not_picked":["Deflect","PiercingWail"],"picked":"Escape Plan","floor":21.0},{"not_picked":["Caltrops","Escape Plan"],"picked":"Blade Dance","floor":27.0},{"not_picked":["Backflip","Terror"],"picked":"Leg Sweep+1","floor":30}],"player_experience":757655,"relics_obtained":[{"floor":5.0,"key":"Tiny Chest"},{"floor":7.0,"key":"Ancient Tea Set"},{"floor":9.0,"key":"CeramicFish"},{"floor":12.0,"key":"InkBottle"},{"floor":22.0,"key":"Akabeko"}],"event_choices":[{"damage_healed":0.0,"max_hp_gain":0.0,"max_hp_loss":0.0,"gold_gain":0.0,"event_name":"Scrap Ooze","player_choice":"Success","floor":10.0,"gold_loss":0.0,"damage_taken":5.0,"relics_obtained":["Meat on the Bone"]},{"cards_removed":["Strike_G"],"damage_healed":0.0,"max_hp_gain":0.0,"max_hp_loss":0.0,"gold_gain":0.0,"event_name":"The Cleric","player_choice":"Card Removal","floor":11.0,"gold_loss":75.0,"damage_taken":0.0},{"damage_healed":0.0,"max_hp_gain":0.0,"max_hp_loss":0.0,"gold_gain":0.0,"event_name":"The Mausoleum","player_choice":"Ignored","floor":19.0,"gold_loss":0.0,"damage_taken":0.0},{"damage_healed":0.0,"max_hp_gain":0.0,"max_hp_loss":0.0,"gold_gain":50.0,"event_name":"Nest","player_choice":"Stole From Cult","floor":24.0,"gold_loss":0.0,"damage_taken":0.0},{"damage_healed":0,"gold_gain":0,"player_choice":"Fight","damage_taken":0,"max_hp_gain":0,"max_hp_loss":0,"event_name":"Colosseum","floor":28,"gold_loss":0},{"damage_healed":0,"gold_gain":0,"player_choice":"Fled From Nobs","damage_taken":0,"max_hp_gain":0,"max_hp_loss":0,"event_name":"Colosseum","floor":28,"gold_loss":0}],"is_beta":false,"boss_relics":[{"not_picked":["SlaversCollar","Sozu"],"picked":"Cursed Key"}],"items_purged_floors":[20,25],"is_endless":false,"potions_floor_spawned":[3,4,16,28],"killed_by":"Collector","ascension_level":17}}