{"host":"3xramekeme16g407","time":1612502531,"event":{"mods":["2.2 Compatiblity","AchievementEnabler","BaseMod","Bestiary","Minty Spire (QoL Compilation)","Relic Stats","StSLib"],"gold_per_floor":[119,133,133,152,152,152,183,199,199,211,198,198,198,230,230,335,335,347,366,306,316,241,275,275,307,330,330,348,348,448,448,448,448,448],"floor_reached":33,"language":"ENG","playtime":1865,"items_purged":["Defend_B"],"score":295,"play_id":"7520b07e-9e46-4d54-a272-12705652d6b5","local_time":"20210204212211","is_ascension_mode":false,"campfire_choices":[{"floor":6,"key":"REST"},{"floor":13,"key":"REST"},{"data":"Genetic Algorithm","floor":15,"key":"SMITH"},{"floor":24,"key":"REST"},{"floor":27,"key":"REST"},{"floor":29,"key":"REST"},{"floor":32,"key":"REST"}],"circlet_count":0,"master_deck":["Strike_B","Strike_B","Strike_B","Defend_B","Defend_B","Zap","Dualcast","Streamline","Melter","Conserve Battery","Self Repair","Loop","Genetic Algorithm+1","BootSequence","Amplify","Conserve Battery","Static Discharge","Leap+1","Echo Form","Ball Lightning","Chaos","Storm"],"relics":["Cracked Core","Pen Nib","Emotion Chip","Symbiotic Virus","The Courier","Bronze Scales","Runic Dome","Anchor","Dream Catcher","Turnip","InkBottle","Nilry\u0027s Codex"],"acts_visited":["Exordium","TheCity"],"potions_floor_usage":[16,16,30,30,30],"damage_taken":[{"damage":5,"enemies":"Small Slimes","floor":1,"turns":4},{"damage":10,"enemies":"Jaw Worm","floor":2,"turns":4},{"damage":1,"enemies":"2 Louse","floor":4,"turns":2},{"damage":29,"enemies":"Lagavulin","floor":7,"turns":6},{"damage":5,"enemies":"Looter","floor":8,"turns":3},{"damage":2,"enemies":"Large Slime","floor":10,"turns":5},{"damage":9,"enemies":"Exordium Thugs","floor":11,"turns":4},{"damage":23,"enemies":"3 Sentries","floor":14,"turns":6},{"damage":6,"enemies":"The Guardian","floor":16,"turns":7},{"damage":6,"enemies":"3 Byrds","floor":18,"turns":4},{"damage":0,"enemies":"Spheric Guardian","floor":19,"turns":1},{"damage":26,"enemies":"Cultist and Chosen","floor":21,"turns":5},{"damage":46,"enemies":"Gremlin Leader","floor":23,"turns":5},{"damage":25,"enemies":"Book of Stabbing","floor":25,"turns":4},{"damage":19,"enemies":"Centurion and Healer","floor":28,"turns":5},{"damage":17,"enemies":"Colosseum Slavers","floor":30,"turns":5},{"damage":21,"enemies":"Colosseum Nobs","floor":30,"turns":3},{"damage":38,"enemies":"Champ","floor":33,"turns":5}],"seed_played":"-1226486059842954433","potions_obtained":[{"floor":1,"key":"Swift Potion"},{"floor":4,"key":"EssenceOfDarkness"},{"floor":7,"key":"BlessingOfTheForge"},{"floor":8,"key":"Dexterity Potion"},{"floor":16,"key":"Energy Potion"},{"floor":21,"key":"Energy Potion"},{"floor":23,"key":"BlessingOfTheForge"},{"floor":28,"key":"DistilledChaos"}],"is_trial":false,"path_per_floor":["M","M","?","M","?","R","E","M","T","M","M","?","R","E","R","B",null,"M","M","$","M","?","E","R","E","T","R","M","R","?","?","R","B"],"character_chosen":"DEFECT","items_purchased":[],"campfire_rested":6,"item_purchase_floors":[],"current_hp_per_floor":[70,60,53,52,45,67,38,33,33,38,29,54,75,59,59,53,75,75,75,75,56,56,17,39,21,21,43,31,53,29,13,35,0,0],"gold":448,"neow_bonus":"RANDOM_COMMON_RELIC","is_daily":false,"chose_seed":false,"campfire_upgraded":1,"win_rate":0.0,"timestamp":1612502531,"path_taken":["M","M","?","M","?","R","E","M","T","M","M","?","R","E","R","BOSS","M","M","$","M","?","E","R","E","T","R","M","R","?","?","R","BOSS"],"items_purchased_type":[],"build_version":"2020-12-22","purchased_purges":1,"victory":false,"max_hp_per_floor":[75,75,75,75,75,75,75,75,75,75,75,75,75,75,75,75,75,75,75,75,75,75,75,75,75,75,75,75,75,75,75,75,75,75],"relic_stats":{"Emotion Chip":[59,42,0,17,0],"Dream Catcher":3,"counters":[18,78],"Bronze Scales":[189],"Pen Nib":[8],"Turnip":[2],"obtain_stats":[{"Runic Dome":17,"Emotion Chip":5,"Anchor":23,"Dream Catcher":25,"Nilry\u0027s Codex":31,"Bronze Scales":14,"Pen Nib":0,"The Courier":9,"Turnip":30,"Cracked Core":0,"Symbiotic Virus":7,"InkBottle":30},{"Runic Dome":9,"Emotion Chip":3,"Anchor":13,"Dream Catcher":14,"Nilry\u0027s Codex":17,"Bronze Scales":8,"Pen Nib":0,"The Courier":5,"Turnip":17,"Cracked Core":0,"Symbiotic Virus":4,"InkBottle":17},{"Runic Dome":41,"Emotion Chip":10,"Anchor":56,"Dream Catcher":60,"Nilry\u0027s Codex":73,"Bronze Scales":34,"Pen Nib":0,"The Courier":19,"Turnip":73,"Cracked Core":0,"Symbiotic Virus":16,"InkBottle":73}],"InkBottle":[2]},"card_choices":[{"not_picked":["Turbo","Steam Power"],"picked":"Streamline","floor":1},{"not_picked":["Turbo","Coolheaded"],"picked":"Melter","floor":2},{"not_picked":["Turbo","Barrage","Go for the Eyes"],"picked":"SKIP","floor":4},{"not_picked":["Sweeping Beam","Leap"],"picked":"Conserve Battery","floor":7},{"not_picked":["FTL","Steam"],"picked":"Self Repair","floor":8},{"not_picked":["Static Discharge","Storm"],"picked":"Loop","floor":10},{"not_picked":["Streamline","Conserve Battery"],"picked":"Genetic Algorithm","floor":11},{"not_picked":["Meteor Strike","Glacier"],"picked":"BootSequence","floor":14},{"not_picked":["Hyperbeam","Core Surge"],"picked":"Amplify","floor":16},{"not_picked":["Steam","Rebound"],"picked":"Conserve Battery","floor":18},{"not_picked":["Go for the Eyes+1","Blizzard+1"],"picked":"Static Discharge","floor":19},{"not_picked":["Go for the Eyes","Steam+1"],"picked":"Leap+1","floor":21},{"not_picked":["Glacier","Ball Lightning"],"picked":"Echo Form","floor":23},{"not_picked":["Heatsinks","Steam Power","Barrage+1"],"picked":"SKIP","floor":25},{"not_picked":["Compile Driver","Beam Cell"],"picked":"Ball Lightning","floor":28},{"not_picked":["Stack","Reboot"],"picked":"Chaos","floor":29},{"not_picked":["Cold Snap","Stack"],"picked":"Storm","floor":32}],"player_experience":454408,"relics_obtained":[{"floor":7,"key":"Symbiotic Virus"},{"floor":9,"key":"The Courier"},{"floor":14,"key":"Bronze Scales"},{"floor":23,"key":"Anchor"},{"floor":25,"key":"Dream Catcher"},{"floor":30,"key":"Turnip"},{"floor":30,"key":"InkBottle"},{"floor":31,"key":"Nilry\u0027s Codex"}],"event_choices":[{"cards_removed":["Strike_B"],"damage_healed":0,"gold_gain":0,"player_choice":"Card Removal","damage_taken":7,"max_hp_gain":0,"max_hp_loss":0,"event_name":"Golden Wing","floor":3,"gold_loss":0},{"damage_healed":0,"gold_gain":0,"player_choice":"Success","damage_taken":7,"relics_obtained":["Emotion Chip"],"max_hp_gain":0,"max_hp_loss":0,"event_name":"Scrap Ooze","floor":5,"gold_loss":0},{"damage_healed":25,"gold_gain":0,"player_choice":"Banana","damage_taken":0,"max_hp_gain":0,"max_hp_loss":0,"event_name":"Big Fish","floor":12,"gold_loss":0},{"cards_removed":["Defend_B"],"damage_healed":0,"gold_gain":0,"player_choice":"Gave Gold","damage_taken":0,"max_hp_gain":0,"max_hp_loss":0,"event_name":"Beggar","floor":22,"gold_loss":75},{"damage_healed":0,"gold_gain":0,"player_choice":"Fight","damage_taken":0,"max_hp_gain":0,"max_hp_loss":0,"event_name":"Colosseum","floor":30,"gold_loss":0},{"damage_healed":0,"gold_gain":0,"player_choice":"Fought Nobs","damage_taken":0,"max_hp_gain":0,"max_hp_loss":0,"event_name":"Colosseum","floor":30,"gold_loss":0},{"damage_healed":0,"gold_gain":0,"player_choice":"Obtained Book","damage_taken":16,"max_hp_gain":0,"max_hp_loss":0,"event_name":"Cursed Tome","floor":31,"gold_loss":0}],"is_beta":false,"boss_relics":[{"not_picked":["Snecko Eye","Cursed Key"],"picked":"Runic Dome"}],"items_purged_floors":[20],"is_endless":false,"potions_floor_spawned":[1,4,7,8,16,21,23,28,30],"killed_by":"Champ","ascension_level":0}}