{"host":"4evnc443c98ww2zl","time":1612565551,"event":{"mods":["BaseMod","Better Third Choice","Hermit","Koishi","Luminous","Minty Spire (QoL Compilation)","Remilia??????","Robot Space Explorer","StSLib","The Administrix","The Bug Knight","The Cursed","TheSwordswoman"],"gold_per_floor":[111,186,186,202,222,253,23,23,78,109,24,59,73,84,84,179,179,197,215,233,233,1,1,35,35,110,110,110],"floor_reached":27,"language":"ENG","playtime":2509,"items_purged":[],"score":301,"play_id":"660de262-32f3-4bb8-8d81-04655b61cb0f","local_time":"20210205165231","daily_mods":["SealedDeck","Diverse","Colorless Cards","Heirloom","DeadlyEvents","Elite Swarm"],"is_ascension_mode":false,"campfire_choices":[{"floor":8,"key":"REST"},{"floor":15,"key":"REST"},{"floor":23,"key":"REST"},{"floor":25,"key":"RECALL"}],"circlet_count":0,"master_deck":["Wild Strike","blazmod:SureOfHand","AdministrixMod:PlateOfAntiquity","BowlingBash","RobotSpaceExplorer:IronShell","Conserve Battery","Fusion","Cloak And Dagger","TheCursedMod:Obscuration","Flash of Steel","Crescendo","AdministrixMod:SyncreticSurge","Escape Plan","KillingBlow","Flash of Steel","Blind","MasterReality","Inflame","Cleave","Limit Break","hermit:Dive","BombardNight","Immolate","Dual Wield","TalkToTheHand","Bandage Up","Envenom"],"relics":["AdministrixMod:ConductorRitualBaton","Turnip","MawBank","DollysMirror","AdministrixMod:PrescriptionBottle","Ice Cream","Matryoshka","Omamori","TungstenRod","MealTicket","HornCleat"],"acts_visited":["Exordium","TheCity"],"potions_floor_usage":[6,10,14,14,18,27],"damage_taken":[{"damage":0,"enemies":"2 Louse","floor":1,"turns":2},{"damage":0,"enemies":"Cultist","floor":4,"turns":2},{"damage":0,"enemies":"Small Slimes","floor":5,"turns":2},{"damage":41,"enemies":"Gremlin Nob","floor":6,"turns":5},{"damage":0,"enemies":"Lagavulin","floor":10,"turns":3},{"damage":1,"enemies":"3 Sentries","floor":12,"turns":6},{"damage":0,"enemies":"Red Slaver","floor":13,"turns":3},{"damage":6,"enemies":"Exordium Wildlife","floor":14,"turns":2},{"damage":30,"enemies":"Hexaghost","floor":16,"turns":8},{"damage":15,"enemies":"Shell Parasite","floor":18,"turns":5},{"damage":3,"enemies":"Chosen","floor":19,"turns":3},{"damage":12,"enemies":"Snecko","floor":20,"turns":3},{"damage":3,"enemies":"HollowMod:Nosk","floor":24,"turns":8},{"damage":52,"enemies":"Gremlin Leader","floor":27,"turns":4}],"seed_played":"6643409664924907429","potions_obtained":[{"floor":1,"key":"Weak Potion"},{"floor":6,"key":"DuplicationPotion"},{"floor":12,"key":"ColorlessPotion"},{"floor":13,"key":"Weak Potion"},{"floor":16,"key":"Weak Potion"},{"floor":19,"key":"Explosive Potion"}],"is_trial":true,"path_per_floor":["M","?","?","M","M","E","$","R","T","E","$","E","M","M","R","B",null,"M","M","M","?","$","R","E","R","T","E"],"character_chosen":"TheAdministrix","items_purchased":["DollysMirror","Blind","Inflame","Cleave","Bandage Up","Omamori"],"campfire_rested":3,"item_purchase_floors":[7,7,11,11,22,22],"current_hp_per_floor":[65,54,54,54,54,13,13,32,32,32,32,31,31,25,44,14,65,50,47,35,24,24,45,46,46,46,0,0],"gold":110,"neow_bonus":"","is_daily":false,"chose_seed":false,"campfire_upgraded":0,"win_rate":0.0,"timestamp":1612565551,"path_taken":["M","?","?","?","M","E","$","R","T","E","?","?","?","M","R","BOSS","M","M","M","?","?","R","E","R","T","E"],"items_purchased_type":["Relic","Card","Card","Card","Card","Relic"],"build_version":"2020-12-22","purchased_purges":0,"victory":false,"max_hp_per_floor":[65,65,65,65,65,65,65,65,65,65,65,65,65,65,65,65,65,65,65,65,70,70,70,70,70,70,70,70],"card_choices":[{"not_picked":["blazmod:KatanaStrike","HollowMod:GoodIntentions"],"picked":"Crescendo","floor":1},{"not_picked":["AdministrixMod:Transition","TheCursedMod:SpitefulStrike"],"picked":"Escape Plan","floor":4},{"not_picked":["HollowMod:CrystalDash","Koishi:Possession","blazmod:Observant"],"picked":"SKIP","floor":5},{"not_picked":["AdministrixMod:FaithfulFlames","HollowMod:LifebloodCore"],"picked":"KillingBlow","floor":6},{"not_picked":["blazmod:PerennialBeauty","HollowMod:LordofShades"],"picked":"MasterReality","floor":10},{"not_picked":["Koishi:SilentAndRestless","hermit:Magnum"],"picked":"Limit Break","floor":12},{"not_picked":["PiercingWail","Bane"],"picked":"hermit:Dive","floor":13},{"not_picked":["Koishi:Possession","Exhume"],"picked":"BombardNight","floor":14},{"not_picked":["DemonKingCradle","RobotSpaceExplorer:HighVoltage"],"picked":"Immolate","floor":16},{"not_picked":["EndlessAdversity+1","TheCursedMod:CursedAmulet","HollowMod:SoulSplash"],"picked":"SKIP","floor":18},{"not_picked":["Koishi:UnansweredLove+1","RobotSpaceExplorer:IronShell"],"picked":"Dual Wield","floor":19},{"not_picked":["TheCursedMod:SurpriseAttack","Deep Breath"],"picked":"TalkToTheHand","floor":20},{"not_picked":["AdministrixMod:ImmortalClarity","blazmod:MindAtPeace"],"picked":"Envenom","floor":24}],"player_experience":1203055,"relics_obtained":[{"floor":6,"key":"MawBank"},{"floor":9,"key":"AdministrixMod:PrescriptionBottle"},{"floor":10,"key":"Ice Cream"},{"floor":12,"key":"Matryoshka"},{"floor":24,"key":"TungstenRod"},{"floor":26,"key":"MealTicket"},{"floor":26,"key":"HornCleat"}],"event_choices":[{"damage_healed":0,"gold_gain":75,"player_choice":"Gold","damage_taken":11,"max_hp_gain":0,"max_hp_loss":0,"event_name":"betterThird:BetterGoop","floor":2,"gold_loss":0},{"damage_healed":0,"gold_gain":0,"player_choice":"1 cards matched","damage_taken":0,"max_hp_gain":0,"max_hp_loss":0,"event_name":"Match and Keep!","floor":3,"gold_loss":0,"cards_obtained":["AdministrixMod:SyncreticSurge"]},{"damage_healed":0,"gold_gain":0,"player_choice":"Shed Blood","damage_taken":16,"max_hp_gain":5,"max_hp_loss":0,"event_name":"Forgotten Altar","floor":21,"gold_loss":0}],"is_beta":false,"boss_relics":[{"not_picked":["Runic Pyramid","AdministrixMod:BloodSoakedVeil","Snecko Eye"]}],"items_purged_floors":[],"is_endless":false,"potions_floor_spawned":[1,6,12,13,16,19],"killed_by":"Gremlin Leader","ascension_level":0}}