{"host":"w2kjv12xyhtt0cv2","time":1612534224,"event":{"mods":["100% Spire Juice","Act Like it!","BaseMod","Colored Map","Friendly Minions","Gensokyo","GifTheSpireLib","Highlight Path","Hubris","Marisa（F雨　魔理沙）","Minty Spire (QoL Compilation)","Prisma Mod","Quick Restart","Reimu（博丽灵梦）","Relic Stats","Reliquary","Replay The Spire","Robot Space Explorer","RumiaBox-露米娅的神秘盒子","Shop Mod","Spicy Shops","StSLib","The Bug Knight","The Cursed","The Dragon Tamer","The Servant 0.9.4","UnlockEverythingMod","Waifu the Spire","[功能]功能增强和修复MOD","【功能Mod】Neow奖励","【遗物卡牌】REMEMod","没有小屋子和绿帽子啦"],"gold_per_floor":[115,129,129,129,181,208,227,239,239,252,263,316,3,28,28,106,106,125,125,144,160,210,240,440,468,468,468,500,500,527,25,25,96,96,110,130,40,57,57,62,75,106,131,142,177,177,207,234,234,234,234,234,300,332,12],"floor_reached":56,"language":"ZHS","playtime":3662,"items_purged":["TheCursedMod:Defend_TheCursed","TheCursedMod:Defend_TheCursed"],"score":2876,"play_id":"3580d0c1-aae2-4e0c-b7a1-7b2f27658408","local_time":"20210205221024","is_ascension_mode":true,"campfire_choices":[{"data":"TheCursedMod:VoidForm","floor":15.0,"key":"SMITH"},{"data":"TheCursedMod:LuckyCharm","floor":27.0,"key":"SMITH"},{"data":"TheCursedMod:AntiAging","floor":29.0,"key":"SMITH"},{"data":"TheCursedMod:CleanUpWorkshop","floor":32.0,"key":"SMITH"},{"data":"TheCursedMod:CursedRelics","floor":46,"key":"SMITH"},{"floor":49,"key":"RECALL"},{"data":"TheCursedMod:LuckyCharm","floor":52,"key":"SMITH"}],"circlet_count":0,"master_deck":["AscendersBane","TheCursedMod:Strike_TheCursed","TheCursedMod:Strike_TheCursed+1","TheCursedMod:Strike_TheCursed","TheCursedMod:Strike_TheCursed+1","TheCursedMod:Defend_TheCursed","TheCursedMod:CursedWand","TheCursedMod:CleanUpWorkshop+1","TheCursedMod:Dregs","TheCursedMod:VoidForm+1","TheCursedMod:WearCloak","TheCursedMod:SpitefulPlan","TheCursedMod:SpitefulStrike","TheCursedMod:Mangle","TheCursedMod:CollectTribute+1","TheCursedMod:AbyssShockwave","TheCursedMod:NeowsMight+1","TheCursedMod:AntiAging+1","TheCursedMod:LuckyCharm+1","TheCursedMod:AntiAging+1","TheCursedMod:LuckyCharm+1","TheCursedMod:CursedRelics+1","TheCursedMod:CircleOfWindfury+1","TheCursedMod:CircleOfBlood","TheCursedMod:SpitefulPlan+1"],"relics":["REME_ComplimentaryCards","reliquary:RedCape","ReplayTheSpireMod:Ring of Exchange","Ring of Misfortune","reliquary:Stiletto","Sundial","TheCursedMod:Tack","GodSword5","ReplayTheSpireMod:Shallot","TheCursedMod:DemonicMark","Singing Bowl","reliquary:BrokenClock","Replay:Baseball","RedLine:ReiMu","Shuriken","Replay:Kaleidoscope","Bag of Preparation","Replay:WaspNest","SSSystem","REME_HandOfSuture","Eternal Feather","Guide Book","REME_ChargedStone","Art of War","Mercury Hourglass","hubris:CrystalStatue","Whetstone","reliquary:PartyBalloon","reliquary:IridiumChain","hubris:NiceRug","reliquary:Firecrackers","Du-Vu Doll","Blue Doll","REME_OnlineShoppingPlatform","hubris:Backtick","hubris:IronBody","hubris:AstralHammer"],"acts_visited":["Gensokyo:Gensokyo","TheCity","TheBeyond","TheEnding"],"potions_floor_usage":[50,55,55,55,55,55,55,55,55,55,55,55,55,55,55,55,55,55,55,55],"damage_taken":[{"damage":3.0,"enemies":"Gensokyo:Gryphon","floor":1.0,"turns":4.0},{"damage":0.0,"enemies":"Gensokyo:Python","floor":2.0,"turns":5.0},{"damage":13.0,"enemies":"Gensokyo:Aya","floor":6.0,"turns":6.0},{"damage":0.0,"enemies":"Gensokyo:2_Kodama","floor":7.0,"turns":4.0},{"damage":0.0,"enemies":"Gensokyo:Mamizou","floor":8.0,"turns":9.0},{"damage":0.0,"enemies":"Gensokyo:LivingMonolith","floor":10.0,"turns":3.0},{"damage":9.0,"enemies":"Gensokyo:Cirno","floor":11.0,"turns":6.0},{"damage":8.0,"enemies":"Gensokyo:Mamizou","floor":14.0,"turns":6.0},{"damage":2.0,"enemies":"Gensokyo:Reimu","floor":16.0,"turns":4.0},{"damage":0.0,"enemies":"Spheric Guardian","floor":18.0,"turns":2.0},{"damage":0.0,"enemies":"3 Cultists","floor":20.0,"turns":3.0},{"damage":0.0,"enemies":"Cultist and Chosen","floor":21.0,"turns":4.0},{"damage":22.0,"enemies":"Shelled Parasite and Fungi","floor":22.0,"turns":3.0},{"damage":10.0,"enemies":"REME_1_Revenger","floor":23.0,"turns":3.0},{"damage":18.0,"enemies":"Slavers","floor":25.0,"turns":4.0},{"damage":0.0,"enemies":"Replay:Snechameleon","floor":28.0,"turns":2.0},{"damage":14.0,"enemies":"Book of Stabbing","floor":30.0,"turns":4.0},{"damage":0.0,"enemies":"Champ","floor":33.0,"turns":5.0},{"damage":5.0,"enemies":"3 Darklings","floor":35.0,"turns":3.0},{"damage":0.0,"enemies":"Orb Walker","floor":36.0,"turns":2.0},{"damage":0.0,"enemies":"4 Shapes","floor":38.0,"turns":5.0},{"damage":35.0,"enemies":"Reptomancer","floor":40.0,"turns":3.0},{"damage":0.0,"enemies":"Maw","floor":41.0,"turns":3.0},{"damage":0.0,"enemies":"R_Hoarder","floor":42.0,"turns":7.0},{"damage":0.0,"enemies":"Spire Growth","floor":44.0,"turns":2.0},{"damage":0,"enemies":"Nemesis","floor":45,"turns":1},{"damage":0,"enemies":"Reptomancer","floor":47,"turns":1},{"damage":0,"enemies":"Donu and Deca","floor":50,"turns":3},{"damage":0,"enemies":"hubris:Merchant","floor":53,"turns":3},{"damage":0,"enemies":"Shield and Spear","floor":54,"turns":2},{"damage":0,"enemies":"The Heart","floor":55,"turns":8}],"seed_played":"6795637986551428134","potions_obtained":[{"floor":6.0,"key":"Strength Potion"},{"floor":7.0,"key":"Toxic Potion"},{"floor":10.0,"key":"Energy Potion"},{"floor":12.0,"key":"GrandPatriotsElixir:ReiMu"},{"floor":14.0,"key":"AttackPotion"},{"floor":16.0,"key":"Energy Potion"},{"floor":18.0,"key":"ColorlessPotion"},{"floor":20.0,"key":"TheCursedMod:DregsPotion"},{"floor":21.0,"key":"REME_GoldPotion"},{"floor":25.0,"key":"Swift Potion"},{"floor":33.0,"key":"PowerPotion"}],"is_trial":false,"path_per_floor":["M","M","?","?","T","E","M","E","T","M","E","?","$","E","R","B",null,"M","?","M","M","M","E","?","E","T","R","E","R","E","$","R","B",null,"M","M","$","M","?","E","M","E","T","M","E","R","E","T","R","B",null,"R","$","E","B",null],"character_chosen":"THE_CURSED","items_purchased":["Singing Bowl","reliquary:BrokenClock","REME_HandOfSuture","Eternal Feather","Guide Book","reliquary:IridiumChain"],"campfire_rested":0,"item_purchase_floors":[13,13,31,31,31,53],"current_hp_per_floor":[61,61,61,61,61,48,48,48,48,48,39,16,16,8,8,6,67,71,71,76,81,64,57,57,39,39,39,44,44,38,38,53,59,109,112,120,120,123,123,96,102,153,153,161,164,164,172,172,172,178,178,178,192,200,200],"gold":12,"neow_bonus":"BOSS_RELIC","is_daily":false,"chose_seed":false,"campfire_upgraded":6,"win_rate":0.0,"timestamp":1612534224,"path_taken":["M","M","?","?","?","E","?","E","T","M","E","?","$","E","R","BOSS","M","?","M","M","?","E","?","E","T","R","E","R","E","?","R","BOSS","M","M","$","M","?","E","M","E","T","M","E","R","E","?","R","BOSS","R","$","E","BOSS"],"items_purchased_type":["Relic","Relic","Relic","Relic","Relic","Relic"],"build_version":"2020-12-22","purchased_purges":2,"victory":true,"max_hp_per_floor":[71,71,71,71,71,71,71,71,71,71,71,71,71,71,71,71,71,75,75,80,85,90,93,93,93,93,93,98,98,106,106,106,112,112,120,128,128,131,131,139,145,153,153,161,164,164,172,172,172,178,178,178,192,200,200],"relic_stats":{"Singing Bowl":38,"counters":[31,120],"Sundial":[20],"Shuriken":[38],"Eternal Feather":15,"Bag of Preparation":[32],"Art of War":[6],"Whetstone":["TheCursedMod:Strike_TheCursed","TheCursedMod:Strike_TheCursed"],"obtain_stats":[{"ReplayTheSpireMod:Ring of Exchange":3,"hubris:CrystalStatue":45,"Singing Bowl":13,"reliquary:PartyBalloon":48,"TheCursedMod:Tack":8,"reliquary:Firecrackers":53,"SSSystem":30,"REME_ChargedStone":34,"Blue Doll":53,"Bag of Preparation":26,"Whetstone":47,"reliquary:RedCape":0,"TheCursedMod:DemonicMark":12,"RedLine:ReiMu":17,"hubris:Backtick":53,"Sundial":6,"hubris:AstralHammer":54,"hubris:IronBody":53,"REME_OnlineShoppingPlatform":53,"TheCursedMod:BlackMagic101":0,"Guide Book":31,"Eternal Feather":31,"Replay:WaspNest":28,"Replay:Kaleidoscope":25,"reliquary:IridiumChain":53,"Mercury Hourglass":42,"Du-Vu Doll":53,"Replay:Baseball":14,"ReplayTheSpireMod:Shallot":11,"Shuriken":23,"Ring of Misfortune":3,"reliquary:Stiletto":5,"REME_HandOfSuture":31,"reliquary:BrokenClock":13,"Art of War":40,"GodSword5":9,"REME_ComplimentaryCards":0,"hubris:NiceRug":53},{"ReplayTheSpireMod:Ring of Exchange":2,"hubris:CrystalStatue":26,"Singing Bowl":7,"reliquary:PartyBalloon":27,"TheCursedMod:Tack":5,"reliquary:Firecrackers":29,"SSSystem":17,"REME_ChargedStone":18,"Blue Doll":29,"Bag of Preparation":15,"Whetstone":27,"reliquary:RedCape":0,"TheCursedMod:DemonicMark":7,"RedLine:ReiMu":9,"hubris:Backtick":29,"Sundial":3,"hubris:AstralHammer":30,"hubris:IronBody":29,"REME_OnlineShoppingPlatform":29,"TheCursedMod:BlackMagic101":0,"Guide Book":17,"Eternal Feather":17,"Replay:WaspNest":16,"Replay:Kaleidoscope":15,"reliquary:IridiumChain":28,"Mercury Hourglass":24,"Du-Vu Doll":29,"Replay:Baseball":8,"ReplayTheSpireMod:Shallot":7,"Shuriken":14,"Ring of Misfortune":2,"reliquary:Stiletto":2,"REME_HandOfSuture":17,"reliquary:BrokenClock":7,"Art of War":22,"GodSword5":5,"REME_ComplimentaryCards":0,"hubris:NiceRug":29},{"ReplayTheSpireMod:Ring of Exchange":9,"hubris:CrystalStatue":103,"Singing Bowl":37,"reliquary:PartyBalloon":104,"TheCursedMod:Tack":28,"reliquary:Firecrackers":110,"SSSystem":72,"REME_ChargedStone":77,"Blue Doll":110,"Bag of Preparation":66,"Whetstone":104,"reliquary:RedCape":0,"TheCursedMod:DemonicMark":37,"RedLine:ReiMu":47,"hubris:Backtick":110,"Sundial":15,"hubris:AstralHammer":112,"hubris:IronBody":110,"REME_OnlineShoppingPlatform":110,"TheCursedMod:BlackMagic101":0,"Guide Book":72,"Eternal Feather":72,"Replay:WaspNest":68,"Replay:Kaleidoscope":66,"reliquary:IridiumChain":107,"Mercury Hourglass":100,"Du-Vu Doll":110,"Replay:Baseball":43,"ReplayTheSpireMod:Shallot":37,"Shuriken":62,"Ring of Misfortune":9,"reliquary:Stiletto":9,"REME_HandOfSuture":72,"reliquary:BrokenClock":37,"Art of War":90,"GodSword5":28,"REME_ComplimentaryCards":0,"hubris:NiceRug":110}],"Mercury Hourglass":[72]},"card_choices":[{"not_picked":["TheCursedMod:CursedShiv","TheCursedMod:RavingStaff"],"picked":"TheCursedMod:WearCloak","floor":1.0},{"not_picked":["TheCursedMod:CursedShiv","TheCursedMod:VitalStrike","TheCursedMod:SmokeScreen"],"picked":"SKIP","floor":2.0},{"not_picked":["TheCursedMod:CursedAmulet","TheCursedMod:CircleOfFocus","TheCursedMod:Stigma"],"picked":"SKIP","floor":6.0},{"not_picked":["TheCursedMod:Evocation","TheCursedMod:SaltUponWound"],"picked":"TheCursedMod:SpitefulStrike","floor":7.0},{"not_picked":["TheCursedMod:Evocation","TheCursedMod:SoulCrush","TheCursedMod:Wield"],"picked":"SKIP","floor":8.0},{"not_picked":["TheCursedMod:CircleOfFlame","TheCursedMod:Stigma"],"picked":"TheCursedMod:Mangle","floor":10.0},{"not_picked":["TheCursedMod:Stigma","TheCursedMod:SurpriseAttack"],"picked":"TheCursedMod:CollectTribute","floor":11.0},{"not_picked":["TheCursedMod:EmpowerCircles","TheCursedMod:CursedBoomerang"],"picked":"TheCursedMod:AbyssShockwave","floor":12.0},{"not_picked":["TheCursedMod:Hemoplague","TheCursedMod:Evocation"],"picked":"TheCursedMod:NeowsMight","floor":14.0},{"not_picked":["TheCursedMod:CursedRelics","TheCursedMod:NeowsMight"],"picked":"TheCursedMod:AntiAging","floor":16.0},{"not_picked":["TheCursedMod:SpitefulStrike","TheCursedMod:DoubleShield","TheCursedMod:CursedAmulet"],"picked":"Singing Bowl","floor":18.0},{"not_picked":["TheCursedMod:FleshFromBone","TheCursedMod:SaltUponWound","TheCursedMod:CursedAmulet"],"picked":"Singing Bowl","floor":20.0},{"not_picked":["TheCursedMod:WearCloak","TheCursedMod:RapidMovement","TheCursedMod:CircleOfCorruption"],"picked":"Singing Bowl","floor":21.0},{"not_picked":["TheCursedMod:CursedAmulet","TheCursedMod:CursedMace","TheCursedMod:CursedShiv+1"],"picked":"Singing Bowl","floor":22.0},{"not_picked":["TheCursedMod:FleshFromBone","TheCursedMod:Torture"],"picked":"TheCursedMod:LuckyCharm","floor":23.0},{"not_picked":["TheCursedMod:BlessingInDisguise","TheCursedMod:CursedArmor"],"picked":"TheCursedMod:AntiAging","floor":25.0},{"not_picked":["TheCursedMod:TacticalStrike","TheCursedMod:Mangle+1"],"picked":"TheCursedMod:LuckyCharm","floor":28.0},{"not_picked":["TheCursedMod:HellfireBreathing","TheCursedMod:CircleOfCorruption","TheCursedMod:Evocation"],"picked":"Singing Bowl","floor":30.0},{"not_picked":["TheCursedMod:CollectTribute","TheCursedMod:DarkBarrier"],"picked":"TheCursedMod:CursedRelics","floor":33.0},{"not_picked":["TheCursedMod:LuckyCharm","TheCursedMod:DoubleShield","TheCursedMod:TroublousMinions"],"picked":"Singing Bowl","floor":35.0},{"not_picked":["TheCursedMod:Mangle","TheCursedMod:CircleOfFlame+1","TheCursedMod:SpitefulStrike"],"picked":"Singing Bowl","floor":36.0},{"not_picked":["TheCursedMod:WearCloak","TheCursedMod:Grudge"],"picked":"TheCursedMod:CircleOfWindfury+1","floor":38.0},{"not_picked":["TheCursedMod:CircleOfCorruption","TheCursedMod:EmpowerCircles","TheCursedMod:ReleasedKnowledge"],"picked":"Singing Bowl","floor":40.0},{"not_picked":["TheCursedMod:CursedMace","TheCursedMod:ReleasedKnowledge+1"],"picked":"TheCursedMod:CircleOfBlood","floor":41.0},{"not_picked":["TheCursedMod:CursedAmulet","TheCursedMod:ReleasedKnowledge","TheCursedMod:BlessingInDisguise"],"picked":"Singing Bowl","floor":42.0},{"not_picked":["TheCursedMod:PrepareRite","TheCursedMod:SmokeScreen","TheCursedMod:Grudge+1"],"picked":"Singing Bowl","floor":44.0},{"not_picked":["TheCursedMod:TroublousMinions","TheCursedMod:CircleOfCorruption"],"picked":"TheCursedMod:SpitefulPlan+1","floor":45},{"not_picked":["TheCursedMod:TacticalStrike+1","TheCursedMod:WearCloak","TheCursedMod:Wield"],"picked":"Singing Bowl","floor":47},{"not_picked":["TheCursedMod:CursedMace"],"picked":"Singing Bowl","floor":53},{"not_picked":["TheCursedMod:RavingStaff"],"picked":"Singing Bowl","floor":53},{"not_picked":["TheCursedMod:Stretching"],"picked":"Singing Bowl","floor":53},{"not_picked":["TheCursedMod:CircleOfCorruption"],"picked":"Singing Bowl","floor":53},{"not_picked":["REME_TwoStrings"],"picked":"Singing Bowl","floor":53},{"not_picked":["TheCursedMod:EmpowerCircles"],"picked":"Singing Bowl","floor":53},{"not_picked":["Master of Strategy"],"picked":"Singing Bowl","floor":53},{"not_picked":["TheCursedMod:CircleOfCorruption","TheCursedMod:SoulCrush","TheCursedMod:PrepareRite"],"picked":"Singing Bowl","floor":54}],"player_experience":198024,"relics_obtained":[{"floor":3.0,"key":"ReplayTheSpireMod:Ring of Exchange"},{"floor":3.0,"key":"Ring of Misfortune"},{"floor":5.0,"key":"reliquary:Stiletto"},{"floor":6.0,"key":"Sundial"},{"floor":8.0,"key":"TheCursedMod:Tack"},{"floor":9.0,"key":"GodSword5"},{"floor":11.0,"key":"ReplayTheSpireMod:Shallot"},{"floor":12.0,"key":"TheCursedMod:DemonicMark"},{"floor":14.0,"key":"Replay:Baseball"},{"floor":23.0,"key":"Shuriken"},{"floor":25.0,"key":"Replay:Kaleidoscope"},{"floor":26.0,"key":"Bag of Preparation"},{"floor":28.0,"key":"Replay:WaspNest"},{"floor":30.0,"key":"SSSystem"},{"floor":40.0,"key":"Art of War"},{"floor":42.0,"key":"Mercury Hourglass"},{"floor":45,"key":"hubris:CrystalStatue"},{"floor":47,"key":"Whetstone"},{"floor":48,"key":"reliquary:PartyBalloon"},{"floor":53,"key":"reliquary:Firecrackers"},{"floor":53,"key":"Du-Vu Doll"},{"floor":53,"key":"Blue Doll"},{"floor":53,"key":"REME_OnlineShoppingPlatform"},{"floor":53,"key":"hubris:Backtick"},{"floor":54,"key":"hubris:AstralHammer"}],"event_choices":[{"damage_healed":0.0,"max_hp_gain":0.0,"max_hp_loss":0.0,"gold_gain":0.0,"event_name":"Upgrade Shrine","player_choice":"Upgraded","floor":19.0,"gold_loss":0.0,"damage_taken":0.0,"cards_upgraded":["TheCursedMod:AntiAging"]},{"damage_healed":0.0,"max_hp_gain":0.0,"max_hp_loss":0.0,"gold_gain":200.0,"event_name":"Wheel of Change","player_choice":"Gold","floor":24.0,"gold_loss":0.0,"damage_taken":0.0},{"cards_removed":["TheCursedMod:Defend_TheCursed"],"damage_healed":0.0,"max_hp_gain":0.0,"max_hp_loss":0.0,"gold_gain":0.0,"event_name":"Falling","player_choice":"Removed Skill","floor":39.0,"gold_loss":0.0,"damage_taken":0.0}],"is_beta":false,"boss_relics":[{"not_picked":["hubris:TerracottaHorce","Replay:Bronze Core"],"picked":"RedLine:ReiMu"},{"not_picked":["hubris:RunicObelisk","Replay:Wanted Poster"],"picked":"REME_ChargedStone"}],"items_purged_floors":[13,37],"is_endless":false,"potions_floor_spawned":[6,7,10,14,16,18,20,21,25,33,38,45,47],"ascension_level":15}}