{"host":"pszcj3piwl6eu8b1","time":1612555100,"event":{"mods":["2.2 Compatiblity","Act Like it!","Aspiration","BaseMod","Better Altar","Better Match","Better Note","Better Sensory Stone","Better Skull","Better Third Choice","Better Vampires","CCEM2","Downfall","Elementarium","Energized Spire","Gensokyo","GifTheSpireLib","Hallownest","Hubris","Marisa????????","Menagerie","Minty Spire (QoL Compilation)","Permanent Neow","Quarter Circle Forward PUNCH!","Quick Restart","Replay The Spire","Shop Mod","StSLib","Stuff the Spire","The Animator","The Blue Laboratory"],"gold_per_floor":[119,119,131,131,131,161,161,173,246,246,264,293,303,303,303,380,380,400,400,380,380],"floor_reached":20,"language":"ENG","playtime":1507,"items_purged":[],"score":334,"play_id":"89edf13e-3ac2-46e4-8142-cd675d9a7449","local_time":"20210205115820","daily_mods":["SealedDeck","downfall:Enraging"],"is_ascension_mode":true,"campfire_choices":[{"data":"animator:Cocytus","floor":7.0,"key":"SMITH"},{"data":"animator:Tatsumaki","floor":10.0,"key":"SMITH"},{"floor":15.0,"key":"REST"}],"circlet_count":0,"master_deck":["animator:Yoichi","animator:SakuyaOhtori","animator:Mitsurugi","animator:Tatsumaki","animator:Geryuganshoop","animator:Raven","animator:Tatsumaki+1","animator:Cocytus+1","animator:AkaneSenri+1","animator:ItamiYouji+1","animator:Biyorigo+1","animator:Kaijin","animator:Shinoa","animator:Cocytus","hubris:DuctTapeCard"],"relics":["animator:LivingPicture","animator:TheMissingPiece","Ring of Chaos","animator:PurgingStone","Blue Candle","CCEMRelics:BundleOfChain","hubris:DuctTape","hubris:Towel","Snecko Heart"],"acts_visited":["Gensokyo:Gensokyo","TheCity"],"potions_floor_usage":[],"damage_taken":[{"damage":7.0,"enemies":"Gensokyo:2_Kodama","floor":1.0,"turns":2.0},{"damage":11.0,"enemies":"Gensokyo:Python","floor":3.0,"turns":4.0},{"damage":10.0,"enemies":"Gensokyo:Mamizou","floor":6.0,"turns":6.0},{"damage":0.0,"enemies":"Gensokyo:3_Fairies","floor":11.0,"turns":3.0},{"damage":0.0,"enemies":"Gensokyo:LivingMonolith","floor":12.0,"turns":3.0},{"damage":14.0,"enemies":"Gensokyo:Kitsune","floor":13.0,"turns":3.0},{"damage":16.0,"enemies":"Gensokyo:Reimu","floor":16.0,"turns":7.0},{"damage":39.0,"enemies":"Shell Parasite","floor":18.0,"turns":4.0},{"damage":8,"enemies":"2 Thieves","floor":20,"turns":1}],"seed_played":"-6703460101431917414","potions_obtained":[{"floor":3.0,"key":"Block Potion"},{"floor":12.0,"key":"LiquidBronze"}],"is_trial":true,"path_per_floor":["M","?","M","?","?","E","R","?","T","R","M","M","M","?","R","B",null,"M","?","M"],"character_chosen":"THE_ANIMATOR","items_purchased":[],"campfire_rested":1,"item_purchase_floors":[],"current_hp_per_floor":[47,47,36,31,31,21,21,21,21,21,21,21,7,7,25,9,47,8,8,0,0],"gold":380,"neow_bonus":"","is_daily":false,"chose_seed":true,"campfire_upgraded":2,"win_rate":0.0,"timestamp":1612555100,"path_taken":["M","?","M","?","?","E","R","?","T","R","?","M","M","?","R","BOSS","M","?","?"],"items_purchased_type":[],"build_version":"2020-12-22","purchased_purges":0,"victory":false,"max_hp_per_floor":[60,60,60,60,60,60,60,60,60,60,60,60,60,60,60,60,60,60,60,60,60],"card_choices":[{"not_picked":["animator:KrulTepes","animator:UneriGinkaku"],"picked":"animator:Cocytus","floor":1.0},{"not_picked":["animator:Shuna","animator:AcuraAkari","animator:GazelDwargon"],"picked":"SKIP","floor":3.0},{"not_picked":["animator:Lancer","animator:Arpeggio","animator:Millim"],"picked":"SKIP","floor":6.0},{"not_picked":["animator:Wiz+1","animator:ChaikaTrabant+1"],"picked":"animator:AkaneSenri+1","floor":8.0},{"not_picked":["animator:Hans+1","animator:Guren+1"],"picked":"animator:ItamiYouji+1","floor":8.0},{"not_picked":["animator:Guren+1","animator:KotarouTennouji+1"],"picked":"animator:Biyorigo+1","floor":8.0},{"not_picked":["animator:Benimaru","animator:Entoma"],"picked":"animator:Kaijin","floor":12.0},{"not_picked":["animator:Wiz","animator:Yoichi"],"picked":"animator:Shinoa","floor":13.0},{"not_picked":["animator:Sonic+1","animator:Entoma+1"],"picked":"animator:Cocytus","floor":18.0}],"player_experience":1408054,"relics_obtained":[{"floor":6.0,"key":"CCEMRelics:BundleOfChain"},{"floor":9.0,"key":"hubris:DuctTape"}],"event_choices":[{"damage_healed":0.0,"max_hp_gain":0.0,"max_hp_loss":0.0,"gold_gain":0.0,"event_name":"betterMatch:BetterMatch","player_choice":"3","floor":8.0,"gold_loss":0.0,"damage_taken":0.0,"cards_obtained":["betterMatch:RareCard"]},{"cards_removed":["animator:Gillette"],"damage_healed":0.0,"max_hp_gain":0.0,"max_hp_loss":0.0,"gold_gain":0.0,"event_name":"Purifier","player_choice":"Purged","floor":19.0,"gold_loss":0.0,"damage_taken":0.0}],"is_beta":false,"boss_relics":[{"not_picked":["Kintsugi","Sozu"],"picked":"Snecko Heart"}],"items_purged_floors":[],"is_endless":true,"potions_floor_spawned":[3,12],"killed_by":"2 Thieves","ascension_level":20}}