{"host":"bavx0eibpuvdy04q","time":1612493785,"event":{"mods":["BaseMod","BetterRewards","Friendly Minions","Hermit","Hubris","Infinite Spire","KinomotoSakuraMod(????)","Kiyohime????","Koishi","LagranYue(???·?)","Marisa????????","Minty Spire (QoL Compilation)","Prisma Mod","Remilia??????","Replay The Spire","StSLib","The Administrix","The Alterego","The Animator","The Construct","The Cursed","The Disciple","The Hierophant","The Mystic","The Necromancer","The Runesmith","The Senshi","The Servant 0.9.4","Yakumo Yukari mod","Yuri Mod"],"gold_per_floor":[117,130,130,130,147,174,174,187,265,281,161,186,186,186,186,284,284,299,312,326,6,6,6,6,6,6,38,38,48,48,60,60,157,157,171,189,208,208,226,226,261,261,261,261,287,287,324,71,71,186,186,201,201,201,201,201,210,210,210,210,202,202,202,202,206,206,286,286,284,267,192,67,61,71,71,71,71,170,167,167,160,10,10,100,100,98,0,12,12,12,12,12,12,90,90,86,86],"floor_reached":96,"language":"ENG","playtime":10882,"items_purged":["Strike_R","Runesmith:FieryHammer","Strike_R","Strike_R","Strike_R"],"score":1744,"play_id":"ef1a18f9-5d6a-4cfe-a85d-8b4ec3da0b87","local_time":"20210204195625","is_ascension_mode":false,"campfire_choices":[{"data":"Barricade","floor":7.0,"key":"SMITH"},{"floor":13.0,"key":"REST"},{"data":"Entrench","floor":15.0,"key":"SMITH"},{"data":"Flame Barrier","floor":25.0,"key":"SMITH"},{"data":"Body Slam","floor":28.0,"key":"SMITH"},{"data":"Body Slam","floor":32.0,"key":"SMITH"},{"data":"Impervious","floor":40.0,"key":"SMITH"},{"data":"yuri:HeavierStrike","floor":42.0,"key":"SMITH"},{"data":"ReplayTheSpireMod:Stacked","floor":44.0,"key":"SMITH"},{"data":"Uppercut","floor":49.0,"key":"SMITH"},{"data":"yuri:DistillInsanity","floor":59.0,"key":"SMITH"},{"data":"infinitespire:UltimateForm","floor":62.0,"key":"SMITH"},{"floor":64.0,"key":"REST"},{"floor":66.0,"key":"DIG"},{"data":"Impervious","floor":76.0,"key":"SMITH"},{"data":"infinitespire:Collect","floor":80.0,"key":"SMITH"},{"data":"yuri:SeeingDouble","floor":83.0,"key":"SMITH"},{"data":"infinitespire:Starlight","floor":91,"key":"SMITH"},{"data":"Battle Trance","floor":93,"key":"SMITH"},{"data":"Infernal Blade","floor":95,"key":"SMITH"}],"circlet_count":0,"master_deck":["Defend_R","Defend_R","Defend_R","Defend_R","Flame Barrier+1","ReplayTheSpireMod:Stacked+1","Rampage","Barricade+1","Uppercut+1","Entrench+1","Body Slam+1","Reaper","Juggernaut","Armaments+1","Headbutt","Cleave","Metallicize","Metallicize","Body Slam+1","Impervious+1","yuri:GrowingInsanity","Intimidate","yuri:SturdyUniform","yuri:WickedSlash","yuri:HeavierStrike+1","infinitespire:Collect+1","yuri:DistillInsanity+1","Infernal Blade+1","Battle Trance+1","yuri:MPose","Shrug It Off","yuri:DejaVu","infinitespire:UltimateForm+1","yuri:CalmingAura","Impervious+1","Demonic Infusion+1","Brutality+1","Flex+1","yuri:DejaVu","Rage+1","yuri:MPose","yuri:SeeingDouble+1","Flame Barrier+1","ReplayTheSpireMod:Private Reserves","infinitespire:Starlight+1"],"relics":["Burning Blood","LagranYue:RandomDrawCardRelic","hubris:BundleOfHerbs","hubris:MysteriousPyramids","Replay:Mystery Machine","Replay:Bronze Core","Replay:Bottled Flurry","alterego_mod:FleetingLove","hubris:DisguiseKit","Ice Cream","Pocketwatch","Empty Cage","infinitespire:Midas Blood","Bag of Preparation","ClockworkSouvenir","Busted Crown","Magic Flower","Anchor","construct:BoolHorns","Astrolabe","Happy Flower","Centennial Puzzle","Vajra","Black Star","Mirror"],"acts_visited":["Exordium","TheCity","TheBeyond","Exordium","TheCity","TheBeyond"],"potions_floor_usage":[92,96],"damage_taken":[{"damage":5.0,"enemies":"Jaw Worm","floor":1.0,"turns":4.0},{"damage":2.0,"enemies":"2 Louse","floor":2.0,"turns":3.0},{"damage":0.0,"enemies":"Small Slimes","floor":5.0,"turns":4.0},{"damage":23.0,"enemies":"3 Sentries","floor":6.0,"turns":11.0},{"damage":21.0,"enemies":"Exordium Wildlife","floor":8.0,"turns":8.0},{"damage":7.0,"enemies":"3 Louse","floor":10.0,"turns":6.0},{"damage":42.0,"enemies":"Gremlin Nob","floor":12.0,"turns":6.0},{"damage":2.0,"enemies":"Hexaghost","floor":16.0,"turns":11.0},{"damage":3.0,"enemies":"Shell Parasite","floor":18.0,"turns":11.0},{"damage":5.0,"enemies":"Chosen","floor":19.0,"turns":10.0},{"damage":8.0,"enemies":"Shelled Parasite and Fungi","floor":20.0,"turns":11.0},{"damage":6.0,"enemies":"Gremlin Leader","floor":27.0,"turns":7.0},{"damage":44.0,"enemies":"Cultist and Chosen","floor":29.0,"turns":7.0},{"damage":0.0,"enemies":"Snecko","floor":31.0,"turns":6.0},{"damage":62.0,"enemies":"Collector","floor":33.0,"turns":10.0},{"damage":6.0,"enemies":"3 Shapes","floor":35.0,"turns":3.0},{"damage":0.0,"enemies":"3 Darklings","floor":36.0,"turns":6.0},{"damage":22.0,"enemies":"Spire Growth","floor":37.0,"turns":9.0},{"damage":6.0,"enemies":"Maw","floor":39.0,"turns":7.0},{"damage":40.0,"enemies":"Nightmare","floor":41.0,"turns":13.0},{"damage":10.0,"enemies":"3 Darklings","floor":45.0,"turns":6.0},{"damage":6.0,"enemies":"Giant Head","floor":47.0,"turns":7.0},{"damage":49.0,"enemies":"infinitespire:MassOfShapes","floor":50.0,"turns":8.0},{"damage":4.0,"enemies":"2 Louse","floor":52.0,"turns":2.0},{"damage":0.0,"enemies":"Small Slimes","floor":54.0,"turns":3.0},{"damage":4.0,"enemies":"Cultist","floor":55.0,"turns":4.0},{"damage":0.0,"enemies":"3 Sentries","floor":57.0,"turns":5.0},{"damage":74.0,"enemies":"Nightmare","floor":61.0,"turns":11.0},{"damage":0.0,"enemies":"Blue Slaver","floor":65.0,"turns":2.0},{"damage":9.0,"enemies":"The Guardian","floor":67.0,"turns":7.0},{"damage":31.0,"enemies":"Spheric Guardian","floor":69.0,"turns":6.0},{"damage":2.0,"enemies":"Chosen","floor":70.0,"turns":7.0},{"damage":6.0,"enemies":"Centurion and Healer","floor":73.0,"turns":5.0},{"damage":3.0,"enemies":"Book of Stabbing","floor":74.0,"turns":5.0},{"damage":0.0,"enemies":"Chosen and Byrds","floor":79.0,"turns":4.0},{"damage":6.0,"enemies":"Slavers","floor":81.0,"turns":8.0},{"damage":59.0,"enemies":"hubris:MusketHawk","floor":84.0,"turns":8.0},{"damage":0.0,"enemies":"3 Shapes","floor":86.0,"turns":2.0},{"damage":35.0,"enemies":"3 Darklings","floor":88.0,"turns":9.0},{"damage":39,"enemies":"Jaw Worm Horde","floor":89,"turns":8},{"damage":23,"enemies":"Spire Growth","floor":92,"turns":10},{"damage":93,"enemies":"Reptomancer","floor":96,"turns":2}],"seed_played":"5013293171502513708","potions_obtained":[{"floor":2.0,"key":"ColorlessPotion"},{"floor":6.0,"key":"Energy Potion"},{"floor":10.0,"key":"Languid Potion"},{"floor":12.0,"key":"BlessingOfTheForge"},{"floor":18.0,"key":"LifebloodPotion"},{"floor":27.0,"key":"BloodPotion"},{"floor":31.0,"key":"Elixir"},{"floor":35.0,"key":"SkillPotion"},{"floor":36.0,"key":"SteroidPotion"},{"floor":47.0,"key":"Strength Potion"},{"floor":50.0,"key":"PanachePotion"},{"floor":54.0,"key":"Block Potion"},{"floor":57.0,"key":"Dexterity Potion"},{"floor":67.0,"key":"ElixirPotion"},{"floor":79.0,"key":"BloodPotion"},{"floor":81.0,"key":"Adrenaline Potion"},{"floor":84.0,"key":"Languid Potion"},{"floor":89,"key":"PowerPotion"},{"floor":92,"key":"BlessingOfTheForge"}],"is_trial":false,"path_per_floor":["M","M","?","?","M","E","R","M","T","M","$","E","R","?","R","B",null,"M","M","M","$","?","?","?","R","T","E","R","M","T","M","R","B",null,"M","M","M","?","M","R","NM","R","T","R","M","AVR","E","$","R","B",null,"M","?","M","M","?","E","?","R","T","NM","R","?","R","M","R","B",null,"M","M","?","$","M","E","?","R","T","?","M","R","E","$","R","B",null,"M","$","M","M","?","R","M","R","T","R","E"],"character_chosen":"IRONCLAD","items_purchased":["Body Slam","Metallicize","Replay:Bottled Flurry","ClockworkSouvenir","Doom Potion"],"campfire_rested":2,"item_purchase_floors":[11,21,21,48,87],"current_hp_per_floor":[88,88,88,88,88,71,71,56,56,55,55,19,45,45,45,49,88,88,88,86,86,86,86,86,86,86,86,86,71,71,81,81,43,88,88,88,82,82,82,82,66,66,66,66,83,83,88,88,88,63,88,88,88,88,88,88,88,88,88,88,41,41,41,67,76,76,88,88,80,88,88,88,88,88,88,88,88,88,88,88,88,88,88,77,88,88,88,66,67,67,67,88,88,88,88,0,0],"gold":86,"neow_bonus":"TEN_PERCENT_HP_BONUS","is_daily":false,"chose_seed":false,"campfire_upgraded":17,"win_rate":0.0,"timestamp":1612493785,"path_taken":["M","M","?","?","M","E","R","M","T","M","$","E","R","?","R","BOSS","M","M","M","?","?","?","?","R","T","E","R","M","?","M","R","BOSS","M","M","M","?","M","R","NM","R","T","R","M","AVR","E","$","R","BOSS","M","?","M","?","?","E","?","R","T","NM","R","?","R","M","R","BOSS","M","M","?","$","M","E","?","R","T","?","M","R","E","?","R","BOSS","M","$","M","M","?","R","?","R","T","R","E"],"items_purchased_type":["Card","Card","Relic","Relic","Potion"],"build_version":"2020-12-22","purchased_purges":5,"victory":false,"max_hp_per_floor":[88,88,88,88,88,88,88,88,88,88,88,88,88,88,88,88,88,88,88,88,88,88,88,88,88,88,88,88,88,88,88,88,88,88,88,88,88,88,88,88,88,88,88,88,88,88,88,88,88,88,88,88,88,88,88,88,88,88,88,88,88,88,88,88,88,88,88,88,88,88,88,88,88,88,88,88,88,88,88,88,88,88,88,88,88,88,88,88,88,88,88,88,88,88,88,88,88],"card_choices":[{"not_picked":["Cleave","Feel No Pain"],"picked":"Flame Barrier","floor":1.0},{"not_picked":["ReplayTheSpireMod:Strike From Hell","Run Through"],"picked":"ReplayTheSpireMod:Stacked","floor":2.0},{"not_picked":["Heavy Blade","Armaments"],"picked":"Rampage","floor":5.0},{"not_picked":["Shockwave","Clash"],"picked":"Barricade","floor":6.0},{"not_picked":["Clash","Thunderclap"],"picked":"Uppercut","floor":8.0},{"not_picked":["Replay:Undeath\u0027s Touch","Twin Strike"],"picked":"Entrench","floor":10.0},{"not_picked":["ReplayTheSpireMod:Strike From Hell","Twin Strike"],"picked":"Reaper","floor":12.0},{"not_picked":["Demon Form","Double Tap"],"picked":"Juggernaut","floor":16.0},{"not_picked":["Intimidate","ReplayReversal"],"picked":"Armaments+1","floor":18.0},{"not_picked":["Searing Blow","Life Link"],"picked":"Headbutt","floor":19.0},{"not_picked":["Abandon+1","Life Link"],"picked":"Cleave","floor":20.0},{"not_picked":["Carnage+1","Headbutt","yuri:SelfHarm"],"picked":"Body Slam","floor":27.0},{"not_picked":["Perfected Strike+1","Dark Embrace+1","Anger","yuri:DebugCard"],"picked":"SKIP","floor":29.0},{"not_picked":["Disarm+1","Thunderclap","Anger+1","yuri:yuriHeavyStrike"],"picked":"SKIP","floor":31.0},{"not_picked":["Eclipse","Demon Form","yuri:Virus"],"picked":"Impervious","floor":33.0},{"not_picked":["Life Link+1","Clash","Iron Wave"],"picked":"yuri:GrowingInsanity","floor":35.0},{"not_picked":["Clash","Searing Blow+1","yuri:DeepBreathing"],"picked":"Intimidate","floor":36.0},{"not_picked":["Body Slam","True Grit","Sword Boomerang"],"picked":"yuri:SturdyUniform","floor":37.0},{"not_picked":["Iron Wave","Bludgeon","Clash"],"picked":"yuri:WickedSlash","floor":39.0},{"not_picked":["Combust","Pommel Strike+1","Intimidate+1"],"picked":"yuri:HeavierStrike","floor":41.0},{"not_picked":["Thunderclap+1","Warcry+1","Sword Boomerang","yuri:ThrowingKnives"],"picked":"SKIP","floor":45.0},{"not_picked":["Rupture+1","Warcry","Combust","yuri:yuriQuickStrike"],"picked":"SKIP","floor":47.0},{"not_picked":["Juggernaut","Replay:Many Hands","Berserk"],"picked":"yuri:DistillInsanity","floor":50.0},{"not_picked":["Run Through","yuri:DebugCard"],"picked":"SKIP","floor":52.0},{"not_picked":["yuri:GlitchedStrike"],"picked":"Battle Trance","floor":54.0},{"not_picked":["ReplayTheSpireMod:LeadingStrike"],"picked":"yuri:MPose","floor":55.0},{"not_picked":["Battle Trance"],"picked":"yuri:DejaVu","floor":57.0},{"not_picked":["infinitespire:SealOfDarkness+","ReplayTheSpireMod:??????????????????????"],"picked":"infinitespire:UltimateForm","floor":61.0},{"not_picked":["Cleave","yuri:ThrowBook"],"picked":"SKIP","floor":61.0},{"not_picked":["Cleave","yuri:ThrowBook"],"picked":"SKIP","floor":61.0},{"not_picked":["Rampage"],"picked":"yuri:CalmingAura","floor":65.0},{"not_picked":["yuri:MirrorInsanity"],"picked":"Impervious","floor":67.0},{"not_picked":["Clothesline+1","yuri:ThrowingKnives"],"picked":"SKIP","floor":69.0},{"not_picked":["Warcry"],"picked":"yuri:DejaVu","floor":70.0},{"not_picked":["yuri:DeepBreathing"],"picked":"Rage+1","floor":73.0},{"not_picked":["ReplayReversal","yuri:ReactiveMadness"],"picked":"SKIP","floor":74.0},{"not_picked":["Twin Strike"],"picked":"yuri:MPose","floor":79.0},{"not_picked":["Cleave"],"picked":"yuri:SeeingDouble","floor":81.0},{"not_picked":["Sword Boomerang","yuri:ArmBrace"],"picked":"SKIP","floor":86.0},{"not_picked":["yuri:GrowingInsanity"],"picked":"Flame Barrier+1","floor":88.0},{"not_picked":["Clothesline","yuri:yuriHeavyStrike"],"picked":"SKIP","floor":89},{"not_picked":["infinitespire:TheBestDefense","infinitespire:Execution"],"picked":"infinitespire:Starlight","floor":91},{"not_picked":["Second Wind+1","yuri:Spin"],"picked":"SKIP","floor":92}],"player_experience":98424,"relics_obtained":[{"floor":6.0,"key":"hubris:BundleOfHerbs"},{"floor":9.0,"key":"hubris:MysteriousPyramids"},{"floor":12.0,"key":"Replay:Mystery Machine"},{"floor":26.0,"key":"hubris:DisguiseKit"},{"floor":27.0,"key":"Ice Cream"},{"floor":30.0,"key":"Pocketwatch"},{"floor":43.0,"key":"infinitespire:Midas Blood"},{"floor":47.0,"key":"Bag of Preparation"},{"floor":57.0,"key":"Magic Flower"},{"floor":61.0,"key":"Anchor"},{"floor":66.0,"key":"construct:BoolHorns"},{"floor":74.0,"key":"Happy Flower"},{"floor":77.0,"key":"Centennial Puzzle"},{"floor":81.0,"key":"Vajra"},{"floor":94,"key":"Mirror"}],"event_choices":[{"damage_healed":0.0,"max_hp_gain":0.0,"max_hp_loss":0.0,"gold_gain":0.0,"event_name":"The Cleric","player_choice":"Leave","floor":4.0,"gold_loss":0.0,"damage_taken":0.0},{"damage_healed":0.0,"max_hp_gain":0.0,"max_hp_loss":0.0,"gold_gain":0.0,"event_name":"Match and Keep!","player_choice":"1 cards matched","floor":14.0,"gold_loss":0.0,"damage_taken":0.0,"cards_obtained":["Impatience"]},{"damage_healed":0.0,"max_hp_gain":0.0,"max_hp_loss":0.0,"gold_gain":0.0,"event_name":"Match and Keep!","player_choice":"1 cards matched","floor":14.0,"gold_loss":0.0,"damage_taken":0.0,"cards_obtained":["Impatience"]},{"damage_healed":0.0,"max_hp_gain":0.0,"max_hp_loss":0.0,"gold_gain":0.0,"event_name":"The Library","player_choice":"Read","floor":22.0,"gold_loss":0.0,"damage_taken":0.0,"cards_obtained":["Runesmith:FieryHammer"]},{"damage_healed":0.0,"max_hp_gain":0.0,"max_hp_loss":0.0,"gold_gain":0.0,"event_name":"Secret Garden","player_choice":"Choice 1","floor":23.0,"gold_loss":0.0,"damage_taken":0.0,"relics_obtained":["alterego_mod:FleetingLove"]},{"damage_healed":0.0,"max_hp_gain":0.0,"max_hp_loss":0.0,"gold_gain":0.0,"event_name":"Tomb of Lord Red Mask","player_choice":"Ignored","floor":38.0,"gold_loss":0.0,"damage_taken":0.0},{"damage_healed":0.0,"max_hp_gain":0.0,"max_hp_loss":0.0,"gold_gain":0.0,"event_name":"Match and Keep!","player_choice":"1 cards matched","floor":53.0,"gold_loss":0.0,"damage_taken":0.0,"cards_obtained":["Infernal Blade"]},{"damage_healed":0.0,"max_hp_gain":0.0,"max_hp_loss":0.0,"gold_gain":0.0,"event_name":"Liars Game","player_choice":"Ignored","floor":58.0,"gold_loss":0.0,"damage_taken":0.0},{"cards_removed":["Bash"],"damage_healed":0.0,"max_hp_gain":0.0,"max_hp_loss":0.0,"gold_gain":0.0,"event_name":"Beggar","player_choice":"Gave Gold","floor":71.0,"gold_loss":75.0,"damage_taken":0.0},{"damage_healed":0.0,"max_hp_gain":0.0,"max_hp_loss":0.0,"gold_gain":99.0,"event_name":"Nest","player_choice":"Stole From Cult","floor":78.0,"gold_loss":0.0,"damage_taken":0.0},{"damage_healed":0,"gold_gain":0,"player_choice":"1 cards matched","damage_taken":0,"max_hp_gain":0,"max_hp_loss":0,"event_name":"Match and Keep!","floor":90,"gold_loss":0,"cards_obtained":["ReplayTheSpireMod:Private Reserves"]}],"is_beta":false,"boss_relics":[{"not_picked":["hubris:Backtick","hubris:BlackHole"],"picked":"Replay:Bronze Core"},{"not_picked":["Velvet Choker","Runic Dome"],"picked":"Empty Cage"},{"not_picked":["hubris:HollowSoul","Runic Cube"],"picked":"Busted Crown"},{"not_picked":["hubris:GrandSneckoEye","Philosopher\u0027s Stone"],"picked":"Astrolabe"},{"not_picked":["Snecko Heart","hubris:RunicObelisk"],"picked":"Black Star"}],"items_purged_floors":[11,46,48,72,82],"is_endless":true,"potions_floor_spawned":[2,6,10,12,18,27,31,35,36,47,50,54,57,67,73,79,81,84,88,89,92],"killed_by":"Reptomancer","ascension_level":0}}