{"host":"nozk9xg7ssf2drdi","time":1612510596,"event":{"mods":["BaseMod","Colored Map","Minty Spire (QoL Compilation)","Relic Stats","Slay the Relics Exporter","StSLib","everything is the same but u backflip on backflip"],"gold_per_floor":[214,225,9,9,22,48,48,104,104,117,146,36,64,11,11,82,82,98,98,108,108,124,157,157,171,171,171,199,213,1,35,35,112,112,128,138,56,56,68,68,101,101,101,0,0,16,46,58,58,58,58,58,58,2,35,35,35],"floor_reached":56,"language":"ENG","playtime":8378,"items_purged":["Writhe"],"score":2141,"play_id":"ed053c55-b6f1-4a4d-a19b-ef740c67de37","local_time":"20210205013636","is_ascension_mode":true,"campfire_choices":[{"data":"Glass Knife","floor":7,"key":"SMITH"},{"floor":15,"key":"REST"},{"data":"Bullet Time","floor":24,"key":"SMITH"},{"floor":27,"key":"REST"},{"data":"Catalyst","floor":32,"key":"SMITH"},{"floor":40,"key":"REST"},{"data":"Envenom","floor":42,"key":"SMITH"},{"floor":49,"key":"RECALL"},{"floor":53,"key":"REST"}],"circlet_count":0,"master_deck":["AscendersBane","Survivor","Neutralize","Backstab","Bullet Time+1","Dagger Throw","Poisoned Stab","Glass Knife+1","Bouncing Flask","Dodge and Roll+1","Dagger Spray","Corpse Explosion","Cloak And Dagger","Adrenaline+1","Catalyst+1","Riddle With Holes","Tactician","Cloak And Dagger","Die Die Die","Flechettes","Quick Slash","Well Laid Plans","Backflip","PiercingWail+1","Acrobatics+1","PiercingWail","Envenom+1","Dagger Throw+1","Backflip","Prepared","Backflip","Concentrate","Adrenaline","Expertise","Acrobatics"],"relics":["Ring of the Snake","Bronze Scales","CaptainsWheel","Bottled Flame","Sundial","Mercury Hourglass","Bag of Marbles","Torii","Pandora\u0027s Box","Bag of Preparation","Darkstone Periapt","Pocketwatch","StrikeDummy","War Paint","HoveringKite","Question Card","Red Mask","Lizard Tail","FossilizedHelix"],"acts_visited":["Exordium","TheCity","TheBeyond","TheEnding"],"potions_floor_usage":[6,6,8,13,16,16,23,29,29,33,47,47,47,50,55,56],"damage_taken":[{"damage":1,"enemies":"2 Louse","floor":1,"turns":4},{"damage":0,"enemies":"Jaw Worm","floor":2,"turns":3},{"damage":4,"enemies":"Small Slimes","floor":5,"turns":3},{"damage":20,"enemies":"Lagavulin","floor":6,"turns":7},{"damage":13,"enemies":"3 Sentries","floor":8,"turns":6},{"damage":0,"enemies":"Exordium Thugs","floor":10,"turns":2},{"damage":0,"enemies":"Gremlin Nob","floor":11,"turns":3},{"damage":2,"enemies":"3 Sentries","floor":13,"turns":3},{"damage":14,"enemies":"Slime Boss","floor":16,"turns":11},{"damage":6,"enemies":"3 Byrds","floor":18,"turns":2},{"damage":0,"enemies":"Shell Parasite","floor":20,"turns":1},{"damage":0,"enemies":"Cultist and Chosen","floor":22,"turns":1},{"damage":9,"enemies":"Book of Stabbing","floor":23,"turns":4},{"damage":12,"enemies":"Snecko","floor":25,"turns":2},{"damage":3,"enemies":"Gremlin Leader","floor":28,"turns":4},{"damage":0,"enemies":"Snake Plant","floor":29,"turns":1},{"damage":8,"enemies":"Slavers","floor":31,"turns":4},{"damage":0,"enemies":"Collector","floor":33,"turns":4},{"damage":0,"enemies":"3 Darklings","floor":35,"turns":1},{"damage":0,"enemies":"Orb Walker","floor":36,"turns":1},{"damage":21,"enemies":"Maw","floor":39,"turns":5},{"damage":1,"enemies":"Nemesis","floor":41,"turns":5},{"damage":15,"enemies":"Writhing Mass","floor":46,"turns":5},{"damage":9,"enemies":"Giant Head","floor":47,"turns":4},{"damage":0,"enemies":"3 Darklings","floor":48,"turns":1},{"damage":17,"enemies":"Donu and Deca","floor":50,"turns":5},{"damage":36,"enemies":"Awakened One","floor":51,"turns":10},{"damage":54,"enemies":"Shield and Spear","floor":55,"turns":5},{"damage":43,"enemies":"The Heart","floor":56,"turns":5}],"seed_played":"8863794695802691737","potions_obtained":[{"floor":1,"key":"DistilledChaos"},{"floor":2,"key":"Weak Potion"},{"floor":6,"key":"PowerPotion"},{"floor":16,"key":"Dexterity Potion"},{"floor":22,"key":"DistilledChaos"},{"floor":23,"key":"Dexterity Potion"},{"floor":33,"key":"EntropicBrew"},{"floor":55,"key":"GamblersBrew"}],"is_trial":false,"path_per_floor":["M","M","$","?","M","E","R","?","T","M","E","$","E","$","R","B",null,"M","?","M","?","M","E","R","M","T","R","E","M","$","E","R","B",null,"M","M","$","?","M","R","E","R","T","?","$","M","E","M","R","B","B",null,"R","$","E","B"],"character_chosen":"THE_SILENT","items_purchased":["Bronze Scales","Dagger Throw","Block Potion","Strength Potion","Weak Potion","DuplicationPotion","FearPotion","Backflip","Prepared","Fire Potion"],"campfire_rested":4,"item_purchase_floors":[3,3,12,12,14,30,30,37,37,54],"current_hp_per_floor":[58,58,58,40,36,16,16,3,3,3,3,3,1,1,20,6,51,45,45,45,45,45,36,36,24,24,43,40,40,40,32,32,32,58,58,58,58,58,37,55,54,54,54,54,54,39,30,30,30,13,10,50,63,63,9,0,0],"gold":35,"neow_bonus":"HUNDRED_GOLD","is_daily":false,"chose_seed":false,"campfire_upgraded":4,"win_rate":0.0,"timestamp":1612510596,"path_taken":["M","M","$","?","M","E","R","?","T","M","E","$","E","?","R","BOSS","M","?","M","?","M","E","R","M","T","R","E","M","$","E","R","BOSS","M","M","$","?","M","R","E","R","T","?","?","M","E","M","R","BOSS","BOSS","R","$","E","BOSS"],"items_purchased_type":["Relic","Card","Potion","Potion","Potion","Potion","Potion","Card","Card","Potion"],"build_version":"2020-12-22","purchased_purges":1,"victory":false,"max_hp_per_floor":[66,66,66,66,66,66,66,66,66,66,66,66,66,66,66,66,66,66,66,66,66,66,66,66,66,66,66,66,66,66,66,66,66,66,66,66,66,63,63,63,63,63,63,63,63,63,63,63,63,63,63,63,63,63,63,63,63],"relic_stats":{"Darkstone Periapt":0,"Torii":32,"counters":[29,111],"HoveringKite":[40],"Bag of Preparation":[38],"War Paint":["Dodge and Roll","Adrenaline"],"Question Card":4,"Mercury Hourglass":[364],"Lizard Tail":31,"Sundial":[12],"Bronze Scales":[296],"Pandora\u0027s Box":["Cloak And Dagger","Adrenaline","Catalyst","Riddle With Holes","Tactician","Cloak And Dagger","Die Die Die","Flechettes","Quick Slash","Well Laid Plans"],"obtain_stats":[{"Darkstone Periapt":23,"Torii":13,"HoveringKite":34,"Bag of Preparation":19,"War Paint":31,"Question Card":41,"Mercury Hourglass":9,"CaptainsWheel":4,"Bottled Flame":6,"Lizard Tail":47,"Sundial":8,"Bronze Scales":3,"Pandora\u0027s Box":17,"Bag of Marbles":11,"Red Mask":44,"StrikeDummy":28,"FossilizedHelix":55,"Ring of the Snake":0,"Pocketwatch":26},{"Darkstone Periapt":13,"Torii":8,"HoveringKite":18,"Bag of Preparation":10,"War Paint":17,"Question Card":22,"Mercury Hourglass":5,"CaptainsWheel":2,"Bottled Flame":4,"Lizard Tail":24,"Sundial":5,"Bronze Scales":2,"Pandora\u0027s Box":9,"Bag of Marbles":7,"Red Mask":22,"StrikeDummy":15,"FossilizedHelix":28,"Ring of the Snake":0,"Pocketwatch":14},{"Darkstone Periapt":50,"Torii":31,"HoveringKite":64,"Bag of Preparation":44,"War Paint":60,"Question Card":76,"Mercury Hourglass":23,"CaptainsWheel":7,"Bottled Flame":17,"Lizard Tail":85,"Sundial":23,"Bronze Scales":7,"Pandora\u0027s Box":42,"Bag of Marbles":28,"Red Mask":76,"StrikeDummy":55,"FossilizedHelix":106,"Ring of the Snake":0,"Pocketwatch":52}],"Ring of the Snake":[58],"Pocketwatch":[33]},"card_choices":[{"not_picked":["Deadly Poison","Riddle With Holes"],"picked":"Backstab","floor":1},{"not_picked":["Backflip","Dagger Throw"],"picked":"Bullet Time","floor":2},{"not_picked":["Backflip","Outmaneuver"],"picked":"Poisoned Stab","floor":5},{"not_picked":["Poisoned Stab","Dodge and Roll"],"picked":"Glass Knife","floor":6},{"not_picked":["Underhanded Strike","Dagger Spray"],"picked":"Bouncing Flask","floor":8},{"not_picked":["PiercingWail","Slice"],"picked":"Dodge and Roll","floor":10},{"not_picked":["Concentrate","Flying Knee","Deadly Poison"],"picked":"SKIP","floor":11},{"not_picked":["Skewer","Underhanded Strike"],"picked":"Dagger Spray","floor":13},{"not_picked":["Grand Finale","Envenom"],"picked":"Corpse Explosion","floor":16},{"not_picked":["Slice","Prepared"],"picked":"Backflip","floor":18},{"not_picked":["Flechettes","Caltrops","Dagger Spray"],"picked":"SKIP","floor":20},{"not_picked":["Outmaneuver","Predator","Underhanded Strike"],"picked":"SKIP","floor":22},{"not_picked":["Heel Hook","Blur+1"],"picked":"PiercingWail+1","floor":23},{"not_picked":["Flying Knee","Bane","Storm of Steel"],"picked":"SKIP","floor":25},{"not_picked":["Finisher+1","Underhanded Strike"],"picked":"Acrobatics+1","floor":28},{"not_picked":["Deflect+1","Quick Slash","Prepared"],"picked":"SKIP","floor":29},{"not_picked":["Outmaneuver","Dodge and Roll"],"picked":"PiercingWail","floor":31},{"not_picked":["Tools of the Trade","Unload"],"picked":"Envenom","floor":33},{"not_picked":["Poisoned Stab","Terror","Footwork"],"picked":"SKIP","floor":35},{"not_picked":["Cloak And Dagger","Distraction"],"picked":"Dagger Throw+1","floor":36},{"not_picked":["Skewer","Quick Slash+1","Choke"],"picked":"SKIP","floor":39},{"not_picked":["Envenom","Infinite Blades+1"],"picked":"Backflip","floor":41},{"not_picked":["Backstab","Underhanded Strike","Eviscerate"],"picked":"Concentrate","floor":46},{"not_picked":["Deadly Poison","Acrobatics","Poisoned Stab"],"picked":"Adrenaline","floor":47},{"not_picked":["Dagger Spray","Leg Sweep","Finisher"],"picked":"Expertise","floor":48},{"not_picked":["Blade Dance+1","Deflect","Die Die Die"],"picked":"Acrobatics","floor":55}],"player_experience":6061882,"relics_obtained":[{"floor":6,"key":"Bottled Flame"},{"floor":8,"key":"Sundial"},{"floor":9,"key":"Mercury Hourglass"},{"floor":11,"key":"Bag of Marbles"},{"floor":13,"key":"Torii"},{"floor":23,"key":"Darkstone Periapt"},{"floor":26,"key":"Pocketwatch"},{"floor":28,"key":"StrikeDummy"},{"floor":31,"key":"War Paint"},{"floor":41,"key":"Question Card"},{"floor":47,"key":"Lizard Tail"},{"floor":55,"key":"FossilizedHelix"}],"event_choices":[{"damage_healed":0,"gold_gain":0,"player_choice":"Success","damage_taken":18,"relics_obtained":["CaptainsWheel"],"max_hp_gain":0,"max_hp_loss":0,"event_name":"Scrap Ooze","floor":4,"gold_loss":0},{"damage_healed":0,"gold_gain":0,"player_choice":"Searched \u00271\u0027 times","damage_taken":0,"max_hp_gain":0,"max_hp_loss":0,"event_name":"Dead Adventurer","floor":8,"gold_loss":0},{"damage_healed":0,"gold_gain":0,"player_choice":"Opened","damage_taken":0,"relics_obtained":["Bag of Preparation"],"max_hp_gain":0,"max_hp_loss":0,"event_name":"The Mausoleum","floor":19,"gold_loss":0,"cards_obtained":["Writhe"]},{"damage_healed":0,"gold_gain":0,"player_choice":"Ignored","damage_taken":0,"max_hp_gain":0,"max_hp_loss":0,"event_name":"Cursed Tome","floor":21,"gold_loss":0},{"damage_healed":0,"gold_gain":0,"player_choice":"Max HP","damage_taken":0,"max_hp_gain":0,"max_hp_loss":3,"event_name":"Winding Halls","floor":38,"gold_loss":0},{"damage_healed":0,"gold_gain":0,"player_choice":"Paid","damage_taken":0,"relics_obtained":["Red Mask"],"max_hp_gain":0,"max_hp_loss":0,"event_name":"Tomb of Lord Red Mask","floor":44,"gold_loss":101}],"is_beta":false,"boss_relics":[{"not_picked":["SlaversCollar","Fusion Hammer"],"picked":"Pandora\u0027s Box"},{"not_picked":["Calling Bell","WristBlade"],"picked":"HoveringKite"}],"items_purged_floors":[30],"is_endless":false,"potions_floor_spawned":[1,2,6,16,22,23,31,33,39,41,46,55],"killed_by":"The Heart","ascension_level":20}}