{"host":"1v3mnj67s3trvm6y","time":1612499662,"event":{"mods":["BaseMod","Challenge The Spire","Downfall","Minty Spire (QoL Compilation)","StSLib"],"gold_per_floor":[99,116,135,135,135,149,149,149,174,184,184,201,214,242,252,354,354,354,354,367,467,486,512,535,573,573,222,246,268,268,292,321,321,321,321],"floor_reached":33,"language":"ENG","playtime":2967,"items_purged":["bronze:Strike"],"score":366,"play_id":"bf8f2f62-af0c-4b05-bb2a-0895dfd4875b","local_time":"20210205133422","is_ascension_mode":false,"campfire_choices":[{"data":"bronze:Goto","floor":1.0,"key":"SMITH"},{"data":"bronze:Turbo","floor":11.0,"key":"SMITH"},{"data":"bronze:SpaghettiCode","floor":18.0,"key":"SMITH"},{"floor":30.0,"key":"REST"}],"circlet_count":0,"master_deck":["bronze:Defend","bronze:Defend","bronze:Defend","bronze:Defend","bronze:Replicate","bronze:Goto+1","bronze:CutThrough","bronze:GetLatest","bronze:Flail","bronze:Deprecate","bronze:Break","bronze:Boost","downfall:Aged","bronze:Shield","bronze:ForLoop","bronze:Turbo+1","bronze:Constructor","bronze:FollowUp","bronze:BronzeArmor","bronze:Refactor","bronze:SpaghettiCode+1","bronze:Overheat","bronze:Allocate","bronze:DecaBeam","bronze:Iterate+1","bronze:FineTuning","bronze:Refactor+1","bronze:Philosophize+1","bronze:ChildClass+1","bronze:BuggyMess","bronze:FineTuning","bronze:Constructor+1","bronze:BronzeArmor","bronze:MaxOutput"],"relics":["bronze:PlatinumCore","Matryoshka","Mango","Odd Mushroom","MealTicket","Art of War","Omamori","CeramicFish","sneckomod:BabySnecko","Pantograph"],"acts_visited":["Exordium","TheCity"],"potions_floor_usage":[],"damage_taken":[{"damage":6.0,"enemies":"Jaw Worm","floor":2.0,"turns":4.0},{"damage":0.0,"enemies":"Small Slimes","floor":3.0,"turns":3.0},{"damage":0.0,"enemies":"Cultist","floor":5.0,"turns":1.0},{"damage":5.0,"enemies":"3 Louse","floor":6.0,"turns":2.0},{"damage":3.0,"enemies":"3 Sentries","floor":9.0,"turns":4.0},{"damage":2.0,"enemies":"2 Fungi Beasts","floor":10.0,"turns":2.0},{"damage":0.0,"enemies":"Large Slime","floor":12.0,"turns":4.0},{"damage":0.0,"enemies":"Exordium Wildlife","floor":13.0,"turns":2.0},{"damage":5.0,"enemies":"The Mushroom Lair","floor":14.0,"turns":5.0},{"damage":10.0,"enemies":"Lots of Slimes","floor":15.0,"turns":3.0},{"damage":14.0,"enemies":"SI_SHIV_ARCHETYPE","floor":16.0,"turns":10.0},{"damage":0.0,"enemies":"Shell Parasite","floor":20.0,"turns":2.0},{"damage":11.0,"enemies":"Shell Parasite","floor":21.0,"turns":4.0},{"damage":0.0,"enemies":"3 Byrds","floor":22.0,"turns":2.0},{"damage":2.0,"enemies":"Gremlin Leader","floor":23.0,"turns":7.0},{"damage":25.0,"enemies":"Slavers","floor":25.0,"turns":6.0},{"damage":0.0,"enemies":"downfall:FleeingMerchant","floor":27.0,"turns":4.0},{"damage":7.0,"enemies":"Cultist and Chosen","floor":28.0,"turns":4.0},{"damage":2.0,"enemies":"Centurion and Healer","floor":29.0,"turns":7.0},{"damage":10.0,"enemies":"Sentry and Sphere","floor":31.0,"turns":3.0},{"damage":0.0,"enemies":"3 Cultists","floor":32.0,"turns":4.0},{"damage":98,"enemies":"IC_MUSHROOM_ARCHETYPE","floor":33,"turns":11}],"seed_played":"8541060771391164296","potions_obtained":[{"floor":2.0,"key":"Dexterity Potion"},{"floor":3.0,"key":"SpeedPotion"},{"floor":9.0,"key":"Block Potion"},{"floor":12.0,"key":"hexamod:SoulburnPotion"},{"floor":15.0,"key":"PowerPotion"},{"floor":23.0,"key":"BlessingOfTheForge"},{"floor":25.0,"key":"PowerPotion"}],"is_trial":false,"path_per_floor":["R","M","M","?","M","M","T","?","E","M","R","M","M","?","M","B",null,"R","?","M","?","M","E","T","E","?","$","M","M","R","M","M","B"],"character_chosen":"THE_AUTOMATON","items_purchased":["Pantograph","bronze:BuggyMess"],"campfire_rested":1,"item_purchase_floors":[27,27],"current_hp_per_floor":[77,71,71,71,71,66,66,66,77,75,75,75,75,70,60,46,91,91,91,91,80,80,78,78,53,53,68,61,59,86,76,76,0,0,0],"gold":321,"neow_bonus":"TEN_PERCENT_HP_BONUS","is_daily":false,"chose_seed":false,"campfire_upgraded":3,"win_rate":0.0,"timestamp":1612499662,"path_taken":["R","M","M","?","M","M","T","?","E","?","R","M","M","?","M","BOSS","R","?","M","?","M","E","T","E","?","$","M","M","R","M","M","BOSS"],"items_purchased_type":["Relic","Card"],"build_version":"2020-12-22","purchased_purges":1,"victory":false,"max_hp_per_floor":[77,77,77,77,77,77,77,77,91,91,91,91,91,91,91,91,91,91,91,91,91,91,91,91,91,91,91,91,91,91,91,91,91,91,91],"card_choices":[{"not_picked":["bronze:NullPointer","bronze:FineTuning"],"picked":"bronze:CutThrough","floor":2.0},{"not_picked":["bronze:Shield","bronze:InfiniteBeams"],"picked":"bronze:GetLatest","floor":3.0},{"not_picked":["bronze:Backtrace","bronze:Invalidate"],"picked":"bronze:Flail","floor":5.0},{"not_picked":["bronze:FineTuning","bronze:MaxOutput"],"picked":"bronze:Deprecate","floor":6.0},{"not_picked":["bronze:Deprecate","bronze:NullPointer"],"picked":"bronze:ForLoop","floor":9.0},{"not_picked":["bronze:Return","bronze:Shield"],"picked":"bronze:Turbo","floor":10.0},{"not_picked":["bronze:Philosophize","bronze:Iterate"],"picked":"bronze:Constructor","floor":12.0},{"not_picked":["bronze:DigitalCarnage","bronze:ShipIt"],"picked":"bronze:FollowUp","floor":13.0},{"not_picked":["bronze:CloningBeam","bronze:BitShift"],"picked":"bronze:BronzeArmor","floor":14.0},{"not_picked":["bronze:Turbo","bronze:DelayedGuard"],"picked":"bronze:Refactor","floor":15.0},{"not_picked":["bronze:RecursiveStrike","bronze:ThunderWave"],"picked":"bronze:SpaghettiCode","floor":16.0},{"not_picked":["bronze:BitShift","bronze:Separator"],"picked":"bronze:Allocate","floor":20.0},{"not_picked":[],"picked":"bronze:DecaBeam","floor":21.0},{"not_picked":["bronze:DelayedGuard","bronze:Boost+1"],"picked":"bronze:Iterate+1","floor":21.0},{"not_picked":["bronze:Iterate","bronze:BitShift+1"],"picked":"bronze:FineTuning","floor":22.0},{"not_picked":["bronze:Safeguard","bronze:ChosenStrike"],"picked":"bronze:Refactor+1","floor":23.0},{"not_picked":["bronze:Iterate+1","bronze:HyperBeam"],"picked":"bronze:Philosophize+1","floor":25.0},{"not_picked":["bronze:Safeguard+1","bronze:DigitalCarnage"],"picked":"bronze:ChildClass+1","floor":27.0},{"not_picked":["bronze:ChildClass+1","bronze:Philosophize"],"picked":"bronze:FineTuning","floor":28.0},{"not_picked":["bronze:DigitalCarnage","bronze:Branch+1"],"picked":"bronze:Constructor+1","floor":29.0},{"not_picked":["bronze:Safeguard","bronze:DelayedSlice+1"],"picked":"bronze:BronzeArmor","floor":31.0},{"not_picked":["bronze:InfiniteBeams","bronze:Turbo+1"],"picked":"bronze:MaxOutput","floor":32.0}],"player_experience":1656915,"relics_obtained":[{"floor":7.0,"key":"Matryoshka"},{"floor":9.0,"key":"Mango"},{"floor":14.0,"key":"Odd Mushroom"},{"floor":23.0,"key":"MealTicket"},{"floor":24.0,"key":"Art of War"},{"floor":24.0,"key":"Omamori"},{"floor":25.0,"key":"CeramicFish"}],"event_choices":[{"damage_healed":0.0,"max_hp_gain":0.0,"max_hp_loss":0.0,"gold_gain":0.0,"event_name":"Mushrooms","player_choice":"Fought Mushrooms","floor":14.0,"gold_loss":0.0,"damage_taken":0.0},{"damage_healed":0.0,"max_hp_gain":0.0,"max_hp_loss":0.0,"gold_gain":0.0,"event_name":"The Library","player_choice":"Read","floor":19.0,"gold_loss":0.0,"damage_taken":0.0,"cards_obtained":["bronze:Overheat"]}],"is_beta":false,"boss_relics":[{"not_picked":["Coffee Dripper","Calling Bell"],"picked":"bronze:PlatinumCore"}],"items_purged_floors":[27],"is_endless":false,"potions_floor_spawned":[2,3,9,12,15,23,25,31,32],"killed_by":"IC_MUSHROOM_ARCHETYPE","ascension_level":0}}