{"host":"8kd0mw0b4mjhs7vl","time":1612567408,"event":{"mods":["BaseMod","Bestiary","Colored Map","Conspire","Downfall","Friendly Minions","Minty Spire (QoL Compilation)","Reliquary","Replay The Spire","StSLib","SuperFastMode"],"gold_per_floor":[99,116,135,135,235,255,255,266,292,310,310,210,223,26,42,144,144,144,155,172,172,190,225,225,93,111,111,163,177,177,162,179,179,179,179],"floor_reached":33,"language":"ENG","playtime":1698,"items_purged":["hexamod:Strike"],"score":285,"play_id":"c99dd696-b68d-4a24-b148-5b3a4ad2b0f0","local_time":"20210205232328","is_ascension_mode":true,"campfire_choices":[{"data":"hexamod:Float","floor":1,"key":"SMITH"},{"data":"hexamod:Sear","floor":12,"key":"SMITH"},{"data":"hexamod:Defend","floor":18,"key":"PURGE"},{"floor":30,"key":"REST"}],"circlet_count":0,"master_deck":["hexamod:Strike","hexamod:Strike","hexamod:Strike","hexamod:Defend","hexamod:Defend","hexamod:Defend","hexamod:Sear+1","hexamod:Float+1","hexamod:AdvancingGuard+1","hexamod:FastForward","True Grit+1","True Grit+1","hexamod:NightmareGuise+1","hexamod:UnlimitedPower+1","AbeCurse","hexamod:GhostShield+1","hexamod:InspiringFlames+1","hexamod:EmpoweredFlame+1","hexamod:GhostShield+1","hexamod:ShieldOfDarkness+1","hexamod:FastForward+1","hexamod:Firestarter"],"relics":["Pocketwatch","m_DevilBlood","The Courier","Toxic Egg 2","downfall:HeartBlessingGreen","Abe\u0027s Treasure","downfall:RedIOU","White Beast Statue","Guide Book","Unceasing Top","ReplayTheSpireMod:Lightbulb"],"acts_visited":["Exordium","TheCity"],"potions_floor_usage":[9,16,16,26,29,32,32,33,33],"damage_taken":[{"damage":0,"enemies":"Small Slimes","floor":2,"turns":4},{"damage":0,"enemies":"2 Louse","floor":3,"turns":2},{"damage":6,"enemies":"Jaw Worm","floor":6,"turns":3},{"damage":0,"enemies":"Blue Slaver","floor":8,"turns":5},{"damage":24,"enemies":"Gremlin Nob","floor":9,"turns":4},{"damage":22,"enemies":"Exordium Thugs","floor":10,"turns":5},{"damage":4,"enemies":"Large Slime","floor":13,"turns":4},{"damage":0,"enemies":"downfall:FleeingMerchant","floor":14,"turns":4},{"damage":2,"enemies":"3 Louse","floor":15,"turns":5},{"damage":58,"enemies":"WA_ARCHETYPE_RETAIN","floor":16,"turns":14},{"damage":0,"enemies":"Chosen","floor":19,"turns":6},{"damage":21,"enemies":"Shell Parasite","floor":20,"turns":7},{"damage":12,"enemies":"Snake Plant","floor":22,"turns":6},{"damage":35,"enemies":"Book of Stabbing","floor":23,"turns":7},{"damage":0,"enemies":"downfall:FleeingMerchant","floor":25,"turns":4},{"damage":24,"enemies":"3 Cultists","floor":26,"turns":5},{"damage":30,"enemies":"Chosen and Byrds","floor":29,"turns":8},{"damage":0,"enemies":"downfall:FleeingMerchant","floor":31,"turns":4},{"damage":14,"enemies":"Snake Plant","floor":32,"turns":4},{"damage":45,"enemies":"SI_MIRROR_ARCHETYPE","floor":33,"turns":8}],"seed_played":"2935279635231149705","potions_obtained":[{"floor":2,"key":"PowerPotion"},{"floor":13,"key":"PowerPotion"},{"floor":15,"key":"FearPotion"},{"floor":19,"key":"Ancient Potion"},{"floor":23,"key":"SpeedPotion"},{"floor":25,"key":"hexamod:SoulburnPotion"},{"floor":26,"key":"Explosive Potion"},{"floor":29,"key":"FearPotion"},{"floor":31,"key":"SkillPotion"},{"floor":32,"key":"LifebloodPotion"}],"is_trial":false,"path_per_floor":["R_BF","M","M","?","?","M","T","M","E","M","?","R","M","$","M","B",null,"R_BF","M","M","?","M","E","T","$","M","?","T","M","R","$","M","B"],"character_chosen":"THE_SPIRIT","items_purchased":["PreservedInsect","Guide Book"],"campfire_rested":1,"item_purchase_floors":[14,25],"current_hp_per_floor":[70,70,70,70,70,70,70,70,56,42,42,42,48,60,66,20,70,70,70,61,61,57,34,34,46,34,34,34,14,35,45,43,0,0,0],"gold":179,"neow_bonus":"ONE_RARE_RELIC","is_daily":false,"chose_seed":false,"campfire_upgraded":2,"win_rate":0.0,"timestamp":1612567408,"path_taken":["R_BF","M","M","?","?","M","T","M","E","M","?","R","M","$","M","BOSS","R_BF","M","M","?","M","E","T","$","M","?","?","?","R","$","M","BOSS"],"items_purchased_type":["Relic","Relic"],"build_version":"2020-12-22","purchased_purges":1,"victory":false,"max_hp_per_floor":[70,70,70,70,70,70,70,70,70,70,70,70,70,70,70,70,70,70,70,70,70,70,70,70,70,70,70,70,70,70,70,70,70,70,70],"card_choices":[{"not_picked":["hexamod:ThirdSeal","hexamod:SwordOfDarkness"],"picked":"hexamod:AdvancingGuard","floor":2},{"not_picked":["hexamod:ChargedBarrage","hexamod:Incineration","hexamod:GhostLash"],"picked":"SKIP","floor":3},{"not_picked":["Abandon","hexamod:Incineration","hexamod:SkipABeat"],"picked":"SKIP","floor":6},{"not_picked":["hexamod:FlamesFromBeyond","hexamod:HeatMetal"],"picked":"hexamod:FastForward","floor":8},{"not_picked":["hexamod:SpectralAdrenaline+1","hexamod:RetreatToShadows+1","hexamod:SuperheatedStrike"],"picked":"SKIP","floor":9},{"not_picked":["Warcry+1","hexamod:FirstSeal"],"picked":"True Grit+1","floor":10},{"not_picked":["hexamod:Firestarter","hexamod:NightmareStrike"],"picked":"True Grit+1","floor":13},{"not_picked":["hexamod:Again+1","hexamod:SwordOfDarkness","hexamod:UnlimitedPower+1"],"picked":"SKIP","floor":14},{"not_picked":["hexamod:Hexaguard+1","hexamod:HeatMetal"],"picked":"hexamod:NightmareGuise+1","floor":15},{"not_picked":["hexamod:GhostOfSpirePresent","hexamod:SixthSeal"],"picked":"hexamod:UnlimitedPower+1","floor":16},{"not_picked":["hexamod:BacktrackSmack","hexamod:SwordOfDarkness"],"picked":"hexamod:GhostShield+1","floor":19},{"not_picked":["hexamod:FlamesFromBeyond+1","hexamod:Firestarter"],"picked":"hexamod:InspiringFlames+1","floor":20},{"not_picked":["hexamod:RecurringNightmare+1","hexamod:ThermalTransfer"],"picked":"hexamod:EmpoweredFlame","floor":22},{"not_picked":["hexamod:Again+1","hexamod:SpectralAdrenaline+1"],"picked":"hexamod:GhostShield+1","floor":23},{"not_picked":["hexamod:Hexaguard+1","hexamod:RecurringNightmare+1"],"picked":"hexamod:ShieldOfDarkness+1","floor":25},{"not_picked":["hexamod:HauntingEcho","hexamod:SuperheatedStrike","hexamod:AdvancingGuard+1"],"picked":"SKIP","floor":26},{"not_picked":["hexamod:RetreatToShadows+1","hexamod:RadiantFlame"],"picked":"hexamod:FastForward+1","floor":29},{"not_picked":["hexamod:GhostflameBarrier+1","hexamod:BurningTouch+1"],"picked":"hexamod:Firestarter","floor":31},{"not_picked":["hexamod:InspiringFlames+1","hexamod:GhostShield+1","hexamod:BacktrackSmack"],"picked":"SKIP","floor":32}],"player_experience":315774,"relics_obtained":[{"floor":7,"key":"The Courier"},{"floor":9,"key":"Toxic Egg 2"},{"floor":23,"key":"White Beast Statue"},{"floor":28,"key":"ReplayTheSpireMod:Lightbulb"}],"event_choices":[{"cards_removed":["ReplayTheSpireMod:Doomed"],"damage_healed":0,"gold_gain":0,"player_choice":"Card Removal","damage_taken":0,"max_hp_gain":0,"max_hp_loss":0,"event_name":"The Cleric","floor":11,"gold_loss":0}],"is_beta":false,"boss_relics":[{"not_picked":["conspire:SpecialSausage","Astrolabe"],"picked":"Abe\u0027s Treasure"}],"items_purged_floors":[14],"is_endless":false,"potions_floor_spawned":[2,13,15,19,23,25,26,29,31,32],"killed_by":"SI_MIRROR_ARCHETYPE","ascension_level":1}}