{"host":"8a72fthmlk1o8pdb","time":1612484944,"event":{"mods":["AchievementEnabler","Aspiration","Astrologer","Bard","BaseMod","Beaked The Cultist","Better Sensory Stone","Better Skull","Better Third Choice","ChefMod","Colored Map","Colored Powertips","Dark Map","Downfall","Friendly Minions","GifTheSpireLib","Googly Eyes","Gremlin Mod","Hermit","JesterMod","Jorbs\u0027s Wanderer Trilogy","Marisa????????","Minty Spire (QoL Compilation)","Permanent Neow","Random Character Button","Rare Cards Sparkle","Relic Stats","Reliquary","Robot Space Explorer","Shade Mod","Shop Mod","Somnambulant","StSLib","The Alterego","The Animator","The Blue Laboratory","The Construct","The Cursed","The Disciple","The Hayseed","The Hierophant","The Marked","The Necromancer","The Poker Player","The Problem Sleuth","The Runesmith","thorton"],"gold_per_floor":[113,132,142,142,92,92,92,104,104,139,139,14,14,25,25,128,128,145,160,176,188,204,204,204],"floor_reached":23,"language":"ENG","playtime":1008,"items_purged":[],"score":220,"play_id":"3bdb8841-1203-4563-95ed-7cf157398d3f","local_time":"20210204162904","is_ascension_mode":false,"campfire_choices":[{"data":"Metamorphosis","floor":7,"key":"SMITH"},{"data":"Disarm","floor":11,"key":"SMITH"},{"data":"True Grit","floor":15,"key":"SMITH"}],"circlet_count":0,"master_deck":["Strike_R","Strike_R","Strike_R","Defend_R","Defend_R","Defend_R","Defend_R","Bash","Metamorphosis+1","Disarm+1","Cleave","Injury","Bludgeon+1","Inflame","Armaments","True Grit+1","Brutality","Fire Breathing+1","Bloodletting","Feel No Pain","Blood for Blood+1"],"relics":["Burning Blood","Molten Egg 2","Pen Nib","Ginger","aspiration:FutureDiary"],"acts_visited":["Exordium","TheCity"],"potions_floor_usage":[21,22,23,23],"damage_taken":[{"damage":1,"enemies":"Cultist","floor":1,"turns":3},{"damage":2,"enemies":"Small Slimes","floor":2,"turns":3},{"damage":2,"enemies":"2 Louse","floor":3,"turns":3},{"damage":17,"enemies":"Looter","floor":8,"turns":4},{"damage":6,"enemies":"Gremlin Nob","floor":10,"turns":3},{"damage":4,"enemies":"Blue Slaver","floor":14,"turns":2},{"damage":28,"enemies":"The Guardian","floor":16,"turns":13},{"damage":34,"enemies":"2 Thieves","floor":18,"turns":4},{"damage":17,"enemies":"Spheric Guardian","floor":19,"turns":4},{"damage":3,"enemies":"Centurion and Healer","floor":20,"turns":4},{"damage":27,"enemies":"Sentry and Sphere","floor":21,"turns":4},{"damage":9,"enemies":"Snecko","floor":22,"turns":5},{"damage":21,"enemies":"Book of Stabbing","floor":23,"turns":3}],"seed_played":"-2436534967851396861","potions_obtained":[{"floor":8,"key":"blueLaboratory:BottleOfRum"},{"floor":14,"key":"ElixirPotion"},{"floor":19,"key":"Dexterity Potion"},{"floor":20,"key":"Weak Potion"},{"floor":22,"key":"FearPotion"}],"is_trial":false,"path_per_floor":["M","M","M","?","?","?","R","M","T","E","R","$","T","M","R","B",null,"M","M","M","M","M","E"],"character_chosen":"IRONCLAD","items_purchased":["Inflame","Armaments"],"campfire_rested":0,"item_purchase_floors":[12,12],"current_hp_per_floor":[61,65,69,62,62,62,62,51,51,51,51,51,51,53,53,31,80,52,41,44,23,20,0,0],"gold":204,"neow_bonus":"RANDOM_COLORLESS_2","is_daily":false,"chose_seed":false,"campfire_upgraded":3,"win_rate":0.0,"timestamp":1612484944,"path_taken":["M","M","?","?","?","?","R","M","T","E","R","$","?","M","R","BOSS","M","M","M","?","M","E"],"items_purchased_type":["Card","Card"],"build_version":"2020-12-22","purchased_purges":0,"victory":false,"max_hp_per_floor":[80,80,80,80,80,80,80,80,80,80,80,80,80,80,80,80,80,80,80,80,80,80,80,80],"relic_stats":{"counters":[13,55],"Pen Nib":[6],"Ginger":[3],"obtain_stats":[{"Molten Egg 2":6,"Pen Nib":9,"Ginger":10,"aspiration:FutureDiary":17,"Burning Blood":0},{"Molten Egg 2":3,"Pen Nib":4,"Ginger":5,"aspiration:FutureDiary":7,"Burning Blood":0},{"Molten Egg 2":9,"Pen Nib":13,"Ginger":16,"aspiration:FutureDiary":31,"Burning Blood":0}],"Burning Blood":72},"card_choices":[{"not_picked":["Mayhem","Sadistic Nature"],"picked":"Metamorphosis","floor":0},{"not_picked":["Headbutt","Flex"],"picked":"Disarm","floor":1},{"not_picked":["Dual Wield","Pummel","Second Wind"],"picked":"SKIP","floor":2},{"not_picked":["Warcry","Ghostly Armor"],"picked":"Cleave","floor":3},{"not_picked":["Entrench","Pommel Strike+1","Feel No Pain"],"picked":"SKIP","floor":8},{"not_picked":["Clash+1","Whirlwind+1"],"picked":"Bludgeon+1","floor":10},{"not_picked":["Metallicize","Entrench"],"picked":"True Grit","floor":14},{"not_picked":["Double Tap","Demon Form"],"picked":"Brutality","floor":16},{"not_picked":["Clash+1","Flex"],"picked":"Fire Breathing+1","floor":18},{"not_picked":["Warcry","Iron Wave+1","Sever Soul+1"],"picked":"SKIP","floor":19},{"not_picked":["Iron Wave+1","Sever Soul+1"],"picked":"Bloodletting","floor":20},{"not_picked":["Clash+1","Body Slam+1"],"picked":"Feel No Pain","floor":21},{"not_picked":["Combust","Metallicize+1"],"picked":"Blood for Blood+1","floor":22}],"player_experience":143638,"relics_obtained":[{"floor":9,"key":"Pen Nib"},{"floor":10,"key":"Ginger"}],"event_choices":[{"cards_removed":["Strike_R"],"damage_healed":0,"gold_gain":0,"player_choice":"Card Removal","damage_taken":7,"max_hp_gain":0,"max_hp_loss":0,"event_name":"Golden Wing","floor":4,"gold_loss":0},{"cards_removed":["Strike_R"],"damage_healed":0,"gold_gain":0,"player_choice":"Card Removal","damage_taken":0,"max_hp_gain":0,"max_hp_loss":0,"event_name":"The Cleric","floor":5,"gold_loss":50}],"is_beta":false,"boss_relics":[{"not_picked":["aspiration:PoetsPen_weak","Coffee Dripper"],"picked":"aspiration:FutureDiary"}],"items_purged_floors":[],"is_endless":false,"potions_floor_spawned":[8,14,19,20,22],"killed_by":"Book of Stabbing","ascension_level":0}}