{"host":"vlqejv0notyktumz","time":1612488786,"event":{"mods":["AchievementEnabler","BaseMod","Colored Map","Colored Powertips","Downfall","Googly Eyes","Minty Spire (QoL Compilation)","StSLib"],"gold_per_floor":[114,128,10,10,10,10,23,36,89,89,100,100,115,141,141,245,245,215,215,17,17,17,17,17,17],"floor_reached":24,"language":"ENG","playtime":560,"items_purged":[],"score":322,"play_id":"debcb188-11ce-40f6-85dd-819da77e06c3","local_time":"20210204193306","is_ascension_mode":true,"campfire_choices":[{"data":"Redo","floor":6,"key":"SMITH"},{"data":"Darkness","floor":10,"key":"SMITH"},{"floor":15,"key":"REST"},{"data":"Leap","floor":23,"key":"SMITH"}],"circlet_count":0,"master_deck":["AscendersBane","Defend_B","Defend_B","Defend_B","Defend_B","Dualcast","Dramatic Entrance","Go for the Eyes","BootSequence","Darkness+1","Redo+1","Rebound","Doom and Gloom","Redo","Redo+1","Cold Snap","Leap+1","Bite","Bite","Bite","Bite","Bite"],"relics":["Cracked Core","Art of War","Orichalcum","Ectoplasm","Lee\u0027s Waffle"],"acts_visited":["Exordium","TheCity"],"potions_floor_usage":[14,14,19,24],"damage_taken":[{"damage":0,"enemies":"Small Slimes","floor":1,"turns":2},{"damage":0,"enemies":"Cultist","floor":2,"turns":3},{"damage":2,"enemies":"Jaw Worm","floor":7,"turns":3},{"damage":0,"enemies":"Red Slaver","floor":8,"turns":3},{"damage":0,"enemies":"Looter","floor":11,"turns":2},{"damage":2,"enemies":"Large Slime","floor":13,"turns":3},{"damage":20,"enemies":"Lagavulin","floor":14,"turns":5},{"damage":24,"enemies":"The Guardian","floor":16,"turns":8},{"damage":12,"enemies":"2 Thieves","floor":18,"turns":2},{"damage":16,"enemies":"Shell Parasite","floor":19,"turns":6},{"damage":41,"enemies":"3 Cultists","floor":21,"turns":5},{"damage":52,"enemies":"Book of Stabbing","floor":24,"turns":4}],"seed_played":"-5606181449713113138","potions_obtained":[{"floor":2,"key":"LiquidMemories"},{"floor":7,"key":"LiquidBronze"},{"floor":14,"key":"Guardian:BlockOnCardUsePotion"},{"floor":21,"key":"DuplicationPotion"}],"is_trial":false,"path_per_floor":["M","M","$","?","$","R","M","M","T","R","M","?","M","E","R","B",null,"M","M","$","M","?","R","E"],"character_chosen":"DEFECT","items_purchased":["Darkness","Redo","Lee\u0027s Waffle","Cold Snap"],"campfire_rested":1,"item_purchase_floors":[3,3,20,20],"current_hp_per_floor":[68,68,68,68,68,68,66,66,66,66,66,66,64,44,66,42,67,55,39,82,41,41,41,0,0],"gold":17,"neow_bonus":"RANDOM_COLORLESS","is_daily":false,"chose_seed":false,"campfire_upgraded":3,"win_rate":0.0,"timestamp":1612488786,"path_taken":["M","M","$","?","?","R","M","M","T","R","M","?","?","E","R","BOSS","M","M","$","M","?","R","E"],"items_purchased_type":["Card","Card","Relic","Card"],"build_version":"2020-12-22","purchased_purges":0,"victory":false,"max_hp_per_floor":[75,75,75,75,75,75,75,75,75,75,75,75,75,75,75,75,75,75,75,82,82,57,57,57,57],"card_choices":[{"not_picked":["Panacea","Good Instincts"],"picked":"Dramatic Entrance","floor":0},{"not_picked":["Coolheaded","Blizzard"],"picked":"Go for the Eyes","floor":1},{"not_picked":["Skim","Double Energy"],"picked":"BootSequence","floor":2},{"not_picked":["Go for the Eyes","Turbo"],"picked":"Rebound","floor":7},{"not_picked":["Coolheaded","Rip and Tear"],"picked":"Doom and Gloom","floor":8},{"not_picked":["Reprogram","Steam","Turbo"],"picked":"SKIP","floor":11},{"not_picked":["Machine Learning","Skim","Scrape"],"picked":"SKIP","floor":13},{"not_picked":["Turbo","Sweeping Beam"],"picked":"Redo","floor":14},{"not_picked":["Ball Lightning","Gash"],"picked":"Redo+1","floor":18},{"not_picked":["Steam","Compile Driver","Genetic Algorithm"],"picked":"SKIP","floor":19},{"not_picked":["Coolheaded","Self Repair"],"picked":"Leap","floor":21}],"player_experience":393660,"relics_obtained":[{"floor":9,"key":"Art of War"},{"floor":14,"key":"Orichalcum"}],"event_choices":[{"cards_removed":["Strike_B"],"damage_healed":0,"gold_gain":0,"player_choice":"Purged","damage_taken":0,"max_hp_gain":0,"max_hp_loss":0,"event_name":"Purifier","floor":4,"gold_loss":0},{"cards_removed":["Zap"],"damage_healed":0,"gold_gain":0,"player_choice":"Offered Basic","damage_taken":0,"max_hp_gain":0,"max_hp_loss":0,"event_name":"Bonfire Elementals","floor":12,"gold_loss":0},{"damage_healed":0,"gold_gain":0,"player_choice":"Became a vampire","damage_taken":0,"max_hp_gain":0,"max_hp_loss":25,"event_name":"Vampires","floor":22,"gold_loss":0,"cards_obtained":["Bite","Bite","Bite","Bite","Bite"]}],"is_beta":false,"boss_relics":[{"not_picked":["Velvet Choker","Pandora\u0027s Box"],"picked":"Ectoplasm"}],"items_purged_floors":[],"is_endless":false,"potions_floor_spawned":[2,7,14,21],"killed_by":"Book of Stabbing","ascension_level":10}}