{"host":"6p0attdrtjqaih7v","time":1612560177,"event":{"mods":["2.2 Compatiblity","AchievementEnabler","Bard","BaseMod","Better Skull","Better Third Choice","Colored Powertips","Hermit","Highlight Path","Key Reminder","Minty Spire (QoL Compilation)","Permanent Neow","Quick Restart","Random Character Button","Relic Stats","Reliquary","Replay The Spire","Robot Space Explorer","StSLib","The Witch"],"gold_per_floor":[109,127,70,70,70,70,105,116,116,128,128,138,172,185,185,185,185],"floor_reached":16,"language":"ENG","playtime":455,"items_purged":[],"score":299,"play_id":"cfa72ffe-a3a3-49d5-8064-cd1a5354ca0f","local_time":"20210205162257","is_ascension_mode":true,"campfire_choices":[{"data":"RobotSpaceExplorer:Electropulse","floor":6,"key":"SMITH"},{"data":"RobotSpaceExplorer:SlimeMissile","floor":11,"key":"SMITH"},{"data":"RobotSpaceExplorer:SlimeMissile","floor":15,"key":"SMITH"}],"circlet_count":0,"master_deck":["AscendersBane","RobotSpaceExplorer:Strike","RobotSpaceExplorer:Strike","RobotSpaceExplorer:Strike","RobotSpaceExplorer:Defend","RobotSpaceExplorer:Defend","RobotSpaceExplorer:Defend","RobotSpaceExplorer:Defend","RobotSpaceExplorer:Scan","RobotSpaceExplorer:MiniLasers+1","RobotSpaceExplorer:SlimeMissile+1","RobotSpaceExplorer:Electropulse+1","RobotSpaceExplorer:SlimeMissile+1","RobotSpaceExplorer:SlimeMissile","RobotSpaceExplorer:GearShield","RobotSpaceExplorer:SlimeMissile"],"relics":["RobotSpaceExplorer:RoboCore","Ring of Searing","Replay:Towering Pillar of Hats","CaptainsWheel","Quantum Egg"],"acts_visited":["Exordium"],"potions_floor_usage":[13],"damage_taken":[{"damage":9,"enemies":"Jaw Worm","floor":1,"turns":4},{"damage":4,"enemies":"2 Louse","floor":2,"turns":3},{"damage":14,"enemies":"3 Sentries","floor":7,"turns":6},{"damage":0,"enemies":"Cultist","floor":8,"turns":2},{"damage":0,"enemies":"2 Fungi Beasts","floor":10,"turns":2},{"damage":1,"enemies":"Gremlin Gang","floor":12,"turns":4},{"damage":0,"enemies":"Gremlin Nob","floor":13,"turns":2},{"damage":1,"enemies":"3 Louse","floor":14,"turns":2},{"damage":58,"enemies":"The Guardian","floor":16,"turns":11}],"seed_played":"-7044163825665177066","potions_obtained":[{"floor":1,"key":"Dexterity Potion"}],"is_trial":false,"path_per_floor":["M","M","$","?","?","R","E","M","T","M","R","M","E","M","R","B"],"character_chosen":"RobotSpaceExplorer","items_purchased":["PowerPotion"],"campfire_rested":0,"item_purchase_floors":[3],"current_hp_per_floor":[55,51,51,51,51,51,37,37,37,37,37,36,36,35,35,0,0],"gold":185,"neow_bonus":"UPGRADE_CARD","is_daily":false,"chose_seed":false,"campfire_upgraded":3,"win_rate":0.0,"timestamp":1612560177,"path_taken":["M","M","$","?","?","R","E","?","T","M","R","M","E","M","R","BOSS"],"items_purchased_type":["Potion"],"build_version":"2020-12-22","purchased_purges":0,"victory":false,"max_hp_per_floor":[71,71,71,71,71,71,71,71,71,71,71,71,71,71,71,71,71],"relic_stats":{"counters":[9,36],"obtain_stats":[{"CaptainsWheel":9,"Replay:Towering Pillar of Hats":7,"Quantum Egg":13,"RobotSpaceExplorer:RoboCore":0,"Ring of Searing":4},{"CaptainsWheel":4,"Replay:Towering Pillar of Hats":3,"Quantum Egg":7,"RobotSpaceExplorer:RoboCore":0,"Ring of Searing":2},{"CaptainsWheel":15,"Replay:Towering Pillar of Hats":13,"Quantum Egg":23,"RobotSpaceExplorer:RoboCore":0,"Ring of Searing":7}]},"card_choices":[{"not_picked":["RobotSpaceExplorer:FranticSearch","RobotSpaceExplorer:ScrapMissile"],"picked":"RobotSpaceExplorer:SlimeMissile","floor":1},{"not_picked":["RobotSpaceExplorer:Discharger","RobotSpaceExplorer:Jetpack","RobotSpaceExplorer:GlueShot"],"picked":"SKIP","floor":2},{"not_picked":["RobotSpaceExplorer:SwiftStep","RobotSpaceExplorer:SlimeMissile","RobotSpaceExplorer:ImprovisedAttack"],"picked":"SKIP","floor":7},{"not_picked":["RobotSpaceExplorer:Ammunition","RobotSpaceExplorer:FreezeRay"],"picked":"RobotSpaceExplorer:SlimeMissile","floor":8},{"not_picked":["RobotSpaceExplorer:StarDust","RobotSpaceExplorer:Scanner","RobotSpaceExplorer:Pulsar"],"picked":"SKIP","floor":10},{"not_picked":["RobotSpaceExplorer:GlueShot","RobotSpaceExplorer:TurboDodge"],"picked":"RobotSpaceExplorer:SlimeMissile","floor":12},{"not_picked":["RobotSpaceExplorer:Pulsar","RobotSpaceExplorer:ShockKick"],"picked":"RobotSpaceExplorer:GearShield","floor":13},{"not_picked":["RobotSpaceExplorer:BigMissile","RobotSpaceExplorer:LaserBurst"],"picked":"RobotSpaceExplorer:SlimeMissile","floor":14}],"player_experience":1020624,"relics_obtained":[{"floor":4,"key":"Ring of Searing"},{"floor":7,"key":"Replay:Towering Pillar of Hats"},{"floor":9,"key":"CaptainsWheel"},{"floor":13,"key":"Quantum Egg"}],"event_choices":[{"damage_healed":0,"gold_gain":0,"cards_transformed":["RobotSpaceExplorer:Strike"],"player_choice":"Transformed","damage_taken":0,"max_hp_gain":0,"max_hp_loss":0,"event_name":"Transmorgrifier","floor":5,"gold_loss":0,"cards_obtained":["RobotSpaceExplorer:Electropulse"]}],"is_beta":false,"boss_relics":[],"items_purged_floors":[],"is_endless":false,"potions_floor_spawned":[1,10],"killed_by":"The Guardian","ascension_level":20}}