{"host":"rolltorest","time":1612492863,"event":{"mods":["BaseMod","Minty Spire (QoL Compilation)","Relic Stats","Slay the Relics Exporter","StSLib"],"gold_per_floor":[115,132,150,75,225,225,258,258,258,274,289,289,289],"floor_reached":12,"language":"ENG","playtime":1244,"items_purged":[],"score":160,"play_id":"1ed9c7a9-5ba3-4249-bd6d-a6a1875b109b","local_time":"20210204184103","is_ascension_mode":true,"campfire_choices":[{"data":"Headbutt","floor":6,"key":"SMITH"}],"circlet_count":0,"master_deck":["AscendersBane","Strike_R","Strike_R","Strike_R","Strike_R","Defend_R","Defend_R","Defend_R","Defend_R","Bash","Iron Wave+1","Headbutt+1","Doubt","Disarm","Carnage"],"relics":["Philosopher\u0027s Stone","Charon\u0027s Ashes","Sundial"],"acts_visited":["Exordium"],"potions_floor_usage":[10,12],"damage_taken":[{"damage":0,"enemies":"Small Slimes","floor":1,"turns":2},{"damage":0,"enemies":"2 Louse","floor":2,"turns":3},{"damage":0,"enemies":"Cultist","floor":3,"turns":3},{"damage":46,"enemies":"Lagavulin","floor":7,"turns":8},{"damage":11,"enemies":"Red Slaver","floor":10,"turns":2},{"damage":3,"enemies":"3 Louse","floor":11,"turns":2},{"damage":6,"enemies":"3 Sentries","floor":12,"turns":2}],"seed_played":"6310006316535609056","potions_obtained":[{"floor":7,"key":"Weak Potion"},{"floor":10,"key":"ColorlessPotion"},{"floor":11,"key":"BlessingOfTheForge"}],"is_trial":false,"path_per_floor":["M","M","M","?","?","R","E","?","T","M","M","E"],"character_chosen":"IRONCLAD","items_purchased":[],"campfire_rested":0,"item_purchase_floors":[],"current_hp_per_floor":[68,68,68,68,68,68,22,22,22,11,8,2,2],"gold":289,"neow_bonus":"BOSS_RELIC","is_daily":false,"chose_seed":false,"campfire_upgraded":1,"win_rate":0.0,"timestamp":1612492863,"path_taken":["M","M","M","?","?","R","E","?","T","M","?","E"],"items_purchased_type":[],"build_version":"2020-12-18","purchased_purges":0,"victory":false,"max_hp_per_floor":[75,75,75,75,75,75,75,75,75,75,75,75,75],"relic_stats":{"counters":[7,22],"Sundial":[0],"Charon\u0027s Ashes":[21],"obtain_stats":[{"Sundial":9,"Philosopher\u0027s Stone":0,"Charon\u0027s Ashes":7,"Burning Blood":0},{"Sundial":4,"Philosopher\u0027s Stone":0,"Charon\u0027s Ashes":4,"Burning Blood":0},{"Sundial":16,"Philosopher\u0027s Stone":0,"Charon\u0027s Ashes":16,"Burning Blood":0}]},"card_choices":[{"not_picked":["Shrug It Off","Sword Boomerang"],"picked":"Iron Wave","floor":1},{"not_picked":["Armaments","Whirlwind"],"picked":"Headbutt","floor":2},{"not_picked":["Intimidate","Rupture","Flex"],"picked":"SKIP","floor":3},{"not_picked":["Body Slam","Flex","Rage"],"picked":"SKIP","floor":7},{"not_picked":["Fire Breathing","Second Wind"],"picked":"Disarm","floor":10},{"not_picked":["Warcry","Sword Boomerang"],"picked":"Carnage","floor":11}],"player_experience":1843838,"relics_obtained":[{"floor":7,"key":"Charon\u0027s Ashes"},{"floor":9,"key":"Sundial"}],"event_choices":[{"cards_removed":["Strike_R"],"damage_healed":0,"gold_gain":0,"player_choice":"Card Removal","damage_taken":0,"max_hp_gain":0,"max_hp_loss":0,"event_name":"The Cleric","floor":4,"gold_loss":75},{"damage_healed":0,"gold_gain":150,"player_choice":"AGREE","damage_taken":0,"max_hp_gain":0,"max_hp_loss":0,"event_name":"Liars Game","floor":5,"gold_loss":0,"cards_obtained":["Doubt"]},{"damage_healed":0,"gold_gain":0,"player_choice":"Upgraded","damage_taken":0,"max_hp_gain":0,"max_hp_loss":0,"event_name":"Upgrade Shrine","floor":8,"gold_loss":0,"cards_upgraded":["Iron Wave"]}],"is_beta":true,"boss_relics":[],"items_purged_floors":[],"is_endless":false,"potions_floor_spawned":[7,10,11],"killed_by":"3 Sentries","ascension_level":20}}