{"host":"8vrmceg1p8ljousa","time":1612556359,"event":{"mods":["BaseMod","Highlight Path","Minty Spire (QoL Compilation)","StSLib","The Cursed"],"gold_per_floor":[114,114,114,124,139,139,166,166,166,148,164,192,192,117,117,117,117],"floor_reached":16,"language":"ENG","playtime":394,"items_purged":["TheCursedMod:Strike_TheCursed"],"score":116,"play_id":"ec4f2ed1-1444-41dc-a776-4fd2cc1e10f4","local_time":"20210205221919","is_ascension_mode":true,"campfire_choices":[{"data":"TheCursedMod:SpreadPlague","floor":6,"key":"SMITH"},{"floor":8,"key":"REST"},{"floor":13,"key":"REST"},{"data":"TheCursedMod:CleanUpWorkshop","floor":15,"key":"SMITH"}],"circlet_count":0,"master_deck":["TheCursedMod:Strike_TheCursed","TheCursedMod:Strike_TheCursed","TheCursedMod:Strike_TheCursed+1","TheCursedMod:Defend_TheCursed","TheCursedMod:Defend_TheCursed","TheCursedMod:Defend_TheCursed","TheCursedMod:Defend_TheCursed+1","TheCursedMod:CursedWand","TheCursedMod:CleanUpWorkshop+1","TheCursedMod:Dregs","TheCursedMod:CircleOfFlame","TheCursedMod:SpreadPlague+1","TheCursedMod:SmokeScreen","TheCursedMod:CircleOfCorruption","TheCursedMod:CircleOfFlame","TheCursedMod:SurpriseAttack"],"relics":["TheCursedMod:BlackMagic101","NeowsBlessing","Potion Belt","Letter Opener","Bottled Lightning","Girya"],"acts_visited":["Exordium"],"potions_floor_usage":[12],"damage_taken":[{"damage":0,"enemies":"Jaw Worm","floor":1,"turns":1},{"damage":0,"enemies":"Cultist","floor":4,"turns":1},{"damage":0,"enemies":"2 Louse","floor":5,"turns":1},{"damage":23,"enemies":"Gremlin Nob","floor":7,"turns":5},{"damage":13,"enemies":"Exordium Thugs","floor":10,"turns":4},{"damage":0,"enemies":"3 Louse","floor":11,"turns":2},{"damage":21,"enemies":"Lagavulin","floor":12,"turns":5},{"damage":51,"enemies":"Slime Boss","floor":16,"turns":9}],"seed_played":"-3183039403018202094","potions_obtained":[{"floor":4,"key":"Strength Potion"},{"floor":7,"key":"Explosive Potion"},{"floor":11,"key":"BlessingOfTheForge"}],"is_trial":false,"path_per_floor":["M","?","T","M","M","R","E","R","T","M","M","E","R","$","R","B"],"character_chosen":"THE_CURSED","items_purchased":[],"campfire_rested":2,"item_purchase_floors":[],"current_hp_per_floor":[75,60,60,60,60,60,37,59,59,46,46,25,47,47,47,0,0],"gold":117,"neow_bonus":"THREE_ENEMY_KILL","is_daily":false,"chose_seed":false,"campfire_upgraded":2,"win_rate":0.0,"timestamp":1612556359,"path_taken":["M","?","?","M","M","R","E","R","T","M","M","E","R","$","R","BOSS"],"items_purchased_type":[],"build_version":"2020-12-22","purchased_purges":1,"victory":false,"max_hp_per_floor":[75,75,75,75,75,75,75,75,75,75,75,75,75,75,75,75,75],"card_choices":[{"not_picked":["TheCursedMod:Torture","TheCursedMod:TroublousMinions"],"picked":"TheCursedMod:CircleOfFlame","floor":1},{"not_picked":["TheCursedMod:VitalStrike","TheCursedMod:Grudge"],"picked":"TheCursedMod:SpreadPlague","floor":4},{"not_picked":["TheCursedMod:SpitefulStrike","TheCursedMod:Wield"],"picked":"TheCursedMod:SmokeScreen","floor":5},{"not_picked":["TheCursedMod:RavingStaff","TheCursedMod:Grudge"],"picked":"TheCursedMod:CircleOfCorruption","floor":7},{"not_picked":["TheCursedMod:WearCloak","TheCursedMod:BloodBarrier"],"picked":"TheCursedMod:CircleOfFlame","floor":10},{"not_picked":["TheCursedMod:ParallelWorld","TheCursedMod:Obscuration"],"picked":"TheCursedMod:SurpriseAttack","floor":11},{"not_picked":["TheCursedMod:SpitefulStrike","TheCursedMod:RavingStaff","TheCursedMod:RapidMovement"],"picked":"SKIP","floor":12}],"player_experience":78336,"relics_obtained":[{"floor":3,"key":"Potion Belt"},{"floor":7,"key":"Letter Opener"},{"floor":9,"key":"Bottled Lightning"},{"floor":12,"key":"Girya"}],"event_choices":[{"damage_healed":0,"gold_gain":0,"player_choice":"Entered Light","damage_taken":15,"max_hp_gain":0,"max_hp_loss":0,"event_name":"Shining Light","floor":2,"gold_loss":0,"cards_upgraded":["TheCursedMod:Defend_TheCursed","TheCursedMod:Strike_TheCursed"]}],"is_beta":false,"boss_relics":[],"items_purged_floors":[14],"is_endless":false,"potions_floor_spawned":[4,7,11],"killed_by":"Slime Boss","ascension_level":1}}