{"host":"6p0attdrtjqaih7v","time":1612500904,"event":{"mods":["2.2 Compatiblity","AchievementEnabler","Bard","BaseMod","Better Skull","Better Third Choice","Colored Powertips","Hermit","Highlight Path","Key Reminder","Minty Spire (QoL Compilation)","Permanent Neow","Quick Restart","Random Character Button","Relic Stats","Reliquary","Replay The Spire","Robot Space Explorer","StSLib","The Witch"],"gold_per_floor":[112,132,207,44,61,61,61,61],"floor_reached":7,"language":"ENG","playtime":215,"items_purged":[],"score":82,"play_id":"3bebb818-d8b5-45d5-81a0-f6c5aacfb466","local_time":"20210204235504","is_ascension_mode":true,"campfire_choices":[{"data":"hermit:Quickdraw","floor":6,"key":"SMITH"}],"circlet_count":0,"master_deck":["AscendersBane","hermit:Strike_Hermit","hermit:Strike_Hermit","hermit:Strike_Hermit","hermit:Strike_Hermit","hermit:Defend_Hermit","hermit:Defend_Hermit","hermit:Defend_Hermit","hermit:Defend_Hermit","hermit:Snapshot","hermit:Covet","hermit:WideOpen","hermit:LowProfile","hermit:Deadeye","hermit:PistolWhip","hermit:Quickdraw+1"],"relics":["Ring of Chaos"],"acts_visited":["Exordium"],"potions_floor_usage":[],"damage_taken":[{"damage":14,"enemies":"Jaw Worm","floor":1,"turns":5},{"damage":1,"enemies":"2 Louse","floor":2,"turns":3},{"damage":0,"enemies":"Cultist","floor":5,"turns":3},{"damage":3,"enemies":"3 Sentries","floor":7,"turns":2}],"seed_played":"1118950102446137123","potions_obtained":[{"floor":2,"key":"Flashbang"},{"floor":5,"key":"Energy Potion"}],"is_trial":false,"path_per_floor":["M","M","?","$","M","R","E"],"character_chosen":"HERMIT","items_purchased":["hermit:Deadeye","hermit:PistolWhip"],"campfire_rested":0,"item_purchase_floors":[4,4],"current_hp_per_floor":[50,49,38,38,38,38,35,35],"gold":61,"neow_bonus":"BOSS_RELIC","is_daily":false,"chose_seed":false,"campfire_upgraded":1,"win_rate":0.0,"timestamp":1612500904,"path_taken":["M","M","?","$","M","R","E"],"items_purchased_type":["Card","Card"],"build_version":"2020-12-22","purchased_purges":0,"victory":false,"max_hp_per_floor":[71,71,71,71,71,71,71,71],"relic_stats":{"counters":[4,13],"obtain_stats":[{"Ring of Chaos":0,"hermit:Momento":0},{"Ring of Chaos":0,"hermit:Momento":0},{"Ring of Chaos":0,"hermit:Momento":0}]},"card_choices":[{"not_picked":["hermit:Ricochet","hermit:Glare"],"picked":"hermit:WideOpen","floor":1},{"not_picked":["hermit:Misfire","hermit:Dive"],"picked":"hermit:LowProfile","floor":2},{"not_picked":["hermit:LoneWolf","hermit:Grudge"],"picked":"hermit:Quickdraw","floor":5}],"player_experience":1002843,"relics_obtained":[],"event_choices":[{"damage_healed":0,"gold_gain":75,"player_choice":"Gather Gold","damage_taken":11,"max_hp_gain":0,"max_hp_loss":0,"event_name":"World of Goop","floor":3,"gold_loss":0}],"is_beta":false,"boss_relics":[],"items_purged_floors":[],"is_endless":false,"potions_floor_spawned":[2,5],"killed_by":"3 Sentries","ascension_level":20}}