{"host":"q9sqrn60n8lvmavn","time":1612506341,"event":{"mods":["AchievementEnabler","AlwaysNeverKeys","BaseMod","Better Third Choice","Better Vampires","Better-Laid Plans","Block Reminder","Colored Powertips","Curses Come First","DNKmod","Emptier Cage","Friendly Minions","Minty Spire (QoL Compilation)","Permanent Neow","Relic Filter Mod","Shop Mod","StSLib","Weighted Paths"],"gold_per_floor":[1014,383,397,414,414,443,443,468,543,543,554,554,567,610,610,740,740,764,499,499,514,414,414,448,462,462,506,531,78,78,91,91,216,216,237,237,251,265,284,318,178,178,178,212,212,545,580,580,580,580,580,580,145,178,178],"floor_reached":56,"language":"ENG","playtime":2347,"items_purged":["Defend_P","Secret Technique","Strike_P","Strike_P","EmptyFist"],"score":2429,"play_id":"810b5773-2c2a-47f8-8a5e-e4bc459a1662","local_time":"20210204222541","is_ascension_mode":true,"campfire_choices":[{"data":"Adaptation","floor":7,"key":"SMITH"},{"data":"Eruption","floor":10,"key":"SMITH"},{"data":"Adaptation","floor":15,"key":"SMITH"},{"data":"TalkToTheHand","floor":23,"key":"SMITH"},{"floor":30,"key":"DIG"},{"floor":32,"key":"DIG"},{"floor":42,"key":"DIG"},{"data":"Strike_P","floor":45,"key":"PURGE"},{"floor":49,"key":"DIG"},{"floor":52,"key":"DIG"}],"circlet_count":0,"master_deck":["AscendersBane","Eruption+1","Vigilance","Adaptation+1","WheelKick","Adaptation+1","CutThroughFate+1","TalkToTheHand+1","Halt+1","Vault","TalkToTheHand+1","FollowUp"],"relics":["PureWater","Torii","Unceasing Top","FossilizedHelix","Lantern","Strange Spoon","Mummified Hand","The Courier","PreservedInsect","Kunai","Akabeko","Empty Cage","Happy Flower","InkBottle","Mercury Hourglass","Shovel","TeardropLocket","Ancient Tea Set","Vajra","Calipers","Sozu","Bag of Preparation","CaptainsWheel","Peace Pipe","Omamori","Gremlin Horn","Blood Vial","Bottled Tornado","Strawberry","Pantograph","Pen Nib","Nunchaku"],"acts_visited":["Exordium","TheCity","TheBeyond","TheEnding"],"potions_floor_usage":[6,25,33,55],"damage_taken":[{"damage":0,"enemies":"Small Slimes","floor":1,"turns":3},{"damage":0,"enemies":"Jaw Worm","floor":3,"turns":2},{"damage":0,"enemies":"2 Louse","floor":4,"turns":2},{"damage":0,"enemies":"Lagavulin","floor":6,"turns":3},{"damage":0,"enemies":"Gremlin Nob","floor":8,"turns":3},{"damage":7,"enemies":"Exordium Thugs","floor":11,"turns":5},{"damage":0,"enemies":"Red Slaver","floor":13,"turns":2},{"damage":0,"enemies":"3 Sentries","floor":14,"turns":2},{"damage":11,"enemies":"The Guardian","floor":16,"turns":7},{"damage":0,"enemies":"Chosen","floor":18,"turns":2},{"damage":0,"enemies":"3 Byrds","floor":21,"turns":2},{"damage":6,"enemies":"Gremlin Leader","floor":24,"turns":2},{"damage":0,"enemies":"3 Cultists","floor":25,"turns":2},{"damage":0,"enemies":"Book of Stabbing","floor":27,"turns":1},{"damage":0,"enemies":"Cultist and Chosen","floor":28,"turns":2},{"damage":0,"enemies":"Sentry and Sphere","floor":31,"turns":1},{"damage":0,"enemies":"Automaton","floor":33,"turns":2},{"damage":0,"enemies":"3 Shapes","floor":35,"turns":2},{"damage":0,"enemies":"Orb Walker","floor":37,"turns":1},{"damage":0,"enemies":"Transient","floor":38,"turns":7},{"damage":0,"enemies":"Maw","floor":39,"turns":3},{"damage":0,"enemies":"Giant Head","floor":40,"turns":3},{"damage":0,"enemies":"Nemesis","floor":44,"turns":1},{"damage":0,"enemies":"Giant Head","floor":47,"turns":2},{"damage":0,"enemies":"Donu and Deca","floor":50,"turns":5},{"damage":0,"enemies":"Shield and Spear","floor":54,"turns":1},{"damage":1,"enemies":"The Heart","floor":55,"turns":8}],"seed_played":"8763030076079520796","potions_obtained":[{"floor":3,"key":"AttackPotion"},{"floor":4,"key":"LiquidBronze"},{"floor":8,"key":"AttackPotion"},{"floor":18,"key":"Dexterity Potion"},{"floor":20,"key":"Dexterity Potion"},{"floor":21,"key":"Ambrosia"},{"floor":28,"key":"Regen Potion"}],"is_trial":false,"path_per_floor":["M","$","M","M","?","E","R","E","T","R","M","?","M","E","R","B",null,"M","$","?","M","$","R","E","M","T","E","M","$","R","M","R","B",null,"M","?","M","M","M","E","$","R","T","E","R","?","E","?","R","B",null,"R","$","E","B",null],"character_chosen":"WATCHER","items_purchased":["Lantern","Strange Spoon","Mummified Hand","Happy Flower","TalkToTheHand","TeardropLocket","Ancient Tea Set","Strawberry","Pantograph","Pen Nib"],"campfire_rested":0,"item_purchase_floors":[2,2,2,19,19,29,29,53,53,53],"current_hp_per_floor":[70,70,70,70,63,63,63,63,63,63,56,31,31,31,31,20,80,80,80,80,80,80,80,74,74,74,74,74,74,74,74,74,74,94,94,94,94,94,94,94,94,94,94,94,94,94,94,94,94,96,99,99,106,107,107],"gold":178,"neow_bonus":"RANDOM_COLORLESS_2","is_daily":false,"chose_seed":false,"campfire_upgraded":4,"win_rate":0.0,"timestamp":1612506341,"path_taken":["M","$","M","M","?","E","R","E","T","R","M","?","M","E","R","BOSS","M","$","?","M","?","R","E","M","T","E","?","$","R","M","R","BOSS","M","?","M","M","M","E","$","R","T","E","R","?","E","?","R","BOSS","R","$","E","BOSS"],"items_purchased_type":["Relic","Relic","Relic","Relic","Card","Relic","Relic","Relic","Relic","Relic"],"build_version":"2020-12-22","purchased_purges":5,"victory":true,"max_hp_per_floor":[100,100,100,100,100,100,100,100,100,100,100,100,100,100,100,100,100,100,100,100,100,100,100,100,100,100,100,100,100,100,100,100,100,100,100,100,100,100,100,100,100,100,100,100,100,100,100,100,100,100,100,100,107,107,107],"card_choices":[{"not_picked":["Chrysalis","Metamorphosis"],"picked":"Secret Technique","floor":0},{"not_picked":["SashWhip","Crescendo"],"picked":"Adaptation","floor":1},{"not_picked":["ClearTheMind","FollowUp","Crescendo"],"picked":"SKIP","floor":3},{"not_picked":["WaveOfTheHand","FearNoEvil"],"picked":"WheelKick","floor":4},{"not_picked":["Meditate","SashWhip","Protect"],"picked":"SKIP","floor":6},{"not_picked":["Nirvana","FlyingSleeves"],"picked":"EmptyFist","floor":8},{"not_picked":["Pray","Protect","DeceiveReality"],"picked":"SKIP","floor":11},{"not_picked":["Collect","Protect","SashWhip"],"picked":"SKIP","floor":13},{"not_picked":["LikeWater","Brilliance"],"picked":"Adaptation","floor":14},{"not_picked":["CrushJoints","SashWhip"],"picked":"CutThroughFate+1","floor":18},{"not_picked":["WaveOfTheHand","PathToVictory","FlyingSleeves"],"picked":"SKIP","floor":21},{"not_picked":["Weave","Evaluate","Protect+1"],"picked":"SKIP","floor":24},{"not_picked":["Wireheading","Scrawl"],"picked":"Halt+1","floor":25},{"not_picked":["EmptyBody+1","ForeignInfluence","EmptyMind"],"picked":"SKIP","floor":27},{"not_picked":["PathToVictory+1","SashWhip+1","CutThroughFate"],"picked":"SKIP","floor":28},{"not_picked":["PathToVictory","Wireheading","SashWhip+1"],"picked":"SKIP","floor":31},{"not_picked":["Omniscience","Scrawl"],"picked":"Vault","floor":33},{"not_picked":["Conclude","Worship","EmptyBody+1"],"picked":"SKIP","floor":35},{"not_picked":["BowlingBash+1","WindmillStrike","FollowUp+1"],"picked":"SKIP","floor":37},{"not_picked":["Pray","Conclude+1","EmptyFist+1"],"picked":"SKIP","floor":38},{"not_picked":["SashWhip+1","BowlingBash","Establishment"],"picked":"SKIP","floor":39},{"not_picked":["WaveOfTheHand","JustLucky+1"],"picked":"TalkToTheHand","floor":40},{"not_picked":["Weave+1","Pray+1","Protect"],"picked":"SKIP","floor":44},{"not_picked":["FollowUp","ThirdEye+1","Wallop"],"picked":"SKIP","floor":47},{"not_picked":["PathToVictory","ReachHeaven"],"picked":"FollowUp","floor":54}],"player_experience":229608,"relics_obtained":[{"floor":6,"key":"The Courier"},{"floor":8,"key":"PreservedInsect"},{"floor":9,"key":"Kunai"},{"floor":14,"key":"Akabeko"},{"floor":24,"key":"InkBottle"},{"floor":26,"key":"Mercury Hourglass"},{"floor":27,"key":"Shovel"},{"floor":30,"key":"Vajra"},{"floor":32,"key":"Calipers"},{"floor":40,"key":"Bag of Preparation"},{"floor":42,"key":"CaptainsWheel"},{"floor":43,"key":"Peace Pipe"},{"floor":44,"key":"Omamori"},{"floor":47,"key":"Gremlin Horn"},{"floor":49,"key":"Blood Vial"},{"floor":52,"key":"Bottled Tornado"},{"floor":54,"key":"Nunchaku"}],"event_choices":[{"cards_removed":["Defend_P"],"damage_healed":0,"gold_gain":0,"player_choice":"Card Removal","damage_taken":7,"max_hp_gain":0,"max_hp_loss":0,"event_name":"Golden Wing","floor":5,"gold_loss":0},{"damage_healed":0,"gold_gain":0,"player_choice":"Take Damage","damage_taken":25,"relics_obtained":["Golden Idol"],"max_hp_gain":0,"max_hp_loss":0,"event_name":"Golden Idol","floor":12,"gold_loss":0},{"damage_healed":0,"gold_gain":0,"player_choice":"Got Potions","damage_taken":0,"max_hp_gain":0,"max_hp_loss":0,"event_name":"Lab","floor":20,"gold_loss":0},{"damage_healed":0,"gold_gain":0,"player_choice":"Ignored","damage_taken":0,"max_hp_gain":0,"max_hp_loss":0,"event_name":"Tomb of Lord Red Mask","floor":36,"gold_loss":0},{"damage_healed":0,"gold_gain":333,"player_choice":"Gave Idol","damage_taken":0,"max_hp_gain":0,"max_hp_loss":0,"event_name":"The Moai Head","floor":46,"relics_lost":["Golden Idol"],"gold_loss":0},{"damage_healed":0,"gold_gain":0,"player_choice":"Upgraded","damage_taken":0,"max_hp_gain":0,"max_hp_loss":0,"event_name":"Upgrade Shrine","floor":48,"gold_loss":0,"cards_upgraded":["TalkToTheHand"]}],"is_beta":false,"boss_relics":[{"not_picked":["Fusion Hammer","SlaversCollar"],"picked":"Empty Cage"},{"not_picked":["Philosopher\u0027s Stone","Busted Crown"],"picked":"Sozu"}],"items_purged_floors":[2,19,22,29,41],"is_endless":false,"potions_floor_spawned":[3,4,8,11,18,21,24,28,37,38,39,44,54],"ascension_level":11}}