{"host":"xoyp8vl9zpezjqzb","time":1612553551,"event":{"mods":["AchievementEnabler","BaseMod","BetterRewards","Colored Map","Minty Spire (QoL Compilation)","Permanent Neow","Quick Restart"],"gold_per_floor":[413,413,33,49,124,124,124,141,141,157,157,186,186,36,36,36,36],"floor_reached":16,"language":"ENG","playtime":657,"items_purged":[],"score":98,"play_id":"0d7265af-7602-405b-950b-5f8b08b5322e","local_time":"20210205143231","daily_mods":["SealedDeck","Heirloom","Time Dilation","Flight","DeadlyEvents","Binary"],"is_ascension_mode":false,"campfire_choices":[{"data":"WindmillStrike","floor":6,"key":"SMITH"},{"data":"Prostrate","floor":7,"key":"SMITH"},{"data":"Consecrate","floor":11,"key":"SMITH"},{"data":"BattleHymn","floor":13,"key":"SMITH"},{"floor":15,"key":"REST"}],"circlet_count":0,"master_deck":["BattleHymn","BattleHymn+1","ClearTheMind","ReachHeaven","SashWhip","SashWhip","Consecrate+1","Prostrate+1","Protect","WindmillStrike+1","Pain","Fasting2+1","Protect"],"relics":["PureWater","Busted Crown","Old Coin","WarpedTongs","Frozen Egg 2","Meat on the Bone","Orichalcum","PreservedInsect"],"acts_visited":["Exordium"],"potions_floor_usage":[],"damage_taken":[{"damage":0,"enemies":"Small Slimes","floor":1,"turns":2},{"damage":2,"enemies":"Cultist","floor":4,"turns":3},{"damage":4,"enemies":"2 Louse","floor":8,"turns":2},{"damage":6,"enemies":"Large Slime","floor":10,"turns":4},{"damage":14,"enemies":"Gremlin Nob","floor":12,"turns":3},{"damage":3,"enemies":"Hexaghost","floor":16,"turns":2}],"seed_played":"6130720074736327716","potions_obtained":[{"floor":8,"key":"Block Potion"},{"floor":12,"key":"Energy Potion"}],"is_trial":true,"path_per_floor":["M","?","$","M","?","R","R","M","T","M","R","E","R","$","R","B"],"character_chosen":"WATCHER","items_purchased":["Frozen Egg 2","Fasting2+1","Protect","PreservedInsect"],"campfire_rested":1,"item_purchase_floors":[3,3,3,14],"current_hp_per_floor":[72,72,72,70,59,59,59,55,55,49,49,47,47,47,68,65,65],"gold":36,"neow_bonus":"","is_daily":false,"chose_seed":false,"campfire_upgraded":4,"win_rate":0.0,"timestamp":1612553551,"path_taken":["M","?","$","?","?","R","R","M","T","?","R","?","R","$","R","BOSS"],"items_purchased_type":["Relic","Card","Card","Relic"],"build_version":"2020-12-22","purchased_purges":0,"victory":false,"max_hp_per_floor":[72,72,72,72,72,72,72,72,72,72,72,72,72,72,72,72,72],"card_choices":[],"player_experience":276390,"relics_obtained":[{"floor":9,"key":"Meat on the Bone"},{"floor":12,"key":"Orichalcum"}],"event_choices":[{"damage_healed":0,"gold_gain":0,"player_choice":"Rummage","damage_taken":0,"relics_obtained":["WarpedTongs"],"max_hp_gain":0,"max_hp_loss":0,"event_name":"Accursed Blacksmith","floor":2,"gold_loss":0,"cards_obtained":["Pain"]},{"damage_healed":0,"gold_gain":75,"player_choice":"Gather Gold","damage_taken":11,"max_hp_gain":0,"max_hp_loss":0,"event_name":"World of Goop","floor":5,"gold_loss":0}],"is_beta":false,"boss_relics":[],"items_purged_floors":[],"is_endless":false,"potions_floor_spawned":[8,12],"killed_by":"Hexaghost","ascension_level":0}}