{"host":"zgdag062zrknap1a","time":1612489440,"event":{"mods":["AchievementEnabler","Act Like it!","Aspiration","Bard","BaseMod","BetterRewards","Colored Map","Colored Powertips","Conspire","Downfall","Gensokyo","Hallownest","Hermit","Highlight Path","Hubris","Infinite Spire","Jorbs\u0027s Wanderer Trilogy","Marisa????????","Minty Spire (QoL Compilation)","Quick Restart","Rare Cards Sparkle","Replay The Spire","Shop Mod","StSLib","The Bug Knight","The Cursed","The Hierophant","The Necromancer","The Runesmith","The Servant 0.9.4"],"gold_per_floor":[114,114,130,140,158,158,158],"floor_reached":6,"language":"ENG","playtime":591,"items_purged":["Dualcast"],"score":38,"play_id":"a223db24-8d2d-4876-8b99-b83ca054cac7","local_time":"20210204174400","is_ascension_mode":false,"campfire_choices":[],"circlet_count":0,"master_deck":["Strike_B","Strike_B","Strike_B","Strike_B","Defend_B","Defend_B","Defend_B","Defend_B","Zap","The Bomb","Conserve Battery","Conserve Battery","Fusion"],"relics":["Cracked Core","MerchantsRug"],"acts_visited":["Exordium"],"potions_floor_usage":[6,6],"damage_taken":[{"damage":1,"enemies":"Cultist","floor":1,"turns":4},{"damage":6,"enemies":"Jaw Worm","floor":3,"turns":4},{"damage":5,"enemies":"Small Slimes","floor":4,"turns":4},{"damage":8,"enemies":"Red Slaver","floor":5,"turns":5},{"damage":19,"enemies":"Lagavulin","floor":6,"turns":4}],"seed_played":"-7396991683167223135","potions_obtained":[{"floor":1,"key":"SteroidPotion"}],"is_trial":false,"path_per_floor":["M","$","M","M","M","E"],"character_chosen":"DEFECT","items_purchased":["The Bomb","Conserve Battery","Conserve Battery","Fusion","MerchantsRug","FearPotion"],"campfire_rested":0,"item_purchase_floors":[0,0,0,0,0,0],"current_hp_per_floor":[39,39,33,28,20,1,1],"gold":158,"neow_bonus":"","is_daily":false,"chose_seed":false,"campfire_upgraded":0,"win_rate":0.0,"timestamp":1612489440,"path_taken":["M","$","M","M","M","E"],"items_purchased_type":["Card","Card","Card","Card","Relic","Potion"],"build_version":"2020-12-22","purchased_purges":1,"victory":false,"max_hp_per_floor":[75,75,75,75,75,75,75],"card_choices":[{"not_picked":["Redo","Heatsinks","Steam"],"picked":"SKIP","floor":1},{"not_picked":["Barrage","conspire:SharedLibrary","BasicCrystalCard"],"picked":"SKIP","floor":3},{"not_picked":["Rebound","Go for the Eyes","ReplaySort"],"picked":"SKIP","floor":4},{"not_picked":["Ball Lightning","Redo","Cold Snap"],"picked":"SKIP","floor":5}],"player_experience":402838,"relics_obtained":[],"event_choices":[],"is_beta":false,"boss_relics":[],"items_purged_floors":[0],"is_endless":false,"potions_floor_spawned":[1],"killed_by":"Lagavulin","ascension_level":0}}