{"host":"whloki2o3dp1b07n","time":1612550113,"event":{"mods":["100% Spire Juice","Abigail Mod","Act Like it!","Arknights","BaseMod","Better Synergies","Block Reminder","Bossed Relics","CapriCore","Colored Map","Colored Powertips","DNKmod","Friendly Minions","GifTheSpireLib","GungeonMod","HexUI Lib","Koishi","Marked Mod","Minty Spire (QoL Compilation)","Poor People Problems","StSLib","Swap Starting Deck Mod","The Bug Knight","The Marked","TheSurvivalist","Transform Curses"],"gold_per_floor":[109,109,5,19,19,50,50,85,131,131,131,131,8,27,27,27,27],"floor_reached":16,"language":"ENG","playtime":621,"items_purged":[],"score":106,"play_id":"4b20994c-7e57-474c-9fb8-a27831569806","local_time":"20210205133513","is_ascension_mode":false,"campfire_choices":[{"floor":7,"key":"REST"},{"floor":10,"key":"REST"},{"floor":15,"key":"REST"}],"circlet_count":0,"master_deck":["survmod:Strike","survmod:Strike","survmod:Strike","survmod:Strike","survmod:Defend","survmod:Defend","survmod:Defend","survmod:Defend","survmod:VersatileOffense","survmod:Sprint","survmod:NockAnArrow","survmod:GoForFace","survmod:UnfortunateEscape","survmod:AcidTrap","survmod:TwinShot","survmod:MarkedShot","Parasite","survmod:FlareQuiver","survmod:NockAnArrow","survmod:FlareBarrage"],"relics":["survmod:InnateMutation","Pen Nib","DemoMod:DecoyRelic","Question Card","Orichalcum","HornCleat"],"acts_visited":["Exordium"],"potions_floor_usage":[6],"damage_taken":[{"damage":0,"enemies":"Small Slimes","floor":1,"turns":3},{"damage":4,"enemies":"2 Louse","floor":4,"turns":3},{"damage":32,"enemies":"Gremlin Nob","floor":6,"turns":5},{"damage":15,"enemies":"Lagavulin","floor":8,"turns":8},{"damage":1,"enemies":"Cultist","floor":14,"turns":5},{"damage":37,"enemies":"Slime Boss","floor":16,"turns":8}],"seed_played":"5753854301949264280","potions_obtained":[{"floor":4,"key":"ColorlessPotion"},{"floor":14,"key":"Swift Potion"}],"is_trial":false,"path_per_floor":["M","?","$","M","$","E","R","E","T","R","?","?","$","M","R","B"],"character_chosen":"THE_SURVIVOR","items_purchased":["survmod:GoForFace","survmod:UnfortunateEscape","survmod:FlareQuiver","survmod:NockAnArrow"],"campfire_rested":3,"item_purchase_floors":[3,3,13,13],"current_hp_per_floor":[50,50,50,46,46,14,29,14,14,29,41,23,23,22,37,0,0],"gold":27,"neow_bonus":"RANDOM_COMMON_RELIC","is_daily":false,"chose_seed":false,"campfire_upgraded":0,"win_rate":0.0,"timestamp":1612550113,"path_taken":["M","?","$","M","$","E","R","E","T","R","?","?","?","M","R","BOSS"],"items_purchased_type":["Card","Card","Card","Card"],"build_version":"2020-12-22","purchased_purges":0,"victory":false,"max_hp_per_floor":[50,50,50,50,50,50,50,50,50,50,50,50,50,50,50,50,50],"card_choices":[{"not_picked":["survmod:PinningSnipe","survmod:HailOfArrows"],"picked":"survmod:NockAnArrow","floor":1},{"not_picked":["survmod:FocusedFire","survmod:OverwhelmingAssault"],"picked":"survmod:AcidTrap","floor":4},{"not_picked":["survmod:HiddenTactic","survmod:BearTrap"],"picked":"survmod:TwinShot","floor":6},{"not_picked":["survmod:VersatileDefense","survmod:HiddenTactic"],"picked":"survmod:MarkedShot","floor":8},{"not_picked":["survmod:NockAnArrow","survmod:NeedleShot","survmod:TrickShot"],"picked":"survmod:FlareBarrage","floor":14}],"player_experience":1142752,"relics_obtained":[{"floor":6,"key":"DemoMod:DecoyRelic"},{"floor":8,"key":"Question Card"},{"floor":9,"key":"Orichalcum"}],"event_choices":[{"damage_healed":0,"gold_gain":0,"player_choice":"Ignored","damage_taken":0,"max_hp_gain":0,"max_hp_loss":0,"event_name":"Golden Wing","floor":2,"gold_loss":0},{"damage_healed":12,"gold_gain":0,"player_choice":"Healed and dodged fight","damage_taken":0,"max_hp_gain":0,"max_hp_loss":0,"event_name":"Mushrooms","floor":11,"gold_loss":0,"cards_obtained":["Parasite"]},{"damage_healed":0,"gold_gain":0,"player_choice":"Success","damage_taken":18,"relics_obtained":["HornCleat"],"max_hp_gain":0,"max_hp_loss":0,"event_name":"Scrap Ooze","floor":12,"gold_loss":0}],"is_beta":false,"boss_relics":[],"items_purged_floors":[],"is_endless":false,"potions_floor_spawned":[4,14],"killed_by":"Slime Boss","ascension_level":0}}