{"host":"lktusdb9orijgc6z","time":1612560950,"event":{"mods":["BaseMod","Bestiary","Colored Map","Colored Powertips","Minty Spire (QoL Compilation)","Permanent Neow","Quick Restart","Relic Stats","StSLib","everything is the same but u backflip on backflip","slay the spire mod where everything is the same but ironclad has a cowboy hat"],"gold_per_floor":[118,130,150,35,35,62,75,75,75,75,100,100,115,127,127,206,206,226,226,239,239,252,252,287,287,310,349,53,89,102,147,147,230,230,250,265,265,284,302,302,316,360,360,660,660,660],"floor_reached":45,"language":"ENG","playtime":1535,"items_purged":["Strike_R"],"score":901,"play_id":"4b80cc37-ac9d-4b35-acf0-8261c1d4df5b","local_time":"20210205223550","is_ascension_mode":true,"campfire_choices":[{"data":"Combust","floor":8.0,"key":"SMITH"},{"data":"Bash","floor":10.0,"key":"SMITH"},{"data":"Pommel Strike","floor":12.0,"key":"SMITH"},{"data":"Metallicize","floor":15.0,"key":"SMITH"},{"data":"Rupture","floor":23.0,"key":"SMITH"},{"floor":25.0,"key":"REST"},{"data":"Seeing Red","floor":32.0,"key":"SMITH"},{"data":"Double Tap","floor":40.0,"key":"SMITH"}],"circlet_count":0,"master_deck":["AscendersBane","Defend_R","Defend_R","Defend_R","Defend_R","Bash+1","Pommel Strike+1","Pommel Strike","Seeing Red+1","Combust+1","Blood for Blood+1","Intimidate","Clothesline+1","Brutality","Metallicize+1","Fiend Fire+1","Rupture+1","RitualDagger+1","Flex+1","Sword Boomerang+1","Cleave+1","Heavy Blade+1","Pummel+1","Bite+1","Bite+1","Bite+1","Bite+1","Bite+1","Double Tap+1","Shrug It Off"],"relics":["Burning Blood","Molten Egg 2","InkBottle","Red Skull","Runic Pyramid","Enchiridion","CeramicFish","Lantern","Darkstone Periapt","Singing Bowl","Du-Vu Doll","Runic Cube","Bottled Lightning","Old Coin"],"acts_visited":["Exordium","TheCity","TheBeyond"],"potions_floor_usage":[42,42,45,45],"damage_taken":[{"damage":0.0,"enemies":"Small Slimes","floor":1.0,"turns":3.0},{"damage":7.0,"enemies":"Jaw Worm","floor":2.0,"turns":3.0},{"damage":10.0,"enemies":"2 Louse","floor":3.0,"turns":4.0},{"damage":27.0,"enemies":"Gremlin Nob","floor":6.0,"turns":4.0},{"damage":11.0,"enemies":"Exordium Thugs","floor":7.0,"turns":4.0},{"damage":14.0,"enemies":"3 Sentries","floor":11.0,"turns":5.0},{"damage":4.0,"enemies":"Blue Slaver","floor":13.0,"turns":2.0},{"damage":3.0,"enemies":"Exordium Wildlife","floor":14.0,"turns":2.0},{"damage":28.0,"enemies":"The Guardian","floor":16.0,"turns":10.0},{"damage":21.0,"enemies":"3 Byrds","floor":18.0,"turns":5.0},{"damage":1.0,"enemies":"Spheric Guardian","floor":20.0,"turns":3.0},{"damage":22.0,"enemies":"Snake Plant","floor":22.0,"turns":3.0},{"damage":15.0,"enemies":"Book of Stabbing","floor":24.0,"turns":3.0},{"damage":12.0,"enemies":"Slavers","floor":27.0,"turns":4.0},{"damage":24.0,"enemies":"Gremlin Leader","floor":29.0,"turns":5.0},{"damage":1.0,"enemies":"Sentry and Sphere","floor":30.0,"turns":2.0},{"damage":26.0,"enemies":"Collector","floor":33.0,"turns":5.0},{"damage":25.0,"enemies":"3 Darklings","floor":35.0,"turns":4.0},{"damage":28.0,"enemies":"3 Shapes","floor":36.0,"turns":3.0},{"damage":19.0,"enemies":"Writhing Mass","floor":38.0,"turns":3.0},{"damage":24.0,"enemies":"Spire Growth","floor":39.0,"turns":3.0},{"damage":8.0,"enemies":"Transient","floor":41.0,"turns":5.0},{"damage":42,"enemies":"Giant Head","floor":42,"turns":6},{"damage":61,"enemies":"Reptomancer","floor":45,"turns":3}],"seed_played":"-4106884987987599648","potions_obtained":[{"floor":3.0,"key":"Weak Potion"},{"floor":6.0,"key":"SteroidPotion"},{"floor":11.0,"key":"Regen Potion"},{"floor":13.0,"key":"DuplicationPotion"},{"floor":22.0,"key":"DistilledChaos"},{"floor":30.0,"key":"ColorlessPotion"},{"floor":36.0,"key":"AttackPotion"},{"floor":39.0,"key":"PowerPotion"},{"floor":41.0,"key":"EntropicBrew"}],"is_trial":false,"path_per_floor":["M","M","M","$","?","E","M","R","T","R","E","R","M","M","R","B",null,"M","?","M","?","M","R","E","R","T","E","$","E","M","?","R","B",null,"M","M","?","M","M","R","M","E","T","T","E"],"character_chosen":"IRONCLAD","items_purchased":["Combust","Singing Bowl","Heavy Blade+1"],"campfire_rested":1,"item_purchase_floors":[4,28,28],"current_hp_per_floor":[70,69,65,65,65,44,39,39,39,39,31,31,33,36,36,14,70,55,49,54,38,31,31,22,48,48,42,42,24,31,31,31,17,52,47,36,36,34,27,27,48,24,24,24,0,0],"gold":660,"neow_bonus":"TWENTY_PERCENT_HP_BONUS","is_daily":false,"chose_seed":false,"campfire_upgraded":7,"win_rate":0.0,"timestamp":1612560950,"path_taken":["M","M","M","$","?","E","M","R","T","R","E","R","M","M","R","BOSS","M","?","M","?","M","R","E","R","T","E","$","E","M","?","R","BOSS","M","M","?","M","M","R","M","E","T","?","E"],"items_purchased_type":["Card","Relic","Card"],"build_version":"2020-12-22","purchased_purges":1,"victory":false,"max_hp_per_floor":[89,89,89,89,89,89,89,89,89,89,89,89,89,89,89,89,89,89,89,89,89,89,89,89,89,89,89,89,89,91,63,63,63,63,65,67,64,66,68,68,70,70,70,70,70,70],"relic_stats":{"Darkstone Periapt":0,"Singing Bowl":12,"counters":[24,94],"CeramicFish":99,"obtain_stats":[{"Darkstone Periapt":27,"Lantern":26,"Singing Bowl":28,"CeramicFish":24,"Enchiridion":21,"Burning Blood":0,"Old Coin":44,"Du-Vu Doll":29,"Molten Egg 2":6,"Bottled Lightning":42,"InkBottle":9,"Red Skull":11,"Runic Pyramid":17,"Runic Cube":34},{"Darkstone Periapt":14,"Lantern":13,"Singing Bowl":14,"CeramicFish":13,"Enchiridion":11,"Burning Blood":0,"Old Coin":23,"Du-Vu Doll":15,"Molten Egg 2":4,"Bottled Lightning":23,"InkBottle":5,"Red Skull":6,"Runic Pyramid":9,"Runic Cube":17},{"Darkstone Periapt":55,"Lantern":51,"Singing Bowl":55,"CeramicFish":51,"Enchiridion":45,"Burning Blood":0,"Old Coin":91,"Du-Vu Doll":60,"Molten Egg 2":14,"Bottled Lightning":91,"InkBottle":18,"Red Skull":23,"Runic Pyramid":37,"Runic Cube":67}],"Burning Blood":138,"InkBottle":[26],"Runic Cube":[34]},"card_choices":[{"not_picked":["Clothesline","Heavy Blade"],"picked":"Pommel Strike","floor":1.0},{"not_picked":["Twin Strike","Body Slam"],"picked":"Pommel Strike","floor":2.0},{"not_picked":["Shrug It Off","Wild Strike"],"picked":"Seeing Red","floor":3.0},{"not_picked":["Intimidate","Power Through"],"picked":"Blood for Blood+1","floor":6.0},{"not_picked":["Havoc","True Grit"],"picked":"Intimidate","floor":7.0},{"not_picked":["Armaments","Wild Strike+1"],"picked":"Clothesline+1","floor":11.0},{"not_picked":["Havoc","Body Slam+1"],"picked":"Brutality","floor":13.0},{"not_picked":["Rampage+1","Combust"],"picked":"Metallicize","floor":14.0},{"not_picked":["Juggernaut","Demon Form"],"picked":"Fiend Fire+1","floor":16.0},{"not_picked":["Shockwave","Second Wind"],"picked":"Rupture","floor":18.0},{"not_picked":["Battle Trance","Wild Strike+1"],"picked":"Flex+1","floor":20.0},{"not_picked":["Anger+1","Headbutt+1","Battle Trance"],"picked":"SKIP","floor":22.0},{"not_picked":["Fire Breathing","Feed+1"],"picked":"Sword Boomerang+1","floor":24.0},{"not_picked":["Warcry+1","Armaments"],"picked":"Cleave+1","floor":27.0},{"not_picked":["Reckless Charge+1","Inflame"],"picked":"Pummel+1","floor":29.0},{"not_picked":["Clothesline+1","True Grit","Twin Strike+1"],"picked":"Singing Bowl","floor":30.0},{"not_picked":["Corruption","Bludgeon+1"],"picked":"Double Tap","floor":33.0},{"not_picked":["Hemokinesis+1","Combust+1","Battle Trance"],"picked":"Singing Bowl","floor":35.0},{"not_picked":["Pommel Strike+1","Perfected Strike+1","Cleave+1"],"picked":"Singing Bowl","floor":36.0},{"not_picked":["Sword Boomerang+1","Dual Wield+1","Cleave+1"],"picked":"Singing Bowl","floor":38.0},{"not_picked":["Perfected Strike+1","Armaments","Twin Strike+1"],"picked":"Singing Bowl","floor":39.0},{"not_picked":["Clothesline+1","Clash+1","Searing Blow+1"],"picked":"Singing Bowl","floor":41.0},{"not_picked":["Iron Wave+1","Headbutt+1"],"picked":"Shrug It Off","floor":42}],"player_experience":768272,"relics_obtained":[{"floor":6.0,"key":"Molten Egg 2"},{"floor":9.0,"key":"InkBottle"},{"floor":11.0,"key":"Red Skull"},{"floor":21.0,"key":"Enchiridion"},{"floor":24.0,"key":"CeramicFish"},{"floor":26.0,"key":"Lantern"},{"floor":27.0,"key":"Darkstone Periapt"},{"floor":29.0,"key":"Du-Vu Doll"},{"floor":42,"key":"Bottled Lightning"},{"floor":44,"key":"Old Coin"}],"event_choices":[{"damage_healed":0.0,"max_hp_gain":0.0,"max_hp_loss":0.0,"gold_gain":0.0,"event_name":"Liars Game","player_choice":"Ignored","floor":5.0,"gold_loss":0.0,"damage_taken":0.0},{"damage_healed":0.0,"max_hp_gain":0.0,"max_hp_loss":0.0,"gold_gain":0.0,"event_name":"Nest","player_choice":"Joined the Cult","floor":19.0,"gold_loss":0.0,"damage_taken":6.0,"cards_obtained":["RitualDagger"]},{"damage_healed":0.0,"max_hp_gain":0.0,"max_hp_loss":0.0,"gold_gain":0.0,"event_name":"Cursed Tome","player_choice":"Obtained Book","floor":21.0,"gold_loss":0.0,"damage_taken":16.0},{"damage_healed":0.0,"max_hp_gain":0.0,"max_hp_loss":28.0,"gold_gain":0.0,"event_name":"Vampires","player_choice":"Became a vampire","floor":31.0,"gold_loss":0.0,"damage_taken":0.0,"cards_obtained":["Bite","Bite","Bite","Bite","Bite"]},{"damage_healed":0.0,"max_hp_gain":0.0,"max_hp_loss":3.0,"gold_gain":0.0,"event_name":"Winding Halls","player_choice":"Max HP","floor":37.0,"gold_loss":0.0,"damage_taken":0.0}],"is_beta":false,"boss_relics":[{"not_picked":["Empty Cage","Calling Bell"],"picked":"Runic Pyramid"},{"not_picked":["Coffee Dripper","Pandora\u0027s Box"],"picked":"Runic Cube"}],"items_purged_floors":[4],"is_endless":false,"potions_floor_spawned":[3,6,11,13,18,22,30,36,39,41],"killed_by":"Reptomancer","ascension_level":14}}