{"host":"yuwyc1esdalgjt4e","time":1612545953,"event":{"mods":["Arknights","Astrologer","BaseMod","CapriCore","Hermit","KomeijiMod","Marisa????????","Minty Spire (QoL Compilation)","Railgun Mod","Reimu??????","StSLib","The Bug Knight","The Death Knight","The Dragon Tamer","The Hierophant","The Immortal","The Marked","The Servant 0.9.4","The Wild Card","TheSwordswoman","Yuri Mod"],"gold_per_floor":[12,30,30,30,30,30,44,44,71,24,57,88,88,123,123,243,243,233,233,249,249,249,249,96,130,130,141,176,136,136,61,61,162,162,182,82,82,95,95,126,126,126],"floor_reached":41,"language":"ENG","playtime":1787,"items_purged":["theWildCard:BasicStrike","Apotheosis+1"],"score":511,"play_id":"30517c97-c900-480a-b033-7fbe4eeabc63","local_time":"20210205182553","is_ascension_mode":false,"campfire_choices":[{"data":"Apotheosis","floor":6,"key":"SMITH"},{"data":"theWildCard:Attunement","floor":8,"key":"SMITH"},{"floor":13,"key":"REST"},{"floor":15,"key":"REST"},{"data":"theWildCard:Lucifer","floor":23,"key":"SMITH"},{"data":"theWildCard:Abstinence","floor":32,"key":"SMITH"}],"circlet_count":0,"master_deck":["theWildCard:BasicStrike","theWildCard:BasicStrike","theWildCard:BasicStrike","theWildCard:BasicDefend+1","theWildCard:BasicDefend+1","theWildCard:BasicDefend","theWildCard:BasicDefend","theWildCard:CallToAdventure","theWildCard:SacrificialStroke","theWildCard:Attunement+1","theWildCard:MaskChange","theWildCard:ArchaicAssault","theWildCard:Lucifer+1","theWildCard:Salvation","theWildCard:Abstinence+1","theWildCard:Abstinence","theWildCard:StingingStrike","theWildCard:Patience+1","Writhe","theWildCard:TheGreatSeal+1"],"relics":["theWildCard:VelvetContract","Bloody Idol","Blood Vial","Strawberry","Odd Mushroom","Ornamental Fan","Black Star","HoshigumaDish","Lee\u0027s Waffle","War Paint","Gremlin Horn","Turnip","Juzu Bracelet","Darkstone Periapt","ZunR:ReiMu","Coffee Dripper","StoneCalendar","KyoryuNoHagoromo"],"acts_visited":["Exordium","TheCity","TheBeyond"],"potions_floor_usage":[12,12,25,27,28,38,40],"damage_taken":[{"damage":4,"enemies":"Jaw Worm","floor":1,"turns":3},{"damage":0,"enemies":"Small Slimes","floor":2,"turns":2},{"damage":0,"enemies":"2 Louse","floor":7,"turns":2},{"damage":33,"enemies":"Gremlin Nob","floor":11,"turns":4},{"damage":10,"enemies":"The Mushroom Lair","floor":12,"turns":5},{"damage":23,"enemies":"3 Sentries","floor":14,"turns":7},{"damage":12,"enemies":"The Guardian","floor":16,"turns":10},{"damage":11,"enemies":"2 Thieves","floor":18,"turns":4},{"damage":13,"enemies":"Chosen","floor":20,"turns":5},{"damage":67,"enemies":"Slavers","floor":25,"turns":6},{"damage":8,"enemies":"Snake Plant","floor":27,"turns":5},{"damage":0,"enemies":"Gremlin Leader","floor":28,"turns":5},{"damage":32,"enemies":"Automaton","floor":33,"turns":10},{"damage":61,"enemies":"3 Shapes","floor":35,"turns":4},{"damage":3,"enemies":"Orb Walker","floor":38,"turns":5},{"damage":56,"enemies":"Nemesis","floor":40,"turns":11},{"damage":30,"enemies":"4 Shapes","floor":41,"turns":5}],"seed_played":"-1753208980927481946","potions_obtained":[{"floor":2,"key":"Block Potion"},{"floor":11,"key":"PowerPotion"},{"floor":16,"key":"Regen Potion"},{"floor":25,"key":"RedTea"},{"floor":27,"key":"LiquidBronze"},{"floor":33,"key":"PowerPotion"},{"floor":35,"key":"Explosive Potion"}],"is_trial":false,"path_per_floor":["M","M","?","$","?","R","M","R","T","$","E","?","R","E","R","B",null,"M","?","M","?","?","R","$","E","T","M","E","?","?","$","R","B",null,"M","$","?","M","?","E","M"],"character_chosen":"THE_WILD_CARD","items_purchased":["theWildCard:MaskChange","Lee\u0027s Waffle"],"campfire_rested":2,"item_purchase_floors":[10,24],"current_hp_per_floor":[56,56,41,41,46,46,46,46,46,46,22,14,35,14,35,25,72,61,61,50,50,50,50,79,26,26,25,32,32,42,42,42,17,79,23,23,49,53,79,28,0,0],"gold":126,"neow_bonus":"RANDOM_COLORLESS_2","is_daily":false,"chose_seed":false,"campfire_upgraded":4,"win_rate":0.0,"timestamp":1612545953,"path_taken":["M","M","?","$","?","R","M","R","T","$","E","?","R","E","R","BOSS","M","?","M","?","?","R","$","E","T","M","E","?","?","$","R","BOSS","M","$","?","M","?","E","M"],"items_purchased_type":["Card","Relic"],"build_version":"2020-12-22","purchased_purges":2,"victory":false,"max_hp_per_floor":[60,60,60,60,65,65,65,65,65,65,72,72,72,72,72,72,72,72,72,72,72,72,72,79,79,79,79,79,79,79,79,79,79,79,79,79,85,85,79,79,79,79],"card_choices":[{"not_picked":["HandOfGreed","Magnetism"],"picked":"Apotheosis","floor":0},{"not_picked":["theWildCard:ArcaneArts","theWildCard:Unburden"],"picked":"theWildCard:SacrificialStroke","floor":1},{"not_picked":["theWildCard:PaleRider","theWildCard:Safeguard","theWildCard:EnergyTheft"],"picked":"SKIP","floor":2},{"not_picked":["theWildCard:Loki","theWildCard:UnendingRitual"],"picked":"theWildCard:Attunement","floor":7},{"not_picked":["theWildCard:Metatron","theWildCard:Sakuya","theWildCard:Scathach"],"picked":"SKIP","floor":11},{"not_picked":["theWildCard:ArcaneArts","theWildCard:MasterPlan"],"picked":"theWildCard:ArchaicAssault","floor":12},{"not_picked":["theWildCard:EnergizedStroke","theWildCard:Sakuya","theWildCard:Polydeuces"],"picked":"SKIP","floor":14},{"not_picked":["theWildCard:FuelForTheFire","theWildCard:TheArcanaUnleashed"],"picked":"theWildCard:Lucifer","floor":16},{"not_picked":["theWildCard:Polydeuces+1","theWildCard:SacrificialStroke","theWildCard:PaleRider"],"picked":"SKIP","floor":18},{"not_picked":["theWildCard:PowerOfTheArcana","theWildCard:EnergizedStroke"],"picked":"theWildCard:Salvation","floor":20},{"not_picked":["theWildCard:ArchaicAssault","theWildCard:Unburden"],"picked":"theWildCard:Abstinence","floor":25},{"not_picked":["theWildCard:EnergizedStroke","theWildCard:SeveringSlash+1"],"picked":"theWildCard:Abstinence","floor":27},{"not_picked":["theWildCard:Lucifer","theWildCard:StalwartBlade"],"picked":"theWildCard:StingingStrike","floor":28},{"not_picked":["theWildCard:StingingStrike","theWildCard:Metatron+1"],"picked":"theWildCard:Patience+1","floor":35},{"not_picked":["theWildCard:Loki+1","theWildCard:Michael"],"picked":"theWildCard:TheGreatSeal+1","floor":38},{"not_picked":["theWildCard:MasterPlan","theWildCard:SeveringSlash","theWildCard:Metatron+1"],"picked":"SKIP","floor":40}],"player_experience":110934,"relics_obtained":[{"floor":9,"key":"Blood Vial"},{"floor":11,"key":"Strawberry"},{"floor":12,"key":"Odd Mushroom"},{"floor":14,"key":"Ornamental Fan"},{"floor":25,"key":"War Paint"},{"floor":25,"key":"Gremlin Horn"},{"floor":26,"key":"Turnip"},{"floor":28,"key":"Juzu Bracelet"},{"floor":28,"key":"Darkstone Periapt"},{"floor":40,"key":"StoneCalendar"},{"floor":40,"key":"KyoryuNoHagoromo"}],"event_choices":[{"damage_healed":0,"gold_gain":0,"player_choice":"Take Damage","damage_taken":15,"relics_obtained":["Golden Idol"],"max_hp_gain":0,"max_hp_loss":0,"event_name":"Golden Idol","floor":3,"gold_loss":0},{"damage_healed":0,"gold_gain":0,"player_choice":"Donut","damage_taken":0,"max_hp_gain":5,"max_hp_loss":0,"event_name":"Big Fish","floor":5,"gold_loss":0},{"damage_healed":0,"gold_gain":0,"player_choice":"Fought Mushrooms","damage_taken":0,"max_hp_gain":0,"max_hp_loss":0,"event_name":"Mushrooms","floor":12,"gold_loss":0},{"cards_removed":["theWildCard:Arsene"],"damage_healed":0,"gold_gain":0,"player_choice":"Elegance","damage_taken":0,"max_hp_gain":0,"max_hp_loss":0,"event_name":"Back to Basics","floor":19,"gold_loss":0},{"damage_healed":0,"gold_gain":0,"player_choice":"Opened","damage_taken":0,"relics_obtained":["HoshigumaDish"],"max_hp_gain":0,"max_hp_loss":0,"event_name":"The Mausoleum","floor":21,"gold_loss":0},{"damage_healed":0,"gold_gain":0,"player_choice":"Gave Idol","damage_taken":0,"relics_obtained":["Bloody Idol"],"max_hp_gain":0,"max_hp_loss":0,"event_name":"Forgotten Altar","floor":22,"relics_lost":["Golden Idol"],"gold_loss":0},{"damage_healed":0,"gold_gain":0,"player_choice":"Keep O-miki","damage_taken":0,"relics_obtained":["ZunR:ReiMu"],"max_hp_gain":0,"max_hp_loss":0,"event_name":"ZunEvent","floor":29,"gold_loss":40},{"damage_healed":20,"gold_gain":0,"player_choice":"Writhe","damage_taken":0,"max_hp_gain":0,"max_hp_loss":0,"event_name":"Winding Halls","floor":37,"gold_loss":0,"cards_obtained":["Writhe"]}],"is_beta":false,"boss_relics":[{"not_picked":["RedLine:ReiMu","Calling Bell"],"picked":"Black Star"},{"not_picked":["Snecko Eye","SlaversCollar"],"picked":"Coffee Dripper"}],"items_purged_floors":[31,36],"is_endless":false,"potions_floor_spawned":[2,11,16,25,27,33,35],"killed_by":"4 Shapes","ascension_level":0}}