{"host":"vyjryxuuuxkt43k4","time":1612515813,"event":{"mods":["AchievementEnabler","BaseMod","Colored Map","DeckTracker","Highlight Path","Keyboard Shortcuts","Minty Spire (QoL Compilation)","Permanent Neow","Quick Restart","Relic Stats","StSLib","SuperFastMode","everything is the same but u backflip on backflip"],"gold_per_floor":[109,125,125,136,154,154,189,26,75,87,87,87,102,52,52,148,148,172,37,50,50,50,50,64,64,64,64,64,64,90,107,107,183,183,199,199,213,229,179,212,212,240,240,240,288,288,313,330,330,330],"floor_reached":51,"language":"KOR","playtime":3463,"items_purged":["Strike_G","Strike_G","Strike_G","Parasite"],"score":1408,"play_id":"c6af39f1-2f4e-484d-bb2f-93f998bc99e7","local_time":"20210205180333","is_ascension_mode":true,"campfire_choices":[{"data":"Bouncing Flask","floor":6.0,"key":"SMITH"},{"floor":15.0,"key":"REST"},{"data":"Noxious Fumes","floor":23.0,"key":"SMITH"},{"data":"Footwork","floor":25.0,"key":"SMITH"},{"data":"Well Laid Plans","floor":27.0,"key":"SMITH"},{"floor":29.0,"key":"REST"},{"floor":32.0,"key":"REST"},{"data":"Adrenaline","floor":41.0,"key":"SMITH"},{"floor":44.0,"key":"REST"},{"floor":49.0,"key":"REST"}],"circlet_count":0,"master_deck":["AscendersBane","Strike_G","Defend_G","Defend_G","Defend_G","Defend_G","Defend_G","Survivor","Neutralize","Impatience","Bouncing Flask+1","Dagger Spray+1","Crippling Poison","Catalyst+1","Footwork+1","Die Die Die+1","Corpse Explosion","Cloak And Dagger+1","Noxious Fumes+1","Outmaneuver+1","Well Laid Plans+1","Backflip","Footwork","Adrenaline+1","Backflip+1","Acrobatics","Choke+1","Venomology","Escape Plan+1","Masterful Stab+1","Bouncing Flask"],"relics":["Ring of the Snake","Molten Egg 2","Anchor","Smiling Mask","Bloody Idol","Cursed Key","Meat on the Bone","Boot","Philosopher\u0027s Stone","Bronze Scales","StrikeDummy","CaptainsWheel","Dream Catcher"],"acts_visited":["Exordium","TheCity","TheBeyond"],"potions_floor_usage":[50,50,50],"damage_taken":[{"damage":0.0,"enemies":"Small Slimes","floor":1.0,"turns":3.0},{"damage":2.0,"enemies":"Cultist","floor":2.0,"turns":4.0},{"damage":13.0,"enemies":"2 Louse","floor":4.0,"turns":3.0},{"damage":9.0,"enemies":"Exordium Thugs","floor":5.0,"turns":6.0},{"damage":15.0,"enemies":"Lagavulin","floor":7.0,"turns":6.0},{"damage":0.0,"enemies":"3 Louse","floor":10.0,"turns":3.0},{"damage":9.0,"enemies":"Blue Slaver","floor":13.0,"turns":4.0},{"damage":4.0,"enemies":"The Guardian","floor":16.0,"turns":7.0},{"damage":8.0,"enemies":"3 Byrds","floor":18.0,"turns":2.0},{"damage":0.0,"enemies":"Spheric Guardian","floor":20.0,"turns":2.0},{"damage":21.0,"enemies":"Shelled Parasite and Fungi","floor":24.0,"turns":6.0},{"damage":33.0,"enemies":"Slavers","floor":30.0,"turns":4.0},{"damage":18.0,"enemies":"Snake Plant","floor":31.0,"turns":3.0},{"damage":21.0,"enemies":"Automaton","floor":33.0,"turns":11.0},{"damage":9.0,"enemies":"3 Shapes","floor":35.0,"turns":2.0},{"damage":8.0,"enemies":"3 Darklings","floor":37.0,"turns":4.0},{"damage":6.0,"enemies":"Transient","floor":38.0,"turns":6.0},{"damage":20.0,"enemies":"Nemesis","floor":40.0,"turns":5.0},{"damage":44.0,"enemies":"Reptomancer","floor":42.0,"turns":6.0},{"damage":12.0,"enemies":"2 Orb Walkers","floor":45.0,"turns":3.0},{"damage":30.0,"enemies":"Giant Head","floor":47.0,"turns":8.0},{"damage":6.0,"enemies":"Sphere and 2 Shapes","floor":48.0,"turns":2.0},{"damage":26,"enemies":"Time Eater","floor":50,"turns":14}],"seed_played":"1482178544147869412","potions_obtained":[{"floor":4.0,"key":"Weak Potion"},{"floor":7.0,"key":"ColorlessPotion"},{"floor":13.0,"key":"SteroidPotion"},{"floor":16.0,"key":"CultistPotion"},{"floor":30.0,"key":"Explosive Potion"},{"floor":31.0,"key":"Energy Potion"},{"floor":36.0,"key":"Energy Potion"},{"floor":36.0,"key":"EntropicBrew"},{"floor":47.0,"key":"CunningPotion"},{"floor":48.0,"key":"LiquidMemories"}],"is_trial":false,"path_per_floor":["M","M","?","M","M","R","E","$","T","M","?","?","M","$","R","B",null,"M","$","M","?","?","R","M","R","T","R","T","R","E","M","R","B",null,"M","?","M","M","$","E","R","E","T","R","?","?","E","M","R","B",null],"character_chosen":"THE_SILENT","items_purchased":["Footwork","Noxious Fumes"],"campfire_rested":5,"item_purchase_floors":[8,19],"current_hp_per_floor":[59,57,57,44,35,35,20,20,20,20,20,20,11,11,29,25,51,43,43,43,43,43,43,27,27,27,27,27,45,29,28,46,42,56,52,52,49,48,48,45,45,18,18,35,40,40,27,38,55,29],"gold":330,"neow_bonus":"RANDOM_COLORLESS","is_daily":false,"chose_seed":false,"campfire_upgraded":5,"win_rate":0.0,"timestamp":1612515813,"path_taken":["M","M","?","?","M","R","E","?","T","M","?","?","M","$","R","BOSS","M","$","M","?","?","R","M","R","T","R","?","R","E","?","R","BOSS","M","?","?","M","$","E","R","E","T","R","?","?","E","M","R","BOSS"],"items_purchased_type":["Card","Card"],"build_version":"2020-12-22","purchased_purges":4,"victory":true,"max_hp_per_floor":[66,66,66,66,66,66,66,66,66,66,60,60,60,60,60,60,60,60,60,60,60,60,60,60,60,60,60,60,60,60,60,60,60,60,60,60,60,60,57,57,57,57,57,57,57,57,57,57,57,57],"relic_stats":{"Dream Catcher":1,"counters":[23,114],"Bloody Idol":60,"Bronze Scales":[111],"Smiling Mask":225,"Cursed Key":1,"Boot":[80],"obtain_stats":[{"Golden Idol":11,"Smiling Mask":9,"Cursed Key":17,"Boot":30,"Anchor":7,"CaptainsWheel":45,"Dream Catcher":47,"Bloody Idol":21,"Bronze Scales":40,"Molten Egg 2":3,"Philosopher\u0027s Stone":34,"StrikeDummy":42,"Ring of the Snake":0,"Meat on the Bone":26},{"Golden Idol":6,"Smiling Mask":5,"Cursed Key":8,"Boot":12,"Anchor":5,"CaptainsWheel":20,"Dream Catcher":21,"Bloody Idol":10,"Bronze Scales":18,"Molten Egg 2":2,"Philosopher\u0027s Stone":14,"StrikeDummy":19,"Ring of the Snake":0,"Meat on the Bone":11},{"Golden Idol":25,"Smiling Mask":22,"Cursed Key":36,"Boot":50,"Anchor":22,"CaptainsWheel":90,"Dream Catcher":98,"Bloody Idol":40,"Bronze Scales":81,"Molten Egg 2":7,"Philosopher\u0027s Stone":64,"StrikeDummy":87,"Ring of the Snake":0,"Meat on the Bone":46}],"Ring of the Snake":[46],"Meat on the Bone":96},"card_choices":[{"not_picked":["Bandage Up","Dark Shackles"],"picked":"Impatience","floor":0.0},{"not_picked":["Deadly Poison","Cloak And Dagger"],"picked":"Bouncing Flask","floor":1.0},{"not_picked":["Prepared","Blade Dance"],"picked":"Bane","floor":2.0},{"not_picked":["Wraith Form v2","Setup"],"picked":"Dagger Spray+1","floor":4.0},{"not_picked":["Blade Dance","Poisoned Stab+1"],"picked":"Crippling Poison","floor":5.0},{"not_picked":["Backflip","Prepared"],"picked":"Catalyst","floor":7.0},{"not_picked":["Acrobatics","PiercingWail"],"picked":"Die Die Die+1","floor":10.0},{"not_picked":["Choke+1","Outmaneuver","Predator+1"],"picked":"SKIP","floor":13.0},{"not_picked":["Malaise","Envenom"],"picked":"Corpse Explosion","floor":16.0},{"not_picked":["Choke+1","Blade Dance"],"picked":"Cloak And Dagger+1","floor":18.0},{"not_picked":["Flechettes+1","Crippling Poison"],"picked":"Outmaneuver+1","floor":20.0},{"not_picked":["Heel Hook+1","Distraction"],"picked":"Backflip","floor":24.0},{"not_picked":["Calculated Gamble","Blade Dance"],"picked":"Footwork","floor":30.0},{"not_picked":["Sucker Punch+1","Blade Dance+1","Corpse Explosion"],"picked":"SKIP","floor":31.0},{"not_picked":["Night Terror","Die Die Die+1"],"picked":"Adrenaline","floor":33.0},{"not_picked":["Dagger Throw+1","Finisher+1","Deadly Poison"],"picked":"SKIP","floor":35.0},{"not_picked":["Flechettes+1","Leg Sweep"],"picked":"Backflip+1","floor":37.0},{"not_picked":["Heel Hook+1","Flying Knee+1"],"picked":"Acrobatics","floor":38.0},{"not_picked":["Outmaneuver","Dagger Spray+1"],"picked":"Choke+1","floor":40.0},{"not_picked":["Distraction","Blade Dance"],"picked":"Venomology","floor":42.0},{"not_picked":["Slice+1","Backflip+1"],"picked":"Escape Plan+1","floor":45.0},{"not_picked":["Endless Agony+1","Cloak And Dagger","Dagger Throw+1"],"picked":"SKIP","floor":47.0},{"not_picked":["Flying Knee+1","Poisoned Stab+1","Outmaneuver+1"],"picked":"SKIP","floor":48.0},{"not_picked":["Riddle With Holes+1","Infinite Blades"],"picked":"Bouncing Flask","floor":49.0}],"player_experience":747491,"relics_obtained":[{"floor":7.0,"key":"Anchor"},{"floor":9.0,"key":"Smiling Mask"},{"floor":26.0,"key":"Meat on the Bone"},{"floor":30.0,"key":"Boot"},{"floor":40.0,"key":"Bronze Scales"},{"floor":42.0,"key":"StrikeDummy"},{"floor":45.0,"key":"CaptainsWheel"},{"floor":47.0,"key":"Dream Catcher"}],"event_choices":[{"cards_removed":["Bane"],"damage_healed":0.0,"max_hp_gain":0.0,"max_hp_loss":0.0,"gold_gain":0.0,"event_name":"WeMeetAgain","player_choice":"Gave Card","floor":3.0,"gold_loss":0.0,"damage_taken":0.0,"relics_obtained":["Molten Egg 2"]},{"damage_healed":0.0,"max_hp_gain":0.0,"max_hp_loss":6.0,"gold_gain":0.0,"event_name":"Golden Idol","player_choice":"Lose Max HP","floor":11.0,"gold_loss":0.0,"damage_taken":0.0,"relics_obtained":["Golden Idol"]},{"damage_healed":0.0,"max_hp_gain":0.0,"max_hp_loss":0.0,"gold_gain":0.0,"event_name":"Living Wall","player_choice":"Grow","floor":12.0,"gold_loss":0.0,"damage_taken":0.0,"cards_upgraded":["Catalyst"]},{"damage_healed":0.0,"max_hp_gain":0.0,"max_hp_loss":0.0,"gold_gain":0.0,"event_name":"Forgotten Altar","player_choice":"Gave Idol","floor":21.0,"relics_lost":["Golden Idol"],"gold_loss":0.0,"damage_taken":0.0,"relics_obtained":["Bloody Idol"]},{"damage_healed":0.0,"max_hp_gain":0.0,"max_hp_loss":0.0,"gold_gain":0.0,"event_name":"The Library","player_choice":"Read","floor":22.0,"gold_loss":0.0,"damage_taken":0.0,"cards_obtained":["Well Laid Plans"]},{"damage_healed":0.0,"max_hp_gain":0.0,"max_hp_loss":0.0,"gold_gain":0.0,"event_name":"Lab","player_choice":"Got Potions","floor":36.0,"gold_loss":0.0,"damage_taken":0.0},{"damage_healed":0.0,"max_hp_gain":0.0,"max_hp_loss":0.0,"gold_gain":0.0,"event_name":"Mysterious Sphere","player_choice":"Fight","floor":45.0,"gold_loss":0.0,"damage_taken":0.0},{"damage_healed":0.0,"max_hp_gain":0.0,"max_hp_loss":0.0,"gold_gain":0.0,"cards_transformed":["Strike_G"],"event_name":"Transmorgrifier","player_choice":"Transformed","floor":46.0,"gold_loss":0.0,"damage_taken":0.0,"cards_obtained":["Masterful Stab"]}],"is_beta":false,"boss_relics":[{"not_picked":["Calling Bell","Ring of the Serpent"],"picked":"Cursed Key"},{"not_picked":["Busted Crown","Velvet Choker"],"picked":"Philosopher\u0027s Stone"}],"items_purged_floors":[8,14,19,39],"is_endless":false,"potions_floor_spawned":[4,7,13,16,30,31,38,47,48],"ascension_level":18}}