{"host":"d73an99q9oevilk5","time":1612558688,"event":{"mods":["2.2 Compatiblity","AchievementEnabler","Act Like it!","Aspiration","BaseMod","Beaked The Cultist","Better Third Choice","BetterRewards","Colored Map","Colored Powertips","Conspire","Downfall","GifTheSpireLib","Halation","Hubris","Infinite Spire","Marisa????????","Mimic Mod","Minty Spire (QoL Compilation)","Quick Restart","Relic Sorter","Reliquary","Replay The Spire","Shop Mod","Spikes Relics","StSLib","Stuff the Spire","The Cursed","The Necromancer","The Saiyan","Waifu the Spire","egg","slay the spire mod where everything is the same but ironclad has a cowboy hat"],"gold_per_floor":[110,125,125,162,162,192,192,209,247,247,247,322,337,355,355,460,460,477,497,497,510,219,219,230,331,383,383,383,383,396,392,392,490,490,510,521,590,590,590],"floor_reached":38,"language":"ENG","playtime":1066,"items_purged":[],"score":574,"play_id":"a4eeb344-32a0-4d06-b162-0ccc7d9a8cd2","local_time":"20210205135808","is_ascension_mode":false,"campfire_choices":[{"data":"Defragment","floor":7,"key":"SMITH"},{"data":"StuffTheSpire:Synthwave","floor":11,"key":"SMITH"},{"data":"StuffTheSpire:Synthwave","floor":15,"key":"SMITH"},{"floor":23,"key":"REST"},{"floor":29,"key":"REST"},{"floor":32,"key":"REST"}],"circlet_count":0,"master_deck":["Strike_B","Strike_B","Strike_B+1","Strike_B","Defend_B","Defend_B","Defend_B+1","Defend_B","Zap","Dualcast","StuffTheSpire:Synthwave+1","StuffTheSpire:Synthwave+1","FIFO Queue","Defragment+1","Tempest","Glacier+1","hubris:DuctTapeCard+2","BasicCrystalCard","Go for the Eyes","Injury","Seek","Electrodynamics+1","Creative AI+1","Loop+1","Ball Lightning+1","BlessedFruit","BlessedFruit","Self Repair+1","BasicCrystalCard+1","Static Discharge+1","Redo","StuffTheSpire:Perfection","ReplayTheSpireMod:Calculation Training","Biased Cognition+1","Redo+1"],"relics":["Cracked Core","Membership Card","Girya","conspire:Dentures","Ginger","hubris:CuriousFeather","Calipers","ClockworkSouvenir","hubris:BundleOfHerbs","Solar Panel","Frozen Egg 2","aspiration:EmptySkull","reliquary:PurpleTingedLeaf","HeavenlyBonsai","Gambling Chip","hubris:Towel","reliquary:PartyBalloon","MerchantsRug","StuffTheSpire:BottledEssence","Ring of Chaos","Pantograph"],"acts_visited":["Exordium","TheCity","TheBeyond"],"potions_floor_usage":[18,19,19,30,36],"damage_taken":[{"damage":10,"enemies":"Cultist","floor":1,"turns":4},{"damage":6,"enemies":"2 Louse","floor":2,"turns":2},{"damage":1,"enemies":"Jaw Worm","floor":4,"turns":8},{"damage":19,"enemies":"Gremlin Nob","floor":6,"turns":5},{"damage":3,"enemies":"Jaw Worm","floor":8,"turns":2},{"damage":5,"enemies":"Large Slime","floor":9,"turns":7},{"damage":0,"enemies":"Large Slime","floor":13,"turns":2},{"damage":7,"enemies":"Looter","floor":14,"turns":3},{"damage":6,"enemies":"Slime Boss","floor":16,"turns":5},{"damage":1,"enemies":"Spheric Guardian","floor":18,"turns":5},{"damage":25,"enemies":"2 Thieves","floor":19,"turns":3},{"damage":21,"enemies":"Centurion and Healer","floor":21,"turns":4},{"damage":4,"enemies":"Snake Plant","floor":24,"turns":4},{"damage":10,"enemies":"Chosen and Byrds","floor":30,"turns":4},{"damage":43,"enemies":"Champ","floor":33,"turns":8},{"damage":61,"enemies":"3 Darklings","floor":35,"turns":3},{"damage":15,"enemies":"Orb Walker","floor":36,"turns":3},{"damage":33,"enemies":"Maw","floor":38,"turns":4}],"seed_played":"8821176982191438109","potions_obtained":[{"floor":2,"key":"Strength Potion"},{"floor":6,"key":"Block Potion"},{"floor":8,"key":"champ:CounterPotion"},{"floor":14,"key":"FocusPotion"},{"floor":18,"key":"Fire Potion"},{"floor":24,"key":"SkillPotion"},{"floor":33,"key":"Fire Potion"},{"floor":36,"key":"Explosive Potion"}],"is_trial":false,"path_per_floor":["M","M","?","MIM","?","E","R","M","MIM","?","R","?","M","M","R","B",null,"M","M","?","M","$","R","M","?","T","?","?","R","M","$","R","B",null,"M","M","T","M"],"character_chosen":"DEFECT","items_purchased":["Membership Card","StuffTheSpire:Synthwave","conspire:Dentures","FIFO Queue","Defragment","hubris:CuriousFeather","ClockworkSouvenir","Tempest","BasicCrystalCard","Glacier","HeavenlyBonsai","Gambling Chip","reliquary:PartyBalloon","MerchantsRug","ReplayTheSpireMod:Calculation Training","StuffTheSpire:BottledEssence"],"campfire_rested":3,"item_purchase_floors":[0,0,0,0,0,0,0,0,0,0,22,22,31,31,31,31],"current_hp_per_floor":[71,71,71,72,72,55,55,58,63,63,63,52,58,54,54,55,75,75,53,53,35,35,57,55,36,36,36,36,58,49,49,71,48,77,28,27,27,0,0],"gold":590,"neow_bonus":"","is_daily":false,"chose_seed":false,"campfire_upgraded":3,"win_rate":0.0,"timestamp":1612558688,"path_taken":["M","?","?","?","?","E","R","M","MIM","?","R","?","M","?","R","BOSS","M","M","?","M","$","R","M","?","T","?","?","R","M","?","R","BOSS","M","M","?","M"],"items_purchased_type":["Relic","Card","Relic","Card","Card","Relic","Relic","Card","Card","Card","Relic","Relic","Relic","Relic","Card","Relic"],"build_version":"2020-12-22","purchased_purges":0,"victory":false,"max_hp_per_floor":[75,75,75,75,75,75,75,75,75,75,75,75,75,75,75,75,75,75,75,75,75,75,75,76,76,76,76,76,76,76,76,76,77,77,77,77,77,77,77],"card_choices":[{"not_picked":["Ball Lightning","Streamline"],"picked":"BasicCrystalCard","floor":1},{"not_picked":["StuffTheSpire:Coldhearted","Streamline"],"picked":"Go for the Eyes","floor":2},{"not_picked":["Compile Driver","Cold Snap"],"picked":"Seek","floor":4},{"not_picked":["ReplayTheSpireMod:Dual Polarity","Sweeping Beam"],"picked":"Electrodynamics+1","floor":6},{"not_picked":["Coolheaded","Sweeping Beam","StuffTheSpire:Rend"],"picked":"SKIP","floor":8},{"not_picked":["Coolheaded","All For One","Redo"],"picked":"SKIP","floor":13},{"not_picked":["Streamline","Redo","Sweeping Beam"],"picked":"SKIP","floor":14},{"not_picked":["Hyperbeam","All For One"],"picked":"Creative AI+1","floor":16},{"not_picked":["Chaos","conspire:Rain"],"picked":"Loop+1","floor":18},{"not_picked":["Hologram+1","Lockon"],"picked":"Ball Lightning+1","floor":19},{"not_picked":["Steam+1","Compile Driver","Streamline"],"picked":"SKIP","floor":21},{"not_picked":["Go for the Eyes","conspire:Rain"],"picked":"Self Repair+1","floor":24},{"not_picked":["Lockon","Skim"],"picked":"BasicCrystalCard+1","floor":25},{"not_picked":["Recycle","Go for the Eyes"],"picked":"Static Discharge+1","floor":25},{"not_picked":["Tempest","Heatsinks+1"],"picked":"Redo","floor":25},{"not_picked":["StuffTheSpire:Brawn","StuffTheSpire:Harmony"],"picked":"StuffTheSpire:Perfection","floor":28},{"not_picked":["Ball Lightning","Barrage","Stack"],"picked":"SKIP","floor":30},{"not_picked":["hubris:DoWhile","All For One"],"picked":"Biased Cognition+1","floor":33},{"not_picked":["Coolheaded","StuffTheSpire:Plugnplay+1","Barrage"],"picked":"SKIP","floor":35},{"not_picked":["Genetic Algorithm","Hello World+1"],"picked":"Redo+1","floor":36}],"player_experience":1835489,"relics_obtained":[{"floor":4,"key":"hubris:Metronome"},{"floor":6,"key":"aspiration:EmptySkull"},{"floor":9,"key":"reliquary:PurpleTingedLeaf"},{"floor":26,"key":"StuffTheSpire:Barrel"},{"floor":37,"key":"Pantograph"}],"event_choices":[{"damage_healed":0,"gold_gain":75,"player_choice":"Gold","damage_taken":11,"max_hp_gain":0,"max_hp_loss":0,"event_name":"betterThird:BetterGoop","floor":12,"gold_loss":0},{"damage_healed":0,"gold_gain":0,"player_choice":"Leave","damage_taken":0,"max_hp_gain":0,"max_hp_loss":0,"event_name":"conspire:Investor","floor":20,"gold_loss":0}],"is_beta":false,"boss_relics":[{"not_picked":["conspire:SlowCooker","Honey Jar"],"picked":"aspiration:Stellarator"},{"not_picked":["hubris:RunicObelisk","conspire:RunicOctahedron"],"picked":"Ring of Chaos"}],"items_purged_floors":[],"is_endless":false,"potions_floor_spawned":[2,6,8,13,14,18,24,33,36],"killed_by":"Maw","ascension_level":0}}