{"host":"l6elh4j9kblzg1qy","time":1612547787,"event":{"mods":["BaseMod","Downfall","Minty Spire (QoL Compilation)","Replay The Spire","StSLib"],"gold_per_floor":[99,110,122,107,107,139,139,39,52,52,152,152,152,167,187,283,283,283,294,310,327,327,362,362,373,373,373,373],"floor_reached":26,"language":"SPA","playtime":2984,"items_purged":[],"score":228,"play_id":"2e73cbe3-73d5-4253-b1e3-d24beac3f6b2","local_time":"20210205185627","is_ascension_mode":false,"campfire_choices":[{"floor":1,"key":"RECALL"},{"data":"champ:StanceDance","floor":8,"key":"SMITH"},{"data":"champ:CalledShot","floor":10,"key":"SMITH"},{"floor":12,"key":"REST"},{"data":"champ:Improvising","floor":18,"key":"SMITH"}],"circlet_count":0,"master_deck":["champ:Strike","champ:Strike","champ:Strike","champ:Strike","champ:Defend","champ:Defend","champ:Defend","champ:Defend","champ:Execute","champ:Taunt","champ:CalledShot+1","champ:StanceDance+1","champ:Encircle+1","champ:DancingMaster","champ:Improvising+1","champ:PreciseThrust","champ:TornadoPunch","champ:FanOfKnives+1"],"relics":["champ:ChampionCrown","Replay:PocketPolymizer","Calipers","downfall:HeartBlessingRed","CloakClasp","ChewingGum","MutagenicStrength","Nunchaku"],"acts_visited":["Exordium","TheCity"],"potions_floor_usage":[6,16,16,26],"damage_taken":[{"damage":20,"enemies":"Small Slimes","floor":2,"turns":4},{"damage":11,"enemies":"Jaw Worm","floor":3,"turns":5},{"damage":25,"enemies":"downfall:FleeingMerchant","floor":4,"turns":4},{"damage":41,"enemies":"Gremlin Nob","floor":6,"turns":5},{"damage":0,"enemies":"Cultist","floor":9,"turns":3},{"damage":101,"enemies":"Cultist","floor":11,"turns":9},{"damage":36,"enemies":"Lots of Slimes","floor":14,"turns":4},{"damage":2,"enemies":"2 Fungi Beasts","floor":15,"turns":3},{"damage":22,"enemies":"SI_SHIV_ARCHETYPE","floor":16,"turns":5},{"damage":14,"enemies":"Spheric Guardian","floor":19,"turns":3},{"damage":33,"enemies":"3 Byrds","floor":20,"turns":6},{"damage":42,"enemies":"Centurion and Healer","floor":21,"turns":5},{"damage":81,"enemies":"Replay:Snechameleon","floor":23,"turns":10},{"damage":2,"enemies":"Shelled Parasite and Fungi","floor":25,"turns":4},{"damage":21,"enemies":"3 Cultists","floor":26,"turns":3}],"seed_played":"-4487018170755860244","potions_obtained":[{"floor":2,"key":"Weak Potion"},{"floor":11,"key":"FearPotion"},{"floor":14,"key":"PowerPotion"},{"floor":19,"key":"champ:CounterPotion"},{"floor":21,"key":"champ:CounterPotion"},{"floor":25,"key":"Reflective Coating"}],"is_trial":false,"path_per_floor":["R","M","M","$","?","E","T","R","M","R","?","R","?","M","M","B",null,"R","M","M","M","?","E","T","M","M"],"character_chosen":"THE_CHAMP","items_purchased":[],"campfire_rested":1,"item_purchase_floors":[],"current_hp_per_floor":[99,99,98,98,98,67,67,67,67,67,21,50,50,34,32,20,99,99,95,87,60,60,19,19,17,0,0,0],"gold":373,"neow_bonus":"TEN_PERCENT_HP_BONUS","is_daily":false,"chose_seed":false,"campfire_upgraded":3,"win_rate":0.0,"timestamp":1612547787,"path_taken":["R","M","M","$","?","E","T","R","M","R","?","R","?","M","M","BOSS","R","M","M","M","?","E","T","M","M"],"items_purchased_type":[],"build_version":"2020-12-22","purchased_purges":0,"victory":false,"max_hp_per_floor":[99,99,99,99,99,99,99,99,99,99,99,99,99,99,99,99,99,99,99,99,99,99,99,99,99,99,99,99],"card_choices":[{"not_picked":["champ:BringItOn","champ:GladiatorStyle"],"picked":"champ:CalledShot","floor":2},{"not_picked":["champ:Haymaker","champ:BerserkersShout"],"picked":"champ:StanceDance","floor":3},{"not_picked":["champ:BladeFlurry","champ:ShieldSlam"],"picked":"champ:Encircle","floor":4},{"not_picked":["champ:Circumvent","champ:Lariat","champ:SwordThrow"],"picked":"SKIP","floor":6},{"not_picked":["champ:FlashCut","champ:PreemptiveStrike","champ:DefensiveShout"],"picked":"SKIP","floor":9},{"not_picked":["champ:CrownThrow","champ:ShieldSlam"],"picked":"champ:Parry","floor":11},{"not_picked":["champ:PerfectedStrike","champ:BladeFlurry","champ:Lariat"],"picked":"SKIP","floor":14},{"not_picked":["champ:Haymaker","champ:AdrenalArmor","champ:Backstep"],"picked":"SKIP","floor":15},{"not_picked":["champ:SwordThrow","champ:UltimateStance"],"picked":"champ:DancingMaster","floor":16},{"not_picked":["champ:StanceDance","champ:BerserkersShout"],"picked":"champ:PreciseThrust","floor":19},{"not_picked":["champ:Shatter","champ:SkillfulDodge","champ:BladeFlurry"],"picked":"SKIP","floor":20},{"not_picked":["champ:RecklessLeap","champ:StanceDance"],"picked":"champ:TornadoPunch","floor":21},{"not_picked":["champ:GladiatorStyle","champ:Shatter","champ:Backstep"],"picked":"SKIP","floor":23},{"not_picked":["champ:FaceSlap+1","champ:EnragedBash"],"picked":"champ:FanOfKnives+1","floor":25}],"player_experience":79991,"relics_obtained":[{"floor":6,"key":"Replay:PocketPolymizer"},{"floor":7,"key":"Calipers"},{"floor":11,"key":"CloakClasp"},{"floor":23,"key":"Nunchaku"}],"event_choices":[{"damage_healed":0,"gold_gain":0,"player_choice":"Inject Mutagens","damage_taken":0,"relics_obtained":["MutagenicStrength"],"max_hp_gain":0,"max_hp_loss":0,"event_name":"Drug Dealer","floor":22,"gold_loss":0}],"is_beta":false,"boss_relics":[{"not_picked":["Black Star","Tiny House"],"picked":"ChewingGum"}],"items_purged_floors":[],"is_endless":false,"potions_floor_spawned":[2,11,14,19,21,25],"killed_by":"3 Cultists","ascension_level":0}}