{"host":"v2nniiiz7kpx7fwo","time":1612542724,"event":{"mods":["2.2 Compatiblity","AchievementEnabler","BaseMod","Colored Map","Colored Powertips","DeckTracker","Highlight Path","KOR Keyword Fix","Minty Spire (QoL Compilation)","Permanent Neow","Rare Cards Sparkle","StSLib","SuperFastMode"],"gold_per_floor":[415,415,415,154,177,220,220,234,234,269,369,394,394,19,19,140,203,224,242,87,101,115,115,146,146,201,201,244,278,299,322,322,445,445,459,459,792,803,173,208,208,208,208],"floor_reached":42,"language":"KOR","playtime":2108,"items_purged":["Parasite","Strike_R","Defend_R"],"score":680,"play_id":"fdda4abc-8e2a-4ce4-b1d9-7cba8ef5a995","local_time":"20210206013204","is_ascension_mode":true,"campfire_choices":[{"floor":7.0,"key":"REST"},{"data":"Heavy Blade","floor":15.0,"key":"SMITH"},{"floor":23.0,"key":"REST"},{"data":"Dramatic Entrance","floor":27.0,"key":"SMITH"},{"floor":32.0,"key":"REST"},{"floor":41,"key":"REST"}],"circlet_count":0,"master_deck":["Strike_R+1","Strike_R+1","Defend_R","Defend_R","Bash","Battle Trance","Dual Wield+1","Spot Weakness","Dagger Spray","Shrug It Off","Evolve","Flash of Steel","Heavy Blade+1","Establishment","Conserve Battery","PiercingWail+1","Self Repair","Dramatic Entrance+1","Flex","Seek","Battle Trance","Scrape+1","Barricade"],"relics":["Burning Blood","Old Coin","PrismaticShard","Matryoshka","Happy Flower","Kunai","Incense Burner","Akabeko","Tiny House","Pen Nib","Regal Pillow","Enchiridion","Pear","Oddly Smooth Stone","Red Mask","Whetstone","Empty Cage","Paper Frog","Orrery","Nunchaku"],"acts_visited":["Exordium","TheCity","TheBeyond"],"potions_floor_usage":[],"damage_taken":[{"damage":2.0,"enemies":"Jaw Worm","floor":1.0,"turns":3.0},{"damage":14.0,"enemies":"2 Louse","floor":5.0,"turns":2.0},{"damage":35.0,"enemies":"Lagavulin","floor":6.0,"turns":6.0},{"damage":0.0,"enemies":"Cultist","floor":8.0,"turns":3.0},{"damage":18.0,"enemies":"Gremlin Nob","floor":10.0,"turns":3.0},{"damage":3.0,"enemies":"Large Slime","floor":12.0,"turns":6.0},{"damage":21.0,"enemies":"Hexaghost","floor":16.0,"turns":6.0},{"damage":15.0,"enemies":"Shell Parasite","floor":18.0,"turns":3.0},{"damage":21.0,"enemies":"2 Thieves","floor":19.0,"turns":3.0},{"damage":6.0,"enemies":"Centurion and Healer","floor":21.0,"turns":4.0},{"damage":26.0,"enemies":"Cultist and Chosen","floor":22.0,"turns":6.0},{"damage":0.0,"enemies":"Slavers","floor":24.0,"turns":3.0},{"damage":1.0,"enemies":"Masked Bandits","floor":28.0,"turns":2.0},{"damage":47.0,"enemies":"Book of Stabbing","floor":29.0,"turns":6.0},{"damage":24.0,"enemies":"Snake Plant","floor":30.0,"turns":3.0},{"damage":11.0,"enemies":"Centurion and Healer","floor":31.0,"turns":5.0},{"damage":44.0,"enemies":"Collector","floor":33.0,"turns":9.0},{"damage":0.0,"enemies":"3 Darklings","floor":35.0,"turns":2.0},{"damage":6.0,"enemies":"Orb Walker","floor":38.0,"turns":3.0},{"damage":68,"enemies":"Reptomancer","floor":40,"turns":8},{"damage":80,"enemies":"Giant Head","floor":42,"turns":6}],"seed_played":"-427483440295263056","potions_obtained":[{"floor":5.0,"key":"FearPotion"},{"floor":8.0,"key":"SkillPotion"},{"floor":16.0,"key":"DistilledChaos"},{"floor":17.0,"key":"ElixirPotion"},{"floor":18.0,"key":"SkillPotion"},{"floor":19.0,"key":"DistilledChaos"},{"floor":28.0,"key":"Energy Potion"},{"floor":31.0,"key":"Block Potion"},{"floor":33.0,"key":"CultistPotion"},{"floor":40,"key":"Fire Potion"}],"is_trial":false,"path_per_floor":["M","?","?","$","M","E","R","M","T","E","?","M","?","$","R","B",null,"M","M","$","M","M","R","E","?","T","R","?","E","M","M","R","B",null,"M","?","?","M","$","E","R","E"],"character_chosen":"IRONCLAD","items_purchased":["PrismaticShard","Spot Weakness","Akabeko","DuplicationPotion","Heavy Blade","Pen Nib","EntropicBrew","Paper Frog","Orrery"],"campfire_rested":4,"item_purchase_floors":[4,4,14,14,14,20,39,39,39],"current_hp_per_floor":[80,60,60,60,52,23,46,52,52,40,40,43,43,43,43,28,70,61,46,46,46,33,57,63,47,57,57,62,28,24,26,68,37,78,91,86,86,92,92,37,79,0,0],"gold":208,"neow_bonus":"ONE_RARE_RELIC","is_daily":false,"chose_seed":false,"campfire_upgraded":2,"win_rate":0.0,"timestamp":1612542724,"path_taken":["M","?","?","$","M","E","R","M","T","E","?","?","?","?","R","BOSS","M","M","$","?","M","R","E","?","T","R","?","E","M","M","R","BOSS","M","?","?","M","$","E","R","E"],"items_purchased_type":["Relic","Card","Relic","Potion","Card","Relic","Potion","Relic","Relic"],"build_version":"2020-12-22","purchased_purges":3,"victory":false,"max_hp_per_floor":[80,80,80,77,77,77,77,77,77,77,77,77,77,77,77,77,82,82,82,82,82,82,82,82,82,92,92,92,92,92,92,92,92,92,92,92,92,92,92,92,92,92,92],"card_choices":[{"not_picked":["Power Through","Cleave"],"picked":"Battle Trance","floor":1.0},{"not_picked":["Dash","Power Through"],"picked":"Dagger Spray","floor":5.0},{"not_picked":["Leg Sweep","Blind"],"picked":"Shrug It Off","floor":6.0},{"not_picked":["Battle Trance","Jack Of All Trades","Redo"],"picked":"SKIP","floor":8.0},{"not_picked":["Shrug It Off","Anger"],"picked":"Evolve","floor":10.0},{"not_picked":["Sweeping Beam","Study"],"picked":"Flash of Steel","floor":12.0},{"not_picked":["Tools of the Trade","Wish"],"picked":"Establishment","floor":16.0},{"not_picked":["Dodge and Roll","Poisoned Stab"],"picked":"Conserve Battery","floor":18.0},{"not_picked":["Poisoned Stab","Dagger Spray"],"picked":"PiercingWail+1","floor":19.0},{"not_picked":["Sentinel+1","Sweeping Beam"],"picked":"Self Repair","floor":21.0},{"not_picked":["InnerPeace","Deadly Poison"],"picked":"Dramatic Entrance","floor":22.0},{"not_picked":["Dodge and Roll","Melter","Fission"],"picked":"SKIP","floor":24.0},{"not_picked":["Conclude","Rip and Tear"],"picked":"Flex","floor":29.0},{"not_picked":["Ball Lightning","Impatience","True Grit"],"picked":"SKIP","floor":30.0},{"not_picked":["Concentrate","Heavy Blade","Beam Cell"],"picked":"SKIP","floor":31.0},{"not_picked":["MasterReality","Amplify"],"picked":"Seek","floor":33.0},{"not_picked":["Adaptation","Storm"],"picked":"Battle Trance","floor":35.0},{"not_picked":["Halt+1","EmptyFist"],"picked":"Scrape+1","floor":38.0},{"not_picked":["Nirvana+1","Bane+1"],"picked":"Barricade","floor":39.0},{"not_picked":["Deflect+1","Flying Knee","Masterful Stab+1"],"picked":"SKIP","floor":40}],"player_experience":357241,"relics_obtained":[{"floor":6.0,"key":"Matryoshka"},{"floor":9.0,"key":"Happy Flower"},{"floor":9.0,"key":"Kunai"},{"floor":10.0,"key":"Incense Burner"},{"floor":24.0,"key":"Regal Pillow"},{"floor":25.0,"key":"Enchiridion"},{"floor":26.0,"key":"Pear"},{"floor":26.0,"key":"Oddly Smooth Stone"},{"floor":28.0,"key":"Red Mask"},{"floor":29.0,"key":"Whetstone"},{"floor":40,"key":"Nunchaku"}],"event_choices":[{"damage_healed":0.0,"max_hp_gain":0.0,"max_hp_loss":0.0,"gold_gain":0.0,"event_name":"Golden Idol","player_choice":"Take Damage","floor":2.0,"gold_loss":0.0,"damage_taken":20.0,"relics_obtained":["Golden Idol"]},{"damage_healed":0.0,"max_hp_gain":0.0,"max_hp_loss":0.0,"gold_gain":0.0,"cards_transformed":["Strike_R"],"event_name":"Living Wall","player_choice":"Change","floor":3.0,"gold_loss":0.0,"damage_taken":0.0,"cards_obtained":["Dual Wield"]},{"damage_healed":0.0,"max_hp_gain":0.0,"max_hp_loss":0.0,"gold_gain":100.0,"event_name":"Golden Shrine","player_choice":"Pray","floor":11.0,"gold_loss":0.0,"damage_taken":0.0},{"damage_healed":0.0,"max_hp_gain":0.0,"max_hp_loss":0.0,"gold_gain":0.0,"event_name":"Liars Game","player_choice":"Ignored","floor":13.0,"gold_loss":0.0,"damage_taken":0.0},{"damage_healed":0.0,"max_hp_gain":0.0,"max_hp_loss":0.0,"gold_gain":0.0,"event_name":"Cursed Tome","player_choice":"Obtained Book","floor":25.0,"gold_loss":0.0,"damage_taken":16.0},{"damage_healed":0.0,"max_hp_gain":0.0,"max_hp_loss":0.0,"gold_gain":0.0,"event_name":"Masked Bandits","player_choice":"Fought Bandits","floor":28.0,"gold_loss":0.0,"damage_taken":0.0},{"damage_healed":0.0,"max_hp_gain":0.0,"max_hp_loss":0.0,"gold_gain":0.0,"event_name":"SensoryStone","player_choice":"Memory 2","floor":36.0,"gold_loss":0.0,"damage_taken":5.0},{"damage_healed":0.0,"max_hp_gain":0.0,"max_hp_loss":0.0,"gold_gain":333.0,"event_name":"The Moai Head","player_choice":"Gave Idol","floor":37.0,"relics_lost":["Golden Idol"],"gold_loss":0.0,"damage_taken":0.0}],"is_beta":false,"boss_relics":[{"not_picked":["Black Star","Sozu"],"picked":"Tiny House"},{"not_picked":["Runic Pyramid","Mark of Pain"],"picked":"Empty Cage"}],"items_purged_floors":[4,14,39],"is_endless":false,"potions_floor_spawned":[5,8,16,18,19,28,31,33,40],"killed_by":"Giant Head","ascension_level":5}}