{"host":"gknpnudn4hog7rzv","time":1612499626,"event":{"mods":["BaseMod","BetterRewards","Downfall","Hermit","Minty Spire (QoL Compilation)","Robot Space Explorer","StSLib","The Bladedancer","The Bug Knight","The Necromancer"],"gold_per_floor":[99,29,29,29,29,29,102,87,98,111,123,139,139,155,171,171,171,171],"floor_reached":16,"language":"ENG","playtime":415,"items_purged":[],"score":92,"play_id":"86c105d2-2767-4c27-b9bc-a06736571830","local_time":"20210204213346","is_ascension_mode":false,"campfire_choices":[{"data":"Slimebound:CorrosiveSpit","floor":1,"key":"SMITH"},{"data":"Slimebound:DisruptingSlam","floor":13,"key":"SMITH"}],"circlet_count":0,"master_deck":["Slimebound:Strike_Slimebound","Slimebound:Strike_Slimebound","Slimebound:Tackle","Slimebound:Defend_Slimebound","Slimebound:Defend_Slimebound","Slimebound:Defend_Slimebound","Slimebound:Defend_Slimebound","Slimebound:Split","Slimebound:CorrosiveSpit+1","Slimebound:ItLooksTasty","Slimebound:DisruptingSlam","Slimebound:HauntingLick","Slimebound:SplitAcid","Slimebound:AcidTongue+1","Slimebound:DisruptingSlam+1","Slimebound:GoopSpray"],"relics":["Slimebound:AbsorbEndCombat","downfall:HeartsMalice","Frozen Egg 2"],"acts_visited":["Exordium"],"potions_floor_usage":[9,10,11,12,14,14],"damage_taken":[{"damage":0,"enemies":"downfall:FleeingMerchant","floor":2,"turns":1},{"damage":0,"enemies":"Small Slimes","floor":5,"turns":1},{"damage":0,"enemies":"Jaw Worm","floor":6,"turns":1},{"damage":8,"enemies":"downfall:FleeingMerchant","floor":8,"turns":4},{"damage":3,"enemies":"Cultist","floor":9,"turns":2},{"damage":9,"enemies":"Red Slaver","floor":10,"turns":2},{"damage":0,"enemies":"3 Louse","floor":11,"turns":3},{"damage":13,"enemies":"2 Fungi Beasts","floor":12,"turns":3},{"damage":22,"enemies":"Exordium Thugs","floor":14,"turns":5},{"damage":0,"enemies":"Lots of Slimes","floor":15,"turns":1},{"damage":52,"enemies":"DF_ARCHETYPE_STREAMLINE","floor":16,"turns":6}],"seed_played":"-8362172401720711239","potions_obtained":[{"floor":9,"key":"EntropicBrew"},{"floor":10,"key":"Guardian:BlockOnCardUsePotion"},{"floor":11,"key":"sneckomod:MuddlingPotion"},{"floor":12,"key":"ColorlessPotion"},{"floor":15,"key":"Energy Potion"}],"is_trial":false,"path_per_floor":["R","$","?","?","M","M","T","$","M","M","M","M","R","M","M","B"],"character_chosen":"SLIMEBOUND","items_purchased":["Slimebound:DisruptingSlam"],"campfire_rested":0,"item_purchase_floors":[2],"current_hp_per_floor":[65,65,70,70,70,70,70,64,65,60,64,59,59,41,41,0,0,0],"gold":171,"neow_bonus":"THREE_ENEMY_KILL","is_daily":false,"chose_seed":false,"campfire_upgraded":2,"win_rate":0.0,"timestamp":1612499626,"path_taken":["R","$","?","?","M","M","T","$","M","M","M","M","R","M","M","BOSS"],"items_purchased_type":["Card"],"build_version":"2020-12-22","purchased_purges":0,"victory":false,"max_hp_per_floor":[65,65,70,70,70,70,70,70,70,70,70,70,70,70,70,70,70,70],"card_choices":[{"not_picked":["Slimebound:SplitMire","Slimebound:LeechingTouch"],"picked":"Slimebound:ItLooksTasty","floor":2},{"not_picked":["Slimebound:PressTheAttack","Slimebound:SlimeSpikes"],"picked":"Slimebound:HauntingLick","floor":5},{"not_picked":["Slimebound:Dissolve","Slimebound:Repurpose"],"picked":"Slimebound:SplitAcid","floor":6},{"not_picked":["Slimebound:Grow+1","Slimebound:ItLooksTasty","Slimebound:RollThrough"],"picked":"SKIP","floor":8},{"not_picked":["Slimebound:ForwardTackle","Slimebound:ComboTackle"],"picked":"Slimebound:AcidTongue+1","floor":9},{"not_picked":["Slimebound:DouseInSlime","Slimebound:Prepare"],"picked":"Slimebound:DisruptingSlam","floor":10},{"not_picked":["Slimebound:ItLooksTasty","Slimebound:RainOfGoop","Slimebound:LeechEnergy"],"picked":"SKIP","floor":11},{"not_picked":["Slimebound:FormOfPuddle","Slimebound:GoopTackle"],"picked":"Slimebound:GoopSpray","floor":12},{"not_picked":["Slimebound:AcidTongue+1","Slimebound:SlimeBrawl","Slimebound:Dissolve"],"picked":"SKIP","floor":14},{"not_picked":["Slimebound:SplitMire","Slimebound:FormOfPuddle","Slimebound:ServeAndProtect"],"picked":"SKIP","floor":15}],"player_experience":368016,"relics_obtained":[{"floor":7,"key":"Frozen Egg 2"}],"event_choices":[{"damage_healed":0,"gold_gain":0,"player_choice":"Donut","damage_taken":0,"max_hp_gain":5,"max_hp_loss":0,"event_name":"Big Fish","floor":3,"gold_loss":0}],"is_beta":false,"boss_relics":[],"items_purged_floors":[],"is_endless":false,"potions_floor_spawned":[9,10,11,12,15],"killed_by":"DF_ARCHETYPE_STREAMLINE","ascension_level":0}}