{"host":"x5w0lpd9f3pel4f4","time":1612561146,"event":{"mods":["2.2 Compatiblity","Act Like it!","Arknights","BaseMod","Beaked The Cultist","Better Altar","Better Note","Better Sensory Stone","Better Skull","Better Third Choice","Better Vampires","BetterRewards","Block Reminder","CapriCore","Card Filter","Colored Map","Colored Powertips","Conspire","Custom Start","Defuse TimeMaze Blight","Displayed Cursed Tome","Downfall","Gremlin Skip","Hallownest","Hubris","Infinite Spire","Koishi","MarisaÅiñ∂âJÅ@ñÇóùçπÅj","Minty Spire (QoL Compilation)","Monster B Gone","Permanent Neow","Quick Restart","Relic Filter","Relic Sorter","Relic Stats","Replay The Spire","Shop Mod","Spires \u0026 Sneckos","StSLib","Steal the Spire","The Construct","The Fake Hero","Thieving Mod","Treasure Hunter","Waifu the Spire","everything is the same but u backflip on backflip"],"gold_per_floor":[512,532,542,560,111,111,129,154,204,204,237,187,187,200,200,313,313,343,365,365,381,381,438,438,477,477,497,535,535,575,610,610,723,723,745,769,400,418,434,434,469,491,491,506,518,518,216,236,236,236],"floor_reached":51,"language":"ENG","playtime":3168,"items_purged":["luka_mod:Surrender","luka_mod:Edging","luka_mod:Wait","luka_mod:FlailWildly+1","conspire:SpireCoStock"],"score":1231,"play_id":"b4bf87db-ab2c-4698-8793-8661086516b9","local_time":"20210205163906","is_ascension_mode":true,"campfire_choices":[{"data":"luka_mod:Meditation","floor":6,"key":"SMITH"},{"data":"luka_mod:VaporizingRebellionSword","floor":10,"key":"SMITH"},{"data":"luka_mod:Salt","floor":15,"key":"SMITH"},{"data":"luka_mod:Intense","floor":24,"key":"SMITH"},{"data":"hubris:InfiniteBlow+46","floor":29,"key":"SMITH"},{"data":"luka_mod:Tamamo","floor":40,"key":"SMITH"},{"data":"hubris:InfiniteBlow+47","floor":49,"key":"SMITH"}],"circlet_count":0,"master_deck":["luka_mod:StrikeLukaOne","luka_mod:StrikeLukaTwo+1","luka_mod:StrikeLukaThree","luka_mod:StrikeLukaFour+1","luka_mod:StrikeLukaFive","luka_mod:StrikeLukaSix","luka_mod:Salt+1","luka_mod:Guard","luka_mod:Meditation+1","luka_mod:VaporizingRebellionSword+1","luka_mod:Intense+1","luka_mod:HeroicStrike","luka_mod:Gnome","beaked:NemesisSlickness+1","luka_mod:GuardTraining","hubris:InfiniteBlow+48","luka_mod:Intense+1","TH:Mimic+1","luka_mod:Intense+1","luka_mod:Tamamo+1","luka_mod:Gnome","luka_mod:Intense+1"],"relics":["luka_mod:KeepsakeRing","hubris:GlazedTorus","War Paint","ReplayTheSpireMod:Lightbulb","TH:Anvil","Whetstone","Calipers","beaked:SacredDeck","Dream Catcher","hubris:TerracottaHorce","Replay:Baseball","Mango","Pantograph","construct:FoamFinger","Coffee Dripper","Snack Pack","Bag of Marbles","Omamori","hubris:Icosahedron","Ancient Tea Set"],"acts_visited":["Exordium","Exordium","Hallownest:CityofTears"],"potions_floor_usage":[23],"damage_taken":[{"damage":6,"enemies":"Cultist","floor":1,"turns":3},{"damage":10,"enemies":"conspire:RoseBush","floor":2,"turns":2},{"damage":0,"enemies":"Small Slimes","floor":3,"turns":2},{"damage":8,"enemies":"2 Fungi Beasts","floor":4,"turns":3},{"damage":12,"enemies":"Gremlin Gang","floor":7,"turns":2},{"damage":13,"enemies":"Lagavulin","floor":8,"turns":4},{"damage":0,"enemies":"Gremlin Nob","floor":11,"turns":2},{"damage":5,"enemies":"3 Louse","floor":14,"turns":3},{"damage":0,"enemies":"Slime Boss","floor":16,"turns":3},{"damage":3,"enemies":"Hallownest:Guard_and_Sentry","floor":18,"turns":4},{"damage":0,"enemies":"Hallownest:Flukemon_and_Top","floor":19,"turns":5},{"damage":10,"enemies":"Hallownest:2_Flukemon","floor":21,"turns":5},{"damage":19,"enemies":"Hallownest:eliteWatcherKnight","floor":23,"turns":10},{"damage":2,"enemies":"Hallownest:monsterShrumalOgre","floor":25,"turns":3},{"damage":10,"enemies":"Hallownest:2_Husk_Sentries","floor":27,"turns":3},{"damage":8,"enemies":"Hallownest:Nosk","floor":28,"turns":4},{"damage":12,"enemies":"Hallownest:3_Mistakes","floor":30,"turns":4},{"damage":0,"enemies":"Nightmare","floor":31,"turns":2},{"damage":3,"enemies":"Hallownest:BossGrimm","floor":33,"turns":2},{"damage":0,"enemies":"Hallownest:Shield_Heavy","floor":35,"turns":3},{"damage":22,"enemies":"Hallownest:2_Littles","floor":36,"turns":3},{"damage":0,"enemies":"Hallownest:Shield_Sturdy","floor":38,"turns":2},{"damage":14,"enemies":"Hallownest:monsterPrimalAspid","floor":39,"turns":2},{"damage":1,"enemies":"Hallownest:eliteCollector","floor":41,"turns":1},{"damage":32,"enemies":"Hallownest:2_Soldiers_and_1_Guardian","floor":42,"turns":3},{"damage":0,"enemies":"Hallownest:2_Great","floor":44,"turns":3},{"damage":2,"enemies":"Hallownest:Xero_Hu_Marmu","floor":45,"turns":2},{"damage":1,"enemies":"Hallownest:Shield_Sturdy","floor":48,"turns":2},{"damage":1,"enemies":"Hallownest:Radiance","floor":50,"turns":3}],"seed_played":"8745095764954247726","potions_obtained":[{"floor":2,"key":"Death Potion"},{"floor":3,"key":"GamblersBrew"},{"floor":7,"key":"SkillPotion"},{"floor":8,"key":"Elixir"},{"floor":23,"key":"Fruit Juice"},{"floor":27,"key":"Adrenaline Potion"},{"floor":30,"key":"Regen Potion"}],"is_trial":false,"path_per_floor":["M","M","M","M","$","R","M","E","T","R","E","?","?","M","R","B",null,"M","M","AVR","M","?","E","R","M","T","M","E","R","M","NM","R_BF","B",null,"M","M","$","M","M","R","E","M","T","M","M","?","$","M","R","B",null],"character_chosen":"LUKA_CLASS","items_purchased":["luka_mod:VaporizingRebellionSword","luka_mod:Intense","War Paint","ReplayTheSpireMod:Lightbulb","Snack Pack","Ancient Tea Set"],"campfire_rested":0,"item_purchase_floors":[0,0,5,5,37,47],"current_hp_per_floor":[40,30,40,32,32,32,20,40,40,40,40,40,40,40,40,40,40,37,40,40,40,40,45,45,45,59,59,59,59,56,56,59,59,59,59,59,59,59,45,45,48,59,59,59,58,58,58,59,59,59],"gold":236,"neow_bonus":"","is_daily":false,"chose_seed":false,"campfire_upgraded":7,"win_rate":0.0,"timestamp":1612561146,"path_taken":["M","?","?","M","$","R","M","E","T","R","E","?","?","?","R","BOSS","M","M","AVR","M","?","E","R","M","T","M","E","R","M","NM","R_BF","BOSS","M","M","$","M","M","R","E","M","T","M","M","?","$","M","R","BOSS"],"items_purchased_type":["Card","Card","Relic","Relic","Relic","Relic"],"build_version":"2020-12-22","purchased_purges":5,"victory":true,"max_hp_per_floor":[40,40,40,40,40,40,40,40,40,40,40,40,40,40,40,40,40,40,40,40,40,40,45,45,45,59,59,59,59,59,59,59,59,59,59,59,59,59,59,59,59,59,59,59,59,59,59,59,59,59],"relic_stats":{"Dream Catcher":1,"counters":[29,90],"Pantograph":0,"Whetstone":["luka_mod:StrikeLukaFour","luka_mod:StrikeLukaTwo"],"War Paint":["luka_mod:Intense","luka_mod:FlailWildly"],"obtain_stats":[{"TH:Anvil":8,"luka_mod:KeepsakeRing":0,"Calipers":11,"construct:FoamFinger":31,"Mango":26,"Omamori":43,"Whetstone":9,"War Paint":5,"Ancient Tea Set":47,"hubris:TerracottaHorce":20,"Dream Catcher":20,"Replay:Baseball":23,"hubris:Icosahedron":46,"Pantograph":28,"beaked:SacredDeck":17,"Coffee Dripper":34,"Snack Pack":37,"Bag of Marbles":41,"ReplayTheSpireMod:Lightbulb":5,"hubris:GlazedTorus":0},{"TH:Anvil":6,"luka_mod:KeepsakeRing":0,"Calipers":7,"construct:FoamFinger":18,"Mango":14,"Omamori":25,"Whetstone":6,"War Paint":4,"Ancient Tea Set":27,"hubris:TerracottaHorce":11,"Dream Catcher":11,"Replay:Baseball":13,"hubris:Icosahedron":27,"Pantograph":16,"beaked:SacredDeck":9,"Coffee Dripper":19,"Snack Pack":21,"Bag of Marbles":24,"ReplayTheSpireMod:Lightbulb":4,"hubris:GlazedTorus":0},{"TH:Anvil":16,"luka_mod:KeepsakeRing":0,"Calipers":18,"construct:FoamFinger":64,"Mango":51,"Omamori":80,"Whetstone":16,"War Paint":10,"Ancient Tea Set":85,"hubris:TerracottaHorce":33,"Dream Catcher":33,"Replay:Baseball":48,"hubris:Icosahedron":85,"Pantograph":58,"beaked:SacredDeck":24,"Coffee Dripper":66,"Snack Pack":72,"Bag of Marbles":77,"ReplayTheSpireMod:Lightbulb":10,"hubris:GlazedTorus":0}]},"card_choices":[{"not_picked":["luka_mod:WaterSlash","luka_mod:TouchFluffyTail"],"picked":"luka_mod:HeroicStrike","floor":1},{"not_picked":["luka_mod:StrikeLuka","luka_mod:DemonSkullBeheading","luka_mod:NotVerySharp"],"picked":"SKIP","floor":2},{"not_picked":["luka_mod:EarthSlash","luka_mod:WindSlash"],"picked":"luka_mod:Gnome","floor":3},{"not_picked":["luka_mod:HeavenlyDemonRevival","luka_mod:Cutscene","luka_mod:SmallBody"],"picked":"SKIP","floor":4},{"not_picked":["luka_mod:StrikeLuka","luka_mod:GuardedStrike","luka_mod:ThunderThrust"],"picked":"SKIP","floor":7},{"not_picked":["TH:CursedSword","TH:BikiniMail"],"picked":"SKIP","floor":8},{"not_picked":["luka_mod:DemonDecapitation","luka_mod:WindSlash","luka_mod:Overexert"],"picked":"SKIP","floor":8},{"not_picked":["TH:CursedSword","TH:BikiniMail"],"picked":"SKIP","floor":9},{"not_picked":["TH:ElvenBoots","TH:BikiniMail"],"picked":"SKIP","floor":11},{"not_picked":["luka_mod:Request","luka_mod:HeroicStrike","luka_mod:FlashKill"],"picked":"SKIP","floor":11},{"not_picked":["luka_mod:NeverSurrender","luka_mod:GuardedStrike","luka_mod:EarthSlash"],"picked":"SKIP","floor":14},{"not_picked":["luka_mod:Struggle","luka_mod:LightningSwordFlash+1"],"picked":"luka_mod:GuardTraining","floor":18},{"not_picked":["luka_mod:Struggle","luka_mod:GuardedStrike+1","luka_mod:IliasesJudgement"],"picked":"SKIP","floor":19},{"not_picked":["luka_mod:StressRelief+1","luka_mod:StrikeLuka","luka_mod:CriticalHit"],"picked":"SKIP","floor":21},{"not_picked":["luka_mod:DemonSkullBeheading","luka_mod:PrayToIlias+1"],"picked":"luka_mod:Intense","floor":23},{"not_picked":["TH:TreasureMap","TH:CopperCoins"],"picked":"SKIP","floor":23},{"not_picked":["luka_mod:HeroicStrike","luka_mod:Ora","luka_mod:StressRelief"],"picked":"SKIP","floor":25},{"not_picked":["TH:ArmorSpikes"],"picked":"TH:Mimic","floor":26},{"not_picked":["luka_mod:DemonDecapitation","luka_mod:Overexert+1","luka_mod:EndlessGuard"],"picked":"SKIP","floor":27},{"not_picked":["TH:CopperCoins","TH:BikiniMail"],"picked":"SKIP","floor":28},{"not_picked":["luka_mod:Request+1","luka_mod:IliasesJudgement","luka_mod:Feel"],"picked":"SKIP","floor":28},{"not_picked":["luka_mod:WaterSlash+1","luka_mod:ThunderThrust"],"picked":"luka_mod:Intense+1","floor":30},{"not_picked":["TH:ElvenBoots","TH:BikiniMail"],"picked":"SKIP","floor":31},{"not_picked":["luka_mod:GuardedStrike","luka_mod:OiAlice+1","luka_mod:WaterSlash"],"picked":"SKIP","floor":31},{"not_picked":["luka_mod:Daystar","luka_mod:SealingStrike"],"picked":"luka_mod:Tamamo","floor":33},{"not_picked":["luka_mod:RestrictedStrike","luka_mod:WaterSlash+1","luka_mod:SmallBody"],"picked":"SKIP","floor":35},{"not_picked":["luka_mod:Sylph","luka_mod:WindSlash+1"],"picked":"luka_mod:Gnome","floor":36},{"not_picked":["luka_mod:Cutscene+1","luka_mod:EarthRumblingDecapitation","luka_mod:NotVerySharp"],"picked":"SKIP","floor":38},{"not_picked":["luka_mod:BladeOfHowlingWind+1","luka_mod:Overexert"],"picked":"luka_mod:Intense+1","floor":39},{"not_picked":["TH:ArmorSpikes","TH:PixieDust"],"picked":"SKIP","floor":41},{"not_picked":["luka_mod:NotVerySharp","luka_mod:DemonSkullBeheading+1","luka_mod:HeavenlyDemonRevival"],"picked":"SKIP","floor":41},{"not_picked":["luka_mod:Calm+1","luka_mod:PeacePreach+1","luka_mod:SealingStrike"],"picked":"SKIP","floor":42},{"not_picked":["TH:BikiniMail","TH:ArmorSpikes"],"picked":"SKIP","floor":43},{"not_picked":["luka_mod:PeacePreach","luka_mod:RestrictedStrike+1","luka_mod:CriticalHit+1"],"picked":"SKIP","floor":44},{"not_picked":["luka_mod:VaporizingRebellionSword+1","luka_mod:Struggle+1","luka_mod:Sara"],"picked":"SKIP","floor":45},{"not_picked":["luka_mod:BegIlias+1","luka_mod:FireSlash","luka_mod:OiAlice+1"],"picked":"SKIP","floor":48}],"player_experience":258846,"relics_obtained":[{"floor":8,"key":"TH:Anvil"},{"floor":9,"key":"Whetstone"},{"floor":11,"key":"Calipers"},{"floor":23,"key":"Replay:Baseball"},{"floor":26,"key":"Mango"},{"floor":28,"key":"Pantograph"},{"floor":31,"key":"construct:FoamFinger"},{"floor":41,"key":"Bag of Marbles"},{"floor":43,"key":"Omamori"}],"event_choices":[{"damage_healed":0,"gold_gain":0,"player_choice":"Invest 1","damage_taken":0,"max_hp_gain":0,"max_hp_loss":0,"event_name":"conspire:Investor","floor":12,"gold_loss":0},{"damage_healed":0,"gold_gain":0,"player_choice":"Bought 0 Potions","damage_taken":0,"max_hp_gain":0,"max_hp_loss":0,"event_name":"The Woman in Blue","floor":13,"gold_loss":0}],"is_beta":false,"boss_relics":[{"not_picked":["Kintsugi","Pandora\u0027s Box"],"picked":"beaked:SacredDeck"},{"not_picked":["construct:WeddingRing","Cursed Key"],"picked":"Coffee Dripper"}],"items_purged_floors":[0,5,20,37,47],"is_endless":false,"potions_floor_spawned":[2,3,7,8,21,23,27,30,33,35,42,45,48],"ascension_level":1}}