{"host":"0t7ytk9pge2ncgeb","time":1612566298,"event":{"mods":["2.2 Compatiblity","Act Like it!","Aspiration","BaseMod","Conspire","Downfall","Googly Eyes","Hubris","Infinite Spire","Minty Spire (QoL Compilation)","Relic Stats","Shop Mod","Spicy Shops","StSLib","slay the spire mod where everything is the same but ironclad has a cowboy hat"],"gold_per_floor":[116,116,0,18,32,32,62,62,87,107,38,51,81,98,98,193,193,207,207,221,221,221,221,232,232,232,259,279,291,291,37,37,140,140,157,157,9,19,140,140,140,140],"floor_reached":41,"language":"ENG","playtime":3067,"items_purged":[],"score":446,"play_id":"8fef858c-baaf-49a8-b1fe-2dd244fded10","local_time":"20210205180458","is_ascension_mode":false,"campfire_choices":[{"data":"Bouncing Flask","floor":6,"key":"SMITH"},{"floor":8,"key":"REST"},{"data":"Catalyst","floor":15,"key":"SMITH"},{"data":"Leg Sweep","floor":23,"key":"SMITH"},{"floor":25,"key":"REST"},{"data":"Neutralize","floor":30,"key":"SMITH"},{"data":"Noxious Fumes","floor":32,"key":"SMITH"},{"data":"Tools of the Trade","floor":40,"key":"SMITH"}],"circlet_count":0,"master_deck":["Strike_G","Strike_G","Strike_G","Strike_G","Strike_G","Defend_G","Defend_G","Defend_G","Defend_G","Defend_G","Survivor","Neutralize+1","Slice","Flying Knee","Deadly Poison","Bouncing Flask+1","Deadly Poison","Leg Sweep+1","Catalyst+1","Flying Knee","Poisoned Stab","Dodge and Roll","Corpse Explosion","Malaise","Deadly Poison+1","Noxious Fumes+1","Tools of the Trade+1","Blur+1"],"relics":["Ring of the Serpent","infinitespire:Satchel","Regal Pillow","aspiration:Lifesprig","hubris:Icosahedron","Oddly Smooth Stone","Ginger","Chemical X","Snake Skull","MerchantsRug"],"acts_visited":["Exordium","TheCity","TheBeyond"],"potions_floor_usage":[7,28,38,41,41],"damage_taken":[{"damage":0,"enemies":"2 Louse","floor":1,"turns":3},{"damage":0,"enemies":"Cultist","floor":4,"turns":3},{"damage":7,"enemies":"Jaw Worm","floor":5,"turns":3},{"damage":23,"enemies":"Gremlin Nob","floor":7,"turns":3},{"damage":4,"enemies":"Gremlin Gang","floor":10,"turns":7},{"damage":4,"enemies":"Looter","floor":12,"turns":4},{"damage":4,"enemies":"Lagavulin","floor":13,"turns":6},{"damage":1,"enemies":"conspire:2 RoseBushes","floor":14,"turns":4},{"damage":24,"enemies":"Slime Boss","floor":16,"turns":14},{"damage":10,"enemies":"3 Byrds","floor":18,"turns":4},{"damage":8,"enemies":"Shell Parasite","floor":20,"turns":3},{"damage":16,"enemies":"Sentry and Sphere","floor":24,"turns":4},{"damage":1,"enemies":"Book of Stabbing","floor":27,"turns":5},{"damage":8,"enemies":"Snake Plant","floor":28,"turns":5},{"damage":0,"enemies":"Snecko","floor":29,"turns":5},{"damage":47,"enemies":"Champ","floor":33,"turns":6},{"damage":6,"enemies":"Orb Walker","floor":35,"turns":3},{"damage":21,"enemies":"3 Darklings","floor":38,"turns":4},{"damage":72,"enemies":"Reptomancer","floor":41,"turns":2}],"seed_played":"3720941891997605127","potions_obtained":[{"floor":5,"key":"champ:CounterPotion"},{"floor":7,"key":"FearPotion"},{"floor":10,"key":"Regen Potion"},{"floor":13,"key":"Regen Potion"},{"floor":36,"key":"DuplicationPotion"},{"floor":36,"key":"Ancient Potion"},{"floor":38,"key":"EssenceOfSteel"}],"is_trial":false,"path_per_floor":["M","?","$","M","M","R","E","R","T","M","$","M","E","M","R","B",null,"M","?","M","?","?","R","M","R","T","E","M","M","R","$","R","B",null,"M","?","$","M","$","R","E"],"character_chosen":"THE_SILENT","items_purchased":["Flying Knee","Deadly Poison","Flying Knee","Noxious Fumes","Chemical X","MerchantsRug"],"campfire_rested":2,"item_purchase_floors":[3,3,11,31,31,37],"current_hp_per_floor":[77,77,77,77,70,70,47,70,70,66,66,62,58,57,57,33,77,67,67,59,59,59,59,43,77,77,76,77,77,77,77,77,30,77,71,71,71,59,59,59,0,0],"gold":140,"neow_bonus":"TEN_PERCENT_HP_BONUS","is_daily":false,"chose_seed":false,"campfire_upgraded":6,"win_rate":0.0,"timestamp":1612566298,"path_taken":["M","?","?","M","M","R","E","R","T","M","$","?","E","M","R","BOSS","M","?","M","?","?","R","M","R","T","E","M","?","R","?","R","BOSS","M","?","$","M","?","R","E"],"items_purchased_type":["Card","Card","Card","Card","Relic","Relic"],"build_version":"2020-12-22","purchased_purges":0,"victory":false,"max_hp_per_floor":[77,77,77,77,77,77,77,77,77,77,77,77,77,77,77,77,77,77,77,77,77,77,77,77,77,77,77,77,77,77,77,77,77,77,77,77,77,77,77,77,77,77],"relic_stats":{"Regal Pillow":11,"counters":[19,88],"Snake Skull":[21],"Ginger":[5],"Chemical X":[1],"obtain_stats":[{"MerchantsRug":37,"Regal Pillow":9,"aspiration:Lifesprig":13,"hubris:Icosahedron":21,"hubris:Backtick":34,"infinitespire:Satchel":7,"Oddly Smooth Stone":26,"Snake Skull":34,"Ginger":27,"Chemical X":31,"Ring of the Serpent":17,"Ring of the Snake":0},{"MerchantsRug":17,"Regal Pillow":4,"aspiration:Lifesprig":7,"hubris:Icosahedron":11,"hubris:Backtick":16,"infinitespire:Satchel":4,"Oddly Smooth Stone":12,"Snake Skull":16,"Ginger":13,"Chemical X":15,"Ring of the Serpent":9,"Ring of the Snake":0},{"MerchantsRug":82,"Regal Pillow":12,"aspiration:Lifesprig":29,"hubris:Icosahedron":54,"hubris:Backtick":79,"infinitespire:Satchel":12,"Oddly Smooth Stone":58,"Snake Skull":79,"Ginger":63,"Chemical X":73,"Ring of the Serpent":47,"Ring of the Snake":0}]},"card_choices":[{"not_picked":["Acrobatics","Quick Slash"],"picked":"Dagger Spray","floor":1},{"not_picked":["hubris:SlightOfHand","hubris:Sniper"],"picked":"Bouncing Flask","floor":4},{"not_picked":["Quick Slash","Cloak And Dagger"],"picked":"Deadly Poison","floor":5},{"not_picked":["Deflect","Finisher"],"picked":"Leg Sweep","floor":7},{"not_picked":["Blur","After Image"],"picked":"Catalyst","floor":10},{"not_picked":["Leg Sweep","Blade Dance","Flying Knee"],"picked":"SKIP","floor":12},{"not_picked":["Prepared","Quick Slash"],"picked":"Poisoned Stab","floor":13},{"not_picked":["Reflex","PiercingWail"],"picked":"Dodge and Roll","floor":14},{"not_picked":["Venomology","Adrenaline"],"picked":"Corpse Explosion","floor":16},{"not_picked":["Flying Knee","hubris:SlightOfHand+1","Dagger Throw"],"picked":"SKIP","floor":18},{"not_picked":["hubris:SlightOfHand","Blade Dance+1","Acrobatics+1"],"picked":"SKIP","floor":20},{"not_picked":["Acrobatics+1","Expertise+1","Deadly Poison"],"picked":"SKIP","floor":24},{"not_picked":["Eviscerate","Masterful Stab+1"],"picked":"Malaise","floor":27},{"not_picked":["Underhanded Strike+1","Dagger Throw"],"picked":"Deadly Poison+1","floor":28},{"not_picked":["Outmaneuver","Quick Slash","Deadly Poison"],"picked":"SKIP","floor":29},{"not_picked":["Wraith Form v2","Die Die Die"],"picked":"Tools of the Trade","floor":33},{"not_picked":["Acrobatics+1","Escape Plan","Prepared+1"],"picked":"SKIP","floor":35},{"not_picked":["Slice+1","PiercingWail+1"],"picked":"Blur+1","floor":38}],"player_experience":327637,"relics_obtained":[{"floor":7,"key":"infinitespire:Satchel"},{"floor":9,"key":"Regal Pillow"},{"floor":13,"key":"aspiration:Lifesprig"},{"floor":26,"key":"Oddly Smooth Stone"},{"floor":27,"key":"Ginger"}],"event_choices":[{"damage_healed":0,"gold_gain":0,"cards_transformed":["Dagger Spray"],"player_choice":"Transformed","damage_taken":0,"max_hp_gain":0,"max_hp_loss":0,"event_name":"Transmorgrifier","floor":2,"gold_loss":0,"cards_obtained":["Slice"]},{"damage_healed":0,"gold_gain":0,"player_choice":"Ignored","damage_taken":0,"max_hp_gain":0,"max_hp_loss":0,"event_name":"N\u0027loth","floor":22,"gold_loss":0},{"damage_healed":0,"gold_gain":0,"player_choice":"Got Potions","damage_taken":0,"max_hp_gain":0,"max_hp_loss":0,"event_name":"Lab","floor":36,"gold_loss":0}],"is_beta":false,"boss_relics":[{"not_picked":["aspiration:SecretTechniqueScroll","hubris:BlackHole"],"picked":"Ring of the Serpent"},{"not_picked":["conspire:SpecialSausage","Sozu"],"picked":"hubris:Backtick"}],"items_purged_floors":[],"is_endless":false,"potions_floor_spawned":[5,7,10,13,14,20,24,27,38],"killed_by":"Reptomancer","ascension_level":0}}