{"host":"x205naxbihvu3p76","time":1612519239,"event":{"mods":["AchievementEnabler","BaseMod","Minty Spire (QoL Compilation)","StSLib","SuperFastMode"],"gold_per_floor":[114,39,39,49,49,49,82,82,105,116,135,135,148,160,160,239,239,252,14,14,14,32,32,44,57,57,77,94,94,94],"floor_reached":29,"language":"KOR","playtime":741,"items_purged":["Strike_B","Strike_B"],"score":458,"play_id":"07166a56-7778-48c7-90ee-387a161dba41","local_time":"20210205190039","is_ascension_mode":true,"campfire_choices":[{"data":"Darkness","floor":6,"key":"SMITH"},{"floor":8,"key":"REST"},{"data":"Hello World","floor":12,"key":"SMITH"},{"floor":15,"key":"REST"},{"floor":23,"key":"REST"}],"circlet_count":0,"master_deck":["AscendersBane","Defend_B","Defend_B+1","Defend_B+1","Defend_B","Zap","Dualcast","Darkness+1","Undo","Cold Snap","Leap","Hello World+1","Sweeping Beam","Redo","Reboot","Hologram","Capacitor","Ball Lightning","Glacier","Consume","Normality","Echo Form"],"relics":["Cracked Core","War Paint","White Beast Statue","MealTicket","Cursed Key","Lizard Tail"],"acts_visited":["TheCity"],"potions_floor_usage":[],"damage_taken":[{"damage":5,"enemies":"Small Slimes","floor":1,"turns":3},{"damage":0,"enemies":"Jaw Worm","floor":4,"turns":4},{"damage":23,"enemies":"3 Sentries","floor":7,"turns":11},{"damage":0,"enemies":"2 Louse","floor":10,"turns":3},{"damage":18,"enemies":"Lots of Slimes","floor":11,"turns":5},{"damage":4,"enemies":"Looter","floor":13,"turns":5},{"damage":12,"enemies":"3 Louse","floor":14,"turns":4},{"damage":20,"enemies":"The Guardian","floor":16,"turns":10},{"damage":11,"enemies":"Shell Parasite","floor":18,"turns":7},{"damage":24,"enemies":"2 Thieves","floor":22,"turns":4},{"damage":1,"enemies":"Sentry and Sphere","floor":24,"turns":4},{"damage":19,"enemies":"Snake Plant","floor":25,"turns":5},{"damage":7,"enemies":"Chosen and Byrds","floor":27,"turns":6},{"damage":24,"enemies":"Cultist and Chosen","floor":28,"turns":7},{"damage":0,"enemies":"Snake Plant","floor":29,"turns":1}],"seed_played":"-8563610116692415745","potions_obtained":[{"floor":1,"key":"Dexterity Potion"},{"floor":10,"key":"FairyPotion"},{"floor":16,"key":"PowerPotion"},{"floor":28,"key":"FocusPotion"}],"is_trial":false,"path_per_floor":["M","$","?","M","?","R","E","R","T","M","M","R","M","M","R","B",null,"M","$","?","?","M","R","M","M","T","M","M","M"],"character_chosen":"DEFECT","items_purchased":["Capacitor","Ball Lightning"],"campfire_rested":3,"item_purchase_floors":[19,19],"current_hp_per_floor":[59,59,59,59,52,52,29,50,50,50,32,32,28,16,37,17,58,47,62,42,42,18,40,39,20,20,13,15,15,15],"gold":94,"neow_bonus":"RANDOM_COMMON_RELIC","is_daily":false,"chose_seed":false,"campfire_upgraded":2,"win_rate":0.0,"timestamp":1612519239,"path_taken":["M","$","?","M","?","R","E","R","T","M","M","R","?","M","R","BOSS","M","$","?","?","M","R","M","M","T","?","M","M"],"items_purchased_type":["Card","Card"],"build_version":"2020-12-22","purchased_purges":2,"victory":false,"max_hp_per_floor":[71,71,71,71,71,71,71,71,71,71,71,71,71,71,71,71,71,71,71,76,76,76,76,76,76,76,76,76,76,76],"card_choices":[{"not_picked":["Force Field","Coolheaded"],"picked":"Darkness","floor":1},{"not_picked":["Lockon","Barrage"],"picked":"Cold Snap","floor":4},{"not_picked":["Consume","Beam Cell"],"picked":"Leap","floor":7},{"not_picked":["Streamline","Self Repair"],"picked":"Hello World","floor":10},{"not_picked":["Gash","Skim","Conserve Battery"],"picked":"SKIP","floor":11},{"not_picked":["Redo","Compile Driver"],"picked":"Sweeping Beam","floor":13},{"not_picked":["Redo","Leap","Heatsinks"],"picked":"SKIP","floor":14},{"not_picked":["Leap","Heatsinks"],"picked":"Redo","floor":14},{"not_picked":["Thunder Strike","Hyperbeam"],"picked":"Reboot","floor":16},{"not_picked":["Rebound","Cold Snap"],"picked":"Hologram","floor":18},{"not_picked":["Consume","Auto Shields"],"picked":"Glacier","floor":22},{"not_picked":["Leap","Stack","Conserve Battery"],"picked":"SKIP","floor":24},{"not_picked":["Go for the Eyes","Hologram"],"picked":"Consume","floor":25},{"not_picked":["Storm","Go for the Eyes","Ball Lightning"],"picked":"SKIP","floor":27},{"not_picked":["Conserve Battery","Aggregate+1"],"picked":"Echo Form","floor":28}],"player_experience":1023896,"relics_obtained":[{"floor":7,"key":"White Beast Statue"},{"floor":9,"key":"MealTicket"},{"floor":26,"key":"Lizard Tail"}],"event_choices":[{"damage_healed":0,"gold_gain":0,"cards_transformed":["Strike_B"],"player_choice":"Change","damage_taken":0,"max_hp_gain":0,"max_hp_loss":0,"event_name":"Living Wall","floor":3,"gold_loss":0,"cards_obtained":["Undo"]},{"cards_removed":["Strike_B"],"damage_healed":0,"gold_gain":0,"player_choice":"Card Removal","damage_taken":7,"max_hp_gain":0,"max_hp_loss":0,"event_name":"Golden Wing","floor":5,"gold_loss":0},{"damage_healed":0,"gold_gain":0,"player_choice":"Shed Blood","damage_taken":25,"max_hp_gain":5,"max_hp_loss":0,"event_name":"Forgotten Altar","floor":20,"gold_loss":0},{"damage_healed":0,"gold_gain":0,"player_choice":"Got Potions","damage_taken":0,"max_hp_gain":0,"max_hp_loss":0,"event_name":"Lab","floor":21,"gold_loss":0}],"is_beta":false,"boss_relics":[{"not_picked":["Velvet Choker","Sozu"],"picked":"Cursed Key"}],"items_purged_floors":[2,19],"is_endless":false,"potions_floor_spawned":[1,10,11,13,14,16,18,22,24,25,27,28],"killed_by":"Snake Plant","ascension_level":20}}