{"host":"gknpnudn4hog7rzv","time":1612510041,"event":{"mods":["BaseMod","BetterRewards","Downfall","Hermit","Minty Spire (QoL Compilation)","Robot Space Explorer","StSLib","The Bladedancer","The Bug Knight","The Necromancer"],"gold_per_floor":[99,113,124,124,136,155,182,182,24,59,123,123,137,154,165,165,165,165],"floor_reached":16,"language":"ENG","playtime":709,"items_purged":[],"score":104,"play_id":"b5ee0c35-85d8-439d-8a56-dbbbb3db6a2c","local_time":"20210205002721","is_ascension_mode":false,"campfire_choices":[{"data":"Guardian:TwinSlam","floor":1,"key":"SMITH"},{"data":"Guardian:CurlUp","floor":8,"key":"SMITH"}],"circlet_count":0,"master_deck":["Guardian:Strike_Guardian","Guardian:Strike_Guardian","Guardian:Strike_Guardian","Guardian:Strike_Guardian+1","Guardian:Defend_Guardian","Guardian:Defend_Guardian+1","Guardian:Defend_Guardian","Guardian:Defend_Guardian+1","Guardian:CurlUp+1","Guardian:TwinSlam+1","Guardian:ChargeCore","Guardian:Incinerate","Guardian:Gem_Yellow","Guardian:Gem_Yellow","Guardian:Gem_Cyan","Guardian:Incinerate"],"relics":["Guardian:ModeShifter","Blood Vial","Bag of Preparation","War Paint","Lantern"],"acts_visited":["Exordium"],"potions_floor_usage":[10,11,14,15],"damage_taken":[{"damage":8,"enemies":"Jaw Worm","floor":2,"turns":3},{"damage":4,"enemies":"Cultist","floor":3,"turns":4},{"damage":0,"enemies":"Small Slimes","floor":5,"turns":3},{"damage":2,"enemies":"Blue Slaver","floor":6,"turns":5},{"damage":5,"enemies":"downfall:FleeingMerchant","floor":9,"turns":4},{"damage":22,"enemies":"3 Sentries","floor":10,"turns":8},{"damage":17,"enemies":"Lagavulin Event","floor":11,"turns":7},{"damage":6,"enemies":"Exordium Thugs","floor":13,"turns":4},{"damage":6,"enemies":"Lots of Slimes","floor":14,"turns":5},{"damage":0,"enemies":"2 Fungi Beasts","floor":15,"turns":3},{"damage":39,"enemies":"IC_STATUS_ARCHETYPE","floor":16,"turns":8}],"seed_played":"-1176140472497363015","potions_obtained":[{"floor":2,"key":"hexamod:SoulburnPotion"},{"floor":6,"key":"Energy Potion"},{"floor":11,"key":"GamblersBrew"},{"floor":13,"key":"DuplicationPotion"},{"floor":14,"key":"PowerPotion"}],"is_trial":false,"path_per_floor":["R","M","M","?","M","M","T","R","$","E","?","?","M","M","M","B"],"character_chosen":"GUARDIAN","items_purchased":["Bag of Preparation"],"campfire_rested":0,"item_purchase_floors":[9],"current_hp_per_floor":[88,80,76,76,76,74,74,74,71,51,36,36,32,28,30,0,0,0],"gold":165,"neow_bonus":"TEN_PERCENT_HP_BONUS","is_daily":false,"chose_seed":false,"campfire_upgraded":2,"win_rate":0.0,"timestamp":1612510041,"path_taken":["R","M","M","?","?","M","T","R","$","E","?","?","M","?","M","BOSS"],"items_purchased_type":["Relic"],"build_version":"2020-12-22","purchased_purges":0,"victory":false,"max_hp_per_floor":[88,88,88,88,88,88,88,88,88,88,88,88,88,88,88,88,88,88],"card_choices":[{"not_picked":["Guardian:Suspension","Guardian:Planning"],"picked":"Guardian:Gem_Yellow","floor":2},{"not_picked":["Guardian:Incinerate","Guardian:RollAttack","Guardian:ChargeCore"],"picked":"SKIP","floor":3},{"not_picked":["Guardian:GuardianWhirl","Guardian:Planning"],"picked":"Guardian:ChargeCore","floor":5},{"not_picked":["Guardian:VentSteam","Guardian:WalkerClaw","Guardian:Suspension"],"picked":"SKIP","floor":6},{"not_picked":["Guardian:Planning","Guardian:SphericShield"],"picked":"Guardian:Incinerate","floor":9},{"not_picked":["Guardian:TemporalShield","Guardian:AncientConstruct"],"picked":"Guardian:Gem_Yellow","floor":10},{"not_picked":["Guardian:ShieldCharger","Guardian:Gem_Blue","Guardian:PrismaticBeam"],"picked":"SKIP","floor":13},{"not_picked":["Guardian:Gem_Green","Guardian:TemporalStrike"],"picked":"Guardian:Gem_Cyan","floor":14},{"not_picked":["Guardian:ShieldCharger","Guardian:Gem_Blue"],"picked":"Guardian:Incinerate","floor":15}],"player_experience":369111,"relics_obtained":[{"floor":7,"key":"Blood Vial"},{"floor":10,"key":"War Paint"}],"event_choices":[],"is_beta":false,"boss_relics":[],"items_purged_floors":[],"is_endless":false,"potions_floor_spawned":[2,6,11,13,14],"killed_by":"IC_STATUS_ARCHETYPE","ascension_level":0}}