{"host":"kn32u0f2pym5bozc","time":1612509850,"event":{"mods":["2.2 Compatiblity","BaseMod","Better Third Choice","Minty Spire (QoL Compilation)","Permanent Neow","Relic Stats","StSLib","The Animator"],"gold_per_floor":[119,159,30,43,43,43,73,73,98,120,120,132,157,186,186,265,265,285,257,257,279,298,298,327,327,351,384,299,39,60,82,82,82,82],"floor_reached":33,"language":"ENG","playtime":2580,"items_purged":["animator:Strike","animator:Strike"],"score":612,"play_id":"777bf10f-a15e-4565-b976-8d106a7ce8fc","local_time":"20210205022410","is_ascension_mode":true,"campfire_choices":[{"data":"animator:Benimaru","floor":6.0,"key":"SMITH"},{"data":"animator:Chung","floor":8.0,"key":"SMITH"},{"data":"animator:DolaCouronne","floor":11.0,"key":"SMITH"},{"data":"animator:GuildGirl","floor":15.0,"key":"SMITH"},{"floor":23.0,"key":"REST"},{"data":"animator:Kaijin","floor":25.0,"key":"SMITH"},{"floor":32.0,"key":"REST"}],"circlet_count":0,"master_deck":["AscendersBane","animator:Strike_TenSura","animator:Strike","animator:Defend+1","animator:Defend","animator:Defend","animator:Benimaru+1","animator:Shuna","CurseOfTheBell","animator:SayakaMiki","animator:DolaCouronne+1","animator:Chung+1","animator:Souei","animator:IrohaTamaki","animator:ChaikaTrabant","animator:GuildGirl+1","animator:Greed","animator:Kaijin+1","animator:Melzalgald","animator:Vesta","animator:Tatsumaki","animator:IzunaHatsuse","animator:MetalKnight","animator:Darkness"],"relics":["animator:TheMissingPiece","animator:PurgingStone","Calling Bell","Akabeko","InkBottle","Peace Pipe","PreservedInsect","Anchor","Bag of Preparation","SlaversCollar","Omamori","Bronze Scales","Darkstone Periapt","Molten Egg 2","animator:ShionDessert"],"acts_visited":["Exordium","TheCity"],"potions_floor_usage":[33],"damage_taken":[{"damage":0.0,"enemies":"Small Slimes","floor":1.0,"turns":3.0},{"damage":2.0,"enemies":"2 Louse","floor":4.0,"turns":3.0},{"damage":5.0,"enemies":"3 Sentries","floor":7.0,"turns":11.0},{"damage":0.0,"enemies":"Cultist","floor":10.0,"turns":4.0},{"damage":7.0,"enemies":"Large Slime","floor":12.0,"turns":6.0},{"damage":0.0,"enemies":"Blue Slaver","floor":13.0,"turns":3.0},{"damage":0.0,"enemies":"Gremlin Nob","floor":14.0,"turns":3.0},{"damage":3.0,"enemies":"The Guardian","floor":16.0,"turns":9.0},{"damage":0.0,"enemies":"Shell Parasite","floor":18.0,"turns":9.0},{"damage":7.0,"enemies":"2 Thieves","floor":19.0,"turns":4.0},{"damage":8.0,"enemies":"Centurion and Healer","floor":21.0,"turns":12.0},{"damage":12.0,"enemies":"Snake Plant","floor":22.0,"turns":6.0},{"damage":6.0,"enemies":"Gremlin Leader","floor":24.0,"turns":6.0},{"damage":16.0,"enemies":"Slavers","floor":27.0,"turns":6.0},{"damage":12.0,"enemies":"Snecko","floor":30.0,"turns":5.0},{"damage":15.0,"enemies":"Cultist and Chosen","floor":31.0,"turns":6.0},{"damage":19,"enemies":"Collector","floor":33,"turns":3}],"seed_played":"3121154857886675255","potions_obtained":[{"floor":7.0,"key":"Swift Potion"},{"floor":13.0,"key":"EntropicBrew"},{"floor":19.0,"key":"Energy Potion"},{"floor":21.0,"key":"BlessingOfTheForge"},{"floor":30.0,"key":"LiquidBronze"}],"is_trial":false,"path_per_floor":["M","?","$","M","?","R","E","R","T","M","R","M","M","E","R","B",null,"M","M","?","M","M","R","E","R","T","E","?","$","M","M","R","B"],"character_chosen":"THE_ANIMATOR","items_purchased":["AttackPotion","animator:ShionDessert"],"campfire_rested":2,"item_purchase_floors":[3,29],"current_hp_per_floor":[54,54,54,52,52,52,47,47,47,47,47,40,40,40,40,37,54,55,48,48,40,28,46,40,40,40,24,24,24,12,1,19,0,0],"gold":82,"neow_bonus":"BOSS_RELIC","is_daily":false,"chose_seed":false,"campfire_upgraded":5,"win_rate":0.0,"timestamp":1612509850,"path_taken":["M","?","$","M","?","R","E","R","T","M","R","M","M","E","R","BOSS","M","M","?","M","M","R","E","R","T","E","?","$","M","M","R","BOSS"],"items_purchased_type":["Potion","Relic"],"build_version":"2020-12-22","purchased_purges":2,"victory":false,"max_hp_per_floor":[60,60,60,60,60,60,60,60,60,60,60,60,60,60,60,60,60,61,61,61,61,61,61,61,61,61,61,61,61,61,61,61,61,61],"relic_stats":{"Peace Pipe":0,"Darkstone Periapt":0,"counters":[17,97],"Bronze Scales":[51],"PreservedInsect":110,"Bag of Preparation":[20],"obtain_stats":[{"Darkstone Periapt":27,"animator:ShionDessert":29,"animator:TheMissingPiece":0,"PreservedInsect":7,"Bag of Preparation":14,"Omamori":24,"Akabeko":0,"Calling Bell":0,"Peace Pipe":0,"SlaversCollar":17,"Anchor":9,"animator:PurgingStone":0,"Bronze Scales":26,"Molten Egg 2":28,"animator:LivingPicture":0,"InkBottle":0},{"Darkstone Periapt":14,"animator:ShionDessert":14,"animator:TheMissingPiece":0,"PreservedInsect":3,"Bag of Preparation":7,"Omamori":13,"Akabeko":0,"Calling Bell":0,"Peace Pipe":0,"SlaversCollar":8,"Anchor":3,"animator:PurgingStone":0,"Bronze Scales":13,"Molten Egg 2":14,"animator:LivingPicture":0,"InkBottle":0},{"Darkstone Periapt":83,"animator:ShionDessert":83,"animator:TheMissingPiece":0,"PreservedInsect":17,"Bag of Preparation":33,"Omamori":77,"Akabeko":0,"Calling Bell":0,"Peace Pipe":0,"SlaversCollar":42,"Anchor":17,"animator:PurgingStone":0,"Bronze Scales":77,"Molten Egg 2":83,"animator:LivingPicture":0,"InkBottle":0}],"InkBottle":[23]},"card_choices":[{"not_picked":["animator:Ciel","animator:MaesHughes"],"picked":"animator:SayakaMiki","floor":1.0},{"not_picked":["animator:YaoHaDucy","animator:Demiurge"],"picked":"animator:DolaCouronne","floor":4.0},{"not_picked":["animator:Benimaru","animator:Tyuule"],"picked":"animator:Chung","floor":7.0},{"not_picked":["animator:Shion","animator:Shuna"],"picked":"animator:Souei","floor":10.0},{"not_picked":["animator:Spearman","animator:FielNirvalen"],"picked":"animator:IrohaTamaki","floor":12.0},{"not_picked":["animator:OrikoMikuni","animator:ShinjiMatou"],"picked":"animator:ChaikaTrabant","floor":13.0},{"not_picked":["animator:FielNirvalen","animator:Tatsumaki"],"picked":"animator:GuildGirl","floor":14.0},{"not_picked":["animator:HomuraAkemi","animator:Biyorigo"],"picked":"animator:Greed","floor":16.0},{"not_picked":["animator:Benimaru","animator:Shuna"],"picked":"animator:Kaijin","floor":18.0},{"not_picked":["animator:Shigure","animator:TukaLunaMarceau+1"],"picked":"animator:Melzalgald","floor":19.0},{"not_picked":["animator:Hitei","animator:KyokoSakura","animator:Pride"],"picked":"SKIP","floor":21.0},{"not_picked":["animator:DolaSchwi","animator:LizardPriest"],"picked":"animator:Tatsumaki","floor":22.0},{"not_picked":["animator:FielNirvalen","animator:DolaCouronne"],"picked":"animator:IzunaHatsuse","floor":24.0},{"not_picked":["animator:DolaCouronne","animator:Assassin"],"picked":"animator:MetalKnight","floor":27.0},{"not_picked":["animator:Shinoa","animator:Spearman+1","animator:CrowleyEusford+1"],"picked":"SKIP","floor":30.0},{"not_picked":["animator:YuiTsuruno+1","animator:Emonzaemon+1"],"picked":"animator:Darkness","floor":31.0}],"player_experience":902094,"relics_obtained":[{"floor":0.0,"key":"Akabeko"},{"floor":0.0,"key":"InkBottle"},{"floor":0.0,"key":"Peace Pipe"},{"floor":7.0,"key":"PreservedInsect"},{"floor":9.0,"key":"Anchor"},{"floor":14.0,"key":"Bag of Preparation"},{"floor":24.0,"key":"Omamori"},{"floor":26.0,"key":"Bronze Scales"},{"floor":27.0,"key":"Darkstone Periapt"}],"event_choices":[{"damage_healed":0.0,"max_hp_gain":0.0,"max_hp_loss":0.0,"gold_gain":0.0,"event_name":"The Cleric","player_choice":"Leave","floor":5.0,"gold_loss":0.0,"damage_taken":0.0},{"damage_healed":0.0,"max_hp_gain":0.0,"max_hp_loss":0.0,"gold_gain":0.0,"event_name":"The Library","player_choice":"Read","floor":20.0,"gold_loss":0.0,"damage_taken":0.0,"cards_obtained":["animator:Vesta"]},{"damage_healed":0.0,"max_hp_gain":0.0,"max_hp_loss":0.0,"gold_gain":0.0,"event_name":"Addict","player_choice":"Obtained Relic","floor":28.0,"gold_loss":85.0,"damage_taken":0.0,"relics_obtained":["Molten Egg 2"]}],"is_beta":false,"boss_relics":[{"not_picked":["Coffee Dripper","Philosopher\u0027s Stone"],"picked":"SlaversCollar"}],"items_purged_floors":[3,29],"is_endless":false,"potions_floor_spawned":[7,13,19,21,30],"killed_by":"Collector","ascension_level":18}}