{"host":"wubxp7apcx31ieu1","time":1612553998,"event":{"mods":["AchievementEnabler","BaseMod","Colored Map","Colored Powertips","Highlight Path","Minty Spire (QoL Compilation)","Permanent Neow","Quick Restart","Random Character Button","SuperFastMode","Synergy Search"],"gold_per_floor":[366,382,392,73,93,120,137,165,189,205,205,218,218,218,218,317,317,327,327,343,354,379,148,148,158,158,172,172,172,191,218,218,316,316,331,351,351,367,381,412,462,474,474,507,50,50,9,24,24,24],"floor_reached":51,"language":"ENG","playtime":4892,"items_purged":["Strike_P","Strike_P"],"score":768,"play_id":"a4036486-fe69-4a22-bfec-86edc9644ddf","local_time":"20210206033958","is_ascension_mode":false,"campfire_choices":[{"data":"Eruption","floor":11.0,"key":"SMITH"},{"data":"SashWhip","floor":13.0,"key":"SMITH"},{"floor":15.0,"key":"REST"},{"data":"Study","floor":24.0,"key":"SMITH"},{"floor":29.0,"key":"REST"},{"floor":32.0,"key":"REST"},{"data":"1","floor":49,"key":"LIFT"}],"circlet_count":0,"master_deck":["Strike_P","Strike_P","Defend_P+1","Defend_P+1","Eruption+1","Vigilance","BowlingBash","SashWhip+1","EmptyBody","JustLucky","EmptyFist","CarveReality","ThirdEye","Halt","EmptyMind","Sanctity","SashWhip","Study+1","Scrawl","LikeWater","EmptyFist","FlurryOfBlows+1","FlyingSleeves+1","Nirvana","FollowUp","TalkToTheHand","FlurryOfBlows+1","Indignation","Vault","Indignation","Sadistic Nature","CutThroughFate","Adaptation+1","FollowUp+1","Wallop","DevaForm","TalkToTheHand","CrushJoints"],"relics":["PureWater","Dream Catcher","Bronze Scales","Happy Flower","Empty Cage","Nloth\u0027s Gift","Red Mask","Potion Belt","Kunai","HornCleat","Lantern","Cursed Key","Oddly Smooth Stone","Girya","The Courier","Bottled Lightning"],"acts_visited":["TheCity","TheBeyond"],"potions_floor_usage":[50,50,50,50,50],"damage_taken":[{"damage":0.0,"enemies":"Cultist","floor":1.0,"turns":2.0},{"damage":0.0,"enemies":"2 Louse","floor":2.0,"turns":2.0},{"damage":0.0,"enemies":"Jaw Worm","floor":3.0,"turns":3.0},{"damage":2.0,"enemies":"Gremlin Gang","floor":5.0,"turns":5.0},{"damage":10.0,"enemies":"Gremlin Nob","floor":6.0,"turns":3.0},{"damage":2.0,"enemies":"Exordium Thugs","floor":7.0,"turns":5.0},{"damage":0.0,"enemies":"Lagavulin","floor":8.0,"turns":2.0},{"damage":0.0,"enemies":"Exordium Wildlife","floor":10.0,"turns":2.0},{"damage":1.0,"enemies":"Gremlin Gang","floor":12.0,"turns":3.0},{"damage":15.0,"enemies":"Hexaghost","floor":16.0,"turns":11.0},{"damage":10.0,"enemies":"2 Thieves","floor":18.0,"turns":4.0},{"damage":12.0,"enemies":"Shell Parasite","floor":20.0,"turns":6.0},{"damage":9.0,"enemies":"Shelled Parasite and Fungi","floor":21.0,"turns":6.0},{"damage":0.0,"enemies":"Masked Bandits","floor":22.0,"turns":2.0},{"damage":6.0,"enemies":"3 Cultists","floor":25.0,"turns":5.0},{"damage":9.0,"enemies":"Snake Plant","floor":27.0,"turns":4.0},{"damage":5.0,"enemies":"Shelled Parasite and Fungi","floor":30.0,"turns":3.0},{"damage":21.0,"enemies":"Slavers","floor":31.0,"turns":7.0},{"damage":19.0,"enemies":"Collector","floor":33.0,"turns":9.0},{"damage":5.0,"enemies":"3 Darklings","floor":35.0,"turns":4.0},{"damage":0.0,"enemies":"Orb Walker","floor":36.0,"turns":3.0},{"damage":0.0,"enemies":"Sphere and 2 Shapes","floor":38.0,"turns":3.0},{"damage":0.0,"enemies":"Transient","floor":39.0,"turns":5.0},{"damage":2.0,"enemies":"Nemesis","floor":40.0,"turns":9.0},{"damage":0.0,"enemies":"Mind Bloom Boss Battle","floor":41.0,"turns":5.0},{"damage":0.0,"enemies":"Writhing Mass","floor":42.0,"turns":5.0},{"damage":19,"enemies":"Reptomancer","floor":44,"turns":7},{"damage":1,"enemies":"Sphere and 2 Shapes","floor":48,"turns":7},{"damage":4,"enemies":"Awakened One","floor":50,"turns":7}],"seed_played":"-2833504751382757521","potions_obtained":[{"floor":1.0,"key":"FearPotion"},{"floor":6.0,"key":"LiquidMemories"},{"floor":8.0,"key":"SteroidPotion"},{"floor":10.0,"key":"Dexterity Potion"},{"floor":16.0,"key":"LiquidBronze"},{"floor":20.0,"key":"Strength Potion"},{"floor":27.0,"key":"Ancient Potion"},{"floor":33.0,"key":"BlessingOfTheForge"},{"floor":39.0,"key":"Dexterity Potion"},{"floor":40.0,"key":"LiquidBronze"},{"floor":44,"key":"Dexterity Potion"}],"is_trial":false,"path_per_floor":["M","M","M","$","M","E","M","E","T","M","R","M","R","?","R","B",null,"M","?","M","M","?","$","R","M","T","M","T","R","M","E","R","B",null,"M","M","?","M","M","E","?","M","T","E","$","T","$","M","R","B",null],"character_chosen":"WATCHER","items_purchased":["Dream Catcher","JustLucky","EmptyFist","DuplicationPotion","Potion Belt","Bottled Lightning","TalkToTheHand","CultistPotion","CrushJoints","ColorlessPotion"],"campfire_rested":3,"item_purchase_floors":[4,4,4,23,23,45,45,45,45,47],"current_hp_per_floor":[51,51,51,51,49,39,37,37,37,37,37,36,36,22,43,28,72,62,62,50,41,41,41,41,35,35,26,26,47,42,21,42,23,72,67,67,67,67,67,65,65,65,65,46,46,46,46,45,45,41],"gold":24,"neow_bonus":"TWO_FIFTY_GOLD","is_daily":false,"chose_seed":false,"campfire_upgraded":3,"win_rate":0.0,"timestamp":1612553998,"path_taken":["M","M","?","$","M","E","M","E","T","M","R","M","R","?","R","BOSS","M","?","?","M","?","$","R","M","T","M","?","R","M","E","R","BOSS","M","?","?","M","M","E","?","M","T","E","$","?","?","M","R","BOSS"],"items_purchased_type":["Relic","Card","Card","Potion","Relic","Relic","Card","Potion","Card","Potion"],"build_version":"2020-12-22","purchased_purges":2,"victory":true,"max_hp_per_floor":[72,72,72,72,72,72,72,72,72,72,72,72,72,72,72,72,72,72,72,72,72,72,72,72,72,72,72,72,72,72,72,72,72,72,72,72,72,72,72,72,72,72,72,72,72,72,72,72,72,72],"card_choices":[{"not_picked":["Swivel","WreathOfFlame"],"picked":"BowlingBash","floor":1.0},{"not_picked":["PathToVictory","Worship"],"picked":"SashWhip","floor":2.0},{"not_picked":["Protect","FlurryOfBlows"],"picked":"EmptyBody","floor":3.0},{"not_picked":["Fasting2","Study"],"picked":"CarveReality","floor":5.0},{"not_picked":["CutThroughFate","Ragnarok"],"picked":"ThirdEye","floor":6.0},{"not_picked":["BattleHymn","Prostrate"],"picked":"Halt","floor":7.0},{"not_picked":["Halt","BattleHymn"],"picked":"EmptyMind","floor":8.0},{"not_picked":["WaveOfTheHand","PathToVictory"],"picked":"Sanctity","floor":10.0},{"not_picked":["EmptyBody","SandsOfTime"],"picked":"SashWhip","floor":12.0},{"not_picked":["Devotion","PathToVictory"],"picked":"Study","floor":15.0},{"not_picked":["Establishment","ConjureBlade"],"picked":"Scrawl","floor":16.0},{"not_picked":["SignatureMove+1","Perseverance"],"picked":"LikeWater","floor":18.0},{"not_picked":["LikeWater","Halt"],"picked":"EmptyFist","floor":20.0},{"not_picked":["DeusExMachina","Tantrum"],"picked":"FlurryOfBlows+1","floor":21.0},{"not_picked":["Consecrate","SashWhip"],"picked":"FlyingSleeves+1","floor":22.0},{"not_picked":["BowlingBash","Consecrate","Perseverance"],"picked":"SKIP","floor":25.0},{"not_picked":["PathToVictory","EmptyFist"],"picked":"Nirvana","floor":27.0},{"not_picked":["PathToVictory","CrushJoints"],"picked":"FollowUp","floor":29.0},{"not_picked":["Consecrate","BowlingBash+1"],"picked":"TalkToTheHand","floor":30.0},{"not_picked":["MasterReality","Conclude"],"picked":"FlurryOfBlows+1","floor":31.0},{"not_picked":["Consecrate","ThirdEye+1"],"picked":"Indignation","floor":32.0},{"not_picked":["Ragnarok","Establishment"],"picked":"Vault","floor":33.0},{"not_picked":["Protect","EmptyBody","Prostrate"],"picked":"SKIP","floor":35.0},{"not_picked":["Ragnarok","Crescendo"],"picked":"Indignation","floor":36.0},{"not_picked":["Madness","Forethought"],"picked":"Sadistic Nature","floor":37.0},{"not_picked":["Halt","Indignation"],"picked":"CutThroughFate","floor":38.0},{"not_picked":["Collect","Protect","Study+1"],"picked":"SKIP","floor":39.0},{"not_picked":["Ragnarok","FlyingSleeves"],"picked":"Adaptation+1","floor":40.0},{"not_picked":["JustLucky+1","WheelKick"],"picked":"FollowUp+1","floor":41.0},{"not_picked":["WheelKick","Prostrate+1"],"picked":"Wallop","floor":42.0},{"not_picked":["CrushJoints+1","FlyingSleeves+1"],"picked":"DevaForm","floor":44},{"not_picked":["ThirdEye","SandsOfTime","Pray"],"picked":"SKIP","floor":48}],"player_experience":64938,"relics_obtained":[{"floor":6.0,"key":"Bronze Scales"},{"floor":8.0,"key":"Boot"},{"floor":9.0,"key":"Happy Flower"},{"floor":22.0,"key":"Red Mask"},{"floor":26.0,"key":"Kunai"},{"floor":28.0,"key":"HornCleat"},{"floor":31.0,"key":"Lantern"},{"floor":40.0,"key":"Oddly Smooth Stone"},{"floor":41.0,"key":"Girya"},{"floor":44,"key":"The Courier"}],"event_choices":[{"damage_healed":0.0,"max_hp_gain":0.0,"max_hp_loss":0.0,"gold_gain":0.0,"event_name":"Shining Light","player_choice":"Entered Light","floor":14.0,"gold_loss":0.0,"damage_taken":14.0,"cards_upgraded":["Defend_P","Defend_P"]},{"damage_healed":0.0,"max_hp_gain":0.0,"max_hp_loss":0.0,"gold_gain":0.0,"event_name":"N\u0027loth","player_choice":"Traded Relic","floor":19.0,"relics_lost":["Boot"],"gold_loss":0.0,"damage_taken":0.0,"relics_obtained":["Nloth\u0027s Gift"]},{"damage_healed":0.0,"max_hp_gain":0.0,"max_hp_loss":0.0,"gold_gain":0.0,"event_name":"Masked Bandits","player_choice":"Fought Bandits","floor":22.0,"gold_loss":0.0,"damage_taken":0.0},{"damage_healed":0.0,"max_hp_gain":0.0,"max_hp_loss":0.0,"gold_gain":0.0,"event_name":"SensoryStone","player_choice":"Memory 1","floor":37.0,"gold_loss":0.0,"damage_taken":0.0},{"damage_healed":0.0,"max_hp_gain":0.0,"max_hp_loss":0.0,"gold_gain":0.0,"event_name":"MindBloom","player_choice":"Fight","floor":41.0,"gold_loss":0.0,"damage_taken":0.0}],"is_beta":false,"boss_relics":[{"not_picked":["Runic Dome","Tiny House"],"picked":"Empty Cage"},{"not_picked":["Snecko Eye","Busted Crown"],"picked":"Cursed Key"}],"items_purged_floors":[4,45],"is_endless":false,"potions_floor_spawned":[1,6,8,10,16,20,27,33,39,40,44],"ascension_level":0}}