{"host":"my4gslufyvqsq7r2","time":1612489549,"event":{"mods":["BaseMod","Colored Powertips","Hubris","Infinite Spire","Minty Spire (QoL Compilation)","Replay The Spire","StSLib"],"gold_per_floor":[119,138,91,105,105,118,118,50,50,20,20,53,69,15,15,114,114,134,134,154,154,154],"floor_reached":21,"language":"ENG","playtime":1419,"items_purged":[],"score":197,"play_id":"5cc58aae-ef22-4b08-8c3c-83cda6cc6abc","local_time":"20210204204549","is_ascension_mode":true,"campfire_choices":[{"data":"Cloak And Dagger","floor":7,"key":"SMITH"},{"data":"Cloak And Dagger","floor":11,"key":"SMITH"},{"floor":15,"key":"REST"}],"circlet_count":0,"master_deck":["Strike_G","Strike_G","Strike_G","Strike_G","Strike_G","Defend_G+1","Defend_G","Defend_G","Defend_G","Defend_G","Survivor","Neutralize","ReplayTheSpireMod:Shiv Toss+1","Cloak And Dagger+1","PiercingWail+1","ReplayTheSpireMod:Scrap Shanks","Cloak And Dagger+1","Concentrate","Dodge and Roll","Cloak And Dagger","Tools of the Trade","Deflect","Prepared"],"relics":["Ring of the Snake","Anchor","Blue Doll","War Paint","hubris:VirtuousBlindfold"],"acts_visited":["Exordium","TheCity"],"potions_floor_usage":[12,12,12,21,21],"damage_taken":[{"damage":0,"enemies":"Cultist","floor":1,"turns":4},{"damage":8,"enemies":"Small Slimes","floor":2,"turns":5},{"damage":0,"enemies":"2 Louse","floor":4,"turns":4},{"damage":0,"enemies":"Exordium Wildlife","floor":6,"turns":4},{"damage":0,"enemies":"Looter","floor":10,"turns":4},{"damage":22,"enemies":"Gremlin Nob","floor":12,"turns":4},{"damage":19,"enemies":"Exordium Thugs","floor":13,"turns":7},{"damage":22,"enemies":"Hexaghost","floor":16,"turns":10},{"damage":28,"enemies":"Spheric Guardian","floor":18,"turns":6},{"damage":8,"enemies":"Shell Parasite","floor":20,"turns":6},{"damage":41,"enemies":"Masked Bandits","floor":21,"turns":5}],"seed_played":"-4717874967511492058","potions_obtained":[{"floor":1,"key":"Cursed Concoction"},{"floor":2,"key":"CunningPotion"},{"floor":6,"key":"CunningPotion"},{"floor":12,"key":"SpeedPotion"},{"floor":20,"key":"Swift Potion"}],"is_trial":false,"path_per_floor":["M","M","$","M","?","M","R","$","T","M","R","E","M","$","R","B",null,"M","?","M","?"],"character_chosen":"THE_SILENT","items_purchased":["Cloak And Dagger","ReplayTheSpireMod:Scrap Shanks","Cloak And Dagger"],"campfire_rested":1,"item_purchase_floors":[3,8,14],"current_hp_per_floor":[70,62,62,62,62,62,62,62,62,62,62,40,21,21,42,20,70,42,42,34,0,0],"gold":154,"neow_bonus":"RANDOM_COMMON_RELIC","is_daily":false,"chose_seed":false,"campfire_upgraded":2,"win_rate":0.0,"timestamp":1612489549,"path_taken":["M","?","$","M","?","M","R","?","T","M","R","E","M","$","R","BOSS","M","?","M","?"],"items_purchased_type":["Card","Card","Card"],"build_version":"2020-12-22","purchased_purges":0,"victory":false,"max_hp_per_floor":[70,70,70,70,70,70,70,70,70,70,70,70,70,70,70,70,70,70,70,70,70,70],"card_choices":[{"not_picked":["Outmaneuver","Well Laid Plans"],"picked":"ReplayTheSpireMod:Shiv Toss","floor":1},{"not_picked":["Distraction","Heel Hook","Well Laid Plans"],"picked":"SKIP","floor":2},{"not_picked":["Flying Knee","Dodge and Roll"],"picked":"PiercingWail","floor":4},{"not_picked":["ReplayTheSpireMod:Speed Training","Sneak Up","Skewer"],"picked":"SKIP","floor":6},{"not_picked":["Accuracy","Draining Mist"],"picked":"Cloak And Dagger","floor":10},{"not_picked":["PiercingWail","Poisoned Stab"],"picked":"Concentrate","floor":12},{"not_picked":["Bane","Flying Knee"],"picked":"Dodge and Roll","floor":13},{"not_picked":["ReplayTheSpireMod:Necrosis","Poison Darts"],"picked":"Tools of the Trade","floor":16},{"not_picked":["Dodge and Roll","hubris:TrickCloak"],"picked":"Deflect","floor":18},{"not_picked":["Distraction","Flying Knee"],"picked":"Prepared","floor":20}],"player_experience":437371,"relics_obtained":[{"floor":9,"key":"Blue Doll"},{"floor":12,"key":"War Paint"}],"event_choices":[{"damage_healed":0,"gold_gain":0,"player_choice":"Upgraded","damage_taken":0,"max_hp_gain":0,"max_hp_loss":0,"event_name":"Upgrade Shrine","floor":5,"gold_loss":0,"cards_upgraded":["ReplayTheSpireMod:Shiv Toss"]},{"damage_healed":0,"gold_gain":0,"player_choice":"Ignored","damage_taken":0,"max_hp_gain":0,"max_hp_loss":0,"event_name":"Vampires","floor":19,"gold_loss":0},{"damage_healed":0,"gold_gain":0,"player_choice":"Fought Bandits","damage_taken":0,"max_hp_gain":0,"max_hp_loss":0,"event_name":"Masked Bandits","floor":21,"gold_loss":0}],"is_beta":false,"boss_relics":[{"not_picked":["Kintsugi","infinitespire:Cupcake"],"picked":"hubris:VirtuousBlindfold"}],"items_purged_floors":[],"is_endless":false,"potions_floor_spawned":[1,2,6,12,20],"killed_by":"Masked Bandits","ascension_level":2}}