{"host":"d52brwsy6af8zvaq","time":1612500502,"event":{"mods":["AchievementEnabler","BaseMod","Bestiary","Highlight Path","Minty Spire (QoL Compilation)","Quick Restart","Relic Stats","ojb\u0027s Better Paths Mod"],"gold_per_floor":[113,123,65,92,167,167,179,211,285,285,285],"floor_reached":10,"language":"ENG","playtime":628,"items_purged":[],"score":132,"play_id":"7d3285c7-fb44-472d-9c80-64a7e7ce36b4","local_time":"20210204214822","is_ascension_mode":true,"campfire_choices":[{"data":"Zap","floor":6,"key":"SMITH"}],"circlet_count":0,"master_deck":["AscendersBane","Strike_B","Strike_B","Strike_B","Strike_B","Defend_B","Defend_B","Defend_B","Defend_B","Zap+1","Dualcast","Steam","Hello World","Leap","Doom and Gloom","Stack"],"relics":["Cracked Core","Bag of Preparation","CaptainsWheel","Frozen Egg 2"],"acts_visited":["Exordium"],"potions_floor_usage":[],"damage_taken":[{"damage":1,"enemies":"Cultist","floor":1,"turns":3},{"damage":2,"enemies":"2 Louse","floor":2,"turns":3},{"damage":1,"enemies":"Small Slimes","floor":7,"turns":4},{"damage":24,"enemies":"3 Sentries","floor":8,"turns":6},{"damage":49,"enemies":"Gremlin Nob","floor":10,"turns":4}],"seed_played":"1182530460584078039","potions_obtained":[{"floor":1,"key":"PotionOfCapacity"},{"floor":7,"key":"SpeedPotion"}],"is_trial":false,"path_per_floor":["M","M","$","T","?","R","M","E","T","E"],"character_chosen":"DEFECT","items_purchased":["Leap"],"campfire_rested":0,"item_purchase_floors":[3],"current_hp_per_floor":[70,68,68,68,57,57,56,32,32,0,0],"gold":285,"neow_bonus":"TEN_PERCENT_HP_BONUS","is_daily":false,"chose_seed":false,"campfire_upgraded":1,"win_rate":0.0,"timestamp":1612500502,"path_taken":["M","M","$","?","?","R","M","E","T","E"],"items_purchased_type":["Card"],"build_version":"2020-12-22","purchased_purges":0,"victory":false,"max_hp_per_floor":[78,78,78,78,78,78,78,78,78,78,78],"relic_stats":{"counters":[5,20],"Bag of Preparation":[6],"obtain_stats":[{"CaptainsWheel":8,"Bag of Preparation":4,"Frozen Egg 2":9,"Cracked Core":0},{"CaptainsWheel":4,"Bag of Preparation":2,"Frozen Egg 2":4,"Cracked Core":0},{"CaptainsWheel":16,"Bag of Preparation":6,"Frozen Egg 2":16,"Cracked Core":0}]},"card_choices":[{"not_picked":["Blizzard","Skim"],"picked":"Steam","floor":1},{"not_picked":["Consume","Steam Power"],"picked":"Hello World","floor":2},{"not_picked":["Melter","Lockon"],"picked":"Doom and Gloom","floor":7},{"not_picked":["Thunder Strike","Rebound"],"picked":"Stack","floor":8}],"player_experience":2146695,"relics_obtained":[{"floor":4,"key":"Bag of Preparation"},{"floor":8,"key":"CaptainsWheel"},{"floor":9,"key":"Frozen Egg 2"}],"event_choices":[{"damage_healed":0,"gold_gain":75,"player_choice":"Gather Gold","damage_taken":11,"max_hp_gain":0,"max_hp_loss":0,"event_name":"World of Goop","floor":5,"gold_loss":0}],"is_beta":false,"boss_relics":[],"items_purged_floors":[],"is_endless":false,"potions_floor_spawned":[1,7],"killed_by":"Gremlin Nob","ascension_level":20}}