{"host":"vyjryxuuuxkt43k4","time":1612509915,"event":{"mods":["AchievementEnabler","BaseMod","Colored Map","DeckTracker","Highlight Path","Keyboard Shortcuts","Minty Spire (QoL Compilation)","Permanent Neow","Quick Restart","Relic Stats","StSLib","SuperFastMode","everything is the same but u backflip on backflip"],"gold_per_floor":[118,135,115,128,147,147,167,167,167,167,167,167,167,167,167,167,167],"floor_reached":16,"language":"KOR","playtime":1237,"items_purged":[],"score":171,"play_id":"c4ec996f-5ece-4b70-a3b5-145127bd3921","local_time":"20210205162515","is_ascension_mode":true,"campfire_choices":[{"data":"All Out Attack","floor":6,"key":"SMITH"},{"floor":8,"key":"REST"},{"data":"Neutralize","floor":10,"key":"SMITH"},{"data":"Storm of Steel","floor":12,"key":"SMITH"},{"data":"Cloak And Dagger","floor":15,"key":"SMITH"}],"circlet_count":0,"master_deck":["AscendersBane","Strike_G","Strike_G","Strike_G+1","Strike_G","Defend_G","Defend_G+1","Defend_G","Survivor","Neutralize+1","Setup","Storm of Steel+1","Cloak And Dagger+1","Flying Knee","All Out Attack+1","Backflip"],"relics":["Ring of the Snake","Bottled Lightning"],"acts_visited":["Exordium"],"potions_floor_usage":[16],"damage_taken":[{"damage":6,"enemies":"Small Slimes","floor":1,"turns":5},{"damage":4,"enemies":"Cultist","floor":2,"turns":5},{"damage":0,"enemies":"2 Louse","floor":4,"turns":3},{"damage":13,"enemies":"Large Slime","floor":5,"turns":9},{"damage":0,"enemies":"Gremlin Gang","floor":7,"turns":1},{"damage":38,"enemies":"Slime Boss","floor":16,"turns":10}],"seed_played":"7648396025852425057","potions_obtained":[{"floor":2,"key":"Weak Potion"},{"floor":3,"key":"Explosive Potion"},{"floor":5,"key":"PowerPotion"},{"floor":7,"key":"SmokeBomb"}],"is_trial":false,"path_per_floor":["M","M","?","M","M","R","M","R","T","R","?","R","?","?","R","B"],"character_chosen":"THE_SILENT","items_purchased":[],"campfire_rested":1,"item_purchase_floors":[],"current_hp_per_floor":[38,34,34,34,21,21,21,40,40,40,20,20,42,35,35,0,0],"gold":167,"neow_bonus":"TRANSFORM_TWO_CARDS","is_daily":false,"chose_seed":false,"campfire_upgraded":4,"win_rate":0.0,"timestamp":1612509915,"path_taken":["M","M","?","M","?","R","M","R","T","R","?","R","?","?","R","BOSS"],"items_purchased_type":[],"build_version":"2020-12-22","purchased_purges":0,"victory":false,"max_hp_per_floor":[66,66,66,66,66,66,66,66,66,66,66,66,66,66,66,66,66],"relic_stats":{"counters":[6,33],"obtain_stats":[{"Bottled Lightning":9,"Ring of the Snake":0},{"Bottled Lightning":5,"Ring of the Snake":0},{"Bottled Lightning":23,"Ring of the Snake":0}],"Ring of the Snake":[12]},"card_choices":[{"not_picked":["Underhanded Strike","Caltrops"],"picked":"Cloak And Dagger","floor":1},{"not_picked":["Bane","Deflect","Backflip"],"picked":"SKIP","floor":2},{"not_picked":["Cloak And Dagger","Blur"],"picked":"Flying Knee","floor":4},{"not_picked":["Quick Slash","Well Laid Plans"],"picked":"All Out Attack","floor":5},{"not_picked":["Cloak And Dagger","Underhanded Strike"],"picked":"Backflip","floor":7}],"player_experience":744925,"relics_obtained":[{"floor":9,"key":"Bottled Lightning"}],"event_choices":[{"damage_healed":0,"gold_gain":0,"player_choice":"Bought 1 Potion","damage_taken":0,"max_hp_gain":0,"max_hp_loss":0,"event_name":"The Woman in Blue","floor":3,"gold_loss":0},{"damage_healed":0,"gold_gain":0,"player_choice":"Entered Light","damage_taken":20,"max_hp_gain":0,"max_hp_loss":0,"event_name":"Shining Light","floor":11,"gold_loss":0,"cards_upgraded":["Defend_G","Strike_G"]},{"damage_healed":22,"gold_gain":0,"player_choice":"Banana","damage_taken":0,"max_hp_gain":0,"max_hp_loss":0,"event_name":"Big Fish","floor":13,"gold_loss":0},{"cards_removed":["Defend_G"],"damage_healed":0,"gold_gain":0,"player_choice":"Card Removal","damage_taken":7,"max_hp_gain":0,"max_hp_loss":0,"event_name":"Golden Wing","floor":14,"gold_loss":0}],"is_beta":false,"boss_relics":[],"items_purged_floors":[],"is_endless":false,"potions_floor_spawned":[2,5,7],"killed_by":"Slime Boss","ascension_level":18}}