{"host":"5mo0809oo9tcrmpl","time":1612488591,"event":{"mods":["BaseMod","Highlight Path","Minty Spire (QoL Compilation)","Relic Stats","Slay the Relics Exporter"],"gold_per_floor":[111,128,147,164,181,181,208,208,277,292,321,321,321,333,333,333,333],"floor_reached":16,"language":"ENG","playtime":695,"items_purged":[],"score":228,"play_id":"5b4ee66a-4293-40d0-9006-6693c5a59df8","local_time":"20210204192951","is_ascension_mode":true,"campfire_choices":[{"data":"Bash","floor":6.0,"key":"SMITH"},{"data":"Metallicize","floor":8.0,"key":"SMITH"},{"data":"Whirlwind","floor":12.0,"key":"SMITH"},{"floor":15.0,"key":"DIG"}],"circlet_count":0,"master_deck":["AscendersBane","Strike_R","Strike_R","Strike_R","Strike_R","Defend_R","Defend_R","Defend_R","Defend_R","Bash+1","Clothesline","Seeing Red","Iron Wave","Shrug It Off","Battle Trance","Metallicize+1","Limit Break","Whirlwind+1","Body Slam","Ghostly Armor"],"relics":["Burning Blood","Bronze Scales","Mercury Hourglass","Question Card","Shovel","Regal Pillow"],"acts_visited":["Exordium"],"potions_floor_usage":[16],"damage_taken":[{"damage":5.0,"enemies":"Small Slimes","floor":1.0,"turns":4.0},{"damage":3.0,"enemies":"Cultist","floor":2.0,"turns":4.0},{"damage":11.0,"enemies":"Jaw Worm","floor":3.0,"turns":4.0},{"damage":9.0,"enemies":"3 Louse","floor":4.0,"turns":4.0},{"damage":26.0,"enemies":"Exordium Wildlife","floor":5.0,"turns":5.0},{"damage":17.0,"enemies":"3 Sentries","floor":7.0,"turns":10.0},{"damage":12.0,"enemies":"Lots of Slimes","floor":10.0,"turns":2.0},{"damage":1.0,"enemies":"Gremlin Nob","floor":11.0,"turns":3.0},{"damage":1.0,"enemies":"2 Fungi Beasts","floor":14.0,"turns":3.0},{"damage":42,"enemies":"Hexaghost","floor":16,"turns":9}],"seed_played":"-2452991886918972039","potions_obtained":[{"floor":5.0,"key":"DuplicationPotion"},{"floor":7.0,"key":"SteroidPotion"},{"floor":10.0,"key":"DuplicationPotion"},{"floor":14.0,"key":"FearPotion"}],"is_trial":false,"path_per_floor":["M","M","M","M","M","R","E","R","T","M","E","R","?","M","R","B"],"character_chosen":"IRONCLAD","items_purchased":[],"campfire_rested":0,"item_purchase_floors":[],"current_hp_per_floor":[69,72,67,64,44,44,33,33,33,27,32,32,32,37,37,0,0],"gold":333,"neow_bonus":"RANDOM_COMMON_RELIC","is_daily":false,"chose_seed":false,"campfire_upgraded":3,"win_rate":0.0,"timestamp":1612488591,"path_taken":["M","M","M","M","M","R","E","R","T","M","E","R","?","M","R","BOSS"],"items_purchased_type":[],"build_version":"2020-12-22","purchased_purges":0,"victory":false,"max_hp_per_floor":[75,75,75,75,75,75,75,75,75,75,75,75,75,75,75,75,75],"relic_stats":{"Regal Pillow":0,"Shovel":1,"counters":[10,47],"Bronze Scales":[130],"Question Card":3,"obtain_stats":[{"Regal Pillow":15,"Shovel":11,"Bronze Scales":0,"Question Card":9,"Burning Blood":0,"Mercury Hourglass":7},{"Regal Pillow":9,"Shovel":8,"Bronze Scales":0,"Question Card":6,"Burning Blood":0,"Mercury Hourglass":6},{"Regal Pillow":38,"Shovel":36,"Bronze Scales":0,"Question Card":31,"Burning Blood":0,"Mercury Hourglass":31}],"Burning Blood":54,"Mercury Hourglass":[75]},"card_choices":[{"not_picked":["Wild Strike","Havoc"],"picked":"Clothesline","floor":1.0},{"not_picked":["Flex","Sword Boomerang"],"picked":"Seeing Red","floor":2.0},{"not_picked":["Dropkick","Fire Breathing"],"picked":"Iron Wave","floor":3.0},{"not_picked":["Thunderclap","Clash"],"picked":"Shrug It Off","floor":4.0},{"not_picked":["Thunderclap","Fire Breathing"],"picked":"Battle Trance","floor":5.0},{"not_picked":["Anger","Dark Embrace"],"picked":"Metallicize","floor":7.0},{"not_picked":["Shockwave","Cleave","Sentinel"],"picked":"Limit Break","floor":10.0},{"not_picked":["Rampage","Anger","Armaments"],"picked":"Whirlwind","floor":11.0},{"not_picked":["Shrug It Off","Heavy Blade","Havoc"],"picked":"Ghostly Armor","floor":14.0}],"player_experience":1245860,"relics_obtained":[{"floor":7.0,"key":"Mercury Hourglass"},{"floor":9.0,"key":"Question Card"},{"floor":11.0,"key":"Shovel"},{"floor":15.0,"key":"Regal Pillow"}],"event_choices":[{"damage_healed":0.0,"max_hp_gain":0.0,"max_hp_loss":0.0,"gold_gain":0.0,"cards_transformed":["Strike_R"],"event_name":"Transmorgrifier","player_choice":"Transformed","floor":13.0,"gold_loss":0.0,"damage_taken":0.0,"cards_obtained":["Body Slam"]}],"is_beta":false,"boss_relics":[],"items_purged_floors":[],"is_endless":false,"potions_floor_spawned":[5,7,10,14],"killed_by":"Hexaghost","ascension_level":20}}