{"host":"e5u7qs1emxzejr12","time":1612522511,"event":{"mods":["100% Spire Juice","2.2 Compatiblity","Act Like it!","Arknights","Ascension Unlocker","BaseMod","CapriCore","Card Forge","Colored Powertips","Custom Start","GifTheSpireLib","Highlight Path","Minty Spire (QoL Compilation)","MostiFishMod","Quick Restart","Relic Filter Mod","Reliquary","Replay The Spire","StSLib","SuperFastMode","The Blackbeard","WarShipGirlsR/战舰少女R mod","篝火指南"],"gold_per_floor":[141,141,141,141,192,294,378,453,477,477,564,651,480,564,535,766,766,796,796,886,792,815,896,929,1031,1085,1190,1277,1358,1107,1188,855,1092,1092,1122,953,953,953,1028,1106,776,875,923,649,779,898,725,831,403,405,405],"floor_reached":50,"language":"ZHS","playtime":2410,"items_purged":[],"score":2326,"play_id":"b4c06049-1251-497d-a55c-6f4ea5e1371a","local_time":"20210205185511","daily_mods":["Heirloom","Flight","DeadlyEvents","Elite Swarm","Midas"],"is_ascension_mode":true,"campfire_choices":[{"floor":10.0,"key":"RECALL"}],"circlet_count":0,"master_deck":["AscendersBane","MostiFishMod:Overload+1","Seek+1","Scrape+1","Gash+1","Gash+1","Impatience+1","Recycle+1","Madness+1","Beam Cell+1"],"relics":["Cracked Core","Hammer of Thor","Seething Fire","Anvil of the Gods","DaveBox","EGODaCapo","Shovel","SynthV:TestCard","reliquary:WeakTea","ReplayTheSpireMod:Shallot","Mercury Hourglass","reliquary:PartyBalloon","reliquary:SharkskinSheath","Ancient Tea Set","Durian","Kunai","Cursed Key","White Beast Statue","Smiling Mask","Replay:Bottled Eggs","reliquary:Sideboard","Pen Nib","Replay:Bottled Steam","Art of War","Gambling Chip","TheAbacus","reliquary:Buckler","Bag of Marbles","Lee\u0027s Waffle","Replay:Grab Bag","SlaversCollar","Sozu","Honey Jar","Ying","Pocketwatch","Replay:Multitool","reliquary:Stiletto","Orrery","Solar Panel","Replay:Bandana","Eternal Feather","ats:Originium","Question Card","ReplayTheSpireMod:Lightbulb","ChiLing","Chi","Ling","Pantograph","ReplayFunnel","reliquary:QuartzCube"],"acts_visited":["Exordium","TheCity","TheBeyond"],"potions_floor_usage":[],"damage_taken":[{"damage":0.0,"enemies":"Cultist","floor":1.0,"turns":2.0},{"damage":2.0,"enemies":"3 Sentries","floor":6.0,"turns":7.0},{"damage":9.0,"enemies":"Gremlin Nob","floor":7.0,"turns":4.0},{"damage":9.0,"enemies":"3 Sentries","floor":8.0,"turns":5.0},{"damage":0.0,"enemies":"Gremlin Nob","floor":11.0,"turns":3.0},{"damage":0.0,"enemies":"Lagavulin","floor":12.0,"turns":1.0},{"damage":0.0,"enemies":"3 Sentries","floor":14.0,"turns":1.0},{"damage":41.0,"enemies":"Fading Forest","floor":16.0,"turns":13.0},{"damage":0.0,"enemies":"Shell Parasite","floor":18.0,"turns":1.0},{"damage":0.0,"enemies":"Slavers","floor":23.0,"turns":1.0},{"damage":0.0,"enemies":"3 Byrds","floor":24.0,"turns":1.0},{"damage":0.0,"enemies":"Gremlin Leader","floor":25.0,"turns":1.0},{"damage":0.0,"enemies":"Slavers","floor":27.0,"turns":1.0},{"damage":0.0,"enemies":"Gremlin Leader","floor":28.0,"turns":1.0},{"damage":0.0,"enemies":"Book of Stabbing","floor":29.0,"turns":1.0},{"damage":0.0,"enemies":"Slavers","floor":31.0,"turns":1.0},{"damage":0.0,"enemies":"Automaton","floor":33.0,"turns":1.0},{"damage":0.0,"enemies":"3 Darklings","floor":35.0,"turns":1.0},{"damage":0.0,"enemies":"Mind Bloom Boss Battle","floor":39.0,"turns":1.0},{"damage":5.0,"enemies":"R_Hoarder","floor":40.0,"turns":5.0},{"damage":0,"enemies":"Reptomancer","floor":42,"turns":1},{"damage":8,"enemies":"R_Hoarder","floor":45,"turns":6},{"damage":0,"enemies":"Giant Head","floor":46,"turns":1},{"damage":7,"enemies":"R_Hoarder","floor":48,"turns":6},{"damage":0,"enemies":"Replay:Hell Engine","floor":50,"turns":1}],"seed_played":"301066205558369170","potions_obtained":[{"floor":1.0,"key":"Reflective Coating"},{"floor":6.0,"key":"Adrenaline Potion"}],"is_trial":true,"path_per_floor":["M","?","$","?","T","E","E","E","T","R","E","E","$","E","R","B",null,"M","?","?","$","T","E","M","E","T","E","E","E","R","E","R","B",null,"M","$","?","$","?","E","R","E","T","R","E","E","$","E","R","B"],"character_chosen":"DEFECT","items_purchased":["reliquary:FerryPass","Go for the Eyes","Impatience","TheAbacus","Recycle","Bag of Marbles","Lee\u0027s Waffle","Ying","reliquary:Stiletto","Orrery","Eternal Feather","ChiLing","ReplayFunnel","reliquary:QuartzCube"],"campfire_rested":0,"item_purchase_floors":[13,15,21,30,30,32,32,36,41,41,44,47,49,49],"current_hp_per_floor":[64,64,64,64,64,62,53,44,44,44,44,44,44,49,49,47,69,69,69,69,69,69,69,69,69,69,69,69,69,69,69,83,83,83,83,83,83,83,83,78,78,78,78,78,76,78,78,73,76,83,83],"gold":405,"neow_bonus":"","is_daily":false,"chose_seed":false,"campfire_upgraded":0,"win_rate":0.0,"timestamp":1612522511,"path_taken":["M","?","?","?","?","E","E","E","T","R","E","E","$","E","R","BOSS","M","?","?","$","?","E","M","E","T","E","E","?","R","E","R","BOSS","M","$","?","$","?","E","R","E","T","R","E","E","?","E","R","BOSS"],"items_purchased_type":["Relic","Card","Card","Relic","Card","Relic","Relic","Relic","Relic","Relic","Relic","Relic","Relic","Relic"],"build_version":"2020-12-22","purchased_purges":0,"victory":false,"max_hp_per_floor":[71,71,71,71,71,71,71,71,71,71,71,71,71,76,76,76,76,76,76,76,76,76,76,76,76,76,76,76,76,76,76,83,83,83,83,83,83,83,83,83,83,83,83,83,83,83,83,83,83,83,83],"card_choices":[{"not_picked":["Heatsinks","Defragment","Stack"],"picked":"SKIP","floor":1.0},{"not_picked":[],"picked":"MostiFishMod:PushDownKick","floor":2.0},{"not_picked":["MostiFishMod:ATRI","MostiFishMod:TalkingToTheRain","Meteor Strike","Seek"],"picked":"All For One","floor":6.0},{"not_picked":["Seek","Reboot","MostiFishMod:ATRI","MostiFishMod:IntelligentEquipment"],"picked":"All For One","floor":7.0},{"not_picked":["Thunder Strike","MostiFishMod:ActiveDefenseSystem","All For One","MostiFishMod:Hijack"],"picked":"MostiFishMod:Overload","floor":8.0},{"not_picked":["Echo Form","Creative AI","Core Surge","Thunder Strike"],"picked":"Seek","floor":11.0},{"not_picked":["Machine Learning","MostiFishMod:Prepare","MostiFishMod:IntelligentEquipment","Amplify","MostiFishMod:Distribution"],"picked":"SKIP","floor":12.0},{"not_picked":["MostiFishMod:Hijack","Reboot","Thunder Strike","Fission","Machine Learning"],"picked":"SKIP","floor":14.0},{"not_picked":["Go for the Eyes","Redo","BasicCrystalCard","ReplayTheSpireMod:GoodbyeWorld+1","Ball Lightning"],"picked":"SKIP","floor":18.0},{"not_picked":["Sweeping Beam","FIFO Queue","Ball Lightning","Conserve Battery"],"picked":"Gash","floor":20.0},{"not_picked":["MostiFishMod:SeaWaves","Echo Form","Biased Cognition","Meteor Strike","MostiFishMod:ActiveDefenseSystem"],"picked":"SKIP","floor":23.0},{"not_picked":["Conserve Battery","Go for the Eyes","Darkness","Lockon","Chill"],"picked":"SKIP","floor":24.0},{"not_picked":["Meteor Strike","Thunder Strike","MostiFishMod:Nova","Fission"],"picked":"MostiFishMod:Overload","floor":25.0},{"not_picked":["Core Surge","Electrodynamics","MostiFishMod:IntelligentEquipment","MostiFishMod:Prepare","Seek"],"picked":"SKIP","floor":27.0},{"not_picked":["MostiFishMod:Culaccino","MostiFishMod:StrandedSiren","MostiFishMod:ReadyAimFire","Hyperbeam","Reboot"],"picked":"SKIP","floor":28.0},{"not_picked":["MostiFishMod:Nova","ReplayRNGCard","Core Surge","Mirror Shield","MostiFishMod:Exploitation"],"picked":"SKIP","floor":29.0},{"not_picked":["ReplayTheSpireMod:Omega Cannon","MostiFishMod:ActiveDefenseSystem","MostiFishMod:Culaccino","ReplayRNGCard","MostiFishMod:Hijack"],"picked":"SKIP","floor":31.0},{"not_picked":["Coolheaded+1","Hologram","BasicCrystalCard","Go for the Eyes","FIFO Queue"],"picked":"Redo","floor":35.0},{"not_picked":["Replay:Sssssssssstrike","Replay:Sssssssssshield","Enlightenment","Finesse","MostiFishMod:Mottled"],"picked":"Madness","floor":37.0},{"not_picked":["Stack","Self Repair","MostiFishMod:IceShield+1","Fusion","Hello World"],"picked":"MostiFishMod:ReprogramOld","floor":39.0},{"not_picked":["MostiFishMod:TalkingToTheRain","MostiFishMod:SeaWaves","MostiFishMod:IntelligentEquipment","Echo Form","Hyperbeam"],"picked":"Seek","floor":40.0},{"not_picked":["Aggregate+1","Compile Driver+1","Cold Snap","Sweeping Beam+1","Panic Button+1"],"picked":"Beam Cell+1","floor":41.0},{"not_picked":["MostiFishMod:DeathFromBelow","Hello World","BootSequence","Hologram","Fusion+1"],"picked":"Beam Cell","floor":41.0},{"not_picked":["ReplayTheSpireMod:System Scan+1","Conserve Battery","Genetic Algorithm","Aggregate+1","Turbo"],"picked":"Panic Button+1","floor":41.0},{"not_picked":["Heatsinks","Conserve Battery","Rip and Tear","Echo Form","Go for the Eyes"],"picked":"MostiFishMod:PushDownKick","floor":41.0},{"not_picked":["MostiFishMod:Distribution","MostiFishMod:StrandedSiren","Fission","MostiFishMod:TalkingToTheRain","MostiFishMod:ReadyAimFire"],"picked":"ReplayTheSpireMod:Omega Cannon","floor":42},{"not_picked":["Rainbow","MostiFishMod:SeaWaves","Mirror Shield","All For One","MostiFishMod:Distribution"],"picked":"Machine Learning","floor":45},{"not_picked":["MostiFishMod:TalkingToTheRain","Biased Cognition","MostiFishMod:ReadyAimFire","MostiFishMod:ATRI","MostiFishMod:DeathFromBelow","Mirror Shield"],"picked":"Electrodynamics","floor":46},{"not_picked":["MostiFishMod:TalkingToTheRain","Creative AI","Rainbow","MostiFishMod:SeaWaves","MostiFishMod:Hijack","MostiFishMod:ActiveDefenseSystem"],"picked":"MostiFishMod:StarOceanB","floor":48}],"player_experience":77239,"relics_obtained":[{"floor":1.0,"key":"SynthV:TestCard"},{"floor":5.0,"key":"reliquary:WeakTea"},{"floor":6.0,"key":"ReplayTheSpireMod:Shallot"},{"floor":7.0,"key":"Mercury Hourglass"},{"floor":8.0,"key":"reliquary:PartyBalloon"},{"floor":11.0,"key":"reliquary:SharkskinSheath"},{"floor":12.0,"key":"Ancient Tea Set"},{"floor":14.0,"key":"Durian"},{"floor":14.0,"key":"Kunai"},{"floor":22.0,"key":"Smiling Mask"},{"floor":23.0,"key":"Replay:Bottled Eggs"},{"floor":25.0,"key":"reliquary:Sideboard"},{"floor":26.0,"key":"Pen Nib"},{"floor":27.0,"key":"Replay:Bottled Steam"},{"floor":28.0,"key":"Art of War"},{"floor":29.0,"key":"Gambling Chip"},{"floor":31.0,"key":"reliquary:Buckler"},{"floor":39.0,"key":"Pocketwatch"},{"floor":40.0,"key":"Replay:Multitool"},{"floor":42,"key":"Solar Panel"},{"floor":43,"key":"Replay:Bandana"},{"floor":45,"key":"ats:Originium"},{"floor":45,"key":"Question Card"},{"floor":46,"key":"ReplayTheSpireMod:Lightbulb"},{"floor":48,"key":"Pantograph"}],"event_choices":[{"damage_healed":0.0,"max_hp_gain":0.0,"max_hp_loss":0.0,"gold_gain":0.0,"cards_transformed":["Defend_B"],"event_name":"Living Wall","player_choice":"Change","floor":4.0,"gold_loss":0.0,"damage_taken":0.0,"cards_obtained":["Defragment"]},{"damage_healed":0.0,"max_hp_gain":0.0,"max_hp_loss":0.0,"gold_gain":0.0,"event_name":"Addict","player_choice":"Stole Relic","floor":19.0,"gold_loss":0.0,"damage_taken":0.0,"relics_obtained":["White Beast Statue"],"cards_obtained":["Shame"]},{"damage_healed":0.0,"max_hp_gain":0.0,"max_hp_loss":0.0,"gold_gain":0.0,"event_name":"SensoryStone","player_choice":"Memory 1","floor":37.0,"gold_loss":0.0,"damage_taken":0.0},{"damage_healed":0.0,"max_hp_gain":0.0,"max_hp_loss":0.0,"gold_gain":0.0,"event_name":"MindBloom","player_choice":"Fight","floor":39.0,"gold_loss":0.0,"damage_taken":0.0}],"is_beta":false,"boss_relics":[{"not_picked":["Astrolabe","ReplayTheSpireMod:DimensionalGlitch"],"picked":"Cursed Key"},{"not_picked":["Busted Crown","Runic Dome"],"picked":"Replay:Grab Bag"},{"not_picked":["ChewingGum","Coffee Dripper"],"picked":"SlaversCollar"},{"not_picked":["Fusion Hammer","Velvet Choker"],"picked":"Sozu"},{"not_picked":["FrozenCore","MoonlightInvasionPlan"],"picked":"Honey Jar"}],"items_purged_floors":[],"is_endless":false,"potions_floor_spawned":[1,6,8,23,24,25,27,28,29,31,33,35,39,40,42,45,46,48],"killed_by":"Replay:Hell Engine","ascension_level":20}}