{"host":"LaserWall","time":1612522827,"event":{"mods":["BaseMod","Minty Spire (QoL Compilation)","Relic Stats","Weighted Paths"],"gold_per_floor":[116,127,139,159,171,199,199,229,310,310,325,94,120,137,137,236,236,250,74,74,85,103,103,130,130,155,182,64,78,78,90,90,90,90],"floor_reached":33,"language":"ENG","playtime":2009,"items_purged":["Strike_R","Strike_R"],"score":355,"play_id":"e709dba2-ff34-4cf8-af37-3cf438d1ea72","local_time":"20210205060027","is_ascension_mode":true,"campfire_choices":[{"data":"Combust","floor":7,"key":"SMITH"},{"data":"Iron Wave","floor":10,"key":"SMITH"},{"data":"Bludgeon","floor":15,"key":"SMITH"},{"floor":23,"key":"REST"},{"data":"Blood for Blood","floor":25,"key":"SMITH"},{"floor":30,"key":"REST"},{"floor":32,"key":"REST"}],"circlet_count":0,"master_deck":["Strike_R","Strike_R","Strike_R+1","Defend_R","Defend_R","Defend_R","Defend_R","Bash","Anger","Combust+1","Sword Boomerang","Iron Wave+1","Battle Trance","Cleave+1","Shrug It Off","Bludgeon+1","Demon Form","Armaments+1","Entrench","Bash","Exhume","Blood for Blood+1","Bloodletting","Blood for Blood","Rage+1","True Grit+1","Dark Embrace","Metallicize+1"],"relics":["Burning Blood","Pantograph","Calipers","White Beast Statue","Sling","Dead Branch","Philosopher\u0027s Stone","Whetstone","Akabeko","Toxic Egg 2"],"acts_visited":["Exordium","TheCity"],"potions_floor_usage":[6,6,13,16,16,16,18,24,24,27,29,29,33],"damage_taken":[{"damage":2,"enemies":"Jaw Worm","floor":1,"turns":3},{"damage":1,"enemies":"Cultist","floor":2,"turns":3},{"damage":5,"enemies":"Small Slimes","floor":3,"turns":3},{"damage":11,"enemies":"3 Louse","floor":4,"turns":4},{"damage":14,"enemies":"Blue Slaver","floor":5,"turns":4},{"damage":7,"enemies":"Lagavulin","floor":6,"turns":6},{"damage":23,"enemies":"3 Sentries","floor":8,"turns":4},{"damage":7,"enemies":"Looter","floor":11,"turns":3},{"damage":10,"enemies":"Gremlin Nob","floor":13,"turns":3},{"damage":11,"enemies":"3 Louse","floor":14,"turns":2},{"damage":42,"enemies":"Hexaghost","floor":16,"turns":9},{"damage":12,"enemies":"3 Byrds","floor":18,"turns":4},{"damage":36,"enemies":"Chosen","floor":21,"turns":5},{"damage":14,"enemies":"Centurion and Healer","floor":22,"turns":6},{"damage":33,"enemies":"Slavers","floor":24,"turns":4},{"damage":21,"enemies":"Book of Stabbing","floor":27,"turns":4},{"damage":16,"enemies":"Snecko","floor":29,"turns":4},{"damage":31,"enemies":"Snake Plant","floor":31,"turns":6},{"damage":58,"enemies":"Automaton","floor":33,"turns":6}],"seed_played":"2265450083976784284","potions_obtained":[{"floor":0,"key":"BlessingOfTheForge"},{"floor":0,"key":"ElixirPotion"},{"floor":0,"key":"HeartOfIron"},{"floor":5,"key":"Dexterity Potion"},{"floor":6,"key":"AttackPotion"},{"floor":8,"key":"Dexterity Potion"},{"floor":11,"key":"Swift Potion"},{"floor":13,"key":"FearPotion"},{"floor":14,"key":"DistilledChaos"},{"floor":16,"key":"Block Potion"},{"floor":18,"key":"LiquidMemories"},{"floor":21,"key":"BlessingOfTheForge"},{"floor":22,"key":"AttackPotion"},{"floor":24,"key":"Weak Potion"},{"floor":27,"key":"Dexterity Potion"},{"floor":29,"key":"CultistPotion"},{"floor":31,"key":"Ancient Potion"}],"is_trial":false,"path_per_floor":["M","M","M","M","M","E","R","E","T","R","M","$","E","M","R","B",null,"M","$","?","M","M","R","E","R","T","E","$","M","R","M","R","B"],"character_chosen":"IRONCLAD","items_purchased":["Sling","Entrench","True Grit+1","Dark Embrace"],"campfire_rested":3,"item_purchase_floors":[12,19,28,28],"current_hp_per_floor":[80,80,80,75,67,66,66,49,49,49,48,48,44,39,39,28,80,74,74,74,44,36,60,33,33,33,18,18,8,32,7,31,0,0],"gold":90,"neow_bonus":"THREE_SMALL_POTIONS","is_daily":false,"chose_seed":false,"campfire_upgraded":4,"win_rate":0.0,"timestamp":1612522827,"path_taken":["M","M","M","M","M","E","R","E","T","R","M","$","E","M","R","BOSS","M","$","?","M","M","R","E","R","T","E","?","M","R","M","R","BOSS"],"items_purchased_type":["Relic","Card","Card","Card"],"build_version":"2020-12-18","purchased_purges":2,"victory":false,"max_hp_per_floor":[80,80,80,80,80,80,80,80,80,80,80,80,80,80,80,80,80,80,80,80,80,80,80,80,80,80,80,80,80,80,80,80,80,80],"relic_stats":{"counters":[19,83],"Pantograph":50,"Dead Branch":[4],"Whetstone":["Cleave","Strike_R"],"obtain_stats":[{"Calipers":8,"Pantograph":6,"Dead Branch":13,"Philosopher\u0027s Stone":17,"Whetstone":24,"Toxic Egg 2":27,"Sling":12,"Burning Blood":0,"White Beast Statue":9,"Akabeko":26},{"Calipers":7,"Pantograph":6,"Dead Branch":9,"Philosopher\u0027s Stone":11,"Whetstone":15,"Toxic Egg 2":16,"Sling":8,"Burning Blood":0,"White Beast Statue":7,"Akabeko":15},{"Calipers":27,"Pantograph":23,"Dead Branch":33,"Philosopher\u0027s Stone":44,"Whetstone":63,"Toxic Egg 2":67,"Sling":30,"Burning Blood":0,"White Beast Statue":27,"Akabeko":63}],"Burning Blood":98},"card_choices":[{"not_picked":["Armaments","Cleave"],"picked":"Anger","floor":1},{"not_picked":["Pummel","Clothesline"],"picked":"Combust","floor":2},{"not_picked":["Feel No Pain","Armaments"],"picked":"Sword Boomerang","floor":3},{"not_picked":["Sentinel","Fire Breathing"],"picked":"Iron Wave","floor":4},{"not_picked":["Body Slam","Infernal Blade"],"picked":"Battle Trance","floor":5},{"not_picked":["Entrench","Wild Strike"],"picked":"Cleave","floor":6},{"not_picked":["Cleave","Power Through"],"picked":"Shrug It Off","floor":8},{"not_picked":["Havoc","Pummel","Anger"],"picked":"SKIP","floor":11},{"not_picked":["Havoc","Iron Wave"],"picked":"Bludgeon","floor":13},{"not_picked":["Sword Boomerang","Clash","Armaments"],"picked":"SKIP","floor":14},{"not_picked":["Offering","Double Tap"],"picked":"Demon Form","floor":16},{"not_picked":["Flex","Havoc"],"picked":"Armaments+1","floor":18},{"not_picked":["Flex","Twin Strike","Armaments"],"picked":"SKIP","floor":21},{"not_picked":["Cleave","Anger"],"picked":"Bloodletting","floor":22},{"not_picked":["Demon Form","Warcry"],"picked":"Blood for Blood","floor":24},{"not_picked":["Thunderclap","Anger"],"picked":"Rage+1","floor":27},{"not_picked":["Dropkick","Clothesline"],"picked":"Metallicize+1","floor":29},{"not_picked":["Headbutt+1","Searing Blow","Perfected Strike"],"picked":"SKIP","floor":31}],"player_experience":200980,"relics_obtained":[{"floor":6,"key":"Pantograph"},{"floor":8,"key":"Calipers"},{"floor":9,"key":"White Beast Statue"},{"floor":13,"key":"Dead Branch"},{"floor":24,"key":"Whetstone"},{"floor":26,"key":"Akabeko"},{"floor":27,"key":"Toxic Egg 2"}],"event_choices":[{"damage_healed":0,"gold_gain":0,"player_choice":"3 cards matched","damage_taken":0,"max_hp_gain":0,"max_hp_loss":0,"event_name":"Match and Keep!","floor":20,"gold_loss":0,"cards_obtained":["Bash","Exhume","Blood for Blood"]}],"is_beta":true,"boss_relics":[{"not_picked":["Cursed Key","Busted Crown"],"picked":"Philosopher\u0027s Stone"}],"items_purged_floors":[12,19],"is_endless":false,"potions_floor_spawned":[3,5,6,8,11,13,14,16,18,21,22,24,27,29,31],"killed_by":"Automaton","ascension_level":3}}