{"host":"3qkmyeoym75lj4wn","time":1612553975,"event":{"mods":["2.2 Compatiblity","BaseMod","Block Reminder","Colored Powertips","Highlight Path","Minty Spire (QoL Compilation)","Permanent Neow","Potion Indicator Mod","Rare Cards Sparkle","Relic Stats","StSLib","Unceasing Turn Reminder"],"gold_per_floor":[114,133,150,31,31,67,27,27,52,27,71,87,30,93,93,93,93],"floor_reached":16,"language":"ENG","playtime":540,"items_purged":["Strike_R"],"score":216,"play_id":"6ba866eb-80ff-4d2e-9ee9-0c010a9af8c8","local_time":"20210205193935","is_ascension_mode":true,"campfire_choices":[{"data":"Uppercut","floor":15,"key":"SMITH"}],"circlet_count":0,"master_deck":["AscendersBane","Strike_R","Strike_R","Strike_R","Strike_R","Defend_R","Defend_R","Defend_R","Defend_R","Bash","Uppercut+1","Clothesline","Shrug It Off","Feel No Pain","Cleave","Seeing Red"],"relics":["Burning Blood","Ancient Tea Set","Golden Idol","Lantern","Anchor"],"acts_visited":["Exordium"],"potions_floor_usage":[16,16],"damage_taken":[{"damage":12.0,"enemies":"Jaw Worm","floor":1.0,"turns":5.0},{"damage":10.0,"enemies":"Small Slimes","floor":2.0,"turns":3.0},{"damage":4.0,"enemies":"2 Louse","floor":3.0,"turns":3.0},{"damage":44.0,"enemies":"Gremlin Nob","floor":6.0,"turns":5.0},{"damage":0.0,"enemies":"Looter","floor":7.0,"turns":4.0},{"damage":20.0,"enemies":"3 Sentries","floor":11.0,"turns":9.0},{"damage":7,"enemies":"3 Louse","floor":12,"turns":6},{"damage":27,"enemies":"Hexaghost","floor":16,"turns":10}],"seed_played":"-813599661160201062","potions_obtained":[{"floor":1.0,"key":"HeartOfIron"},{"floor":3.0,"key":"DuplicationPotion"},{"floor":11,"key":"BlessingOfTheForge"}],"is_trial":false,"path_per_floor":["M","M","M","$","?","E","M","?","T","$","E","M","$","?","R","B"],"character_chosen":"IRONCLAD","items_purchased":["Feel No Pain","Cleave","BloodPotion"],"campfire_rested":0,"item_purchase_floors":[4,10,13],"current_hp_per_floor":[62,58,60,60,60,22,28,28,28,28,14,13,13,13,13,0,0],"gold":93,"neow_bonus":"RANDOM_COMMON_RELIC","is_daily":false,"chose_seed":false,"campfire_upgraded":1,"win_rate":0.0,"timestamp":1612553975,"path_taken":["M","M","M","$","?","E","M","?","T","$","E","M","?","?","R","BOSS"],"items_purchased_type":["Card","Card","Potion"],"build_version":"2020-12-22","purchased_purges":1,"victory":false,"max_hp_per_floor":[75,75,75,75,68,68,68,68,68,68,68,68,68,68,68,68,68],"relic_stats":{"counters":[8,45],"Golden Idol":28,"obtain_stats":[{"Lantern":6,"Anchor":11,"Golden Idol":5,"Ancient Tea Set":0,"Burning Blood":0},{"Lantern":4,"Anchor":6,"Golden Idol":3,"Ancient Tea Set":0,"Burning Blood":0},{"Lantern":16,"Anchor":29,"Golden Idol":11,"Ancient Tea Set":0,"Burning Blood":0}],"Burning Blood":42},"card_choices":[{"not_picked":["Burning Pact","Warcry"],"picked":"Uppercut","floor":1.0},{"not_picked":["Armaments","Pommel Strike"],"picked":"Clothesline","floor":2.0},{"not_picked":["Perfected Strike","Rupture"],"picked":"Shrug It Off","floor":3.0},{"not_picked":["Sever Soul","Dual Wield","Headbutt"],"picked":"SKIP","floor":6.0},{"not_picked":["True Grit","Shrug It Off","Clothesline"],"picked":"SKIP","floor":7.0},{"not_picked":["Searing Blow","Sentinel","Dark Embrace"],"picked":"SKIP","floor":11},{"not_picked":["Wild Strike","Twin Strike"],"picked":"Seeing Red","floor":12}],"player_experience":1727867,"relics_obtained":[{"floor":6.0,"key":"Lantern"},{"floor":11,"key":"Anchor"}],"event_choices":[{"damage_healed":0.0,"max_hp_gain":0.0,"max_hp_loss":7.0,"gold_gain":0.0,"event_name":"Golden Idol","player_choice":"Lose Max HP","floor":5.0,"gold_loss":0.0,"damage_taken":0.0,"relics_obtained":["Golden Idol"]},{"damage_healed":0.0,"max_hp_gain":0.0,"max_hp_loss":0.0,"gold_gain":0.0,"event_name":"Shining Light","player_choice":"Ignored","floor":8.0,"gold_loss":0.0,"damage_taken":0.0},{"damage_healed":0,"gold_gain":63,"player_choice":"Gained Gold","damage_taken":0,"max_hp_gain":0,"max_hp_loss":0,"event_name":"Golden Wing","floor":14,"gold_loss":0}],"is_beta":false,"boss_relics":[],"items_purged_floors":[4],"is_endless":false,"potions_floor_spawned":[1,3,11,12],"killed_by":"Hexaghost","ascension_level":20}}