{"host":"359hz4210ybch7ku","time":1612507381,"event":{"mods":["BaseMod","Block Reminder","Colored Map","Colored Powertips","Highlight Path","Minty Spire (QoL Compilation)","Slay the Relics Exporter","StSLib"],"gold_per_floor":[215,229,157,174,249,249,269,269,269,269,321,321,356,367,367,465,465,484,198,236,236,54,54,54],"floor_reached":23,"language":"ENG","playtime":2597,"items_purged":["Strike_P","Defend_P"],"score":255,"play_id":"028513b8-e66f-4272-8a6b-9f42042f6106","local_time":"20210204224301","is_ascension_mode":true,"campfire_choices":[{"data":"LikeWater","floor":6,"key":"SMITH"},{"floor":8,"key":"REST"},{"data":"PathToVictory","floor":10,"key":"SMITH"},{"data":"Eruption","floor":12,"key":"SMITH"},{"data":"TalkToTheHand","floor":15,"key":"SMITH"}],"circlet_count":0,"master_deck":["Strike_P","Strike_P","Strike_P","Defend_P","Defend_P","Defend_P","Eruption+1","Vigilance","LikeWater+1","EmptyFist","FollowUp","EmptyBody","EmptyMind","PathToVictory+1","Sanctity","TalkToTheHand+1","Wish","CutThroughFate+1","TalkToTheHand","CutThroughFate","Decay","Adaptation"],"relics":["PureWater","White Beast Statue","Pen Nib","Mummified Hand","VioletLotus","Lantern"],"acts_visited":["TheCity"],"potions_floor_usage":[13,16,16,18],"damage_taken":[{"damage":0,"enemies":"2 Louse","floor":1,"turns":2},{"damage":6,"enemies":"Jaw Worm","floor":2,"turns":5},{"damage":6,"enemies":"Small Slimes","floor":4,"turns":3},{"damage":4,"enemies":"Blue Slaver","floor":7,"turns":9},{"damage":12,"enemies":"Lagavulin","floor":13,"turns":6},{"damage":8,"enemies":"Exordium Thugs","floor":14,"turns":5},{"damage":17,"enemies":"Slime Boss","floor":16,"turns":8},{"damage":24,"enemies":"Spheric Guardian","floor":18,"turns":5},{"damage":18,"enemies":"Shell Parasite","floor":20,"turns":5},{"damage":18,"enemies":"Slavers","floor":23,"turns":1}],"seed_played":"-5559729949125366146","potions_obtained":[{"floor":1,"key":"LiquidBronze"},{"floor":7,"key":"SpeedPotion"},{"floor":13,"key":"Ancient Potion"},{"floor":14,"key":"PowerPotion"},{"floor":16,"key":"EssenceOfSteel"},{"floor":18,"key":"SkillPotion"},{"floor":20,"key":"SpeedPotion"}],"is_trial":false,"path_per_floor":["M","M","$","M","?","R","M","R","T","R","T","R","E","M","R","B",null,"M","$","M","?","$","E"],"character_chosen":"WATCHER","items_purchased":["FollowUp","EmptyBody","TalkToTheHand","Lantern","Adaptation"],"campfire_rested":1,"item_purchase_floors":[3,3,19,19,22],"current_hp_per_floor":[65,59,59,53,42,42,38,59,59,59,59,59,47,39,39,22,60,36,36,18,18,18,0,0],"gold":54,"neow_bonus":"HUNDRED_GOLD","is_daily":false,"chose_seed":false,"campfire_upgraded":4,"win_rate":0.0,"timestamp":1612507381,"path_taken":["M","M","$","M","?","R","M","R","T","R","?","R","E","M","R","BOSS","M","$","M","?","$","E"],"items_purchased_type":["Card","Card","Card","Relic","Card"],"build_version":"2020-12-22","purchased_purges":2,"victory":false,"max_hp_per_floor":[72,72,72,72,72,72,72,72,72,72,72,72,72,72,72,72,72,72,72,72,72,72,72,72],"card_choices":[{"not_picked":["SashWhip","ClearTheMind"],"picked":"LikeWater","floor":1},{"not_picked":["CrushJoints","Swivel"],"picked":"EmptyFist","floor":2},{"not_picked":["EmptyFist","DeceiveReality"],"picked":"EmptyMind","floor":4},{"not_picked":["FlyingSleeves","Vengeance"],"picked":"PathToVictory","floor":7},{"not_picked":["Evaluate","Halt"],"picked":"Sanctity","floor":13},{"not_picked":["SashWhip","Fasting2"],"picked":"TalkToTheHand","floor":14},{"not_picked":["Omniscience","ConjureBlade"],"picked":"Wish","floor":16},{"not_picked":["SandsOfTime","Protect"],"picked":"CutThroughFate+1","floor":18},{"not_picked":["Prostrate","WheelKick"],"picked":"CutThroughFate","floor":20}],"player_experience":315625,"relics_obtained":[{"floor":9,"key":"White Beast Statue"},{"floor":11,"key":"Pen Nib"},{"floor":13,"key":"Mummified Hand"}],"event_choices":[{"damage_healed":0,"gold_gain":75,"player_choice":"Gather Gold","damage_taken":11,"max_hp_gain":0,"max_hp_loss":0,"event_name":"World of Goop","floor":5,"gold_loss":0},{"damage_healed":0,"gold_gain":0,"player_choice":"Smashed Altar","damage_taken":0,"max_hp_gain":0,"max_hp_loss":0,"event_name":"Forgotten Altar","floor":21,"gold_loss":0,"cards_obtained":["Decay"]}],"is_beta":false,"boss_relics":[{"not_picked":["Fusion Hammer","Empty Cage"],"picked":"VioletLotus"}],"items_purged_floors":[19,22],"is_endless":false,"potions_floor_spawned":[1,7,13,14,16,18,20],"killed_by":"Slavers","ascension_level":7}}