{"host":"ydg0vn0pu4pubmdt","time":1612547294,"event":{"mods":["AchievementEnabler","BaseMod","Colored Map","Gold Saver","Minty Spire (QoL Compilation)","Quick Restart","SuperFastMode"],"gold_per_floor":[115,115,40,190,11,11,45,45,45,45,45,45,59,134,134,211,211,224,241,241,241,266,266,44,58,58,58,72,72,90,40,40,40,40],"floor_reached":33,"language":"KOR","playtime":780,"items_purged":["Defend_G","Doubt","Distraction","Footwork"],"score":528,"play_id":"207a295c-737f-45c7-978d-45f710597193","local_time":"20210206024814","is_ascension_mode":true,"campfire_choices":[{"data":"Cloak And Dagger","floor":6,"key":"SMITH"},{"data":"Neutralize","floor":8,"key":"SMITH"},{"data":"Predator","floor":10,"key":"SMITH"},{"data":"Backflip","floor":12,"key":"SMITH"},{"data":"Survivor","floor":15,"key":"SMITH"},{"floor":23,"key":"REST"},{"data":"Blade Dance","floor":27,"key":"SMITH"},{"data":"Ghostly","floor":29,"key":"SMITH"},{"data":"Burst","floor":32,"key":"SMITH"}],"circlet_count":0,"master_deck":["AscendersBane","Survivor+1","Neutralize+1","Cloak And Dagger+1","Backflip+1","Predator+1","Flying Knee","Burst+1","Escape Plan","Calculated Gamble","Dagger Spray","Acrobatics","Masterful Stab","Blade Dance+1","Ghostly","Ghostly+1","Ghostly"],"relics":["Ring of the Snake","NeowsBlessing","Smiling Mask","HornCleat","Pandora\u0027s Box","CeramicFish","Potion Belt","MealTicket"],"acts_visited":["Exordium","TheCity"],"potions_floor_usage":[16,33,33,33],"damage_taken":[{"damage":0,"enemies":"2 Louse","floor":1,"turns":1},{"damage":0,"enemies":"Gremlin Nob","floor":7,"turns":1},{"damage":0,"enemies":"Small Slimes","floor":13,"turns":1},{"damage":19,"enemies":"The Guardian","floor":16,"turns":16},{"damage":15,"enemies":"Shell Parasite","floor":18,"turns":3},{"damage":18,"enemies":"Chosen","floor":19,"turns":5},{"damage":1,"enemies":"3 Cultists","floor":25,"turns":6},{"damage":1,"enemies":"Centurion and Healer","floor":28,"turns":5},{"damage":0,"enemies":"Snake Plant","floor":30,"turns":4},{"damage":34,"enemies":"Automaton","floor":33,"turns":12}],"seed_played":"4416835272197271396","potions_obtained":[{"floor":7,"key":"Explosive Potion"},{"floor":16,"key":"FearPotion"},{"floor":19,"key":"Poison Potion"},{"floor":25,"key":"SmokeBomb"},{"floor":30,"key":"Dexterity Potion"}],"is_trial":false,"path_per_floor":["M","?","$","?","$","R","E","R","T","R","?","R","M","?","R","B",null,"M","M","?","?","T","R","$","M","T","R","M","R","M","$","R","B"],"character_chosen":"THE_SILENT","items_purchased":["Predator","Potion Belt"],"campfire_rested":1,"item_purchase_floors":[5,24],"current_hp_per_floor":[59,59,59,59,59,59,59,59,59,59,59,59,59,48,48,29,57,42,24,6,6,6,16,16,15,15,15,14,14,14,29,29,0,0],"gold":40,"neow_bonus":"THREE_ENEMY_KILL","is_daily":false,"chose_seed":false,"campfire_upgraded":8,"win_rate":0.0,"timestamp":1612547294,"path_taken":["M","?","$","?","?","R","E","R","T","R","?","R","?","?","R","BOSS","M","M","?","?","?","R","$","M","T","R","M","R","M","?","R","BOSS"],"items_purchased_type":["Card","Relic"],"build_version":"2020-12-22","purchased_purges":4,"victory":false,"max_hp_per_floor":[66,66,66,66,66,66,66,66,66,66,66,66,66,66,66,66,66,66,66,71,35,35,35,35,35,35,35,35,35,35,35,35,35,35],"card_choices":[{"not_picked":["Acrobatics","Concentrate"],"picked":"Cloak And Dagger","floor":1},{"not_picked":["Skewer","Sucker Punch","Dodge and Roll"],"picked":"SKIP","floor":7},{"not_picked":["Sucker Punch","Tactician"],"picked":"Flying Knee","floor":13},{"not_picked":["Venomology","Unload"],"picked":"Burst","floor":16},{"not_picked":["Distraction","Backflip","Noxious Fumes"],"picked":"SKIP","floor":18},{"not_picked":["Deadly Poison","Accuracy"],"picked":"Blade Dance","floor":19},{"not_picked":["Dash","Terror","Bane"],"picked":"SKIP","floor":25},{"not_picked":["Sucker Punch","Calculated Gamble","Expertise"],"picked":"SKIP","floor":28},{"not_picked":["Calculated Gamble","Endless Agony","Backflip"],"picked":"SKIP","floor":30}],"player_experience":626055,"relics_obtained":[{"floor":7,"key":"Smiling Mask"},{"floor":9,"key":"HornCleat"},{"floor":22,"key":"CeramicFish"},{"floor":26,"key":"MealTicket"}],"event_choices":[{"damage_healed":0,"gold_gain":0,"cards_transformed":["Strike_G"],"player_choice":"Change","damage_taken":0,"max_hp_gain":0,"max_hp_loss":0,"event_name":"Living Wall","floor":2,"gold_loss":0,"cards_obtained":["Backflip"]},{"damage_healed":0,"gold_gain":150,"player_choice":"AGREE","damage_taken":0,"max_hp_gain":0,"max_hp_loss":0,"event_name":"Liars Game","floor":4,"gold_loss":0,"cards_obtained":["Doubt"]},{"cards_removed":["Strike_G"],"damage_healed":0,"gold_gain":0,"player_choice":"Purged","damage_taken":0,"max_hp_gain":0,"max_hp_loss":0,"event_name":"Purifier","floor":11,"gold_loss":0},{"damage_healed":0,"gold_gain":75,"player_choice":"Gather Gold","damage_taken":11,"max_hp_gain":0,"max_hp_loss":0,"event_name":"World of Goop","floor":14,"gold_loss":0},{"damage_healed":0,"gold_gain":0,"player_choice":"Shed Blood","damage_taken":23,"max_hp_gain":5,"max_hp_loss":0,"event_name":"Forgotten Altar","floor":20,"gold_loss":0},{"damage_healed":0,"gold_gain":0,"player_choice":"Became a Ghost","damage_taken":0,"max_hp_gain":0,"max_hp_loss":36,"event_name":"Ghosts","floor":21,"gold_loss":0,"cards_obtained":["Ghostly","Ghostly","Ghostly"]}],"is_beta":false,"boss_relics":[{"not_picked":["Ring of the Serpent","Astrolabe"],"picked":"Pandora\u0027s Box"}],"items_purged_floors":[3,5,24,31],"is_endless":false,"potions_floor_spawned":[7,16,19,25,30],"killed_by":"Automaton","ascension_level":20}}