{"host":"yd2pjkbo7craqw2u","time":1612535511,"event":{"mods":["Aspiration","BaseMod","Colored Powertips","Conspire","Downfall","Highlight Path","Marisa£®ÏF”Í°°ƒß¿Ì…≥£©","Minty Spire (QoL Compilation)","Practice Mode","Quick Restart","Replay The Spire","Shop Mod","StSLib","SuperFastMode"],"gold_per_floor":[119,119,119,139,139,164,174,174,174,187,200,200,225,36,36,137,137,152,152,177,276,129,129,129],"floor_reached":23,"language":"ZHS","playtime":639,"items_purged":["Defend_P"],"score":288,"play_id":"3a458b26-47b8-4e48-8c22-4b072c4deaa4","local_time":"20210205223151","is_ascension_mode":true,"campfire_choices":[{"data":"Eruption","floor":8,"key":"SMITH"},{"data":"Perseverance","floor":12,"key":"SMITH"},{"data":"InnerPeace","floor":15,"key":"SMITH"}],"circlet_count":0,"master_deck":["Eruption+1","Vigilance","EmptyFist+1","InnerPeace+1","EmptyFist","Tantrum","CutThroughFate+1","Perseverance+1","CutThroughFate+1","Replay:LoomingThreat","Blasphemy","Wish","Adaptation","CarveReality+1","CarveReality+1","Scrawl","ClearTheMind"],"relics":["PureWater","NeowsBlessing","Vajra","Molten Egg 2","BargainBundle","aspiration:RitualStick","ReplayTheSpireMod:Lightbulb","MerchantsRug","Juzu Bracelet"],"acts_visited":["Exordium","TheCity"],"potions_floor_usage":[20,20,20],"damage_taken":[{"damage":0,"enemies":"Jaw Worm","floor":1,"turns":1},{"damage":0,"enemies":"Cultist","floor":4,"turns":1},{"damage":0,"enemies":"Gremlin Nob","floor":6,"turns":1},{"damage":0,"enemies":"2 Louse","floor":7,"turns":2},{"damage":0,"enemies":"Blue Slaver","floor":10,"turns":1},{"damage":0,"enemies":"3 Louse","floor":11,"turns":2},{"damage":0,"enemies":"Slime Boss","floor":16,"turns":5},{"damage":6,"enemies":"3 Byrds","floor":18,"turns":3},{"damage":40,"enemies":"conspire:MimicChest","floor":20,"turns":3},{"damage":12,"enemies":"Slavers","floor":23,"turns":1}],"seed_played":"1512041966493026107","potions_obtained":[{"floor":6,"key":"Elixir"},{"floor":7,"key":"Dexterity Potion"},{"floor":10,"key":"AttackPotion"},{"floor":11,"key":"Elixir"}],"is_trial":false,"path_per_floor":["M","?","?","M","?","E","M","R","T","M","M","R","T","$","R","B",null,"M","?","?","?","$","E"],"character_chosen":"WATCHER","items_purchased":["BargainBundle","CutThroughFate+1","SkillPotion","champ:CounterPotion","MerchantsRug","Juzu Bracelet"],"campfire_rested":0,"item_purchase_floors":[14,14,14,14,22,22],"current_hp_per_floor":[72,58,58,58,51,51,51,51,51,51,51,51,51,51,51,51,72,66,52,12,12,12,0,0],"gold":129,"neow_bonus":"THREE_ENEMY_KILL","is_daily":false,"chose_seed":false,"campfire_upgraded":3,"win_rate":0.0,"timestamp":1612535511,"path_taken":["M","?","?","?","?","E","M","R","T","M","M","R","?","?","R","BOSS","M","?","?","?","?","E"],"items_purchased_type":["Relic","Card","Potion","Potion","Relic","Relic"],"build_version":"2020-12-22","purchased_purges":1,"victory":false,"max_hp_per_floor":[72,72,72,72,72,72,72,72,72,72,72,72,72,72,72,72,72,72,72,72,72,72,72,72],"card_choices":[{"not_picked":["FlyingSleeves","Consecrate"],"picked":"EmptyFist","floor":1},{"not_picked":["BattleHymn","Replay:BluntJabs"],"picked":"InnerPeace","floor":4},{"not_picked":["ClearTheMind","WindmillStrike"],"picked":"EmptyFist","floor":6},{"not_picked":["Halt","Omniscience"],"picked":"Tantrum","floor":7},{"not_picked":["Evaluate","Consecrate+1"],"picked":"CutThroughFate+1","floor":10},{"not_picked":["Replay:BluntJabs+1","ForeignInfluence"],"picked":"Perseverance","floor":11},{"not_picked":["Scrawl","MasterReality"],"picked":"Replay:LoomingThreat","floor":16},{"not_picked":["Replay:Cycle","Prostrate"],"picked":"ClearTheMind","floor":18}],"player_experience":296604,"relics_obtained":[{"floor":6,"key":"Vajra"},{"floor":9,"key":"Molten Egg 2"},{"floor":13,"key":"MawBank"},{"floor":20,"key":"ReplayTheSpireMod:Lightbulb"}],"event_choices":[{"damage_healed":0,"gold_gain":0,"player_choice":"Entered Light","damage_taken":14,"max_hp_gain":0,"max_hp_loss":0,"event_name":"Shining Light","floor":2,"gold_loss":0,"cards_upgraded":["EmptyFist","Defend_P"]},{"damage_healed":0,"gold_gain":0,"player_choice":"0 cards matched","damage_taken":0,"max_hp_gain":0,"max_hp_loss":0,"event_name":"Match and Keep!","floor":3,"gold_loss":0,"cards_obtained":[]},{"cards_removed":["Strike_P"],"damage_healed":0,"gold_gain":0,"player_choice":"Card Removal","damage_taken":7,"max_hp_gain":0,"max_hp_loss":0,"event_name":"Golden Wing","floor":5,"gold_loss":0},{"damage_healed":0,"gold_gain":99,"player_choice":"Stole From Cult","damage_taken":0,"max_hp_gain":0,"max_hp_loss":0,"event_name":"Nest","floor":21,"gold_loss":0}],"is_beta":false,"boss_relics":[{"not_picked":["bronze:MakeshiftBattery","conspire:SlowCooker"],"picked":"Pandora\u0027s Box"}],"items_purged_floors":[14],"is_endless":false,"potions_floor_spawned":[6,7,10,11,16,18],"killed_by":"Slavers","ascension_level":2}}