{"host":"6r762osam2bvfm66","time":1612532169,"event":{"mods":["BaseMod","Colored Map","Minty Spire (QoL Compilation)"],"gold_per_floor":[110,124,124,142,14,44,64,64,64,76,76,90,119,131,131,232,282,298,311,60,60,76,76,1,16,43,72,72,72,86,116,116,116,116],"floor_reached":33,"language":"ENG","playtime":1478,"items_purged":["Strike_R"],"score":411,"play_id":"11d7fd3c-cf5b-4094-adab-4c483f76f1c0","local_time":"20210205073609","is_ascension_mode":true,"campfire_choices":[{"data":"Corruption","floor":8,"key":"SMITH"},{"data":"Pommel Strike","floor":15,"key":"SMITH"},{"data":"Spot Weakness","floor":23,"key":"SMITH"},{"floor":29,"key":"REST"},{"floor":32,"key":"REST"}],"circlet_count":0,"master_deck":["Strike_R","Strike_R","Defend_R","Defend_R+1","Defend_R","Defend_R","Bash+1","Immolate","Metallicize","Headbutt","Clothesline+1","Corruption+1","Shrug It Off","Pommel Strike+1","Sentinel","Dual Wield","Spot Weakness+1","Flame Barrier+1","Spot Weakness+1","Evolve+1","Finesse+1","Ghostly Armor+1","Warcry+1"],"relics":["Burning Blood","Singing Bowl","Odd Mushroom","Matryoshka","Vajra","Tiny House","Toxic Egg 2","Bottled Flame","Whetstone","PreservedInsect","Bag of Preparation"],"acts_visited":["Exordium","TheCity"],"potions_floor_usage":[16,19,27],"damage_taken":[{"damage":1.0,"enemies":"2 Louse","floor":1.0,"turns":2.0},{"damage":0.0,"enemies":"Small Slimes","floor":2.0,"turns":2.0},{"damage":3.0,"enemies":"Cultist","floor":4.0,"turns":3.0},{"damage":43,"enemies":"Lagavulin","floor":6,"turns":7},{"damage":9,"enemies":"The Mushroom Lair","floor":7,"turns":2},{"damage":0,"enemies":"3 Louse","floor":10,"turns":3},{"damage":0,"enemies":"2 Fungi Beasts","floor":12,"turns":2},{"damage":7,"enemies":"3 Sentries","floor":13,"turns":3},{"damage":6,"enemies":"Looter","floor":14,"turns":3},{"damage":48,"enemies":"Hexaghost","floor":16,"turns":10},{"damage":20,"enemies":"Shell Parasite","floor":18,"turns":6},{"damage":19,"enemies":"3 Byrds","floor":19,"turns":5},{"damage":0,"enemies":"Snecko","floor":22,"turns":5},{"damage":2,"enemies":"3 Cultists","floor":25,"turns":3},{"damage":37,"enemies":"Slavers","floor":27,"turns":4},{"damage":13,"enemies":"Shelled Parasite and Fungi","floor":30,"turns":4},{"damage":37,"enemies":"Book of Stabbing","floor":31,"turns":5},{"damage":71,"enemies":"Automaton","floor":33,"turns":6}],"seed_played":"8927283783639416869","potions_obtained":[{"floor":1.0,"key":"Strength Potion"},{"floor":2.0,"key":"Dexterity Potion"},{"floor":6,"key":"SpeedPotion"},{"floor":14,"key":"LiquidMemories"},{"floor":17,"key":"CultistPotion"},{"floor":22,"key":"FearPotion"},{"floor":30,"key":"LiquidBronze"}],"is_trial":false,"path_per_floor":["M","M","$","M","$","E","?","R","T","M","?","M","E","M","R","B",null,"M","M","$","?","M","R","?","M","T","E","?","R","M","E","R","B"],"character_chosen":"IRONCLAD","items_purchased":["Clothesline","Toxic Egg 2"],"campfire_rested":2,"item_purchase_floors":[5,20],"current_hp_per_floor":[77,80,80,80,80,43,42,42,42,48,48,54,55,55,55,15,73,59,48,48,48,54,54,54,60,60,29,29,57,50,21,50,0,0],"gold":116,"neow_bonus":"ONE_RANDOM_RARE_CARD","is_daily":false,"chose_seed":false,"campfire_upgraded":3,"win_rate":0.0,"timestamp":1612532169,"path_taken":["M","M","$","M","$","E","?","R","T","M","?","M","E","?","R","BOSS","M","M","$","?","M","R","?","M","T","E","?","R","M","E","R","BOSS"],"items_purchased_type":["Card","Relic"],"build_version":"2020-12-22","purchased_purges":1,"victory":false,"max_hp_per_floor":[80,80,80,80,80,80,82,82,82,82,82,82,84,84,84,86,91,91,93,93,93,93,93,93,95,95,95,95,95,95,97,97,97,97],"card_choices":[{"not_picked":["Dropkick","Bloodletting","Sentinel"],"picked":"SKIP","floor":1.0},{"not_picked":["Flex","Anger"],"picked":"Metallicize","floor":2.0},{"not_picked":["Flex","Ghostly Armor"],"picked":"Headbutt","floor":4.0},{"not_picked":["Twin Strike","Fire Breathing"],"picked":"Corruption","floor":6},{"not_picked":["Anger","Reckless Charge","Combust"],"picked":"Singing Bowl","floor":7},{"not_picked":["Clothesline","Havoc"],"picked":"Shrug It Off","floor":10},{"not_picked":["Flex","Searing Blow"],"picked":"Pommel Strike","floor":12},{"not_picked":["Pommel Strike","Body Slam","Anger"],"picked":"Singing Bowl","floor":13},{"not_picked":["Combust","Corruption"],"picked":"Sentinel","floor":14},{"not_picked":["Immolate","Bludgeon","Corruption"],"picked":"Singing Bowl","floor":16},{"not_picked":["Havoc","Twin Strike"],"picked":"Dual Wield","floor":17},{"not_picked":["Sword Boomerang","Cleave+1"],"picked":"Spot Weakness","floor":18},{"not_picked":["Wild Strike","Sword Boomerang","Warcry"],"picked":"Singing Bowl","floor":19},{"not_picked":["Uppercut+1","Burning Pact+1"],"picked":"Spot Weakness+1","floor":22},{"not_picked":["Entrench+1","Clothesline","Headbutt"],"picked":"Singing Bowl","floor":25},{"not_picked":["Heavy Blade","Rupture"],"picked":"Evolve+1","floor":27},{"not_picked":["Sever Soul+1","Iron Wave"],"picked":"Warcry+1","floor":30},{"not_picked":["Thunderclap","Metallicize","Juggernaut"],"picked":"Singing Bowl","floor":31}],"player_experience":49941,"relics_obtained":[{"floor":6,"key":"Singing Bowl"},{"floor":7,"key":"Odd Mushroom"},{"floor":9,"key":"Matryoshka"},{"floor":13,"key":"Vajra"},{"floor":26,"key":"Bottled Flame"},{"floor":26,"key":"Whetstone"},{"floor":27,"key":"PreservedInsect"},{"floor":31,"key":"Bag of Preparation"}],"event_choices":[{"damage_healed":0,"gold_gain":0,"player_choice":"Fought Mushrooms","damage_taken":0,"max_hp_gain":0,"max_hp_loss":0,"event_name":"Mushrooms","floor":7,"gold_loss":0},{"cards_removed":["Strike_R"],"damage_healed":0,"gold_gain":0,"player_choice":"Card Removal","damage_taken":0,"max_hp_gain":0,"max_hp_loss":0,"event_name":"Wheel of Change","floor":11,"gold_loss":0},{"damage_healed":0,"gold_gain":0,"player_choice":"Read","damage_taken":0,"max_hp_gain":0,"max_hp_loss":0,"event_name":"The Library","floor":21,"gold_loss":0,"cards_obtained":["Flame Barrier"]},{"cards_removed":["Strike_R"],"damage_healed":0,"gold_gain":0,"player_choice":"Gave Gold","damage_taken":0,"max_hp_gain":0,"max_hp_loss":0,"event_name":"Beggar","floor":24,"gold_loss":75},{"damage_healed":0,"gold_gain":0,"player_choice":"2 cards matched","damage_taken":0,"max_hp_gain":0,"max_hp_loss":0,"event_name":"Match and Keep!","floor":28,"gold_loss":0,"cards_obtained":["Finesse","Ghostly Armor"]}],"is_beta":false,"boss_relics":[{"not_picked":["Calling Bell","Busted Crown"],"picked":"Tiny House"}],"items_purged_floors":[5],"is_endless":false,"potions_floor_spawned":[1,2,6,14,22,30],"killed_by":"Automaton","ascension_level":6}}