{"host":"36t3qd3wjvajtu1z","time":1612490711,"event":{"mods":["AchievementEnabler","BaseMod","Block Reminder","Colored Powertips","Minty Spire (QoL Compilation)","Permanent Neow","Quick Restart","Random Character Button","Rare Cards Sparkle","Relic Stats","Slay-I","StSLib"],"gold_per_floor":[109,109,59,77,2,2,2,20,45,70,86,103,136,153,153,153,153],"floor_reached":16,"language":"ENG","playtime":307,"items_purged":["Strike_R"],"score":112,"play_id":"50b85708-c48f-4a6c-be39-b898c80bfa6c","local_time":"20210204180511","is_ascension_mode":false,"campfire_choices":[{"data":"Fiend Fire","floor":6,"key":"SMITH"},{"data":"Whirlwind","floor":15,"key":"SMITH"}],"circlet_count":0,"master_deck":["Strike_R","Strike_R","Strike_R","Defend_R","Defend_R","Defend_R","Defend_R","Bash","Fiend Fire+1","Sentinel","Rampage","Whirlwind+1"],"relics":["Burning Blood","Anchor","Omamori","Mummified Hand","Darkstone Periapt"],"acts_visited":["Exordium"],"potions_floor_usage":[10,10,13],"damage_taken":[{"damage":7,"enemies":"Small Slimes","floor":1,"turns":3},{"damage":1,"enemies":"Jaw Worm","floor":4,"turns":2},{"damage":1,"enemies":"Cultist","floor":8,"turns":3},{"damage":50,"enemies":"Lagavulin","floor":10,"turns":9},{"damage":0,"enemies":"2 Fungi Beasts","floor":11,"turns":3},{"damage":0,"enemies":"Blue Slaver","floor":12,"turns":2},{"damage":22,"enemies":"Gremlin Nob","floor":13,"turns":4},{"damage":0,"enemies":"Exordium Thugs","floor":14,"turns":2},{"damage":29,"enemies":"Hexaghost","floor":16,"turns":6}],"seed_played":"9186159614043045396","potions_obtained":[{"floor":4,"key":"Explosive Potion"},{"floor":8,"key":"Explosive Potion"},{"floor":10,"key":"PowerPotion"}],"is_trial":false,"path_per_floor":["M","?","?","M","$","R","$","M","T","E","M","M","E","M","R","B"],"character_chosen":"IRONCLAD","items_purchased":[],"campfire_rested":0,"item_purchase_floors":[],"current_hp_per_floor":[79,61,61,66,66,66,66,71,71,27,33,39,23,29,29,0,0],"gold":153,"neow_bonus":"ONE_RANDOM_RARE_CARD","is_daily":false,"chose_seed":false,"campfire_upgraded":2,"win_rate":0.0,"timestamp":1612490711,"path_taken":["M","?","?","M","$","R","?","M","T","E","M","M","E","?","R","BOSS"],"items_purchased_type":[],"build_version":"2020-12-22","purchased_purges":1,"victory":false,"max_hp_per_floor":[80,80,80,80,80,80,80,80,80,80,80,80,80,80,80,80,80],"relic_stats":{"Darkstone Periapt":0,"counters":[9,34],"Mummified Hand":[1],"obtain_stats":[{"Darkstone Periapt":13,"Anchor":2,"Mummified Hand":10,"Omamori":9,"Burning Blood":0},{"Darkstone Periapt":7,"Anchor":1,"Mummified Hand":4,"Omamori":3,"Burning Blood":0},{"Darkstone Periapt":26,"Anchor":3,"Mummified Hand":17,"Omamori":8,"Burning Blood":0}],"Burning Blood":48},"card_choices":[{"not_picked":["Clothesline","Cleave"],"picked":"Sentinel","floor":1},{"not_picked":["Headbutt","Armaments","Havoc"],"picked":"SKIP","floor":4},{"not_picked":["Flex","Dual Wield"],"picked":"Rampage","floor":8},{"not_picked":["Immolate","Bludgeon"],"picked":"Whirlwind","floor":10},{"not_picked":["Cleave","Sword Boomerang","Heavy Blade"],"picked":"SKIP","floor":11},{"not_picked":["Body Slam","Brutality","Inflame"],"picked":"SKIP","floor":12},{"not_picked":["Armaments","Clash","Wild Strike"],"picked":"SKIP","floor":13},{"not_picked":["Rupture","Clash","Wild Strike"],"picked":"SKIP","floor":14}],"player_experience":393175,"relics_obtained":[{"floor":9,"key":"Omamori"},{"floor":10,"key":"Mummified Hand"},{"floor":13,"key":"Darkstone Periapt"}],"event_choices":[{"damage_healed":0,"gold_gain":0,"player_choice":"Success","damage_taken":18,"relics_obtained":["Anchor"],"max_hp_gain":0,"max_hp_loss":0,"event_name":"Scrap Ooze","floor":2,"gold_loss":0},{"cards_removed":["Strike_R"],"damage_healed":0,"gold_gain":0,"player_choice":"Card Removal","damage_taken":0,"max_hp_gain":0,"max_hp_loss":0,"event_name":"The Cleric","floor":3,"gold_loss":50}],"is_beta":false,"boss_relics":[],"items_purged_floors":[5],"is_endless":false,"potions_floor_spawned":[4,8,10],"killed_by":"Hexaghost","ascension_level":0}}