{"host":"gf8hyl7jhl0is674","time":1612485127,"event":{"mods":["2.2 Compatiblity","Act Like it!","Aspiration","BaseMod","CapriCore","Chen","Colored Map","Gensokyo","Hallownest","Jorbs\u0027s Wanderer Trilogy","Koishi","Marisa????????","Minty Spire (QoL Compilation)","Onozuka Komachi Mod","Permanent Neow","Reimu??????","StSLib","The Administrix","The Blue Laboratory","The Immortal","The Jungle","The Servant 0.9.4","Waifu the Spire","Yakumo Yukari mod"],"gold_per_floor":[112,112,37,55,73,73,99,99,168,182,207,57,57,86,86,182,182,201,201,219,233,253,281,294,294,374,385,385,79,93,121,121,218,218,230,230,230,246,257,257,288,288,288,288,323,342,342,362,362,362,362,362,28,57,57],"floor_reached":56,"language":"ENG","playtime":3931,"items_purged":["Strike_P","Defend_P"],"score":1517,"play_id":"d7dbe53e-8637-44ab-bd22-32f9316dce58","local_time":"20210204173207","is_ascension_mode":false,"campfire_choices":[{"data":"Flechettes","floor":6,"key":"SMITH"},{"data":"Perseverance","floor":8,"key":"SMITH"},{"floor":15,"key":"REST"},{"data":"SpiritShield","floor":25,"key":"SMITH"},{"floor":32,"key":"RECALL"},{"data":"Study","floor":40,"key":"SMITH"},{"data":"MasterReality","floor":42,"key":"SMITH"},{"data":"ConjureBlade","floor":52,"key":"SMITH"}],"circlet_count":0,"master_deck":["ConjureBlade+1","Consecrate+1","Blade Dance","Predator+1","Flechettes+1","ThirdEye","Perseverance+1","SpiritShield+1","Study+1","ForeignInfluence+1","SashWhip","MasterReality+1","IllusionStar+1","DeepEcoloBomb+1","OortCloud+1","Wireheading+1","Madness+1","ChargingUp+1"],"relics":["PureWater","Shuriken","aspiration:HummingbirdHeart","aspiration:AnachronicSnailShell","Whetstone","Anchor","Empty Cage","Toxic Egg 2","aspiration:HatOfInfinitePower","Ornamental Fan","aspiration:MarisaSkillbook","FossilizedHelix","PureWhite:ReiMu","Regal Pillow","Torii","aspiration:ArtOfWarUpgrade","Bag of Marbles","Bottled Lightning"],"acts_visited":["Gensokyo:Gensokyo","Gensokyo:Gensokyo","Gensokyo:Gensokyoest","TheEnding"],"potions_floor_usage":[55,55],"damage_taken":[{"damage":1,"enemies":"Gensokyo:3_Fairies","floor":1,"turns":5},{"damage":2,"enemies":"Gensokyo:Gryphon","floor":4,"turns":2},{"damage":0,"enemies":"Gensokyo:Python","floor":5,"turns":2},{"damage":9,"enemies":"Gensokyo:Cirno","floor":7,"turns":6},{"damage":12,"enemies":"Gensokyo:LivingMonolith","floor":10,"turns":4},{"damage":3,"enemies":"Gensokyo:Mamizou","floor":11,"turns":6},{"damage":6,"enemies":"Gensokyo:Aya","floor":14,"turns":6},{"damage":0,"enemies":"Gensokyo:Reimu","floor":16,"turns":8},{"damage":2,"enemies":"theJungle:MUSHROOMGANG","floor":18,"turns":3},{"damage":0,"enemies":"theJungle:GiantWrat","floor":20,"turns":3},{"damage":0,"enemies":"theJungle:SlimyTreeVines","floor":21,"turns":3},{"damage":1,"enemies":"theJungle:Lyon","floor":22,"turns":3},{"damage":0,"enemies":"theJungle:MamaSnecko","floor":23,"turns":3},{"damage":0,"enemies":"theJungle:JungleHuntersEncounter","floor":24,"turns":3},{"damage":1,"enemies":"theJungle:2_Snecko_Cultists","floor":27,"turns":4},{"damage":1,"enemies":"theJungle:Lyon","floor":30,"turns":3},{"damage":0,"enemies":"theJungle:Cassacara","floor":31,"turns":3},{"damage":11,"enemies":"theJungle:TotemBoss","floor":33,"turns":9},{"damage":3,"enemies":"Gensokyo:3_Boulders","floor":35,"turns":3},{"damage":0,"enemies":"Gensokyo:3_Bats","floor":38,"turns":2},{"damage":0,"enemies":"Gensokyo:AtlasGolem","floor":39,"turns":3},{"damage":0,"enemies":"Gensokyo:Doremy","floor":41,"turns":5},{"damage":2,"enemies":"Gensokyo:Marisa","floor":45,"turns":4},{"damage":0,"enemies":"Gensokyo:Dusk_and_Dawn","floor":46,"turns":3},{"damage":0,"enemies":"Gensokyo:Sharpion","floor":48,"turns":3},{"damage":0,"enemies":"Gensokyo:Scarlet_Devils","floor":50,"turns":6},{"damage":0,"enemies":"Shield and Spear","floor":54,"turns":5},{"damage":12,"enemies":"The Heart","floor":55,"turns":6}],"seed_played":"2036334437406233611","potions_obtained":[{"floor":1,"key":"PanachePotion"},{"floor":10,"key":"blueLaboratory:Moonshine"},{"floor":11,"key":"AttackPotion"},{"floor":16,"key":"SkillPotion"}],"is_trial":false,"path_per_floor":["M","?","$","M","M","R","E","R","T","M","E","$","?","E","R","B",null,"M","?","M","M","M","E","M","R","T","M","?","$","M","E","R","B",null,"M","?","?","M","M","R","E","R","T","T","E","M","R","M","R","B",null,"R","$","E","B",null],"character_chosen":"WATCHER","items_purchased":["Whetstone","aspiration:HatOfInfinitePower","Madness+1","Bag of Marbles"],"campfire_rested":1,"item_purchase_floors":[12,29,53,53],"current_hp_per_floor":[71,71,71,69,69,69,60,60,60,48,45,45,17,11,32,32,72,70,70,70,72,71,71,71,71,71,70,63,63,62,62,62,51,72,69,41,48,48,48,48,48,48,48,48,46,46,46,46,46,46,72,72,72,72,60],"gold":57,"neow_bonus":"ONE_RANDOM_RARE_CARD","is_daily":false,"chose_seed":false,"campfire_upgraded":6,"win_rate":0.0,"timestamp":1612485127,"path_taken":["M","?","$","M","M","R","E","R","T","?","E","?","?","E","R","BOSS","M","?","M","M","M","E","M","R","T","M","?","$","?","E","R","BOSS","M","?","?","M","?","R","E","R","T","?","E","M","R","M","R","BOSS","R","$","E","BOSS"],"items_purchased_type":["Relic","Relic","Card","Relic"],"build_version":"2020-12-22","purchased_purges":2,"victory":true,"max_hp_per_floor":[72,72,72,72,72,72,72,72,72,72,72,72,72,72,72,72,72,72,72,72,72,72,72,72,72,72,72,72,72,72,72,72,72,72,72,72,72,72,72,72,72,72,72,72,72,72,72,72,72,72,72,72,72,72,72],"card_choices":[{"not_picked":["Meditate","ClearTheMind"],"picked":"Consecrate","floor":1},{"not_picked":["Conclude","InnerPeace"],"picked":"ThirdEye","floor":4},{"not_picked":["EmptyFist","Halt","ClearTheMind"],"picked":"SKIP","floor":5},{"not_picked":["Prostrate","EmptyFist"],"picked":"Perseverance","floor":7},{"not_picked":["BowlingBash","CarveReality","ClearTheMind"],"picked":"SKIP","floor":10},{"not_picked":["Blasphemy","Ragnarok"],"picked":"ForeignInfluence","floor":11},{"not_picked":["ThirdEye","WindmillStrike","Swivel"],"picked":"SKIP","floor":14},{"not_picked":["Alpha","DevaForm"],"picked":"SpiritShield","floor":16},{"not_picked":["PathToVictory","CarveReality+1","Crescendo+1"],"picked":"SKIP","floor":18},{"not_picked":["Swivel","CutThroughFate+1","Crescendo"],"picked":"SKIP","floor":20},{"not_picked":["Establishment","FlyingSleeves+1"],"picked":"Study","floor":21},{"not_picked":["WaveOfTheHand+1","SashWhip","FearNoEvil"],"picked":"SKIP","floor":22},{"not_picked":["MentalFortress","FearNoEvil+1","Adaptation"],"picked":"SKIP","floor":23},{"not_picked":["Consecrate","Wallop+1","TalkToTheHand"],"picked":"SKIP","floor":24},{"not_picked":["WaveOfTheHand+1","Sanctity+1"],"picked":"ForeignInfluence+1","floor":27},{"not_picked":["Study","WreathOfFlame+1","Weave"],"picked":"SKIP","floor":30},{"not_picked":["CutThroughFate","TalkToTheHand+1"],"picked":"SashWhip","floor":31},{"not_picked":["Judgement+1","Establishment"],"picked":"MasterReality","floor":33},{"not_picked":["PathToVictory+1","WitchLeyline","FollowUp"],"picked":"IllusionStar+1","floor":35},{"not_picked":["Weave","MeteoricShower+1","OpenUniverse+1"],"picked":"DeepEcoloBomb+1","floor":38},{"not_picked":["Consecrate","SashWhip+1","PulseMagic+1"],"picked":"OortCloud+1","floor":39},{"not_picked":["Worship+1","GalacticHalo+1","MentalFortress","IllusionStar+1"],"picked":"SKIP","floor":41},{"not_picked":["Collect+1","JA","EmptyBody+1"],"picked":"Wireheading+1","floor":45},{"not_picked":["ReachHeaven+1","UnstableBomb+1","SprinkleStarSeal+1","DarkSpark"],"picked":"SKIP","floor":46},{"not_picked":["ReachHeaven+1","UnstableBomb+1","SprinkleStarSeal+1","DarkSpark"],"picked":"SKIP","floor":46},{"not_picked":["Worship+1","LuminesStrike+1","Evaluate+1","EmptyFist+1"],"picked":"SKIP","floor":48},{"not_picked":["DC","Tantrum","RefractionSpark+1"],"picked":"ChargingUp+1","floor":54}],"player_experience":420821,"relics_obtained":[{"floor":7,"key":"Shuriken"},{"floor":9,"key":"aspiration:HummingbirdHeart"},{"floor":11,"key":"aspiration:AnachronicSnailShell"},{"floor":14,"key":"Anchor"},{"floor":23,"key":"Toxic Egg 2"},{"floor":31,"key":"Ornamental Fan"},{"floor":41,"key":"PureWhite:ReiMu"},{"floor":43,"key":"Regal Pillow"},{"floor":44,"key":"Torii"},{"floor":45,"key":"Art of War"},{"floor":54,"key":"Bottled Lightning"}],"event_choices":[{"damage_healed":0,"gold_gain":0,"player_choice":"Damaged","damage_taken":7,"max_hp_gain":0,"max_hp_loss":0,"event_name":"Wheel of Change","floor":28,"gold_loss":0}],"is_beta":false,"boss_relics":[{"not_picked":["Snecko Eye","Busted Crown"],"picked":"Empty Cage"},{"not_picked":["Fusion Hammer","aspiration:RitualDagger"],"picked":"aspiration:MarisaSkillbook"}],"items_purged_floors":[3,53],"is_endless":false,"potions_floor_spawned":[1,10,11,16,18,22,27,30,33,35,41,46,54],"ascension_level":0}}