{"host":"rolltorest","time":1612515961,"event":{"mods":["BaseMod","Minty Spire (QoL Compilation)","Relic Stats","Slay the Relics Exporter","StSLib"],"gold_per_floor":[110,110,110,127,145,480,496,516,590,103,137,137,149,165,165,238,238,253,253,272,282,282,311,311,343,343,47,47,61,61,104,104,188,188,236,81,81,169,169,259,259,314,340,340,367,367,379,414,414,464,464,464,464,55,86,86,86],"floor_reached":56,"language":"ENG","playtime":2154,"items_purged":["Strike_P","Strike_P+1"],"score":2306,"play_id":"f56b7d71-5c76-4a28-a1e6-e0f64331a2fc","local_time":"20210205010601","is_ascension_mode":true,"campfire_choices":[{"data":"Meditate","floor":12,"key":"SMITH"},{"data":"Eruption","floor":15,"key":"SMITH"},{"floor":24,"key":"REST"},{"floor":28,"key":"DIG"},{"floor":32,"key":"REST"},{"data":"Meditate","floor":41,"key":"SMITH"},{"floor":44,"key":"DIG"},{"data":"MentalFortress","floor":46,"key":"SMITH"},{"floor":49,"key":"RECALL"},{"data":"MentalFortress","floor":53,"key":"SMITH"}],"circlet_count":0,"master_deck":["AscendersBane","Strike_P+1","Defend_P+1","Defend_P+1","Defend_P+1","Defend_P+1","Eruption+1","Vigilance","Consecrate+1","Wallop","CutThroughFate","Wallop+1","FollowUp","Fasting2","Meditate+1","SpiritShield","BowlingBash+1","DeusExMachina","Vault","Indignation","Worship","SandsOfTime","Omniscience","FlurryOfBlows","MentalFortress+1","ThirdEye","MentalFortress+1","Wish","Meditate+1","WheelKick","FearNoEvil","Wireheading"],"relics":["PureWater","NeowsBlessing","Old Coin","Gremlin Horn","Lee\u0027s Waffle","Gambling Chip","Black Star","MutagenicStrength","Happy Flower","Pear","Vajra","Mummified Hand","Shovel","ClockworkSouvenir","TeardropLocket","CeramicFish","Toy Ornithopter","SlaversCollar","CloakClasp","Darkstone Periapt","Singing Bowl","InkBottle","Kunai","CaptainsWheel","Torii","Whetstone","HornCleat","Bag of Marbles","Blood Vial"],"acts_visited":["Exordium","TheCity","TheBeyond","TheEnding"],"potions_floor_usage":[6,16,23,31,42,45,51,56,56],"damage_taken":[{"damage":0,"enemies":"Jaw Worm","floor":1,"turns":1},{"damage":0,"enemies":"Cultist","floor":4,"turns":1},{"damage":0,"enemies":"Small Slimes","floor":5,"turns":1},{"damage":70,"enemies":"Gremlin Nob","floor":6,"turns":5},{"damage":6,"enemies":"Exordium Thugs","floor":7,"turns":3},{"damage":0,"enemies":"Looter","floor":8,"turns":5},{"damage":38,"enemies":"Lagavulin","floor":11,"turns":8},{"damage":0,"enemies":"Large Slime","floor":13,"turns":2},{"damage":2,"enemies":"Blue Slaver","floor":14,"turns":5},{"damage":0,"enemies":"Slime Boss","floor":16,"turns":4},{"damage":45,"enemies":"Shell Parasite","floor":18,"turns":9},{"damage":10,"enemies":"Chosen","floor":20,"turns":4},{"damage":1,"enemies":"Snake Plant","floor":21,"turns":3},{"damage":6,"enemies":"Slavers","floor":23,"turns":4},{"damage":0,"enemies":"Gremlin Leader","floor":25,"turns":4},{"damage":0,"enemies":"3 Cultists","floor":29,"turns":2},{"damage":15,"enemies":"Slavers","floor":31,"turns":2},{"damage":12,"enemies":"Collector","floor":33,"turns":6},{"damage":0,"enemies":"3 Darklings","floor":35,"turns":3},{"damage":0,"enemies":"2 Orb Walkers","floor":38,"turns":4},{"damage":0,"enemies":"Reptomancer","floor":40,"turns":4},{"damage":24,"enemies":"Nemesis","floor":42,"turns":6},{"damage":3,"enemies":"Giant Head","floor":45,"turns":6},{"damage":0,"enemies":"3 Shapes","floor":47,"turns":3},{"damage":0,"enemies":"Sphere and 2 Shapes","floor":48,"turns":6},{"damage":1,"enemies":"Donu and Deca","floor":50,"turns":7},{"damage":18,"enemies":"Awakened One","floor":51,"turns":13},{"damage":7,"enemies":"Shield and Spear","floor":55,"turns":7},{"damage":92,"enemies":"The Heart","floor":56,"turns":9}],"seed_played":"6380781924649510747","potions_obtained":[{"floor":1,"key":"FairyPotion"},{"floor":4,"key":"Weak Potion"},{"floor":8,"key":"SpeedPotion"},{"floor":11,"key":"LiquidBronze"},{"floor":13,"key":"Regen Potion"},{"floor":14,"key":"DuplicationPotion"},{"floor":16,"key":"FearPotion"},{"floor":20,"key":"DuplicationPotion"},{"floor":25,"key":"SpeedPotion"},{"floor":42,"key":"AttackPotion"},{"floor":45,"key":"LiquidMemories"},{"floor":48,"key":"PowerPotion"}],"is_trial":false,"path_per_floor":["M","?","?","M","M","E","M","M","T","$","E","R","M","M","R","B",null,"M","?","M","M","?","E","R","E","T","$","R","M","?","E","R","B",null,"M","$","?","?","?","E","R","E","T","R","E","R","M","M","R","B","B",null,"R","$","E","B"],"character_chosen":"WATCHER","items_purchased":["Lee\u0027s Waffle","Fasting2","Meditate","SpiritShield","ClockworkSouvenir","FlurryOfBlows","MentalFortress","Swift Potion","Wireheading","HornCleat","Weak Potion"],"campfire_rested":2,"item_purchase_floors":[10,10,10,10,27,27,27,36,54,54,54],"current_hp_per_floor":[61,61,54,54,54,20,14,14,14,75,37,37,37,35,35,47,68,23,23,13,12,12,16,41,41,41,41,41,41,41,26,51,39,74,74,74,74,74,74,74,74,57,57,57,61,61,63,65,65,64,51,80,80,80,75,0,0],"gold":86,"neow_bonus":"THREE_ENEMY_KILL","is_daily":false,"chose_seed":false,"campfire_upgraded":5,"win_rate":0.0,"timestamp":1612515961,"path_taken":["M","?","?","?","M","E","M","M","T","$","E","R","M","M","R","BOSS","M","?","M","M","?","E","R","E","T","$","R","?","?","E","R","BOSS","M","$","?","?","?","E","R","E","T","R","E","R","M","M","R","BOSS","BOSS","R","$","E","BOSS"],"items_purchased_type":["Relic","Card","Card","Card","Relic","Card","Card","Potion","Card","Relic","Potion"],"build_version":"2020-12-18","purchased_purges":2,"victory":false,"max_hp_per_floor":[68,68,68,68,68,68,68,68,68,75,75,75,75,75,75,75,75,75,75,75,75,75,85,85,85,85,85,85,85,85,85,85,85,85,85,85,81,81,81,81,81,83,83,83,85,85,87,89,89,89,89,89,89,89,91,91,91],"relic_stats":{"Darkstone Periapt":0,"Lee\u0027s Waffle":61,"Gremlin Horn":[31,30],"Happy Flower":[27],"Singing Bowl":10,"Torii":2,"counters":[29,137],"CeramicFish":54,"CloakClasp":[235],"Whetstone":["Wallop","BowlingBash"],"Blood Vial":2,"Shovel":2,"Mummified Hand":[48],"Gambling Chip":[60],"Black Star":7,"Kunai":[31],"obtain_stats":[{"Darkstone Periapt":40,"Gremlin Horn":9,"Singing Bowl":40,"Torii":45,"CeramicFish":31,"Vajra":25,"CloakClasp":38,"TeardropLocket":28,"Whetstone":45,"Old Coin":6,"ClockworkSouvenir":27,"Blood Vial":55,"Shovel":26,"HornCleat":54,"Mummified Hand":25,"Gambling Chip":11,"Kunai":42,"InkBottle":42,"Lee\u0027s Waffle":10,"Pear":23,"NeowsBlessing":0,"Happy Flower":23,"SlaversCollar":34,"CaptainsWheel":44,"MutagenicStrength":22,"Black Star":17,"Bag of Marbles":55,"PureWater":0,"Toy Ornithopter":31},{"Darkstone Periapt":21,"Gremlin Horn":6,"Singing Bowl":21,"Torii":23,"CeramicFish":17,"Vajra":15,"CloakClasp":20,"TeardropLocket":15,"Whetstone":23,"Old Coin":4,"ClockworkSouvenir":15,"Blood Vial":28,"Shovel":15,"HornCleat":27,"Mummified Hand":15,"Gambling Chip":7,"Kunai":22,"InkBottle":22,"Lee\u0027s Waffle":6,"Pear":14,"NeowsBlessing":0,"Happy Flower":14,"SlaversCollar":18,"CaptainsWheel":22,"MutagenicStrength":13,"Black Star":10,"Bag of Marbles":28,"PureWater":0,"Toy Ornithopter":17},{"Darkstone Periapt":80,"Gremlin Horn":16,"Singing Bowl":80,"Torii":92,"CeramicFish":63,"Vajra":59,"CloakClasp":76,"TeardropLocket":59,"Whetstone":92,"Old Coin":8,"ClockworkSouvenir":59,"Blood Vial":128,"Shovel":59,"HornCleat":121,"Mummified Hand":59,"Gambling Chip":24,"Kunai":86,"InkBottle":86,"Lee\u0027s Waffle":16,"Pear":55,"NeowsBlessing":0,"Happy Flower":55,"SlaversCollar":69,"CaptainsWheel":86,"MutagenicStrength":51,"Black Star":35,"Bag of Marbles":128,"PureWater":0,"Toy Ornithopter":63}],"Toy Ornithopter":25,"InkBottle":[27]},"card_choices":[{"not_picked":["Wireheading","InnerPeace"],"picked":"Consecrate","floor":1},{"not_picked":["Protect","WaveOfTheHand"],"picked":"Wallop","floor":4},{"not_picked":["FlurryOfBlows","Crescendo"],"picked":"CutThroughFate","floor":5},{"not_picked":["JustLucky","Ragnarok"],"picked":"Wallop","floor":6},{"not_picked":["WindmillStrike","Evaluate","PathToVictory"],"picked":"SKIP","floor":7},{"not_picked":["Prostrate","Halt"],"picked":"FollowUp","floor":8},{"not_picked":["EmptyBody","Prostrate"],"picked":"BowlingBash","floor":11},{"not_picked":["JustLucky","EmptyBody"],"picked":"DeusExMachina","floor":13},{"not_picked":["PathToVictory","EmptyBody","Sanctity"],"picked":"SKIP","floor":14},{"not_picked":["Brilliance","SpiritShield"],"picked":"Vault","floor":16},{"not_picked":["Sanctity","CarveReality"],"picked":"Indignation","floor":18},{"not_picked":["InnerPeace","Collect"],"picked":"Worship","floor":20},{"not_picked":["Protect","ClearTheMind"],"picked":"SandsOfTime","floor":21},{"not_picked":["CrushJoints","Worship"],"picked":"Omniscience","floor":23},{"not_picked":["Crescendo","ForeignInfluence","Prostrate"],"picked":"SKIP","floor":25},{"not_picked":["Halt","FlurryOfBlows"],"picked":"ThirdEye","floor":29},{"not_picked":["SpiritShield","ClearTheMind"],"picked":"MentalFortress","floor":31},{"not_picked":["SpiritShield","DeusExMachina"],"picked":"Wish","floor":33},{"not_picked":["EmptyMind","Evaluate+1"],"picked":"Meditate","floor":35},{"not_picked":["Weave","PathToVictory"],"picked":"WheelKick","floor":38},{"not_picked":["Halt+1","Evaluate"],"picked":"FearNoEvil","floor":40},{"not_picked":["PathToVictory+1","FlurryOfBlows","FearNoEvil"],"picked":"Singing Bowl","floor":42},{"not_picked":["ClearTheMind","Halt","WreathOfFlame"],"picked":"Singing Bowl","floor":45},{"not_picked":["FollowUp","Crescendo","WindmillStrike"],"picked":"Singing Bowl","floor":47},{"not_picked":["Crescendo+1","Consecrate+1","Study+1"],"picked":"Singing Bowl","floor":48},{"not_picked":["FlyingSleeves","Prostrate","Pray+1"],"picked":"Singing Bowl","floor":55}],"player_experience":1865708,"relics_obtained":[{"floor":6,"key":"Old Coin"},{"floor":9,"key":"Gremlin Horn"},{"floor":11,"key":"Gambling Chip"},{"floor":23,"key":"Happy Flower"},{"floor":23,"key":"Pear"},{"floor":25,"key":"Vajra"},{"floor":25,"key":"Mummified Hand"},{"floor":26,"key":"Shovel"},{"floor":28,"key":"TeardropLocket"},{"floor":31,"key":"CeramicFish"},{"floor":31,"key":"Toy Ornithopter"},{"floor":38,"key":"CloakClasp"},{"floor":40,"key":"Darkstone Periapt"},{"floor":40,"key":"Singing Bowl"},{"floor":42,"key":"InkBottle"},{"floor":42,"key":"Kunai"},{"floor":44,"key":"CaptainsWheel"},{"floor":45,"key":"Torii"},{"floor":45,"key":"Whetstone"},{"floor":55,"key":"Bag of Marbles"},{"floor":55,"key":"Blood Vial"}],"event_choices":[{"damage_healed":0,"gold_gain":0,"player_choice":"Grow","damage_taken":0,"max_hp_gain":0,"max_hp_loss":0,"event_name":"Living Wall","floor":2,"gold_loss":0,"cards_upgraded":["Consecrate"]},{"cards_removed":["Strike_P"],"damage_healed":0,"gold_gain":0,"player_choice":"Card Removal","damage_taken":7,"max_hp_gain":0,"max_hp_loss":0,"event_name":"Golden Wing","floor":3,"gold_loss":0},{"damage_healed":0,"gold_gain":0,"player_choice":"Simplicity","damage_taken":0,"max_hp_gain":0,"max_hp_loss":0,"event_name":"Back to Basics","floor":19,"gold_loss":0,"cards_upgraded":["Strike_P","Strike_P","Defend_P","Defend_P","Defend_P","Defend_P"]},{"damage_healed":0,"gold_gain":0,"player_choice":"Inject Mutagens","damage_taken":0,"relics_obtained":["MutagenicStrength"],"max_hp_gain":0,"max_hp_loss":0,"event_name":"Drug Dealer","floor":22,"gold_loss":0},{"damage_healed":0,"gold_gain":0,"player_choice":"Ignored","damage_taken":0,"max_hp_gain":0,"max_hp_loss":0,"event_name":"Vampires","floor":30,"gold_loss":0},{"damage_healed":0,"gold_gain":0,"player_choice":"Max HP","damage_taken":0,"max_hp_gain":0,"max_hp_loss":4,"event_name":"Winding Halls","floor":37,"gold_loss":0},{"damage_healed":0,"gold_gain":0,"player_choice":"Fight","damage_taken":0,"max_hp_gain":0,"max_hp_loss":0,"event_name":"Mysterious Sphere","floor":38,"gold_loss":0},{"damage_healed":0,"gold_gain":0,"player_choice":"Memory 1","damage_taken":0,"max_hp_gain":0,"max_hp_loss":0,"event_name":"SensoryStone","floor":39,"gold_loss":0}],"is_beta":true,"boss_relics":[{"not_picked":["VioletLotus","Ectoplasm"],"picked":"Black Star"},{"not_picked":["Calling Bell","Snecko Eye"],"picked":"SlaversCollar"}],"items_purged_floors":[10,36],"is_endless":false,"potions_floor_spawned":[1,4,8,11,13,14,16,20,25,29,38,42,45,48],"killed_by":"The Heart","ascension_level":20}}