{"host":"ojt9u6ra2d449odx","time":1612531107,"event":{"mods":["BaseMod","Curses Come First","Downfall","Hubris","Minty Spire (QoL Compilation)","Relic Stats","Replay The Spire","StSLib","The Necromancer"],"gold_per_floor":[149,165,180,180,190,190,190,40,68,87,87,87,114,132,149,252,252,52,71,89,89,89,99,99,127,127,162,175,193,217,251,262,361,361,261,277,262,362,380,380,403,403,446,374,415,415,415,454,488,502,502,516,516,516],"floor_reached":52,"language":"ENG","playtime":10899,"items_purged":[],"score":1111,"play_id":"0e93ea7f-fa89-4a0c-b5e2-4facfbbbd6c5","local_time":"20210205141827","is_ascension_mode":true,"campfire_choices":[{"floor":1,"key":"RECALL"},{"floor":12,"key":"REST"},{"data":"champ:HoldFirm","floor":35,"key":"SMITH"},{"data":"champ:DefensiveStyle","floor":40,"key":"SMITH"},{"data":"champ:DefensiveStyle","floor":46,"key":"SMITH"}],"circlet_count":0,"master_deck":["champ:Strike+1","champ:Strike","champ:Strike","champ:Defend","champ:Defend","champ:Defend","champ:Execute","champ:Taunt","champ:GutPunch","champ:BringItOn","champ:SetATrap","champ:DefensiveStyle+1","champ:Circumvent","champ:FanOfKnives","champ:ArenaPreparation","champ:GladiatorStyle","champ:Endure","champ:SetATrap","champ:GladiatorForm+1","champ:FanOfKnives","champ:StanceDance","champ:Parry","champ:FalseCounter","champ:ShieldThrow","champ:Shatter+1","champ:IronFortress","champ:DefensiveStyle+1","champ:ShieldWall+1","champ:HoldFirm+1","champ:ArenaPreparation","champ:FlashCut","champ:FancyFootwork+1","champ:TripleStrike","champ:TornadoPunch+1","champ:ViciousMockery","champ:DefensiveStyle","champ:CrownThrow+1","champ:Haymaker+1","champ:StrikeOfGenius"],"relics":["Tiny House","hubris:Towel","StoneCalendar","hubris:CuriousFeather","Velvet Choker","downfall:HeartBlessingRed","downfall:HeartBlessingGreen","Shuriken","Replay:Mystery Machine","hubris:BottledHeart","ReplayTheSpireMod:TigerMarble","Pet Ghost","Happy Flower","Coffee Dripper","downfall:HeartBlessingBlue","ReplayTheSpireMod:Ninjato","Replay:Bandana","Pen Nib","Anchor","hubris:Icosahedron","hubris:SlimyHat"],"acts_visited":["Exordium","TheCity","TheBeyond","TheEnding"],"potions_floor_usage":[23,33,38],"damage_taken":[{"damage":6,"enemies":"2 Louse","floor":2,"turns":3},{"damage":11,"enemies":"Cultist","floor":3,"turns":3},{"damage":15,"enemies":"Small Slimes","floor":5,"turns":3},{"damage":61,"enemies":"Lagavulin","floor":9,"turns":10},{"damage":16,"enemies":"2 Fungi Beasts","floor":10,"turns":4},{"damage":37,"enemies":"Replay:BlueRogue","floor":13,"turns":4},{"damage":15,"enemies":"Exordium Wildlife","floor":14,"turns":5},{"damage":10,"enemies":"Blue Slaver","floor":15,"turns":4},{"damage":52,"enemies":"IC_STATUS_ARCHETYPE","floor":16,"turns":7},{"damage":44,"enemies":"Shell Parasite","floor":19,"turns":5},{"damage":39,"enemies":"Shelled Parasite and Fungi","floor":20,"turns":6},{"damage":33,"enemies":"Centurion and Healer","floor":23,"turns":7},{"damage":52,"enemies":"Gremlin Leader","floor":25,"turns":7},{"damage":0,"enemies":"Book of Stabbing","floor":27,"turns":5},{"damage":0,"enemies":"Sentry and Sphere","floor":28,"turns":3},{"damage":0,"enemies":"3 Cultists","floor":29,"turns":3},{"damage":0,"enemies":"Gremlin Leader","floor":31,"turns":6},{"damage":0,"enemies":"Cultist and Chosen","floor":32,"turns":6},{"damage":0,"enemies":"DF_ARCHETYPE_CLAW","floor":33,"turns":8},{"damage":0,"enemies":"Orb Walker","floor":36,"turns":4},{"damage":0,"enemies":"downfall:FleeingMerchant","floor":37,"turns":4},{"damage":0,"enemies":"downfall:LadyInBlue","floor":38,"turns":8},{"damage":0,"enemies":"3 Shapes","floor":39,"turns":4},{"damage":0,"enemies":"Nemesis","floor":43,"turns":3},{"damage":0,"enemies":"downfall:FleeingMerchant","floor":44,"turns":4},{"damage":0,"enemies":"R_Hoarder","floor":45,"turns":3},{"damage":0,"enemies":"Giant Head","floor":48,"turns":7},{"damage":0,"enemies":"Maw","floor":49,"turns":6},{"damage":0,"enemies":"SI_POISON_ARCHETYPE","floor":50,"turns":6},{"damage":8,"enemies":"downfall:CharBossMerchant","floor":52,"turns":5}],"seed_played":"3184806563924349731","potions_obtained":[{"floor":0,"key":"BlessingOfTheForge"},{"floor":9,"key":"Ancient Potion"},{"floor":10,"key":"hexamod:SoulburnPotion"},{"floor":16,"key":"Regen Potion"},{"floor":25,"key":"Block Potion"},{"floor":33,"key":"Dexterity Potion"},{"floor":38,"key":"PowerPotion"}],"is_trial":false,"path_per_floor":["R","M","M","?","M","?","T","?","E","M","?","R","E","M","M","B",null,"R","M","M","?","?","M","T","E","?","E","M","M","T","E","M","B",null,"R","M","$","?","M","R","T","?","E","$","E","R","?","E","M","B",null,"E"],"character_chosen":"THE_CHAMP","items_purchased":["champ:DefensiveStyle"],"campfire_rested":1,"item_purchase_floors":[44],"current_hp_per_floor":[95,94,93,93,88,88,88,105,69,63,63,94,77,72,72,50,105,105,101,77,77,77,73,73,51,1,1,1,1,1,1,1,1,1,1,1,1,1,1,1,1,1,1,1,1,1,1,1,1,1,1,0,0,0],"gold":516,"neow_bonus":"BOSS_RELIC","is_daily":false,"chose_seed":false,"campfire_upgraded":3,"win_rate":0.0,"timestamp":1612531107,"path_taken":["R","M","M","?","M","?","T","?","E","?","?","R","E","M","M","BOSS","R","M","M","?","?","M","T","E","?","E","?","M","?","E","M","BOSS","R","M","$","?","?","R","T","?","E","?","E","R","?","E","M","BOSS","E"],"items_purchased_type":["Card"],"build_version":"2020-12-22","purchased_purges":0,"victory":false,"max_hp_per_floor":[95,95,95,95,95,95,95,105,105,105,105,105,105,105,105,105,105,105,105,105,105,105,105,105,105,1,1,1,1,1,1,1,1,1,1,1,1,1,1,1,1,1,1,1,1,1,1,1,1,1,1,1,1,1],"relic_stats":{"Happy Flower":[22],"counters":[30,153],"Shuriken":[23],"StoneCalendar":[216],"Pen Nib":[7],"obtain_stats":[{"Tiny House":0,"ReplayTheSpireMod:Ninjato":38,"downfall:HeartBlessingRed":18,"Happy Flower":31,"Velvet Choker":17,"champ:ChampionCrown":0,"StoneCalendar":9,"downfall:HeartBlessingGreen":18,"Pen Nib":43,"hubris:SlimyHat":48,"hubris:Towel":4,"Replay:Mystery Machine":25,"Pet Ghost":30,"Replay:Bandana":41,"Anchor":45,"downfall:BrokenWingStatue":11,"hubris:Icosahedron":47,"Shuriken":24,"hubris:BottledHeart":26,"downfall:HeartBlessingBlue":35,"hubris:CuriousFeather":13,"ReplayTheSpireMod:TigerMarble":27,"Coffee Dripper":34},{"Tiny House":0,"ReplayTheSpireMod:Ninjato":22,"downfall:HeartBlessingRed":9,"Happy Flower":17,"Velvet Choker":9,"champ:ChampionCrown":0,"StoneCalendar":4,"downfall:HeartBlessingGreen":9,"Pen Nib":24,"hubris:SlimyHat":27,"hubris:Towel":2,"Replay:Mystery Machine":13,"Pet Ghost":16,"Replay:Bandana":23,"Anchor":26,"downfall:BrokenWingStatue":5,"hubris:Icosahedron":26,"Shuriken":12,"hubris:BottledHeart":13,"downfall:HeartBlessingBlue":19,"hubris:CuriousFeather":6,"ReplayTheSpireMod:TigerMarble":14,"Coffee Dripper":19},{"Tiny House":0,"ReplayTheSpireMod:Ninjato":115,"downfall:HeartBlessingRed":43,"Happy Flower":85,"Velvet Choker":43,"champ:ChampionCrown":0,"StoneCalendar":19,"downfall:HeartBlessingGreen":43,"Pen Nib":122,"hubris:SlimyHat":136,"hubris:Towel":6,"Replay:Mystery Machine":68,"Pet Ghost":79,"Replay:Bandana":119,"Anchor":129,"downfall:BrokenWingStatue":23,"hubris:Icosahedron":129,"Shuriken":61,"hubris:BottledHeart":68,"downfall:HeartBlessingBlue":99,"hubris:CuriousFeather":27,"ReplayTheSpireMod:TigerMarble":73,"Coffee Dripper":99}]},"card_choices":[{"not_picked":["champ:PreciseThrust","champ:BringItOn"],"picked":"champ:GutPunch","floor":0},{"not_picked":["champ:AdrenalArmor","champ:BerserkersShout"],"picked":"champ:BringItOn","floor":2},{"not_picked":["champ:RecklessLeap","champ:EnGarde"],"picked":"champ:SetATrap","floor":3},{"not_picked":["champ:GutPunch","champ:CalledShot"],"picked":"champ:DefensiveStyle","floor":5},{"not_picked":["champ:BladeFlurry","champ:CrookedStrike"],"picked":"champ:FanOfKnives","floor":9},{"not_picked":["champ:BringItOn","champ:FanOfKnives"],"picked":"champ:ArenaPreparation","floor":10},{"not_picked":["champ:CrownThrow","champ:FalseCounter"],"picked":"champ:GladiatorStyle","floor":13},{"not_picked":["champ:Shatter","champ:Backstep"],"picked":"champ:Endure","floor":14},{"not_picked":["champ:Haymaker","champ:RecklessLeap"],"picked":"champ:SetATrap","floor":15},{"not_picked":["champ:CheapShot","champ:MurderStrike"],"picked":"champ:GladiatorForm","floor":16},{"not_picked":["champ:PreciseThrust","champ:DefensiveShout"],"picked":"champ:StanceDance","floor":19},{"not_picked":["champ:ViciousMockery","champ:SkillfulDodge"],"picked":"champ:Parry","floor":20},{"not_picked":["champ:BerserkersShout","champ:AdrenalArmor"],"picked":"champ:FalseCounter","floor":23},{"not_picked":["champ:ShieldWall","champ:ViciousMockery"],"picked":"champ:ShieldThrow","floor":25},{"not_picked":["champ:PerfectedStrike+1","champ:FocusedBerserking+1"],"picked":"champ:Shatter+1","floor":27},{"not_picked":["champ:AdrenalArmor","champ:ShieldSlam"],"picked":"champ:IronFortress","floor":28},{"not_picked":["champ:TornadoPunch","champ:FaceSlap"],"picked":"champ:DefensiveStyle","floor":29},{"not_picked":["champ:GutPunch+1","champ:Duel+1"],"picked":"champ:ShieldWall+1","floor":31},{"not_picked":["champ:Backstep+1","champ:RecklessLeap","champ:FanOfKnives"],"picked":"SKIP","floor":32},{"not_picked":["champ:LastStand","champ:HeavySlash"],"picked":"champ:HoldFirm","floor":33},{"not_picked":["champ:Circumvent","champ:BladeFlurry"],"picked":"champ:ArenaPreparation","floor":36},{"not_picked":["champ:BringItOn+1","champ:SwordThrow"],"picked":"champ:FlashCut","floor":37},{"not_picked":["champ:FanOfKnives","champ:DefensiveShout"],"picked":"champ:FancyFootwork+1","floor":38},{"not_picked":["champ:PerfectedStrike+1","champ:AdrenalArmor+1"],"picked":"champ:TripleStrike","floor":39},{"not_picked":["champ:Shatter+1","champ:BerserkersShout"],"picked":"champ:TornadoPunch+1","floor":43},{"not_picked":["champ:SkillfulDodge","champ:LastStand"],"picked":"champ:ViciousMockery","floor":44},{"not_picked":["champ:BladeFlurry+1","champ:CrookedStrike+1"],"picked":"champ:CrownThrow+1","floor":45},{"not_picked":["champ:DeathBlow","champ:TornadoPunch"],"picked":"champ:Haymaker+1","floor":48},{"not_picked":["champ:TornadoPunch","champ:BerserkersShout"],"picked":"champ:StrikeOfGenius","floor":49}],"player_experience":152254,"relics_obtained":[{"floor":9,"key":"StoneCalendar"},{"floor":13,"key":"hubris:CuriousFeather"},{"floor":24,"key":"Shuriken"},{"floor":25,"key":"Replay:Mystery Machine"},{"floor":27,"key":"ReplayTheSpireMod:TigerMarble"},{"floor":30,"key":"Pet Ghost"},{"floor":31,"key":"Happy Flower"},{"floor":38,"key":"ReplayTheSpireMod:Ninjato"},{"floor":41,"key":"Replay:Bandana"},{"floor":43,"key":"Pen Nib"},{"floor":45,"key":"Anchor"},{"floor":48,"key":"hubris:SlimyHat"}],"event_choices":[{"damage_healed":0,"gold_gain":0,"cards_transformed":["champ:Strike"],"player_choice":"Change","damage_taken":0,"max_hp_gain":0,"max_hp_loss":0,"event_name":"Living Wall","floor":6,"gold_loss":0,"cards_obtained":["champ:Circumvent"]}],"is_beta":false,"boss_relics":[{"not_picked":["Runic Pyramid","ReplayTheSpireMod:DimensionalGlitch"],"picked":"Velvet Choker"},{"not_picked":["Astrolabe","ChewingGum"],"picked":"Coffee Dripper"}],"items_purged_floors":[],"is_endless":false,"potions_floor_spawned":[9,10,16,25,28,31,32,33,36,45,48],"killed_by":"downfall:CharBossMerchant","ascension_level":1}}