{"host":"fa35vd3kig5td25x","time":1612548456,"event":{"mods":["BaseMod","Colored Powertips","Minty Spire (QoL Compilation)","Relic Stats","Slay the Relics Exporter"],"gold_per_floor":[368,443,453,728,743,743,762,762,762,151,176,176,176,176],"floor_reached":13,"language":"ENG","playtime":379,"items_purged":["Regret"],"score":166,"play_id":"73453d40-d783-4ecb-af63-cd1ce99d24a6","local_time":"20210205190736","is_ascension_mode":true,"campfire_choices":[{"data":"Spot Weakness","floor":6,"key":"SMITH"},{"floor":8,"key":"REST"},{"floor":12,"key":"REST"}],"circlet_count":0,"master_deck":["AscendersBane","Strike_R","Strike_R","Strike_R","Strike_R","Strike_R","Defend_R","Defend_R","Defend_R","Defend_R","Bash","Burning Pact","Perfected Strike","Spot Weakness+1","True Grit","Feed","Dual Wield+1","True Grit+1"],"relics":["Burning Blood","Matryoshka","Toxic Egg 2","Gambling Chip"],"acts_visited":["Exordium"],"potions_floor_usage":[3,11,11],"damage_taken":[{"damage":15,"enemies":"Jaw Worm","floor":1,"turns":7},{"damage":7,"enemies":"Cultist","floor":3,"turns":4},{"damage":6,"enemies":"2 Louse","floor":5,"turns":3},{"damage":14,"enemies":"Looter","floor":7,"turns":3},{"damage":43,"enemies":"Lagavulin","floor":11,"turns":10},{"damage":82,"enemies":"Gremlin Nob","floor":13,"turns":4}],"seed_played":"-8868625165274193493","potions_obtained":[{"floor":1,"key":"SteroidPotion"},{"floor":3,"key":"BloodPotion"},{"floor":5,"key":"AttackPotion"}],"is_trial":false,"path_per_floor":["M","?","M","?","M","R","M","R","T","$","E","R","E"],"character_chosen":"IRONCLAD","items_purchased":["Toxic Egg 2","Feed","Dual Wield+1","True Grit+1"],"campfire_rested":2,"item_purchase_floors":[10,10,10,10],"current_hp_per_floor":[41,30,29,29,29,29,21,43,43,43,24,47,0,0],"gold":176,"neow_bonus":"TWO_FIFTY_GOLD","is_daily":false,"chose_seed":false,"campfire_upgraded":1,"win_rate":0.0,"timestamp":1612548456,"path_taken":["M","?","M","?","M","R","?","R","T","$","E","R","E"],"items_purchased_type":["Relic","Card","Card","Card"],"build_version":"2020-12-22","purchased_purges":1,"victory":false,"max_hp_per_floor":[75,75,75,75,75,75,75,75,75,75,78,78,78,78],"relic_stats":{"counters":[6,31],"Gambling Chip":[1],"obtain_stats":[{"Matryoshka":9,"Gambling Chip":11,"Toxic Egg 2":10,"Burning Blood":0},{"Matryoshka":4,"Gambling Chip":5,"Toxic Egg 2":4,"Burning Blood":0},{"Matryoshka":17,"Gambling Chip":27,"Toxic Egg 2":17,"Burning Blood":0}],"Burning Blood":30},"card_choices":[{"not_picked":["Heavy Blade","Havoc"],"picked":"Burning Pact","floor":1},{"not_picked":["Headbutt","Heavy Blade"],"picked":"Perfected Strike","floor":3},{"not_picked":["Searing Blow","Whirlwind"],"picked":"Spot Weakness","floor":5},{"not_picked":["Rage","Second Wind"],"picked":"True Grit","floor":7},{"not_picked":["Dual Wield+1","Dropkick","Searing Blow"],"picked":"SKIP","floor":11}],"player_experience":3085321,"relics_obtained":[{"floor":9,"key":"Matryoshka"},{"floor":11,"key":"Gambling Chip"}],"event_choices":[{"damage_healed":0,"gold_gain":75,"player_choice":"Gather Gold","damage_taken":11,"max_hp_gain":0,"max_hp_loss":0,"event_name":"World of Goop","floor":2,"gold_loss":0},{"damage_healed":0,"gold_gain":275,"player_choice":"Desecrate","damage_taken":0,"max_hp_gain":0,"max_hp_loss":0,"event_name":"Golden Shrine","floor":4,"gold_loss":0,"cards_obtained":["Regret"]}],"is_beta":false,"boss_relics":[],"items_purged_floors":[10],"is_endless":false,"potions_floor_spawned":[1,3,5],"killed_by":"Gremlin Nob","ascension_level":20}}