{"host":"bplbr8uekuotory4","time":1612520135,"event":{"mods":["Act Like it!","BaseMod","GungeonMod","Hermit","KinomotoSakuraMod(木之本樱)","Marisa（F雨　魔理沙）","Minty Spire (QoL Compilation)","Prisma Mod","Quick Restart","Reimu（博丽灵梦）","SOS（斯巴达之子）","Spicy Shops","StSLib","TestMod","The Blackbeard","The Cursed","The Mystic","The Poker Player","The Saiyan","The Senshi","The Servant 0.9.4","Yuri Mod","[IsaacMod]以撒尖塔"],"gold_per_floor":[118,165,32,32,106,137,13,28,52,451,401,401,413,429,429,533,533,545,578,11,8,17,48,67,67,91,122,122,153,68,86,86,183,183,202,248,264,22,31,23,51,51,51,75,150,166,181,35,35,35,35,35,33,66,66],"floor_reached":56,"language":"ZHS","playtime":2462,"items_purged":["theSenshi:SailorBlock","theSenshi:SailorKick","theSenshi:SailorKick","theSenshi:SailorBlock","theSenshi:SailorKick","theSenshi:SailorBlock","theSenshi:LunaSensingAllies+1","theSenshi:JupitersPower","theSenshi:SailorKick+1","theSenshi:MoonPrismPowerMakeUp+1","theSenshi:LunasBite+1","theSenshi:MoonSpiralHeartAttack+1","theSenshi:TallSilhouette+1"],"score":2017,"play_id":"41a51f76-762d-4812-a6ae-f21dfd7cbd3f","local_time":"20210205181535","is_ascension_mode":true,"campfire_choices":[{"data":"theSenshi:MoonPrismPowerMakeUp","floor":12,"key":"SMITH"},{"data":"theSenshi:RoseThrow","floor":15,"key":"SMITH"},{"data":"theSenshi:MoonCrisisMakeUp","floor":25,"key":"SMITH"},{"data":"theSenshi:SailorKick","floor":28,"key":"SMITH"},{"floor":32,"key":"RECALL"},{"floor":42,"key":"REST"},{"data":"theSenshi:MoonGorgeousMeditation","floor":49,"key":"SMITH"},{"floor":52,"key":"REST"}],"circlet_count":0,"master_deck":["theSenshi:RoseThrow+1","theSenshi:IWillPunishYou+1","theSenshi:MoonCrisisMakeUp+1","theSenshi:SchoolBag+1","theSenshi:GatheringStrength+1","testmod-EternalityOfKhronos+1","Enlightenment+1","theSenshi:CrisisMakeUp+1","theSenshi:MoonGorgeousMeditation+1","Transmutation+1","Finesse+1","theSenshi:TallSilhouette+1","theSenshi:UranusStrength+1"],"relics":["theSenshi:TransformationBroochRelic","testmod-TestBox","HushsDoor","testmod-FatalChain","testmod-Charity","Boot","testmod-IndustrialRevolution","DemoMod:Orange","Meat on the Bone","TheBattery","Toxic Egg 2","Omamori","BloodDonationBag","MealTicket","Akabeko","Chemical X","DemoMod:Bottle","Cauldron","DemoMod:WhiteGuonStone","testmod-TimeTraveler","GuppysCollar","DeathBook","Red Mask","theSenshi:CosmicHeartCompactRelic","Bag of Preparation","Tiny Chest","Strange Spoon","Dream Catcher","DemoMod:MeatBun","DemoMod:NanoMachines","Toy Ornithopter","DemoMod:MeltedRock","GnawedLeaf","Lee\u0027s Waffle","testmod-EqualTreatment","PreservedInsect","Whetstone","Incense Burner","Black Star","GuppysTail","testmod-Alchemist","DemoMod:GlassGuonStoneRelic","TheAbacus","testmod-Déjàvu","Black Star","testmod-Acrobat","Void","Eternal Feather","Regal Pillow","Sling","Happy Flower","Ancient Tea Set","Habit","Smiling Mask","SalivaCoin","DemoMod:ChaffGrenade","InkBottle","Centennial Puzzle","Juzu Bracelet","BFFS","DemoMod:ResourcefulSack","testmod-CrystalShield","Orrery","SteamSale","ClockworkSouvenir","DemoMod:OrangeGuonStone","testmod-TurbochargingSystem","Letter Opener","War Paint","Bronze Scales","DemoMod:Metronome"],"acts_visited":["Exordium","TheCity","TheBeyond","TheEnding"],"potions_floor_usage":[16,21,33,33,33,55,55,55,55,55],"damage_taken":[{"damage":0,"enemies":"2 Louse","floor":1,"turns":1},{"damage":0,"enemies":"Gremlin Nob","floor":6,"turns":1},{"damage":0,"enemies":"Cultist","floor":8,"turns":1},{"damage":7,"enemies":"Small Slimes","floor":13,"turns":2},{"damage":4,"enemies":"Blue Slaver","floor":14,"turns":4},{"damage":0,"enemies":"Slime Boss","floor":16,"turns":1},{"damage":0,"enemies":"3 Byrds","floor":18,"turns":2},{"damage":0,"enemies":"Masked Bandits","floor":19,"turns":1},{"damage":0,"enemies":"Shell Parasite","floor":22,"turns":4},{"damage":3,"enemies":"Book of Stabbing","floor":23,"turns":4},{"damage":0,"enemies":"Cultist and Chosen","floor":24,"turns":3},{"damage":0,"enemies":"Gremlin Leader","floor":27,"turns":3},{"damage":0,"enemies":"Slavers","floor":29,"turns":1},{"damage":0,"enemies":"Centurion and Healer","floor":31,"turns":3},{"damage":0,"enemies":"Champ","floor":33,"turns":7},{"damage":0,"enemies":"Orb Walker","floor":35,"turns":4},{"damage":0,"enemies":"2 Orb Walkers","floor":36,"turns":4},{"damage":0,"enemies":"3 Shapes","floor":37,"turns":3},{"damage":0,"enemies":"Jaw Worm Horde","floor":39,"turns":1},{"damage":0,"enemies":"Giant Head","floor":41,"turns":5},{"damage":0,"enemies":"Reptomancer","floor":44,"turns":3},{"damage":0,"enemies":"Writhing Mass","floor":46,"turns":4},{"damage":0,"enemies":"3 Darklings","floor":47,"turns":2},{"damage":0,"enemies":"Donu and Deca","floor":50,"turns":5},{"damage":0,"enemies":"Shield and Spear","floor":54,"turns":2},{"damage":0,"enemies":"The Heart","floor":55,"turns":7}],"seed_played":"4828831239982332329","potions_obtained":[{"floor":4,"key":"testmod-TimePotion"},{"floor":7,"key":"Regen Potion"},{"floor":16,"key":"PowerPotion"},{"floor":23,"key":"DistilledChaos"},{"floor":31,"key":"Swift Potion"},{"floor":33,"key":"SpeedPotion"},{"floor":37,"key":"BlessingOfTheForge"},{"floor":47,"key":"DemoMod:LeadSkinPotion"}],"is_trial":false,"path_per_floor":["M","?","$","?","?","E","$","M","T","?","?","R","M","M","R","B",null,"M","?","$","$","M","E","M","R","T","E","R","E","?","M","R","B",null,"M","?","M","$","M","$","E","R","T","E","T","M","M","$","R","B",null,"R","$","E","B",null],"character_chosen":"THE_SENSHI","items_purchased":["testmod-Charity","Boot","testmod-IndustrialRevolution","DemoMod:Orange","Meat on the Bone","PowerPotion","TheBattery","testmod-TestPotion","Omamori","MealTicket","Akabeko","Chemical X","DemoMod:Bottle","Cauldron","GuppysCollar","DeathBook","theSenshi:CosmicHeartCompactRelic","Bag of Preparation","Tiny Chest","Strange Spoon","theSenshi:MoonCrisisMakeUp","theSenshi:SchoolBag+1","Dream Catcher","DemoMod:MeatBun","testmod-SpacePotion","DemoMod:NanoMachines","Toy Ornithopter","DemoMod:MeltedRock","GnawedLeaf","theSenshi:GatheringStrength+1","Lee\u0027s Waffle","GuppysTail","testmod-TimePotion","CultistPotion","testmod-EternalityOfKhronos+1","Enlightenment+1","TheAbacus","testmod-Déjàvu","testmod-Acrobat","Void","Eternal Feather","Regal Pillow","Sling","Happy Flower","Ancient Tea Set","Habit","DemoMod:LeadSkinPotion","Centennial Puzzle","Juzu Bracelet","BFFS","DemoMod:ResourcefulSack","testmod-CrystalShield","Orrery","SteamSale","ClockworkSouvenir","DemoMod:OrangeGuonStone","testmod-TurbochargingSystem","Letter Opener","Transmutation+1","Finesse+1","theSenshi:TallSilhouette+1","War Paint"],"campfire_rested":2,"item_purchase_floors":[3,3,3,3,3,3,3,3,7,7,7,7,7,7,17,17,20,20,20,20,20,20,20,20,21,21,21,21,21,21,21,34,34,34,34,34,38,38,38,38,38,40,40,40,40,40,40,48,48,48,48,48,48,53,53,53,53,53,53,53,53,53],"current_hp_per_floor":[75,60,72,72,62,75,75,88,89,90,90,90,96,105,105,118,516,517,518,532,1249,1250,1248,1249,1249,1250,1251,1251,1252,1252,1253,1253,1257,1225,1226,1227,1228,1228,1229,1244,1260,1898,1898,1905,1906,1915,1919,2042,2048,2057,2303,2303,2402,2407,2451],"gold":66,"neow_bonus":"THREE_ENEMY_KILL","is_daily":false,"chose_seed":false,"campfire_upgraded":5,"win_rate":0.0,"timestamp":1612520135,"path_taken":["M","?","$","?","?","E","$","M","T","?","?","R","?","M","R","BOSS","M","?","?","$","M","E","M","R","T","E","R","E","?","M","R","BOSS","M","?","M","?","M","$","E","R","T","E","?","M","M","$","R","BOSS","R","$","E","BOSS"],"items_purchased_type":["Relic","Relic","Relic","Relic","Relic","Potion","Relic","Potion","Relic","Relic","Relic","Relic","Relic","Relic","Relic","Relic","Relic","Relic","Relic","Relic","Card","Card","Relic","Relic","Potion","Relic","Relic","Relic","Relic","Card","Relic","Relic","Potion","Potion","Card","Card","Relic","Relic","Relic","Card","Relic","Relic","Relic","Relic","Relic","Relic","Undefined","Relic","Relic","Relic","Relic","Relic","Relic","Relic","Relic","Relic","Relic","Relic","Card","Card","Card","Relic"],"build_version":"2020-12-22","purchased_purges":13,"victory":true,"max_hp_per_floor":[75,75,242,242,243,244,538,539,540,541,541,541,542,543,543,544,516,517,518,785,1249,1250,1251,1252,1252,1253,1254,1254,1255,1255,1256,1256,1257,1225,1226,1227,1228,1685,1686,2041,2057,2057,2057,2064,2065,2074,2078,2294,2294,2303,2303,2303,2501,2506,2525],"card_choices":[{"not_picked":[],"picked":"Bomb","floor":0},{"not_picked":["theSenshi:EncouragingSpeech","theSenshi:SailorV","theSenshi:HesSoDreamy"],"picked":"SKIP","floor":1},{"not_picked":["theSenshi:MoonCosmicPowerMakeUp","theSenshi:EncouragingSpeech+1","theSenshi:TuxedoSmokingBomber"],"picked":"SKIP","floor":6},{"not_picked":["theSenshi:YouCanTalk+1","theSenshi:SailorStarMakerAssists+1"],"picked":"theSenshi:LunaSensingAllies+1","floor":8},{"not_picked":["Bomb","theSenshi:YouCanTalk+1"],"picked":"theSenshi:TallSilhouette+1","floor":13},{"not_picked":["theSenshi:SailorStarFighterAssists","theSenshi:Sidestep+1","theSenshi:SupersonicWaves"],"picked":"SKIP","floor":14},{"not_picked":["theSenshi:SailorStarHealerAssists+1","theSenshi:GlimpseOfThePast"],"picked":"theSenshi:IWillPunishYou+1","floor":16},{"not_picked":["theSenshi:MoonCrystalPowerMakeUp","theSenshi:SailorChibiMoonAssists+1"],"picked":"theSenshi:MoonSpiralHeartAttack+1","floor":18},{"not_picked":["theSenshi:MoonTwilightFlash","theSenshi:MoonTiaraMagic","theSenshi:MoonSpiralHeartAttack"],"picked":"SKIP","floor":22},{"not_picked":["theSenshi:TuxedoMaskAssists+1","theSenshi:MoonTiaraMagic","theSenshi:SteeledNerves+1"],"picked":"SKIP","floor":23},{"not_picked":["theSenshi:SupersonicWaves+1","theSenshi:SailorMarsAssists","theSenshi:LateForSchool+1"],"picked":"SKIP","floor":24},{"not_picked":["theSenshi:SupersonicWaves+1","theSenshi:SailorMarsAssists","theSenshi:LateForSchool+1"],"picked":"SKIP","floor":24},{"not_picked":["theSenshi:SailorPlanetAttack","theSenshi:ChibiMoonsLove+1","theSenshi:LunasBite"],"picked":"SKIP","floor":27},{"not_picked":["theSenshi:MoonTiaraMagic+1","theSenshi:SailorMarsAssists","theSenshi:MoonPunch"],"picked":"SKIP","floor":29},{"not_picked":["theSenshi:EncouragingSpeech+1","theSenshi:YouCanTalk+1"],"picked":"theSenshi:LunasBite+1","floor":31},{"not_picked":["theSenshi:StarlightHoneymoonTherapyKiss","theSenshi:MoonEternalMakeUp"],"picked":"theSenshi:JupitersPower","floor":33},{"not_picked":["theSenshi:SailorMercuryAssists+1","theSenshi:MoonTiaraMagic","theSenshi:Sidestep+1"],"picked":"SKIP","floor":35},{"not_picked":["theSenshi:InTheNickOfTime+1","theSenshi:TallSilhouette+1","theSenshi:MoonPunch+1"],"picked":"SKIP","floor":37},{"not_picked":["theSenshi:SailorMercuryAssists+1","theSenshi:SupersonicWaves+1","theSenshi:SailorChibiMoonAssists+1"],"picked":"SKIP","floor":39},{"not_picked":["theSenshi:LunasBite+1","theSenshi:LunaWiseMentor+1"],"picked":"theSenshi:CrisisMakeUp+1","floor":41},{"not_picked":["theSenshi:MoonKick","theSenshi:SailorPlanetAttack+1","theSenshi:Sidestep+1"],"picked":"SKIP","floor":44},{"not_picked":["theSenshi:SailorChibiMoonAssists","theSenshi:RainbowMoonHeartAche","theSenshi:SailorMercuryAssists+1"],"picked":"SKIP","floor":46},{"not_picked":["theSenshi:TuxedoSmokingBomber+1","theSenshi:VenusGlamour"],"picked":"theSenshi:MoonGorgeousMeditation","floor":47},{"not_picked":["theSenshi:MoonPunch","theSenshi:LunaWiseMentor+1"],"picked":"theSenshi:UranusStrength+1","floor":54}],"player_experience":1113330,"relics_obtained":[{"floor":6,"key":"Toxic Egg 2"},{"floor":9,"key":"DemoMod:WhiteGuonStone"},{"floor":19,"key":"Red Mask"},{"floor":23,"key":"testmod-EqualTreatment"},{"floor":26,"key":"PreservedInsect"},{"floor":27,"key":"Diplopia"},{"floor":29,"key":"Whetstone"},{"floor":36,"key":"testmod-Alchemist"},{"floor":41,"key":"Smiling Mask"},{"floor":41,"key":"SalivaCoin"},{"floor":44,"key":"DemoMod:ChaffGrenade"},{"floor":45,"key":"InkBottle"},{"floor":54,"key":"Bronze Scales"},{"floor":54,"key":"DemoMod:Metronome"}],"event_choices":[{"damage_healed":0,"gold_gain":0,"player_choice":"Got Potions","damage_taken":0,"max_hp_gain":0,"max_hp_loss":0,"event_name":"Lab","floor":4,"gold_loss":0},{"damage_healed":0,"gold_gain":75,"player_choice":"Gather Gold","damage_taken":11,"max_hp_gain":0,"max_hp_loss":0,"event_name":"World of Goop","floor":5,"gold_loss":0},{"damage_healed":0,"gold_gain":400,"player_choice":"Sell","damage_taken":0,"max_hp_gain":0,"max_hp_loss":0,"event_name":"恩洛斯的盘子","floor":10,"relics_lost":["NeowsBlessing"],"gold_loss":0},{"cards_removed":["theSenshi:SailorBlock"],"damage_healed":0,"gold_gain":0,"player_choice":"Card Removal","damage_taken":0,"max_hp_gain":0,"max_hp_loss":0,"event_name":"The Cleric","floor":11,"gold_loss":50},{"damage_healed":0,"gold_gain":0,"player_choice":"Fought Bandits","damage_taken":0,"max_hp_gain":0,"max_hp_loss":0,"event_name":"Masked Bandits","floor":19,"gold_loss":0},{"damage_healed":0,"gold_gain":0,"player_choice":"Obtained Relic","damage_taken":0,"relics_obtained":["Incense Burner"],"max_hp_gain":0,"max_hp_loss":0,"event_name":"Addict","floor":30,"gold_loss":85},{"damage_healed":0,"gold_gain":0,"player_choice":"Fight","damage_taken":0,"max_hp_gain":0,"max_hp_loss":0,"event_name":"Mysterious Sphere","floor":36,"gold_loss":0}],"is_beta":false,"boss_relics":[{"not_picked":["Busted Crown","Astrolabe"],"picked":"testmod-TimeTraveler"},{"not_picked":[]},{"not_picked":["testmod-IncinerationGenerator","Snecko Eye"],"picked":"Black Star"},{"not_picked":[]}],"items_purged_floors":[3,7,17,20,20,21,34,38,38,40,48,53,53],"is_endless":false,"potions_floor_spawned":[6,16,18,19,23,31,33,37,41,46,47],"ascension_level":2}}