{"host":"nf6g0xecy3kjsu8m","time":1612546013,"event":{"mods":["ATMod(∞¢Ë™Mod)","Arknights","Aspiration","BaseMod","Conspire","Dota2Spire","GungeonMod","Hermit","Infinite Spire","Luminous","Marisa£®ÏF”Í°°ƒß¿Ì…≥£©","Minty Spire (QoL Compilation)","Quick Restart","Replay The Spire","StSLib","TestMod","The Blackbeard","The Cursed","The Hierophant","WarShipGirlsR/’ΩΩ¢…Ÿ≈ÆR mod","[GremlinLeader]The Maniac","[IsaacMod]“‘»ˆº‚À˛"],"gold_per_floor":[118,0,20,20,37,66,78,98,98,98,124,138,138,162,162,266,266,281,281,296,316,316,316,349,349,397,412,438,438,0,50,50,183,183,202,202,202,250,0,48,58,98,123,37,71,161,191,191],"floor_reached":47,"language":"ZHS","playtime":2270,"items_purged":["rmod:strick","Injury","rmod:goodsister+1","rmod:strick","rmod:strick"],"score":760,"play_id":"a0ea9540-3cda-4d1d-ac25-19204a233ed9","local_time":"20210206012653","is_ascension_mode":false,"campfire_choices":[{"data":"rmod:ammunitionsupply","floor":10,"key":"SMITH"},{"floor":15,"key":"REST"},{"data":"rmod:salvage","floor":23,"key":"SMITH"},{"floor":25,"key":"REST"},{"data":"rmod:secretscript","floor":32,"key":"SMITH"}],"circlet_count":0,"master_deck":["rmod:strick","rmod:defend","rmod:defend","rmod:defend","rmod:defend","rmod:basicallowance","rmod:maingunfire","AT_ChampionStep","rmod:ammunitionsupply+1","rmod:acesubmarine","rmod:aviationdawn+1","rmod:aviationdawn+1","rmod:salvage+1","rmod:supportaircraftcarrier+1","rmod:ridicule+1","rmod:robin+1","rmod:secretscript+1","rmod:aluminumsupply+1","J.A.X.+1","rmod:aluminumsupply+1","rmod:fuelsupply+1","rmod:fuelsupply+1","rmod:punchline+1","rmod:slowdown+1","rmod:steelsupply+1","rmod:aviationdawn+1","rmod:secretscript","rmod:aviationdawn+1","rmod:fletcherpendant+1","rmod:circuitoustactics+1","rmod:supriseattacks+1","rmod:circuitoustactics+1","rmod:openingtorpedo+1","rmod:circuitoustactics+1","rmod:ridicule+1","rmod:aviationdawn+1"],"relics":["rmod:firstchargereward","AT_ATBox","testmod-TestBox","HushsDoor","MaYiHuaBei","testmod-FatalChain","NeowsBlessing","Centennial Puzzle","Toxic Egg 2","Lantern","DemoMod:MeltedRock","Onion Ring","AT_ImmortalShieldbow","Dota2Spire:Vanguard","testmod-TimeTraveler","BargainBundle","Snack Pack","Bronze Scales","Dota2Spire:ShadowBlade","infinitespire:Bottled Soul","DemoMod:Antibody","Dota2Spire:HandOfMidas","aspiration:SecretTechniqueScroll","DemoMod:LamentConfigurum","SteamSale","Dota2Spire:Desolator","aspiration:HiddenCompartment","Akabeko","CeramicFish","CatCart"],"acts_visited":["Exordium","TheCity","TheBeyond"],"potions_floor_usage":[6,6,11,16,18,21,40,46,46,47],"damage_taken":[{"damage":0,"enemies":"Cultist","floor":1,"turns":1},{"damage":0,"enemies":"2 Louse","floor":3,"turns":1},{"damage":2,"enemies":"conspire:RoseBush","floor":5,"turns":1},{"damage":29,"enemies":"Lagavulin","floor":6,"turns":4},{"damage":6,"enemies":"conspire:2 RoseBushes","floor":7,"turns":4},{"damage":0,"enemies":"Large Slime","floor":8,"turns":3},{"damage":3,"enemies":"Gremlin Nob","floor":11,"turns":3},{"damage":0,"enemies":"Blue Slaver","floor":12,"turns":1},{"damage":3,"enemies":"The Guardian","floor":16,"turns":2},{"damage":0,"enemies":"2 Thieves","floor":18,"turns":1},{"damage":18,"enemies":"conspire:FuzzyDice","floor":20,"turns":3},{"damage":0,"enemies":"Chosen and Byrds","floor":21,"turns":2},{"damage":27,"enemies":"Nightmare","floor":24,"turns":4},{"damage":0,"enemies":"3 Cultists","floor":27,"turns":1},{"damage":3,"enemies":"conspire:Head Lice","floor":28,"turns":2},{"damage":6,"enemies":"Centurion and Healer","floor":31,"turns":3},{"damage":10,"enemies":"Automaton","floor":33,"turns":5},{"damage":0,"enemies":"3 Shapes","floor":35,"turns":4},{"damage":0,"enemies":"Orb Walker","floor":38,"turns":2},{"damage":16,"enemies":"R_Hoarder","floor":40,"turns":3},{"damage":0,"enemies":"Jaw Worm Horde","floor":41,"turns":1},{"damage":0,"enemies":"3 Darklings","floor":42,"turns":1},{"damage":3,"enemies":"Nightmare","floor":45,"turns":4},{"damage":3,"enemies":"Orin","floor":46,"turns":5},{"damage":0,"enemies":"infinitespire:Three Voidlings","floor":47,"turns":1},{"damage":129,"enemies":"Nightmare_Alpha","floor":47,"turns":2}],"seed_played":"2145749888460763749","potions_obtained":[{"floor":3,"key":"Energy Potion"},{"floor":5,"key":"AttackPotion"},{"floor":7,"key":"Block Potion"},{"floor":8,"key":"Dota2Spire:Clarity"},{"floor":16,"key":"Elixir"},{"floor":18,"key":"ColorlessPotion"},{"floor":27,"key":"Fire Potion"},{"floor":28,"key":"ColorlessPotion"},{"floor":38,"key":"Cursed Concoction"},{"floor":42,"key":"Adrenaline Potion"},{"floor":46,"key":"Toxic Potion"}],"is_trial":false,"path_per_floor":["M","$","M","?","M","E","M","M","T","R","E","M","?","T","R","B",null,"M","?","M","M","AVR","R","NM","R","T","M","E","?","$","M","R","B",null,"M","?","AVR","M","$","E","M","M","T","$","NM","?","?"],"character_chosen":"PRAEFECT","items_purchased":["Centennial Puzzle","DemoMod:Antibody","rmod:slowdown+1","rmod:steelsupply+1","Dota2Spire:HandOfMidas","SteamSale","rmod:circuitoustactics+1","Dota2Spire:Desolator","rmod:circuitoustactics+1"],"campfire_rested":2,"item_purchase_floors":[2,30,30,30,30,39,39,39,44],"current_hp_per_floor":[75,75,75,75,73,44,38,38,38,38,35,35,17,17,39,36,72,72,72,54,54,54,54,27,48,48,52,53,53,53,51,51,51,72,72,72,72,72,72,60,64,66,66,66,72,72,0,0],"gold":191,"neow_bonus":"THREE_ENEMY_KILL","is_daily":false,"chose_seed":false,"campfire_upgraded":3,"win_rate":0.0,"timestamp":1612546013,"path_taken":["M","$","M","?","?","E","M","M","T","R","E","M","?","?","R","BOSS","M","?","M","M","AVR","R","NM","R","T","?","E","?","$","M","R","BOSS","M","?","AVR","M","$","E","?","M","T","?","NM","?","?"],"items_purchased_type":["Relic","Relic","Card","Card","Relic","Relic","Card","Relic","Card"],"build_version":"2020-12-22","purchased_purges":5,"victory":false,"max_hp_per_floor":[75,75,75,75,75,75,75,75,75,75,75,75,75,75,75,72,72,72,72,72,72,72,72,72,72,72,72,72,72,72,72,72,72,72,72,72,72,72,72,72,72,72,72,72,72,72,72,72],"card_choices":[{"not_picked":["rmod:smokecover","rmod:fuelsupply"],"picked":"rmod:ammunitionsupply","floor":1},{"not_picked":["rmod:aluminumsupply","rmod:salvage"],"picked":"rmod:acesubmarine","floor":3},{"not_picked":["rmod:tearstotiara","rmod:luckystar"],"picked":"rmod:aviationdawn+1","floor":5},{"not_picked":["rmod:victimresponsibility+1","rmod:unsinkable+1"],"picked":"rmod:aviationdawn+1","floor":6},{"not_picked":["rmod:fletcherpendant","rmod:firesupport"],"picked":"rmod:salvage","floor":7},{"not_picked":["Bomb","rmod:intelligenceanalysis"],"picked":"rmod:supportaircraftcarrier+1","floor":8},{"not_picked":["rmod:intelligenceanalysis","rmod:aviationdawn+1"],"picked":"rmod:ridicule+1","floor":11},{"not_picked":["rmod:fletcherpendant","rmod:slowdown+1"],"picked":"rmod:robin+1","floor":12},{"not_picked":["rmod:acesubmarine","rmod:supriseattacks+1"],"picked":"rmod:secretscript","floor":16},{"not_picked":["rmod:diamondstrike","rmod:victimresponsibility+1"],"picked":"rmod:aluminumsupply+1","floor":18},{"not_picked":["rmod:firesupport","rmod:rockthrower+1"],"picked":"rmod:aluminumsupply+1","floor":20},{"not_picked":["rmod:capitalist+1","rmod:aluminumsupply+1"],"picked":"rmod:goodsister+1","floor":21},{"not_picked":["rmod:aluminumsupply+1","rmod:wife+1"],"picked":"rmod:fuelsupply+1","floor":24},{"not_picked":["rmod:firesupport","rmod:diamondstrike"],"picked":"rmod:fuelsupply+1","floor":27},{"not_picked":["rmod:u235+1","rmod:aluminumsupply+1"],"picked":"rmod:punchline+1","floor":28},{"not_picked":["rmod:goodsister","rmod:diamondstrike"],"picked":"rmod:aviationdawn+1","floor":31},{"not_picked":["rmod:timeschanged","rmod:saltedfish+1"],"picked":"rmod:secretscript","floor":33},{"not_picked":["rmod:steelsupply+1","rmod:spoils+1"],"picked":"rmod:aviationdawn+1","floor":35},{"not_picked":["rmod:luckystar","rmod:supportescort+1"],"picked":"rmod:fletcherpendant+1","floor":38},{"not_picked":["rmod:fuelsupply+1","rmod:supportescort+1"],"picked":"rmod:supriseattacks+1","floor":40},{"not_picked":["rmod:mineteam","rmod:goodsister"],"picked":"rmod:circuitoustactics+1","floor":41},{"not_picked":["rmod:fletcherpendant","rmod:intelligenceanalysis+1"],"picked":"rmod:openingtorpedo+1","floor":42},{"not_picked":["rmod:aviationdawn+1","rmod:unsinkable+1"],"picked":"rmod:ridicule+1","floor":45},{"not_picked":["rmod:supportaircraftcarrier+1","rmod:tearstotiara+1"],"picked":"rmod:aviationdawn+1","floor":46}],"player_experience":181325,"relics_obtained":[{"floor":6,"key":"Lantern"},{"floor":9,"key":"DemoMod:MeltedRock"},{"floor":11,"key":"Onion Ring"},{"floor":14,"key":"Dota2Spire:Vanguard"},{"floor":24,"key":"Snack Pack"},{"floor":26,"key":"Bronze Scales"},{"floor":28,"key":"Dota2Spire:ShadowBlade"},{"floor":40,"key":"aspiration:HiddenCompartment"},{"floor":43,"key":"Akabeko"},{"floor":45,"key":"CeramicFish"},{"floor":46,"key":"CatCart"}],"event_choices":[{"damage_healed":0,"gold_gain":0,"player_choice":"Success","damage_taken":18,"relics_obtained":["AT_ImmortalShieldbow"],"max_hp_gain":0,"max_hp_loss":0,"event_name":"Scrap Ooze","floor":13,"gold_loss":0},{"damage_healed":0,"gold_gain":0,"player_choice":"Obtain J.A.X.","damage_taken":0,"max_hp_gain":0,"max_hp_loss":0,"event_name":"Drug Dealer","floor":19,"gold_loss":0,"cards_obtained":["J.A.X."]},{"damage_healed":0,"gold_gain":0,"player_choice":"Fight","damage_taken":0,"max_hp_gain":0,"max_hp_loss":0,"event_name":"OrinTheCat","floor":46,"gold_loss":0}],"is_beta":false,"boss_relics":[{"not_picked":["aspiration:SilentSkillbook","testmod-BloodSacrificeSpiritualization"],"picked":"testmod-TimeTraveler"},{"not_picked":[]},{"not_picked":["Philosopher\u0027s Stone","aspiration:FutureDiary"],"picked":"aspiration:SecretTechniqueScroll"},{"not_picked":[]}],"items_purged_floors":[2,22,37,39,44],"is_endless":true,"potions_floor_spawned":[3,5,7,8,16,18,27,28,38,42,46],"killed_by":"Nightmare_Alpha","ascension_level":0}}