{"host":"6jcxerjfmuawfds2","time":1612539383,"event":{"mods":["BaseMod","Colored Map","Infinite Spire","Minty Spire (QoL Compilation)","StSLib","¡¼?Úª?ø«¡½REMEMod"],"gold_per_floor":[112,20,32,52,52,52,72,72,123,139,154,154,165,165,165,264,264,264,264],"floor_reached":18,"language":"KOR","playtime":438,"items_purged":[],"score":193,"play_id":"6ba2bab3-5261-4f9b-904b-d2b0e17a021d","local_time":"20210206003623","is_ascension_mode":true,"campfire_choices":[{"data":"FTL","floor":6,"key":"SMITH"},{"data":"Gash","floor":12,"key":"SMITH"},{"data":"Reinforced Body","floor":15,"key":"SMITH"}],"circlet_count":0,"master_deck":["Strike_B","Strike_B","Strike_B","Strike_B","Defend_B+1","Defend_B","Defend_B","Defend_B","Zap","Dualcast","FTL+1","Scrape+1","Turbo","Go for the Eyes","Gash+1","Reinforced Body+1","Skim","REME_ForAll"],"relics":["infinitespire:DarkRift","REME_ComplimentaryCards","NeowsBlessing","GremlinMask","Blood Vial","infinitespire:Cubic Diamond","REME_LowDesire","Dream Catcher","Smiling Mask"],"acts_visited":["Exordium","TheCity"],"potions_floor_usage":[16,16],"damage_taken":[{"damage":0,"enemies":"2 Louse","floor":1,"turns":1},{"damage":0,"enemies":"Cultist","floor":3,"turns":1},{"damage":0,"enemies":"Small Slimes","floor":4,"turns":1},{"damage":1,"enemies":"3 Louse","floor":7,"turns":3},{"damage":13,"enemies":"Large Slime","floor":10,"turns":5},{"damage":1,"enemies":"Looter","floor":11,"turns":3},{"damage":8,"enemies":"Blue Slaver","floor":13,"turns":3},{"damage":8,"enemies":"Slime Boss","floor":16,"turns":8},{"damage":30,"enemies":"Shell Parasite","floor":18,"turns":5}],"seed_played":"-4042786138319215556","potions_obtained":[{"floor":4,"key":"DistilledChaos"},{"floor":7,"key":"PowerPotion"},{"floor":10,"key":"Dexterity Potion"},{"floor":13,"key":"FairyPotion"},{"floor":16,"key":"PotionOfCapacity"}],"is_trial":false,"path_per_floor":["M","$","M","M","?","R","M","?","T","M","M","R","M","?","R","B",null,"M"],"character_chosen":"DEFECT","items_purchased":["Scrape","Turbo"],"campfire_rested":0,"item_purchase_floors":[2,2],"current_hp_per_floor":[75,75,75,75,60,60,59,59,59,48,49,49,43,43,43,37,66,38,38],"gold":264,"neow_bonus":"THREE_ENEMY_KILL","is_daily":false,"chose_seed":false,"campfire_upgraded":3,"win_rate":0.0,"timestamp":1612539383,"path_taken":["M","$","M","M","?","R","M","?","T","M","?","R","M","?","R","BOSS","M"],"items_purchased_type":["Card","Card"],"build_version":"2020-12-22","purchased_purges":0,"victory":false,"max_hp_per_floor":[75,75,75,75,75,75,75,75,75,75,75,75,75,75,75,75,75,75,75],"card_choices":[{"not_picked":["Force Field","Reprogram"],"picked":"FTL","floor":1},{"not_picked":["Turbo","Force Field"],"picked":"Go for the Eyes","floor":3},{"not_picked":["Sunder","Chaos","Rebound"],"picked":"SKIP","floor":4},{"not_picked":["REME_SelfUpgrade","Turbo"],"picked":"Gash","floor":7},{"not_picked":["Fusion","Force Field"],"picked":"Reinforced Body","floor":10},{"not_picked":["REME_SelfUpgrade","Lockon","Capacitor"],"picked":"SKIP","floor":11},{"not_picked":["Cold Snap","Turbo"],"picked":"Skim","floor":13},{"not_picked":["REME_Shoggoth","Reboot"],"picked":"REME_ForAll","floor":16}],"player_experience":271610,"relics_obtained":[{"floor":9,"key":"Blood Vial"},{"floor":17,"key":"Dream Catcher"},{"floor":17,"key":"Smiling Mask"}],"event_choices":[{"damage_healed":0,"gold_gain":0,"player_choice":"Entered Light","damage_taken":15,"max_hp_gain":0,"max_hp_loss":0,"event_name":"Shining Light","floor":5,"gold_loss":0,"cards_upgraded":["Defend_B","Scrape"]},{"damage_healed":0,"gold_gain":0,"player_choice":"Trade","damage_taken":0,"relics_obtained":["GremlinMask"],"max_hp_gain":0,"max_hp_loss":0,"event_name":"FaceTrader","floor":8,"gold_loss":0}],"is_beta":false,"boss_relics":[{"not_picked":["Pandora\u0027s Box","Calling Bell"],"picked":"REME_LowDesire"}],"items_purged_floors":[],"is_endless":false,"potions_floor_spawned":[4,7,10,13,16],"killed_by":"Shell Parasite","ascension_level":5}}