{"host":"52m1o8iwwagurbjs","time":1612539525,"event":{"mods":["AchievementEnabler","BaseMod","Bestiary","Challenge The Spire","Colored Powertips","GifTheSpireLib","Minty Spire (QoL Compilation)","Quick Restart","Relic Stats","StSLib","The Bug Knight"],"gold_per_floor":[113,131,306,321,14,14,25,90,90,90,90],"floor_reached":10,"language":"ENG","playtime":342,"items_purged":["Doubt"],"score":58,"play_id":"8c3fe321-c99d-4205-a7a4-56eb7cd205a0","local_time":"20210205103845","is_ascension_mode":false,"campfire_choices":[{"data":"HollowMod:HuntersJournal","floor":6,"key":"SMITH"}],"circlet_count":0,"master_deck":["HollowMod:NailStrikeStart","HollowMod:NailStrikeStart","HollowMod:NailStrikeStart","HollowMod:NailStrikeStart","HollowMod:QuickDashStart","HollowMod:QuickDashStart","HollowMod:QuickDashStart","HollowMod:QuickDashStart","HollowMod:FocusHealStart","HollowMod:PogoStrike","HollowMod:InfectedCysts","HollowMod:CloakDash","HollowMod:CloakDash","HollowMod:HuntersJournal+1","HollowMod:InfectionAssault","HollowMod:SoulEater","HollowMod:PerfectDash"],"relics":["HollowMod:VesselMask","NeowsBlessing","Incense Burner","Prayer Wheel"],"acts_visited":["Exordium"],"potions_floor_usage":[8],"damage_taken":[{"damage":0,"enemies":"Small Slimes","floor":1,"turns":1},{"damage":0,"enemies":"Jaw Worm","floor":2,"turns":1},{"damage":0,"enemies":"Cultist","floor":4,"turns":1},{"damage":4,"enemies":"Looter","floor":7,"turns":3},{"damage":63,"enemies":"Lagavulin Event","floor":8,"turns":8},{"damage":0,"enemies":"3 Sentries","floor":10,"turns":1}],"seed_played":"-6095431101459985894","potions_obtained":[{"floor":1,"key":"GamblersBrew"},{"floor":2,"key":"Dexterity Potion"},{"floor":8,"key":"BlessingOfTheForge"}],"is_trial":false,"path_per_floor":["M","M","?","M","$","R","M","?","T","E"],"character_chosen":"THE_BUGKNIGHT","items_purchased":["HollowMod:HuntersJournal","HollowMod:InfectionAssault","HollowMod:SoulEater"],"campfire_rested":0,"item_purchase_floors":[5,5,5],"current_hp_per_floor":[75,75,75,75,75,75,71,20,20,20,20],"gold":90,"neow_bonus":"THREE_ENEMY_KILL","is_daily":false,"chose_seed":false,"campfire_upgraded":1,"win_rate":0.0,"timestamp":1612539525,"path_taken":["M","M","?","M","$","R","M","?","T","E"],"items_purchased_type":["Card","Card","Card"],"build_version":"2020-12-22","purchased_purges":1,"victory":false,"max_hp_per_floor":[75,75,75,75,75,75,75,75,75,75,75],"relic_stats":{"counters":[6,15],"Prayer Wheel":0,"obtain_stats":[{"NeowsBlessing":0,"HollowMod:VesselMask":0,"Prayer Wheel":9,"Incense Burner":8},{"NeowsBlessing":0,"HollowMod:VesselMask":0,"Prayer Wheel":5,"Incense Burner":5},{"NeowsBlessing":0,"HollowMod:VesselMask":0,"Prayer Wheel":14,"Incense Burner":14}]},"card_choices":[{"not_picked":["HollowMod:CrystalDash","HollowMod:WraithStrike"],"picked":"HollowMod:InfectedCysts","floor":1},{"not_picked":["HollowMod:SoulStrike","HollowMod:SoulVessel"],"picked":"HollowMod:CloakDash","floor":2},{"not_picked":["HollowMod:SoulShaman","HollowMod:InfectedAttack"],"picked":"HollowMod:CloakDash","floor":4},{"not_picked":["HollowMod:HeavyBlow","HollowMod:CornifersMapStart","HollowMod:SoulShaman"],"picked":"SKIP","floor":7},{"not_picked":["HollowMod:DesolateDive","HollowMod:InfectionAssault"],"picked":"HollowMod:PerfectDash","floor":8}],"player_experience":1311136,"relics_obtained":[{"floor":8,"key":"Incense Burner"},{"floor":9,"key":"Prayer Wheel"}],"event_choices":[{"damage_healed":0,"gold_gain":175,"player_choice":"AGREE","damage_taken":0,"max_hp_gain":0,"max_hp_loss":0,"event_name":"Liars Game","floor":3,"gold_loss":0,"cards_obtained":["Doubt"]},{"damage_healed":0,"gold_gain":0,"player_choice":"Searched \u00271\u0027 times","damage_taken":0,"max_hp_gain":0,"max_hp_loss":0,"event_name":"Dead Adventurer","floor":8,"gold_loss":0}],"is_beta":false,"boss_relics":[],"items_purged_floors":[5],"is_endless":false,"potions_floor_spawned":[1,2,8],"killed_by":"3 Sentries","ascension_level":0}}