{"host":"yb8bkkdvr1qiclnk","time":1612491545,"event":{"mods":["BaseMod","Bestiary","Colored Map","Colored Powertips","DeckTracker","Faster Ascension Climbing","Highlight Path","Jorbs\u0027s Wanderer Trilogy","Minty Spire (QoL Compilation)","Quick Restart","Relic Stats","Replay The Spire","StSLib","UnlockEverythingMod"],"gold_per_floor":[118,135,153,166,241,272,272,302,302,302,312,312,312,93,93,165,165,180,197,197,197,56,56,71,71,71,98,108,123,123,137,137,137,137],"floor_reached":33,"language":"ENG","playtime":2936,"items_purged":["Regret"],"score":604,"play_id":"55555a66-da2f-43b2-b8be-ae56344b7869","local_time":"20210204211905","is_ascension_mode":true,"campfire_choices":[{"data":"Eclipse","floor":7,"key":"SMITH"},{"floor":10,"key":"REST"},{"data":"ReplayTheSpireMod:Strike From Hell","floor":12,"key":"SMITH"},{"data":"True Grit","floor":15,"key":"SMITH"},{"data":"Eclipse","floor":23,"key":"SMITH"},{"data":"Inflame","floor":25,"key":"SMITH"},{"floor":32,"key":"DIG"}],"circlet_count":0,"master_deck":["AscendersBane","Strike_R+1","Strike_R+1","Strike_R+1","Strike_R+1","Defend_R+1","Defend_R+1","Defend_R+1","Defend_R+1","Bash","Headbutt","ReplayTheSpireMod:Strike From Hell","Flame Barrier","Sword Boomerang","Eclipse+1","ReplayTheSpireMod:Strike From Hell+1","Sentinel","Feed","True Grit+1","Eclipse+1","Inflame+1","Uppercut","Uppercut","Disarm","Disarm","ReplayTheSpireMod:Strike From Hell","stsjorbsmod:Withering","Inflame"],"relics":["Burning Blood","Pocketwatch","BranchBurnRelic","Ice Cream","Replay:Grab Bag","Replay:Bronze Core","ReplayTheSpireMod:DimensionalGlitch","Runic Pyramid","Turnip","Unceasing Top","Replay:Mystery Machine","Gremlin Horn"],"acts_visited":["Exordium","TheCity"],"potions_floor_usage":[4,16,33,33,33],"damage_taken":[{"damage":10,"enemies":"Small Slimes","floor":1,"turns":4},{"damage":3,"enemies":"2 Louse","floor":2,"turns":3},{"damage":9,"enemies":"Jaw Worm","floor":3,"turns":4},{"damage":9,"enemies":"Lots of Slimes","floor":4,"turns":4},{"damage":32,"enemies":"Gremlin Nob","floor":6,"turns":4},{"damage":28,"enemies":"Lagavulin","floor":8,"turns":6},{"damage":8,"enemies":"Large Slime","floor":11,"turns":4},{"damage":43,"enemies":"The Guardian","floor":16,"turns":11},{"damage":16,"enemies":"Spheric Guardian","floor":18,"turns":6},{"damage":12,"enemies":"3 Byrds","floor":19,"turns":3},{"damage":16,"enemies":"3 Cultists","floor":24,"turns":5},{"damage":29,"enemies":"Replay:Snechameleon","floor":27,"turns":7},{"damage":0,"enemies":"Snecko","floor":28,"turns":2},{"damage":23,"enemies":"Centurion and Healer","floor":29,"turns":5},{"damage":1,"enemies":"Snake Plant","floor":31,"turns":4},{"damage":44,"enemies":"Collector","floor":33,"turns":7}],"seed_played":"-8258383877130341820","potions_obtained":[{"floor":1,"key":"Adrenaline Potion"},{"floor":3,"key":"DistilledChaos"},{"floor":11,"key":"Reflective Coating"},{"floor":18,"key":"EntropicBrew"}],"is_trial":false,"path_per_floor":["M","M","M","M","?","E","R","E","T","R","M","R","?","$","R","B",null,"M","M","?","?","$","R","M","R","T","E","M","M","?","M","R_BF","B"],"character_chosen":"IRONCLAD","items_purchased":["Feed","True Grit","Uppercut","Disarm"],"campfire_rested":1,"item_purchase_floors":[14,14,22,22],"current_hp_per_floor":[71,74,71,68,57,31,31,9,9,33,43,43,43,43,43,24,70,57,50,50,50,50,50,45,45,45,28,31,13,13,17,17,0,0],"gold":137,"neow_bonus":"TEN_PERCENT_HP_BONUS","is_daily":false,"chose_seed":false,"campfire_upgraded":5,"win_rate":0.0,"timestamp":1612491545,"path_taken":["M","M","M","M","?","E","R","E","T","R","M","R","?","$","R","BOSS","M","M","?","?","$","R","M","R","T","E","M","?","?","M","R_BF","BOSS"],"items_purchased_type":["Card","Card","Card","Card"],"build_version":"2020-12-22","purchased_purges":1,"victory":false,"max_hp_per_floor":[82,82,82,82,82,82,82,82,82,82,82,82,82,82,82,85,85,85,88,88,88,88,88,88,88,88,88,88,91,91,94,94,94,94],"relic_stats":{"Gremlin Horn":[3,3],"counters":[16,79],"Turnip":[9],"obtain_stats":[{"Ice Cream":13,"Gremlin Horn":32,"Dead Branch":8,"Replay:Grab Bag":17,"Replay:Mystery Machine":30,"Burning Blood":0,"BranchBurnRelic":10,"Replay:Bronze Core":17,"Turnip":26,"ReplayTheSpireMod:DimensionalGlitch":17,"Unceasing Top":27,"Pocketwatch":9,"Runic Pyramid":17},{"Ice Cream":7,"Gremlin Horn":15,"Dead Branch":6,"Replay:Grab Bag":8,"Replay:Mystery Machine":14,"Burning Blood":0,"BranchBurnRelic":6,"Replay:Bronze Core":8,"Turnip":11,"ReplayTheSpireMod:DimensionalGlitch":8,"Unceasing Top":12,"Pocketwatch":6,"Runic Pyramid":8},{"Ice Cream":29,"Gremlin Horn":72,"Dead Branch":25,"Replay:Grab Bag":40,"Replay:Mystery Machine":68,"Burning Blood":0,"BranchBurnRelic":25,"Replay:Bronze Core":40,"Turnip":54,"ReplayTheSpireMod:DimensionalGlitch":40,"Unceasing Top":61,"Pocketwatch":25,"Runic Pyramid":40}],"Burning Blood":69,"Unceasing Top":[0],"Pocketwatch":[51]},"card_choices":[{"not_picked":["Blood for Blood","Bloodletting"],"picked":"Headbutt","floor":1},{"not_picked":["Thunderclap","Ghostly Armor"],"picked":"ReplayTheSpireMod:Strike From Hell","floor":2},{"not_picked":["ReplayTheSpireMod:Corrosion Curse","Anger"],"picked":"Flame Barrier","floor":3},{"not_picked":["Iron Wave","Headbutt"],"picked":"Sword Boomerang","floor":4},{"not_picked":["Feel No Pain","Clothesline"],"picked":"Eclipse","floor":6},{"not_picked":["Thunderclap","ReplayTheSpireMod:Stacked"],"picked":"ReplayTheSpireMod:Strike From Hell","floor":8},{"not_picked":["Battle Trance","Flex"],"picked":"Sentinel","floor":11},{"not_picked":["Berserk","Reaper"],"picked":"Eclipse","floor":16},{"not_picked":["Havoc","Twin Strike","Anger"],"picked":"SKIP","floor":18},{"not_picked":["Power Through","Cleave","Pommel Strike"],"picked":"SKIP","floor":19},{"not_picked":["Havoc","Heavy Blade+1"],"picked":"Disarm","floor":24},{"not_picked":["Iron Wave","Heavy Blade+1","Cleave"],"picked":"SKIP","floor":27},{"not_picked":["Carnage","Rage"],"picked":"ReplayTheSpireMod:Strike From Hell","floor":28},{"not_picked":["Flex","Juggernaut","Armaments"],"picked":"SKIP","floor":29},{"not_picked":["Sword Boomerang","Armaments+1"],"picked":"Inflame","floor":31}],"player_experience":64639,"relics_obtained":[{"floor":8,"key":"Dead Branch"},{"floor":9,"key":"Pocketwatch"},{"floor":26,"key":"Turnip"},{"floor":27,"key":"Unceasing Top"},{"floor":32,"key":"Gremlin Horn"}],"event_choices":[{"damage_healed":0,"gold_gain":75,"player_choice":"Gather Gold","damage_taken":11,"max_hp_gain":0,"max_hp_loss":0,"event_name":"World of Goop","floor":5,"gold_loss":0},{"damage_healed":0,"gold_gain":0,"player_choice":"Box","damage_taken":0,"relics_obtained":["Ice Cream"],"max_hp_gain":0,"max_hp_loss":0,"event_name":"Big Fish","floor":13,"gold_loss":0,"cards_obtained":["Regret"]},{"damage_healed":0,"gold_gain":0,"player_choice":"Simplicity","damage_taken":0,"max_hp_gain":0,"max_hp_loss":0,"event_name":"Back to Basics","floor":20,"gold_loss":0,"cards_upgraded":["Strike_R","Strike_R","Strike_R","Strike_R","Strike_R","Defend_R","Defend_R","Defend_R","Defend_R"]},{"damage_healed":0,"gold_gain":0,"cards_transformed":["Strike_R"],"player_choice":"Transformed","damage_taken":0,"max_hp_gain":0,"max_hp_loss":0,"event_name":"Transmorgrifier","floor":21,"gold_loss":0,"cards_obtained":["Inflame"]}],"is_beta":false,"boss_relics":[{"not_picked":["Runic Dome","Pandora\u0027s Box"],"picked":"Replay:Grab Bag"},{"not_picked":["Philosopher\u0027s Stone","Cursed Key"],"picked":"Replay:Bronze Core"},{"not_picked":["Ectoplasm","Busted Crown"],"picked":"ReplayTheSpireMod:DimensionalGlitch"},{"not_picked":["Black Blood","Black Star"],"picked":"Runic Pyramid"}],"items_purged_floors":[14],"is_endless":false,"potions_floor_spawned":[1,3,11,18,24,28,29],"killed_by":"Collector","ascension_level":20}}