{"host":"xes75gx807s8gyhc","time":1612489125,"event":{"mods":["AchievementEnabler","BaseMod","Colored Powertips","Curses Come First","Minty Spire (QoL Compilation)","Rare Cards Sparkle","Relic Stats","StSLib","Unceasing Turn Reminder","everything is the same but u backflip on backflip"],"gold_per_floor":[114,10,0,0,13,38,38,64,136,165,165,181,181,199,199,294,294,308,16,16,16,16,16,31,41,116,146,146,171,171,199,199,299,299,318,364,120,120,44,77,94,94,94,121,121,121,146,157,157,157,157,157,32,63,63,63],"floor_reached":55,"language":"ENG","playtime":2458,"items_purged":["Pain","Strike_R","Strike_R"],"score":933,"play_id":"09e2d547-7619-40f9-b3d1-e8f0281eaaf7","local_time":"20210204173845","is_ascension_mode":true,"campfire_choices":[{"data":"Flame Barrier","floor":7.0,"key":"SMITH"},{"floor":15.0,"key":"REST"},{"data":"Limit Break","floor":23.0,"key":"SMITH"},{"data":"True Grit","floor":28.0,"key":"SMITH"},{"data":"Demon Form","floor":30.0,"key":"SMITH"},{"floor":32.0,"key":"REST"},{"floor":42.0,"key":"RECALL"},{"floor":46.0,"key":"REST"},{"floor":49,"key":"REST"},{"floor":52,"key":"REST"}],"circlet_count":0,"master_deck":["Defend_R","Defend_R","Defend_R","Defend_R+1","Bash","Inflame+1","Combust","Pummel","Flame Barrier","Flame Barrier+1","Blood for Blood","Hemokinesis","Pommel Strike","True Grit+1","Demon Form+1","Cleave+1","Body Slam+1","Impervious+1","Limit Break+1","Spot Weakness+1","Body Slam+1","Burning Pact+1","Feel No Pain+1","True Grit","Barricade","Dark Embrace","Heavy Blade+1","Sword Boomerang+1","Intimidate+1","Rupture+1","Rupture","Seeing Red+1","Offering"],"relics":["Burning Blood","Bag of Marbles","Lizard Tail","Question Card","Lantern","Ornamental Fan","WarpedTongs","Astrolabe","Tiny Chest","Mummified Hand","Bronze Scales","War Paint","Centennial Puzzle","Fusion Hammer","Bag of Preparation","Bottled Flame","Dream Catcher","Pen Nib","Bottled Tornado","StoneCalendar"],"acts_visited":["Exordium","TheCity","TheBeyond","TheEnding"],"potions_floor_usage":[54],"damage_taken":[{"damage":1.0,"enemies":"Cultist","floor":1.0,"turns":4.0},{"damage":0.0,"enemies":"Small Slimes","floor":5.0,"turns":2.0},{"damage":31.0,"enemies":"Gremlin Nob","floor":6.0,"turns":4.0},{"damage":17.0,"enemies":"Lagavulin","floor":8.0,"turns":7.0},{"damage":12.0,"enemies":"3 Sentries","floor":10.0,"turns":7.0},{"damage":2.0,"enemies":"Jaw Worm","floor":12.0,"turns":2.0},{"damage":4.0,"enemies":"3 Louse","floor":14.0,"turns":2.0},{"damage":25.0,"enemies":"The Guardian","floor":16.0,"turns":9.0},{"damage":4.0,"enemies":"Shell Parasite","floor":18.0,"turns":2.0},{"damage":0.0,"enemies":"Spheric Guardian","floor":24.0,"turns":1.0},{"damage":5.0,"enemies":"Shelled Parasite and Fungi","floor":25.0,"turns":2.0},{"damage":5.0,"enemies":"Gremlin Leader","floor":27.0,"turns":5.0},{"damage":21.0,"enemies":"Book of Stabbing","floor":29.0,"turns":4.0},{"damage":26.0,"enemies":"Gremlin Leader","floor":31.0,"turns":5.0},{"damage":4.0,"enemies":"Collector","floor":33.0,"turns":9.0},{"damage":27.0,"enemies":"3 Darklings","floor":35.0,"turns":5.0},{"damage":15.0,"enemies":"Nemesis","floor":40.0,"turns":5.0},{"damage":2.0,"enemies":"3 Shapes","floor":41.0,"turns":2.0},{"damage":10.0,"enemies":"Giant Head","floor":44.0,"turns":7.0},{"damage":29.0,"enemies":"Nemesis","floor":47.0,"turns":3.0},{"damage":5.0,"enemies":"3 Darklings","floor":48.0,"turns":2.0},{"damage":34,"enemies":"Time Eater","floor":50,"turns":8},{"damage":108,"enemies":"Shield and Spear","floor":54,"turns":7},{"damage":65,"enemies":"The Heart","floor":55,"turns":5}],"seed_played":"3070259145245518315","potions_obtained":[{"floor":1.0,"key":"BloodPotion"},{"floor":8.0,"key":"Energy Potion"},{"floor":10.0,"key":"Strength Potion"},{"floor":14.0,"key":"EssenceOfSteel"},{"floor":16.0,"key":"PowerPotion"},{"floor":18.0,"key":"GamblersBrew"},{"floor":24.0,"key":"SkillPotion"},{"floor":35.0,"key":"Weak Potion"},{"floor":40.0,"key":"Fire Potion"}],"is_trial":false,"path_per_floor":["M","$","?","?","M","E","R","E","T","E","?","M","?","M","R","B",null,"M","$","T","?","$","R","M","M","T","E","R","E","R","E","R","B",null,"M","T","$","?","$","E","M","R","T","E","?","R","E","M","R","B",null,"R","$","E","B"],"character_chosen":"IRONCLAD","items_purchased":["Combust","Pummel","Limit Break","Spot Weakness","Bag of Preparation","Dark Embrace"],"campfire_rested":5,"item_purchase_floors":[2,2,19,19,37,39],"current_hp_per_floor":[77,77,77,58,64,39,39,28,28,22,23,27,27,29,57,38,96,96,96,96,77,77,77,83,84,84,85,85,70,70,50,80,82,101,80,80,80,80,80,71,75,75,75,71,71,101,78,79,101,73,101,101,101,56,0,0],"gold":63,"neow_bonus":"TWENTY_PERCENT_HP_BONUS","is_daily":false,"chose_seed":false,"campfire_upgraded":4,"win_rate":0.0,"timestamp":1612489125,"path_taken":["M","$","?","?","M","E","R","E","T","E","?","M","?","M","R","BOSS","M","$","?","?","?","R","?","M","T","E","R","E","R","E","R","BOSS","M","?","$","?","$","E","M","R","T","E","?","R","E","M","R","BOSS","R","$","E","BOSS"],"items_purchased_type":["Card","Card","Card","Card","Relic","Card"],"build_version":"2020-12-22","purchased_purges":3,"victory":false,"max_hp_per_floor":[96,96,96,96,96,96,96,96,96,96,96,96,96,96,96,96,96,96,96,96,101,101,101,101,101,101,101,101,101,101,101,101,101,101,101,101,101,101,101,101,101,101,101,101,101,101,101,101,101,101,101,101,101,101,101,101],"relic_stats":{"counters":[24,109],"Astrolabe":["Cleave","Body Slam","Impervious"],"StoneCalendar":[0],"Pen Nib":[3],"Bag of Preparation":[16],"War Paint":["Spot Weakness","Burning Pact"],"Question Card":23,"Burning Blood":136,"WarpedTongs":[77],"Lizard Tail":50,"Centennial Puzzle":[30],"Dream Catcher":3,"Ornamental Fan":[44],"Mummified Hand":[87],"Bronze Scales":[222],"Tiny Chest":1,"obtain_stats":[{"Lantern":10,"Astrolabe":17,"StoneCalendar":54,"Pen Nib":44,"Bag of Preparation":37,"War Paint":29,"Bottled Tornado":47,"Question Card":9,"Burning Blood":0,"WarpedTongs":13,"Lizard Tail":8,"Centennial Puzzle":31,"Bottled Flame":40,"Dream Catcher":43,"Ornamental Fan":11,"Mummified Hand":26,"Bronze Scales":27,"Tiny Chest":20,"Fusion Hammer":34,"Bag of Marbles":6},{"Lantern":5,"Astrolabe":8,"StoneCalendar":23,"Pen Nib":19,"Bag of Preparation":16,"War Paint":13,"Bottled Tornado":20,"Question Card":4,"Burning Blood":0,"WarpedTongs":6,"Lizard Tail":4,"Centennial Puzzle":14,"Bottled Flame":17,"Dream Catcher":18,"Ornamental Fan":5,"Mummified Hand":11,"Bronze Scales":12,"Tiny Chest":9,"Fusion Hammer":15,"Bag of Marbles":3},{"Lantern":24,"Astrolabe":37,"StoneCalendar":104,"Pen Nib":84,"Bag of Preparation":70,"War Paint":51,"Bottled Tornado":87,"Question Card":17,"Burning Blood":0,"WarpedTongs":26,"Lizard Tail":17,"Centennial Puzzle":56,"Bottled Flame":75,"Dream Catcher":77,"Ornamental Fan":24,"Mummified Hand":42,"Bronze Scales":47,"Tiny Chest":39,"Fusion Hammer":65,"Bag of Marbles":10}]},"card_choices":[{"not_picked":["Armaments","Clothesline"],"picked":"Inflame","floor":1.0},{"not_picked":["Entrench","Clash"],"picked":"Flame Barrier","floor":5.0},{"not_picked":["Headbutt","Anger"],"picked":"Flame Barrier","floor":6.0},{"not_picked":["Sword Boomerang","Demon Form"],"picked":"Blood for Blood","floor":8.0},{"not_picked":["Warcry","Ghostly Armor","Bloodletting"],"picked":"Hemokinesis","floor":10.0},{"not_picked":["Hemokinesis","Fire Breathing","Armaments"],"picked":"Pommel Strike","floor":12.0},{"not_picked":["Flex","Sever Soul","Whirlwind"],"picked":"True Grit","floor":14.0},{"not_picked":["Corruption","Barricade","Brutality"],"picked":"Demon Form","floor":16.0},{"not_picked":["Warcry","Cleave","Flex","Iron Wave"],"picked":"SKIP","floor":18.0},{"not_picked":["Sword Boomerang","Entrench","Uppercut"],"picked":"Body Slam+1","floor":24.0},{"not_picked":["Clash+1","Perfected Strike","Brutality"],"picked":"Burning Pact","floor":25.0},{"not_picked":["Body Slam","Power Through","Bloodletting+1"],"picked":"Feel No Pain+1","floor":27.0},{"not_picked":["Carnage+1","Anger","Flex"],"picked":"Inflame","floor":29.0},{"not_picked":["Armaments","Sword Boomerang","Iron Wave+1"],"picked":"True Grit","floor":31.0},{"not_picked":["Demon Form","Bludgeon","Impervious"],"picked":"Barricade","floor":33.0},{"not_picked":["Perfected Strike+1","Armaments","True Grit+1","Spot Weakness"],"picked":"SKIP","floor":35.0},{"not_picked":["Demon Form","Infernal Blade+1","Headbutt"],"picked":"Heavy Blade+1","floor":40.0},{"not_picked":["Searing Blow+1","Perfected Strike","Reckless Charge+1"],"picked":"Sword Boomerang+1","floor":41.0},{"not_picked":["Hemokinesis","Armaments","Infernal Blade+1"],"picked":"Intimidate+1","floor":44.0},{"not_picked":["Flex","Pommel Strike+1","Armaments"],"picked":"Rupture+1","floor":46.0},{"not_picked":["Infernal Blade","Iron Wave","Clash"],"picked":"Rupture","floor":47.0},{"not_picked":["Thunderclap","Flex","Demon Form","Fire Breathing"],"picked":"SKIP","floor":48},{"not_picked":["Anger+1","Cleave+1","Spot Weakness+1"],"picked":"Seeing Red+1","floor":52},{"not_picked":["Warcry+1","Spot Weakness","Rupture+1"],"picked":"Offering","floor":54}],"player_experience":33553,"relics_obtained":[{"floor":6.0,"key":"Bag of Marbles"},{"floor":8.0,"key":"Lizard Tail"},{"floor":9.0,"key":"Question Card"},{"floor":10.0,"key":"Lantern"},{"floor":20.0,"key":"Tiny Chest"},{"floor":26.0,"key":"Mummified Hand"},{"floor":27.0,"key":"Bronze Scales"},{"floor":29.0,"key":"War Paint"},{"floor":31.0,"key":"Centennial Puzzle"},{"floor":40.0,"key":"Bottled Flame"},{"floor":43.0,"key":"Dream Catcher"},{"floor":44.0,"key":"Pen Nib"},{"floor":47.0,"key":"Bottled Tornado"},{"floor":54,"key":"StoneCalendar"}],"event_choices":[{"damage_healed":0.0,"max_hp_gain":0.0,"max_hp_loss":0.0,"gold_gain":0.0,"event_name":"World of Goop","player_choice":"Left Gold","floor":3.0,"gold_loss":10.0,"damage_taken":0.0},{"damage_healed":0.0,"max_hp_gain":0.0,"max_hp_loss":0.0,"gold_gain":0.0,"event_name":"Shining Light","player_choice":"Entered Light","floor":4.0,"gold_loss":0.0,"damage_taken":19.0,"cards_upgraded":["Defend_R","Inflame"]},{"damage_healed":0.0,"max_hp_gain":0.0,"max_hp_loss":0.0,"gold_gain":0.0,"event_name":"Scrap Ooze","player_choice":"Success","floor":11.0,"gold_loss":0.0,"damage_taken":18.0,"relics_obtained":["Ornamental Fan"]},{"damage_healed":0.0,"max_hp_gain":0.0,"max_hp_loss":0.0,"gold_gain":0.0,"event_name":"Accursed Blacksmith","player_choice":"Rummage","floor":13.0,"gold_loss":0.0,"damage_taken":0.0,"relics_obtained":["WarpedTongs"],"cards_obtained":["Pain"]},{"damage_healed":0.0,"max_hp_gain":5.0,"max_hp_loss":0.0,"gold_gain":0.0,"event_name":"Forgotten Altar","player_choice":"Shed Blood","floor":21.0,"gold_loss":0.0,"damage_taken":24.0},{"cards_removed":["Inflame"],"damage_healed":0.0,"max_hp_gain":0.0,"max_hp_loss":0.0,"gold_gain":0.0,"event_name":"Falling","player_choice":"Removed Power","floor":38.0,"gold_loss":0.0,"damage_taken":0.0},{"damage_healed":0.0,"max_hp_gain":0.0,"max_hp_loss":0.0,"gold_gain":0.0,"event_name":"SensoryStone","player_choice":"Memory 1","floor":45.0,"gold_loss":0.0,"damage_taken":0.0}],"is_beta":false,"boss_relics":[{"not_picked":["SlaversCollar","Runic Dome"],"picked":"Astrolabe"},{"not_picked":["Runic Cube","Coffee Dripper"],"picked":"Fusion Hammer"}],"items_purged_floors":[19,37,53],"is_endless":false,"potions_floor_spawned":[1,8,10,14,16,18,24,35,40],"killed_by":"The Heart","ascension_level":2}}