{"host":"1ooxfz79hmpvpehx","time":1612494723,"event":{"mods":["BaseMod","Minty Spire (QoL Compilation)","Quick Restart","Replay The Spire","StSLib","SuperFastMode"],"gold_per_floor":[111,164,164,184,201,201,211,222,222,222,251,251,261,261,261,359,359,377,377,377,391,316,316,329,329,329,329,361,361,391,410,410,410,410],"floor_reached":33,"language":"ENG","playtime":961,"items_purged":["Shame"],"score":310,"play_id":"a1e370ae-59bb-4be2-8703-0b5fc57fe284","local_time":"20210205001203","is_ascension_mode":false,"campfire_choices":[{"data":"Static Discharge","floor":6,"key":"SMITH"},{"data":"Buffer","floor":12,"key":"SMITH"},{"data":"Self Repair","floor":15,"key":"SMITH"},{"floor":23,"key":"DIG"},{"floor":27,"key":"DIG"},{"data":"Self Repair","floor":29,"key":"SMITH"},{"data":"Creative AI","floor":32,"key":"SMITH"}],"circlet_count":0,"master_deck":["Defend_B","Defend_B","Defend_B","Defend_B","Zap","Dualcast+1","Self Repair+1","Static Discharge+1","Genetic Algorithm+1","ReplayRNGCard+1","Buffer+1","Tempest+1","Machine Learning+1","Replay:Hysterical Blindness","Amnesia","Bite+1","Bite+1","Bite+1","Bite+1","Bite+1","Self Repair+1","Creative AI+1"],"relics":["Cracked Core","Lizard Tail","Toxic Egg 2","Pantograph","Molten Egg 2","Replay:Ancient Bell","Replay:Wax Seal","Replay:Accelerometer","Replay:Multitool","Carrot","Strawberry","PreservedInsect","Shuriken","Blue Doll","Snack Pack"],"acts_visited":["Exordium","TheCity"],"potions_floor_usage":[16,16,16,30,33,33],"damage_taken":[{"damage":17,"enemies":"Small Slimes","floor":1,"turns":3},{"damage":6,"enemies":"Jaw Worm","floor":4,"turns":4},{"damage":6,"enemies":"Cultist","floor":5,"turns":3},{"damage":11,"enemies":"2 Fungi Beasts","floor":7,"turns":3},{"damage":4,"enemies":"Looter","floor":8,"turns":4},{"damage":27,"enemies":"3 Sentries","floor":11,"turns":4},{"damage":22,"enemies":"Large Slime","floor":13,"turns":7},{"damage":23,"enemies":"Hexaghost","floor":16,"turns":7},{"damage":12,"enemies":"Shell Parasite","floor":18,"turns":5},{"damage":25,"enemies":"Spheric Guardian","floor":21,"turns":6},{"damage":20,"enemies":"Shelled Parasite and Fungi","floor":24,"turns":6},{"damage":52,"enemies":"Gremlin Leader","floor":28,"turns":5},{"damage":43,"enemies":"Slavers","floor":30,"turns":4},{"damage":12,"enemies":"Centurion and Healer","floor":31,"turns":11},{"damage":68,"enemies":"Pondfish","floor":33,"turns":5}],"seed_played":"-5500055152800466385","potions_obtained":[{"floor":1,"key":"Fire Potion"},{"floor":7,"key":"AttackPotion"},{"floor":13,"key":"Adrenaline Potion"},{"floor":16,"key":"Dexterity Potion"},{"floor":28,"key":"DuplicationPotion"},{"floor":30,"key":"Toxic Potion"},{"floor":31,"key":"SpeedPotion"}],"is_trial":false,"path_per_floor":["M","?","?","M","M","R","M","M","T","?","E","R","M","?","R","B",null,"M","?","?","M","$","R","M","R","T","R","E","R","E","M","R","B"],"character_chosen":"DEFECT","items_purchased":[],"campfire_rested":0,"item_purchase_floors":[],"current_hp_per_floor":[58,28,75,75,75,75,71,74,74,74,47,47,32,17,17,29,75,73,73,52,45,45,52,55,59,59,59,34,34,39,59,59,0,0],"gold":410,"neow_bonus":"ONE_RARE_RELIC","is_daily":false,"chose_seed":false,"campfire_upgraded":5,"win_rate":0.0,"timestamp":1612494723,"path_taken":["M","?","?","M","?","R","M","M","T","?","E","R","M","?","R","BOSS","M","?","?","M","$","R","M","R","T","R","E","R","E","M","R","BOSS"],"items_purchased_type":[],"build_version":"2020-12-22","purchased_purges":1,"victory":false,"max_hp_per_floor":[75,75,75,75,75,75,75,75,75,75,75,75,75,75,75,75,75,75,75,52,52,52,59,59,59,59,59,59,59,59,59,59,59,59],"card_choices":[{"not_picked":["ReplaySolidLightProjector","Barrage"],"picked":"Static Discharge","floor":1},{"not_picked":["Skim+1","Double Energy+1"],"picked":"Self Repair","floor":2},{"not_picked":["Beam Cell","Leap+1"],"picked":"Static Discharge","floor":4},{"not_picked":["Hologram+1","All For One","Panic Button+1"],"picked":"SKIP","floor":5},{"not_picked":["Conserve Battery+1","FTL"],"picked":"Genetic Algorithm+1","floor":7},{"not_picked":["Melter","Hologram+1","Coolheaded+1"],"picked":"SKIP","floor":8},{"not_picked":["Steam+1","Coolheaded+1"],"picked":"Buffer","floor":11},{"not_picked":["Stack+1","Force Field+1"],"picked":"Tempest+1","floor":13},{"not_picked":["Multi-Cast+1","Fission+1"],"picked":"Machine Learning","floor":16},{"not_picked":["Pain","Decay"],"picked":"Shame","floor":17},{"not_picked":["ReplayTheSpireMod:Splinters","Voices"],"picked":"Replay:Hysterical Blindness","floor":17},{"not_picked":["Overencumbered","Voices"],"picked":"Amnesia","floor":17},{"not_picked":["Leap+1","Cold Snap+1","Streamline+1"],"picked":"SKIP","floor":18},{"not_picked":["Fusion+1","ReplayTheSpireMod:GoodbyeWorld"],"picked":"Self Repair","floor":21},{"not_picked":["Go for the Eyes+1","Steam+1","Ball Lightning+1"],"picked":"SKIP","floor":24},{"not_picked":["Conserve Battery+1","Compile Driver+1","Heatsinks+1"],"picked":"SKIP","floor":28},{"not_picked":["Beam Cell+1","Streamline+1","Panic Button+1"],"picked":"SKIP","floor":30},{"not_picked":["Redo+1","Stack+1"],"picked":"Creative AI","floor":31}],"player_experience":14398,"relics_obtained":[{"floor":2,"key":"Toxic Egg 2"},{"floor":9,"key":"Pantograph"},{"floor":11,"key":"Molten Egg 2"},{"floor":23,"key":"Strawberry"},{"floor":26,"key":"PreservedInsect"},{"floor":27,"key":"Shuriken"},{"floor":28,"key":"Blue Doll"},{"floor":30,"key":"Snack Pack"}],"event_choices":[{"cards_removed":["Static Discharge"],"damage_healed":47,"gold_gain":0,"player_choice":"Offered Uncommon","damage_taken":0,"max_hp_gain":0,"max_hp_loss":0,"event_name":"Bonfire Elementals","floor":3,"gold_loss":0},{"damage_healed":0,"gold_gain":0,"player_choice":"Entered Light","damage_taken":15,"max_hp_gain":0,"max_hp_loss":0,"event_name":"Shining Light","floor":14,"gold_loss":0,"cards_upgraded":["Dualcast","Strike_G"]},{"damage_healed":0,"gold_gain":0,"player_choice":"Opened","damage_taken":0,"relics_obtained":["Carrot"],"max_hp_gain":0,"max_hp_loss":0,"event_name":"The Mausoleum","floor":19,"gold_loss":0},{"damage_healed":0,"gold_gain":0,"player_choice":"Became a vampire","damage_taken":0,"max_hp_gain":0,"max_hp_loss":23,"event_name":"Vampires","floor":20,"gold_loss":0,"cards_obtained":["Bite","Bite","Bite","Bite","Bite"]}],"is_beta":false,"boss_relics":[{"not_picked":["Replay:Wanted Poster","ChewingGum"],"picked":"Replay:Ancient Bell"},{"not_picked":["MawBank","Blood Vial"],"picked":"Replay:Wax Seal"},{"not_picked":["Replay:Bottled Steam","Garlic"],"picked":"Replay:Accelerometer"},{"not_picked":["Pondfish Scales","Ice Cream"],"picked":"Replay:Multitool"}],"items_purged_floors":[22],"is_endless":false,"potions_floor_spawned":[1,7,13,16,28,30,31],"killed_by":"Pondfish","ascension_level":0}}