{"host":"hpn0uxah5qjr7pa6","time":1612494589,"event":{"mods":["Act Like it!","Aspiration","BaseMod","Better Third Choice","BetterRewards","Challenge The Spire","Colored Powertips","Conspire","DeckTracker","Downfall","Energized Spire","Hallownest","Hermit","Highlight Path","Hubris","Infinite Spire","Minty Spire (QoL Compilation)","Permanent Neow","Quick Restart","Rare Cards Sparkle","Replay The Spire","Spicy Shops","StSLib","The Bug Knight","The Jungle"],"gold_per_floor":[117,117,117,132,145,145,145,161,161,161,175,175,194,294,294,294,294,294],"floor_reached":16,"language":"ENG","playtime":418,"items_purged":[],"score":92,"play_id":"2960aa07-1ec3-4baa-97a7-481f72a9f798","local_time":"20210204190949","is_ascension_mode":false,"campfire_choices":[{"floor":6,"key":"REST"},{"floor":10,"key":"REST"},{"data":"infinitespire:Punishment","floor":15,"key":"SMITH"}],"circlet_count":0,"master_deck":["bronze:Strike","bronze:Strike","bronze:Strike","bronze:Strike","bronze:Defend","bronze:Defend","bronze:Defend","bronze:Defend","bronze:Replicate","bronze:Goto","bronze:BronzeOrb","infinitespire:Punishment+1","bronze:DigitalCarnage","bronze:BronzeOrb"],"relics":["bronze:BronzeCore","hubris:KleinBottle","hubris:BottledRain"],"acts_visited":["Exordium"],"potions_floor_usage":[8,16,16],"damage_taken":[{"damage":6,"enemies":"2 Louse","floor":1,"turns":2},{"damage":0,"enemies":"Jaw Worm","floor":4,"turns":3},{"damage":0,"enemies":"Cultist","floor":5,"turns":4},{"damage":2,"enemies":"Red Slaver","floor":8,"turns":2},{"damage":5,"enemies":"Lots of Slimes","floor":11,"turns":5},{"damage":0,"enemies":"Blue Slaver","floor":13,"turns":3},{"damage":70,"enemies":"Hexaghost","floor":16,"turns":11}],"seed_played":"-1613562717868993681","potions_obtained":[{"floor":4,"key":"AttackPotion"},{"floor":11,"key":"SpeedPotion"},{"floor":13,"key":"AttackPotion"}],"is_trial":true,"path_per_floor":["M","?","?","M","M","R","$","M","T","R","M","?","M","?","R","B"],"character_chosen":"THE_AUTOMATON","items_purchased":["hubris:KleinBottle"],"campfire_rested":2,"item_purchase_floors":[7],"current_hp_per_floor":[64,64,57,57,57,70,51,49,49,70,65,65,65,65,65,0,0,0],"gold":294,"neow_bonus":"","is_daily":false,"chose_seed":false,"campfire_upgraded":1,"win_rate":0.0,"timestamp":1612494589,"path_taken":["M","?","?","?","M","R","?","M","T","R","M","?","M","?","R","BOSS"],"items_purchased_type":["Relic"],"build_version":"2020-12-22","purchased_purges":0,"victory":false,"max_hp_per_floor":[70,70,70,70,70,70,70,70,70,70,70,70,70,70,70,70,70,70],"card_choices":[{"not_picked":["bronze:BugBarrage","bronze:Shield"],"picked":"bronze:BronzeOrb","floor":1},{"not_picked":["bronze:Return","bronze:Separator","bronze:Backtrace"],"picked":"SKIP","floor":4},{"not_picked":["bronze:WildBeam","bronze:Turbo","bronze:ItsAFeature"],"picked":"SKIP","floor":5},{"not_picked":["Replay:Fractal Strike","infinitespire:FinalStrike"],"picked":"infinitespire:Punishment","floor":7},{"not_picked":["bronze:FollowUp","bronze:Separator","bronze:CutThrough"],"picked":"SKIP","floor":8},{"not_picked":["bronze:BuggyMess","bronze:WhirlingStrike"],"picked":"bronze:DigitalCarnage","floor":11},{"not_picked":["bronze:ForceShield","bronze:Invalidate"],"picked":"bronze:BronzeOrb","floor":13}],"player_experience":189730,"relics_obtained":[{"floor":9,"key":"hubris:BottledRain"}],"event_choices":[{"damage_healed":0,"gold_gain":0,"player_choice":"Leave","damage_taken":0,"max_hp_gain":0,"max_hp_loss":0,"event_name":"conspire:Investor","floor":2,"gold_loss":0},{"damage_healed":0,"gold_gain":0,"player_choice":"Damaged","damage_taken":7,"max_hp_gain":0,"max_hp_loss":0,"event_name":"Wheel of Change","floor":3,"gold_loss":0},{"damage_healed":0,"gold_gain":0,"player_choice":"Ignored","damage_taken":0,"max_hp_gain":0,"max_hp_loss":0,"event_name":"Golden Idol","floor":12,"gold_loss":0},{"damage_healed":0,"gold_gain":100,"player_choice":"Pray","damage_taken":0,"max_hp_gain":0,"max_hp_loss":0,"event_name":"Golden Shrine","floor":14,"gold_loss":0}],"is_beta":false,"boss_relics":[],"items_purged_floors":[],"is_endless":false,"potions_floor_spawned":[4,11,13],"killed_by":"Hexaghost","ascension_level":0}}