{"host":"ds3v42j7tpaaz1mg","time":1612483222,"event":{"mods":["AchievementEnabler","Aspiration","BaseMod","Bestiary","Better Altar","Better Note","Better Sensory Stone","BetterRewards","Block Reminder","Colored Powertips","Conspire","Downfall","Energized Spire","Halation","Hermit","Highlight Path","Hubris","Infinite Spire","Jorbs\u0027s Wanderer Trilogy","Minty Spire (QoL Compilation)","Relic Stats","Replay The Spire","StSLib","The Elementalist","The Servant 0.9.4"],"gold_per_floor":[99,112,124,136,136,154,203,203,217,246,246,246,246,13,31,131,131,131,148,167,53,67,83,109,122,122,10,10,10,23,23,38,135,135,135,146,146,146,162,176,228,228,228,244,255,286,286,296,313,313],"floor_reached":51,"language":"ENG","playtime":2788,"items_purged":["Slimebound:Tackle","Slimebound:Darklings"],"score":581,"play_id":"d1e3c544-d2c0-4ca4-ba4b-eeea0c110f42","local_time":"20210204190022","is_ascension_mode":true,"campfire_choices":[{"floor":1.0,"key":"DIG"},{"data":"Slimebound:SplitSpecialist","floor":8.0,"key":"SMITH"},{"data":"Slimebound:Teamwork","floor":18.0,"key":"SMITH"},{"floor":29.0,"key":"REST"},{"floor":35.0,"key":"DIG"},{"data":"hubris:Fate","floor":42,"key":"SMITH"},{"floor":47,"key":"REST"}],"circlet_count":0,"master_deck":["Slimebound:Strike_Slimebound","Slimebound:Strike_Slimebound","Slimebound:Defend_Slimebound","Slimebound:Defend_Slimebound","Slimebound:Defend_Slimebound","Slimebound:Defend_Slimebound","Slimebound:Split","Slimebound:CorrosiveSpit","Slimebound:SplitAcid","Slimebound:SplitSpecialist+1","Slimebound:LivingWall","Slimebound:Teamwork+1","Slimebound:Equalize","Slimebound:Repurpose","Slimebound:MassRepurpose","Slimebound:SlimeSpikes","Slimebound:MinionMaster","Slimebound:SplitSpecialist","Slimebound:RallyTheTroops","Slimebound:RallyTheTroops","Slimebound:LivingWall","hubris:Fate+1","infinitespire:TheBestDefense","Slimebound:LevelUp+1","Slimebound:Teamwork","Slimebound:SlimeTap"],"relics":["Slimebound:AbsorbEndCombat","Slimebound:PotencyRelic","Lantern","Medical Kit","ChewingGum","hubris:ToyBattleship","downfall:RedIOU","Counterbalance","Runic Pyramid","Iron Hammer","MealTicket","Omamori"],"acts_visited":["Exordium","TheCity","TheBeyond"],"potions_floor_usage":[40,40,44,45,46,46,49,50],"damage_taken":[{"damage":2.0,"enemies":"Jaw Worm","floor":2.0,"turns":3.0},{"damage":0.0,"enemies":"2 Louse","floor":3.0,"turns":2.0},{"damage":1.0,"enemies":"Small Slimes","floor":4.0,"turns":3.0},{"damage":0.0,"enemies":"Gremlin Gang","floor":6.0,"turns":1.0},{"damage":0.0,"enemies":"Red Slaver","floor":9.0,"turns":4.0},{"damage":12.0,"enemies":"Lagavulin","floor":10.0,"turns":6.0},{"damage":6.0,"enemies":"downfall:FleeingMerchant","floor":14.0,"turns":4.0},{"damage":6.0,"enemies":"Blue Slaver","floor":15.0,"turns":3.0},{"damage":14.0,"enemies":"IC_STATUS_ARCHETYPE","floor":16.0,"turns":4.0},{"damage":27.0,"enemies":"Shell Parasite","floor":19.0,"turns":5.0},{"damage":26.0,"enemies":"Centurion and Healer","floor":20.0,"turns":7.0},{"damage":4.0,"enemies":"downfall:FleeingMerchant","floor":21.0,"turns":4.0},{"damage":10.0,"enemies":"Sentry and Sphere","floor":22.0,"turns":4.0},{"damage":15.0,"enemies":"Shelled Parasite and Fungi","floor":23.0,"turns":6.0},{"damage":18.0,"enemies":"Chosen and Byrds","floor":25.0,"turns":5.0},{"damage":8.0,"enemies":"downfall:FleeingMerchant","floor":27.0,"turns":4.0},{"damage":7.0,"enemies":"Snake Plant","floor":30.0,"turns":3.0},{"damage":7.0,"enemies":"3 Cultists","floor":32.0,"turns":5.0},{"damage":0.0,"enemies":"WA_ARCHETYPE_CALM","floor":33.0,"turns":2.0},{"damage":12.0,"enemies":"3 Darklings","floor":36.0,"turns":4.0},{"damage":14.0,"enemies":"Orb Walker","floor":39.0,"turns":3.0},{"damage":10,"enemies":"Transient","floor":40,"turns":5},{"damage":8,"enemies":"downfall:FleeingMerchant","floor":44,"turns":4},{"damage":0,"enemies":"3 Darklings","floor":45,"turns":3},{"damage":35,"enemies":"Nightmare","floor":46,"turns":6},{"damage":60,"enemies":"Sphere and 2 Shapes","floor":48,"turns":6},{"damage":0,"enemies":"Transient","floor":49,"turns":1},{"damage":2,"enemies":"SI_POISON_ARCHETYPE","floor":50,"turns":14}],"seed_played":"-4440667889298635347","potions_obtained":[{"floor":3.0,"key":"BlessingOfTheForge"},{"floor":6.0,"key":"SteroidPotion"},{"floor":15.0,"key":"ColorlessPotion"},{"floor":19.0,"key":"Regen Potion"},{"floor":22.0,"key":"PowerPotion"},{"floor":39.0,"key":"Reflective Coating"},{"floor":40,"key":"SkillPotion"},{"floor":48,"key":"PowerPotion"},{"floor":49,"key":"LifebloodPotion"}],"is_trial":false,"path_per_floor":["R","M","M","M","?","M","T","R","M","E","?","?","?","$","M","B",null,"R","M","M","$","M","M","T","M","?","$","?","R","M","AVR","M","B",null,"R","M","?","?","M","M","T","R","?","$","M","NM","R","M","M","B",null],"character_chosen":"SLIMEBOUND","items_purchased":["Slimebound:Repurpose","Medical Kit","Adrenaline Potion","Energy Potion","Energy Potion","Adrenaline Potion","Languid Potion","ColorlessPotion","Slimebound:SlimeTap","Explosive Potion"],"campfire_rested":2,"item_purchase_floors":[14,14,21,21,27,27,44,44,44,44],"current_hp_per_floor":[65,65,65,65,65,65,65,65,65,55,55,55,65,62,58,54,65,65,44,44,42,32,29,29,21,21,25,25,44,43,43,48,48,65,65,57,57,57,47,45,45,45,45,57,57,39,58,2,2,6],"gold":313,"neow_bonus":"TRANSFORM_CARD","is_daily":false,"chose_seed":false,"campfire_upgraded":3,"win_rate":0.0,"timestamp":1612483222,"path_taken":["R","M","M","M","?","M","T","R","M","E","?","?","?","?","M","BOSS","R","M","M","$","M","M","T","M","?","$","?","R","?","AVR","M","BOSS","R","M","?","?","?","M","T","R","?","$","M","NM","R","M","M","BOSS"],"items_purchased_type":["Card","Relic","Potion","Potion","Potion","Potion","Potion","Potion","Card","Potion"],"build_version":"2020-12-22","purchased_purges":2,"victory":true,"max_hp_per_floor":[65,65,65,65,65,65,65,65,65,65,65,65,65,65,65,65,65,65,65,65,65,65,65,65,65,65,65,65,65,65,65,65,65,65,65,65,65,65,65,65,65,65,65,65,65,65,65,65,65,65],"relic_stats":{"counters":[28,111],"MealTicket":15,"Medical Kit":[4],"obtain_stats":[{"Lantern":10,"Counterbalance":31,"Juzu Bracelet":7,"Omamori":46,"Medical Kit":14,"Slimebound:PotencyRelic":1,"ChewingGum":17,"MealTicket":41,"downfall:RedIOU":26,"Iron Hammer":35,"Slimebound:AbsorbEndCombat":0,"hubris:ToyBattleship":24,"Runic Pyramid":34},{"Lantern":6,"Counterbalance":17,"Juzu Bracelet":4,"Omamori":25,"Medical Kit":7,"Slimebound:PotencyRelic":0,"ChewingGum":9,"MealTicket":22,"downfall:RedIOU":15,"Iron Hammer":19,"Slimebound:AbsorbEndCombat":0,"hubris:ToyBattleship":14,"Runic Pyramid":19},{"Lantern":18,"Counterbalance":65,"Juzu Bracelet":9,"Omamori":92,"Medical Kit":22,"Slimebound:PotencyRelic":0,"ChewingGum":29,"MealTicket":82,"downfall:RedIOU":59,"Iron Hammer":71,"Slimebound:AbsorbEndCombat":0,"hubris:ToyBattleship":55,"Runic Pyramid":71}]},"card_choices":[{"not_picked":["Slimebound:SplitBruiser","Slimebound:ServeAndProtect"],"picked":"Slimebound:SplitSpecialist","floor":2.0},{"not_picked":["Slimebound:Chomp","Slimebound:SplitAcid","Slimebound:ItLooksTasty"],"picked":"SKIP","floor":3.0},{"not_picked":["Slimebound:GoopTackle","Slimebound:FinishingTackle"],"picked":"Slimebound:LivingWall","floor":4.0},{"not_picked":["Slimebound:Replication","Slimebound:FinishingTackle","Slimebound:ViciousTackle"],"picked":"SKIP","floor":6.0},{"not_picked":["Slimebound:RollThrough","Slimebound:HungryTackle","Slimebound:SplitMire"],"picked":"SKIP","floor":9.0},{"not_picked":["Slimebound:Schlurp","Slimebound:ViciousTackle"],"picked":"Slimebound:Equalize","floor":10.0},{"not_picked":["Slimebound:GoopSpray","Slimebound:CheckThePlaybook","Slimebound:RainOfGoop"],"picked":"SKIP","floor":14.0},{"not_picked":["Slimebound:DisruptingSlam","Slimebound:GoopTackle","Slimebound:HauntingLick"],"picked":"SKIP","floor":15.0},{"not_picked":["Slimebound:OozeBath","Slimebound:LeechLife"],"picked":"Slimebound:MassRepurpose","floor":16.0},{"not_picked":["Slimebound:Chomp","Slimebound:HauntingLick"],"picked":"Slimebound:SlimeSpikes","floor":19.0},{"not_picked":["Slimebound:SplitLeeching+1","Slimebound:WasteNot","Slimebound:SlimeSpikes"],"picked":"SKIP","floor":20.0},{"not_picked":["Slimebound:HauntingLick","Slimebound:Replication"],"picked":"Slimebound:MinionMaster","floor":21.0},{"not_picked":["Slimebound:SplitMire","Slimebound:AcidTongue"],"picked":"Slimebound:SplitSpecialist","floor":22.0},{"not_picked":["Slimebound:Schlurp","Slimebound:LeechingTouch","Slimebound:SplitLeeching"],"picked":"SKIP","floor":23.0},{"not_picked":["Slimebound:SplitLeeching","Slimebound:SlimeSpikes"],"picked":"Slimebound:RallyTheTroops","floor":25.0},{"not_picked":["Slimebound:SamplingLick+1","Slimebound:CheckThePlaybook","Slimebound:SlimeSpikes+1"],"picked":"SKIP","floor":27.0},{"not_picked":["Slimebound:RainOfGoop","Slimebound:AcidTongue"],"picked":"Slimebound:LivingWall","floor":30.0},{"not_picked":["Slimebound:MegaLick+1","Slimebound:HauntingLick+1","Slimebound:Schlurp"],"picked":"SKIP","floor":32.0},{"not_picked":["Slimebound:Recycling","Slimebound:OneTwoCombo"],"picked":"Slimebound:Darklings","floor":33.0},{"not_picked":["Slimebound:TongueLash","Slimebound:LeadByExample+1","Slimebound:AcidTongue"],"picked":"SKIP","floor":36.0},{"not_picked":["Slimebound:AcidTongue+1","Slimebound:FormOfPuddle"],"picked":"Slimebound:LevelUp+1","floor":39.0},{"not_picked":["Slimebound:HauntingLick","Slimebound:GoopSpray","Slimebound:SplitBruiser"],"picked":"SKIP","floor":40},{"not_picked":["Slimebound:HungryTackle+1","Slimebound:SplitMire"],"picked":"Slimebound:Teamwork","floor":44},{"not_picked":["Slimebound:RejuvenatingLick","Slimebound:RollThrough+1","Slimebound:SplitLeeching"],"picked":"SKIP","floor":45},{"not_picked":["Slimebound:PressTheAttack","Slimebound:FlameTackle+1","Slimebound:Schlurp"],"picked":"SKIP","floor":46},{"not_picked":["Slimebound:FinishingTackle","Slimebound:DisruptingSlam","Slimebound:LevelUp+1"],"picked":"SKIP","floor":48},{"not_picked":["Slimebound:LeechEnergy+1","Slimebound:Grow","Slimebound:SplitBruiser"],"picked":"SKIP","floor":49}],"player_experience":677808,"relics_obtained":[{"floor":1.0,"key":"Slimebound:PotencyRelic"},{"floor":7.0,"key":"Juzu Bracelet"},{"floor":10.0,"key":"Lantern"},{"floor":24.0,"key":"hubris:ToyBattleship"},{"floor":35.0,"key":"Iron Hammer"},{"floor":41,"key":"MealTicket"},{"floor":46,"key":"Omamori"}],"event_choices":[{"damage_healed":0.0,"max_hp_gain":0.0,"max_hp_loss":0.0,"gold_gain":0.0,"event_name":"conspire:Investor","player_choice":"Leave","floor":11.0,"gold_loss":0.0,"damage_taken":0.0},{"damage_healed":10.0,"max_hp_gain":0.0,"max_hp_loss":0.0,"gold_gain":0.0,"event_name":"Wheel of Change","player_choice":"Full Heal","floor":13.0,"gold_loss":0.0,"damage_taken":0.0}],"is_beta":false,"boss_relics":[{"not_picked":["halation:CatFaceCupcake","halation:HeavySnake"],"picked":"ChewingGum"},{"not_picked":["aspiration:WatcherSkillbook","aspiration:SilentSkillbook"],"picked":"Runic Pyramid"}],"items_purged_floors":[31,44],"is_endless":false,"potions_floor_spawned":[3,6,15,19,22,39,40,48,49],"ascension_level":2}}