{"host":"kvo7eymyd21g9abd","time":1612490757,"event":{"mods":["AchievementEnabler","BaseMod","Bestiary","Colored Map","Minty Spire (QoL Compilation)","StSLib"],"gold_per_floor":[112,37,48,68,79,405,405,438,511,285,285,42,58,23,23,126,176,186,186,186,126,126],"floor_reached":21,"language":"ENG","playtime":779,"items_purged":["Clumsy"],"score":215,"play_id":"8bd8bb07-e2c2-4abe-9388-f6a85c458b5e","local_time":"20210204210557","is_ascension_mode":true,"campfire_choices":[{"floor":7,"key":"REST"},{"floor":11,"key":"RECALL"},{"floor":15,"key":"REST"}],"circlet_count":0,"master_deck":["Strike_P","Strike_P","Strike_P","Strike_P","Defend_P","Defend_P","Defend_P","Defend_P","Eruption","Vigilance","SandsOfTime","JustLucky","Wireheading","Perseverance","EmptyBody","Wallop+1","Bandage Up","FlyingSleeves","Machine Learning","TalkToTheHand","Crescendo","SandsOfTime"],"relics":["PureWater","GoldenEye","Old Coin","Calipers","PrismaticShard","Melange","Tiny House"],"acts_visited":["Exordium","TheCity"],"potions_floor_usage":[6,18,21],"damage_taken":[{"damage":0,"enemies":"Cultist","floor":1,"turns":2},{"damage":7,"enemies":"Jaw Worm","floor":3,"turns":4},{"damage":8,"enemies":"Small Slimes","floor":4,"turns":4},{"damage":11,"enemies":"Looter","floor":5,"turns":2},{"damage":45,"enemies":"Lagavulin","floor":6,"turns":7},{"damage":6,"enemies":"Gremlin Nob","floor":8,"turns":3},{"damage":9,"enemies":"Exordium Wildlife","floor":13,"turns":4},{"damage":15,"enemies":"The Guardian","floor":16,"turns":11},{"damage":22,"enemies":"Spheric Guardian","floor":18,"turns":3},{"damage":56,"enemies":"2 Thieves","floor":21,"turns":2}],"seed_played":"5432559072183639885","potions_obtained":[{"floor":5,"key":"Regen Potion"},{"floor":6,"key":"LiquidBronze"},{"floor":8,"key":"Energy Potion"},{"floor":13,"key":"Energy Potion"},{"floor":17,"key":"CultistPotion"},{"floor":18,"key":"LiquidMemories"}],"is_trial":false,"path_per_floor":["M","$","M","M","M","E","R","E","T","$","R","$","M","?","R","B",null,"M","?","?","M"],"character_chosen":"WATCHER","items_purchased":["Regen Potion","PrismaticShard","Melange","Bandage Up"],"campfire_rested":2,"item_purchase_floors":[10,10,12,12],"current_hp_per_floor":[72,72,65,57,46,16,37,31,31,31,31,31,26,44,65,54,77,55,55,55,0,0],"gold":126,"neow_bonus":"ONE_RARE_RELIC","is_daily":false,"chose_seed":false,"campfire_upgraded":0,"win_rate":0.0,"timestamp":1612490757,"path_taken":["M","$","M","M","?","E","R","E","T","$","R","$","M","?","R","BOSS","M","?","?","M"],"items_purchased_type":["Potion","Relic","Relic","Card"],"build_version":"2020-12-22","purchased_purges":1,"victory":false,"max_hp_per_floor":[72,72,72,72,72,72,72,72,72,72,72,72,72,72,72,72,77,77,77,77,77,77],"card_choices":[{"not_picked":["Wallop","FlurryOfBlows"],"picked":"SandsOfTime","floor":1},{"not_picked":["InnerPeace","ClearTheMind"],"picked":"JustLucky","floor":3},{"not_picked":["BattleHymn","Wallop"],"picked":"Wireheading","floor":4},{"not_picked":["Prostrate","FollowUp"],"picked":"Perseverance","floor":5},{"not_picked":["SpiritShield","TalkToTheHand"],"picked":"EmptyBody","floor":6},{"not_picked":["Evaluate","Conclude"],"picked":"Wallop","floor":8},{"not_picked":["Backstab","BootSequence"],"picked":"FlyingSleeves","floor":13},{"not_picked":["Vault","DevaForm"],"picked":"Machine Learning","floor":16},{"not_picked":["Perfected Strike","PathToVictory"],"picked":"TalkToTheHand","floor":17},{"not_picked":["Clothesline","Ball Lightning"],"picked":"Crescendo","floor":18}],"player_experience":444009,"relics_obtained":[{"floor":6,"key":"Old Coin"},{"floor":8,"key":"Calipers"}],"event_choices":[{"damage_healed":18,"gold_gain":0,"player_choice":"Healed","damage_taken":0,"max_hp_gain":0,"max_hp_loss":0,"event_name":"The Cleric","floor":14,"gold_loss":35},{"damage_healed":0,"gold_gain":0,"player_choice":"Ignored","damage_taken":0,"max_hp_gain":0,"max_hp_loss":0,"event_name":"Beggar","floor":19,"gold_loss":0},{"damage_healed":0,"gold_gain":0,"player_choice":"Read","damage_taken":0,"max_hp_gain":0,"max_hp_loss":0,"event_name":"The Library","floor":20,"gold_loss":0,"cards_obtained":["SandsOfTime"]}],"is_beta":false,"boss_relics":[{"not_picked":["Astrolabe","Philosopher\u0027s Stone"],"picked":"Tiny House"}],"items_purged_floors":[2],"is_endless":false,"potions_floor_spawned":[5,6,8,13,18],"killed_by":"2 Thieves","ascension_level":3}}