{"host":"swavyr4ofmkhu42f","time":1612495640,"event":{"mods":["BaseMod","Colored Map","Minty Spire (QoL Compilation)","StSLib"],"gold_per_floor":[118,118,135,60,60,92,42,74,99,129,144,179,254,270,270,370,370,389,61,61,71,91,91,91,91],"floor_reached":24,"language":"ENG","playtime":720,"items_purged":["Defend_R","Defend_R"],"score":286,"play_id":"b4906af3-f002-4b64-8d57-cb255f407d67","local_time":"20210204222720","is_ascension_mode":true,"campfire_choices":[{"floor":15.0,"key":"REST"},{"data":"Demon Form","floor":23.0,"key":"SMITH"}],"circlet_count":0,"master_deck":["Strike_R","Strike_R","Strike_R","Strike_R","Strike_R","Defend_R","Defend_R","Bash","Whirlwind+1","Spot Weakness","Flex","Demon Form+1","Inflame","Flex"],"relics":["Burning Blood","NeowsBlessing","PreservedInsect","TungstenRod","Oddly Smooth Stone","Torii","Toy Ornithopter","Snecko Eye","Lee\u0027s Waffle"],"acts_visited":["Exordium","TheCity"],"potions_floor_usage":[],"damage_taken":[{"damage":0.0,"enemies":"Cultist","floor":1.0,"turns":1.0},{"damage":0.0,"enemies":"Jaw Worm","floor":3.0,"turns":1.0},{"damage":0.0,"enemies":"Gremlin Nob","floor":6.0,"turns":1.0},{"damage":35.0,"enemies":"Lagavulin","floor":8.0,"turns":7.0},{"damage":21.0,"enemies":"3 Sentries","floor":10.0,"turns":4.0},{"damage":0.0,"enemies":"2 Louse","floor":11.0,"turns":2.0},{"damage":26.0,"enemies":"Lagavulin","floor":12.0,"turns":5.0},{"damage":0.0,"enemies":"Blue Slaver","floor":14.0,"turns":3.0},{"damage":22.0,"enemies":"The Guardian","floor":16.0,"turns":11.0},{"damage":13.0,"enemies":"Chosen","floor":18.0,"turns":5.0},{"damage":31.0,"enemies":"Shell Parasite","floor":21.0,"turns":4.0},{"damage":35.0,"enemies":"Snake Plant","floor":22.0,"turns":4.0},{"damage":41,"enemies":"Book of Stabbing","floor":24,"turns":3}],"seed_played":"5192629660734061635","potions_obtained":[{"floor":1.0,"key":"BlessingOfTheForge"},{"floor":10.0,"key":"ColorlessPotion"},{"floor":11.0,"key":"Swift Potion"},{"floor":14.0,"key":"LiquidMemories"},{"floor":18.0,"key":"BlessingOfTheForge"}],"is_trial":false,"path_per_floor":["M","?","M","$","?","E","$","E","T","E","M","E","?","M","R","B",null,"M","$","?","M","M","R","E"],"character_chosen":"IRONCLAD","items_purchased":["BloodPotion","Lee\u0027s Waffle","Flex","Strength Potion"],"campfire_rested":1,"item_purchase_floors":[7,19,19,19],"current_hp_per_floor":[80,80,80,80,80,80,80,51,51,36,42,38,28,34,58,47,80,73,87,87,67,38,38,0,0],"gold":91,"neow_bonus":"THREE_ENEMY_KILL","is_daily":false,"chose_seed":false,"campfire_upgraded":1,"win_rate":0.0,"timestamp":1612495640,"path_taken":["M","?","M","?","?","E","$","E","T","E","M","E","?","M","R","BOSS","M","$","?","M","M","R","E"],"items_purchased_type":["Potion","Relic","Card","Potion"],"build_version":"2020-12-22","purchased_purges":2,"victory":false,"max_hp_per_floor":[80,80,80,80,80,80,80,80,80,80,80,80,80,80,80,80,80,80,87,87,87,87,87,87,87],"card_choices":[{"not_picked":["Sentinel","Headbutt"],"picked":"Whirlwind","floor":1.0},{"not_picked":["Iron Wave","Pommel Strike"],"picked":"Spot Weakness","floor":3.0},{"not_picked":["Blood for Blood","Dark Embrace","Dual Wield"],"picked":"SKIP","floor":6.0},{"not_picked":["Uppercut","Power Through","Evolve"],"picked":"SKIP","floor":8.0},{"not_picked":["Armaments","Wild Strike","Blood for Blood"],"picked":"SKIP","floor":10.0},{"not_picked":["Sword Boomerang","Twin Strike"],"picked":"Flex","floor":11.0},{"not_picked":["Dual Wield","Immolate","Havoc"],"picked":"SKIP","floor":12.0},{"not_picked":["Armaments","Pommel Strike","Dropkick"],"picked":"SKIP","floor":14.0},{"not_picked":["Bludgeon","Juggernaut"],"picked":"Demon Form","floor":16.0},{"not_picked":["Pommel Strike","Rage"],"picked":"Inflame","floor":18.0},{"not_picked":["Perfected Strike","Iron Wave","Anger"],"picked":"SKIP","floor":21.0},{"not_picked":["Blood for Blood+1","Heavy Blade","Flame Barrier"],"picked":"SKIP","floor":22.0}],"player_experience":193799,"relics_obtained":[{"floor":6.0,"key":"PreservedInsect"},{"floor":8.0,"key":"TungstenRod"},{"floor":9.0,"key":"Oddly Smooth Stone"},{"floor":10.0,"key":"Torii"},{"floor":12.0,"key":"Toy Ornithopter"}],"event_choices":[{"damage_healed":0.0,"max_hp_gain":0.0,"max_hp_loss":0.0,"gold_gain":0.0,"event_name":"Accursed Blacksmith","player_choice":"Forge","floor":2.0,"gold_loss":0.0,"damage_taken":0.0,"cards_upgraded":["Whirlwind"]},{"damage_healed":0.0,"max_hp_gain":0.0,"max_hp_loss":0.0,"gold_gain":0.0,"event_name":"Liars Game","player_choice":"Ignored","floor":5.0,"gold_loss":0.0,"damage_taken":0.0},{"damage_healed":0.0,"max_hp_gain":0.0,"max_hp_loss":0.0,"gold_gain":75.0,"event_name":"World of Goop","player_choice":"Gather Gold","floor":13.0,"gold_loss":0.0,"damage_taken":11.0},{"damage_healed":0.0,"max_hp_gain":0.0,"max_hp_loss":0.0,"gold_gain":0.0,"event_name":"Ghosts","player_choice":"Ignored","floor":20.0,"gold_loss":0.0,"damage_taken":0.0}],"is_beta":false,"boss_relics":[{"not_picked":["Busted Crown","Tiny House"],"picked":"Snecko Eye"}],"items_purged_floors":[4,19],"is_endless":false,"potions_floor_spawned":[1,10,11,14,18],"killed_by":"Book of Stabbing","ascension_level":3}}