{"host":"ox77rn1xcurm2t5a","time":1612525656,"event":{"mods":["2.2 Compatiblity","AchievementEnabler","Act Like it!","Aspiration","BaseMod","Best Route Mod","Better Match","Better Note","Better Sensory Stone","Block Reminder","Colored Map","Colored Powertips","Conjunction","Conspire","Custom Start","Energized Spire","GifTheSpireLib","Gold Saver","Gremlin Skip","Halation","Highlight Path","Hubris","Infinite Spire","Minty Spire (QoL Compilation)","Pale of the Ancients","Quick Restart","Replay The Spire","Reworked Bosses","ShortenTheSpire","Spire Exporter","StSLib","Stuff the Spire","Wandering Minibosses"],"gold_per_floor":[467,467,467,484,35,65,11,30,30,30,30,57,57,84,84,158,158,168,168,5231,5246,5246,5274,5274,5294,5294,5305,5322,5355,5368,4726,4726,4809,4809,4822,4835,4835,4851,4865,4865,4903,4903,4903,4903,4442,4442,4473,4489,4489,4496,4496,4496,4191,4230,4237,4237],"floor_reached":55,"language":"ENG","playtime":1833,"items_purged":["Strike_B","Strike_B","Strike_B","Defend_B","Defend_B"],"score":1464,"play_id":"adb369c9-1abd-4617-9065-b8c7ccf4c0e9","local_time":"20210205134736","is_ascension_mode":true,"campfire_choices":[{"floor":10,"key":"RECALL"},{"data":"StuffTheSpire:Synthwave","floor":15,"key":"SMITH"},{"data":"Zap","floor":24,"key":"SMITH"},{"floor":32,"key":"REST"},{"floor":40,"key":"REST"},{"floor":44,"key":"REST"},{"data":"Creative AI","floor":46,"key":"SMITH"},{"floor":49,"key":"REST"},{"data":"Static Discharge","floor":52,"key":"SMITH"}],"circlet_count":0,"master_deck":["AscendersBane","StuffTheSpire:Synthwave+1","Defend_B+1","Defend_B+1","Zap+1","Dualcast","Capacitor+1","Ball Lightning","Ball Lightning","Ball Lightning","White Noise","Gash","Electrodynamics","StuffTheSpire:Plugnplay+1","StuffTheSpire:ShieldGenerator+1","Ball Lightning","Gash","Double Energy+1","Creative AI+1","Static Discharge+1","conspire:Banana+1","Gash+1","Hologram+1","Gash","BootSequence+1","Ball Lightning+1","Conserve Battery+1","Steam+1","Loop+1","White Noise+1"],"relics":["Cracked Core","NeowsBlessing","Runic Capacitor","War Paint","PreservedInsect","InkBottle","Art of War","hubris:TenFootPole","hubris:RunicObelisk","Toxic Egg 2","Mercury Hourglass","hubris:PeanutButter","Counterbalance","hubris:RGBLights","Emotion Chip","Replay:Lucky Slots","StuffTheSpire:RunicConfusion","Golden Egg","Bag of Marbles","conspire:BottledYoYo","Membership Card","Blood Vial","StuffTheSpire:Gunfinga","infinitespire:ShieldingShard","halation:LettersToHer","Replay:Frozen Program","Carrot"],"acts_visited":["Exordium","TheCity","TheBeyond","TheEnding"],"potions_floor_usage":[12,14,16,16,23,27,28,30,33,35,39,41,47,54,55],"damage_taken":[{"damage":0,"enemies":"2 Louse","floor":1,"turns":1},{"damage":0,"enemies":"Small Slimes","floor":4,"turns":1},{"damage":0,"enemies":"Lagavulin","floor":6,"turns":1},{"damage":1,"enemies":"Cultist","floor":8,"turns":3},{"damage":14,"enemies":"3 Sentries","floor":12,"turns":5},{"damage":2,"enemies":"Lagavulin","floor":14,"turns":3},{"damage":30,"enemies":"Fading Forest","floor":16,"turns":11},{"damage":7,"enemies":"Chosen","floor":18,"turns":4},{"damage":7,"enemies":"conspire:FuzzyDice","floor":21,"turns":2},{"damage":1,"enemies":"Book of Stabbing","floor":23,"turns":3},{"damage":0,"enemies":"Sentry and Sphere","floor":25,"turns":3},{"damage":7,"enemies":"Snake Plant","floor":27,"turns":2},{"damage":11,"enemies":"Shelled Parasite and Fungi","floor":28,"turns":4},{"damage":14,"enemies":"Slavers","floor":29,"turns":2},{"damage":0,"enemies":"Cultist and Chosen","floor":30,"turns":3},{"damage":15,"enemies":"bossMod:newChamp","floor":33,"turns":7},{"damage":0,"enemies":"Orb Walker","floor":35,"turns":3},{"damage":1,"enemies":"3 Shapes","floor":36,"turns":3},{"damage":22,"enemies":"Writhing Mass","floor":38,"turns":4},{"damage":18,"enemies":"3 Darklings","floor":39,"turns":3},{"damage":41,"enemies":"Giant Head","floor":41,"turns":6},{"damage":14,"enemies":"Reptomancer","floor":47,"turns":3},{"damage":8,"enemies":"Spire Growth","floor":48,"turns":4},{"damage":33,"enemies":"hubris:GrandSnecko","floor":50,"turns":7},{"damage":39,"enemies":"Shield and Spear","floor":54,"turns":3},{"damage":64,"enemies":"The Heart","floor":55,"turns":3}],"seed_played":"6852754860872697522","potions_obtained":[{"floor":1,"key":"Dexterity Potion"},{"floor":6,"key":"Toxic Potion"},{"floor":12,"key":"SkillPotion"},{"floor":14,"key":"LiquidMemories"},{"floor":23,"key":"GamblersBrew"},{"floor":27,"key":"Block Potion"},{"floor":29,"key":"Dexterity Potion"},{"floor":30,"key":"BlessingOfTheForge"},{"floor":33,"key":"SkillPotion"},{"floor":38,"key":"Energy Potion"},{"floor":41,"key":"LiquidMemories"},{"floor":47,"key":"Ancient Potion"}],"is_trial":false,"path_per_floor":["M","?","?","M","$","E","$","M","T","R","T","E","?","E","R","B",null,"M","?","$","M","?","E","R","M","T","M","M","E","M","$","R","B",null,"M","M","AVR","M","M","R","E","?","T","R","$","R","E","M","R","B",null,"R","$","E","B"],"character_chosen":"DEFECT","items_purchased":["Ball Lightning","Runic Capacitor","War Paint","Gash","Toxic Egg 2","Mercury Hourglass","conspire:TimeTravelPotion","Flashbang","Emotion Chip","Replay:Lucky Slots","Membership Card","Gash","Blood Vial","StuffTheSpire:Gunfinga","Hologram+1","Ball Lightning","halation:LettersToHer","Replay:Frozen Program","Conserve Battery+1","Steam+1","Loop","Fire Potion"],"campfire_rested":4,"item_purchase_floors":[5,5,5,7,20,20,20,20,31,31,45,45,45,45,45,53,53,53,53,53,53,53],"current_hp_per_floor":[64,64,68,68,68,68,68,67,67,67,67,53,53,51,51,29,61,54,54,54,47,47,46,46,46,46,39,28,14,14,14,35,20,58,58,57,57,35,17,38,10,10,10,31,31,31,21,17,39,10,60,60,60,23,0,0],"gold":4237,"neow_bonus":"THREE_ENEMY_KILL","is_daily":false,"chose_seed":false,"campfire_upgraded":4,"win_rate":0.0,"timestamp":1612525656,"path_taken":["M","?","?","M","$","E","$","?","T","R","?","E","?","E","R","BOSS","M","?","$","M","?","E","R","M","T","M","M","E","M","$","R","BOSS","M","M","AVR","M","M","R","E","?","T","R","$","R","E","M","R","BOSS","R","$","E","BOSS"],"items_purchased_type":["Card","Relic","Relic","Card","Relic","Relic","Potion","Potion","Relic","Relic","Relic","Card","Relic","Relic","Card","Card","Relic","Relic","Card","Card","Card","Potion"],"build_version":"2020-12-22","purchased_purges":5,"victory":false,"max_hp_per_floor":[71,71,71,71,71,71,71,71,71,71,71,71,71,71,71,71,71,71,71,71,71,71,71,71,71,71,71,71,71,71,71,71,71,71,71,71,71,71,71,71,71,71,71,71,71,71,73,75,75,77,77,77,77,77,77,77],"card_choices":[{"not_picked":["Barrage","Go for the Eyes","Cold Snap"],"picked":"SKIP","floor":1},{"not_picked":["Coolheaded","Hologram"],"picked":"Ball Lightning","floor":4},{"not_picked":["ReplayGash","Undo"],"picked":"White Noise","floor":6},{"not_picked":["Reinforced Body","Redo","BasicCrystalCard"],"picked":"SKIP","floor":8},{"not_picked":["FIFO Queue","Genetic Algorithm","Turbo"],"picked":"SKIP","floor":12},{"not_picked":["StuffTheSpire:LaunchingStrike","Cold Snap","Streamline"],"picked":"SKIP","floor":14},{"not_picked":["StuffTheSpire:EventHorizon","Multi-Cast"],"picked":"Electrodynamics","floor":16},{"not_picked":["ReplaySolidLightProjector","BasicCrystalCard"],"picked":"StuffTheSpire:Plugnplay+1","floor":18},{"not_picked":["Cold Snap","Panic Button+1","BasicCrystalCard+1"],"picked":"SKIP","floor":21},{"not_picked":["ReplayTheSpireMod:Fabricate Wheel+1","Darkness+1"],"picked":"StuffTheSpire:ShieldGenerator+1","floor":23},{"not_picked":["Sweeping Beam","BasicCrystalCard+1","Leap+1"],"picked":"SKIP","floor":25},{"not_picked":["Redo+1","Leap+1"],"picked":"Ball Lightning","floor":27},{"not_picked":["Chill+1","StuffTheSpire:Plugnplay+1"],"picked":"Gash","floor":28},{"not_picked":["ReplayTheSpireMod:Dual Polarity+1","Melter","ReplayTheSpireMod:GoodbyeWorld"],"picked":"SKIP","floor":29},{"not_picked":["aspiration:Polymerization+1","Hologram+1"],"picked":"Double Energy+1","floor":30},{"not_picked":["Electrodynamics","hubris:DoWhile+1"],"picked":"Creative AI","floor":33},{"not_picked":["Undo+1","Panic Button+1","Compile Driver"],"picked":"SKIP","floor":35},{"not_picked":["StuffTheSpire:NuclearReactor+1","Doom and Gloom"],"picked":"Static Discharge","floor":36},{"not_picked":["Turbo+1","Undo+1","Hologram+1"],"picked":"SKIP","floor":38},{"not_picked":["Steam+1","Panic Button+1","Barrage"],"picked":"SKIP","floor":39},{"not_picked":["Cold Snap+1","StuffTheSpire:SnapShoot+1","Turbo+1"],"picked":"SKIP","floor":41},{"not_picked":["Swift Strike","ReplayTheSpireMod:Trickstab"],"picked":"conspire:Banana+1","floor":42},{"not_picked":["hubris:SpecializedCircuitry","Conserve Battery+1"],"picked":"Gash","floor":47},{"not_picked":["Steam+1","Aggregate+1"],"picked":"BootSequence+1","floor":48},{"not_picked":["Conserve Battery+1","Rebound"],"picked":"White Noise+1","floor":54}],"player_experience":3030178,"relics_obtained":[{"floor":6,"key":"PreservedInsect"},{"floor":11,"key":"InkBottle"},{"floor":12,"key":"Art of War"},{"floor":14,"key":"hubris:TenFootPole"},{"floor":23,"key":"hubris:PeanutButter"},{"floor":26,"key":"Counterbalance"},{"floor":29,"key":"hubris:RGBLights"},{"floor":41,"key":"Bag of Marbles"},{"floor":43,"key":"conspire:BottledYoYo"},{"floor":47,"key":"infinitespire:ShieldingShard"},{"floor":54,"key":"Carrot"}],"event_choices":[{"damage_healed":0,"gold_gain":0,"player_choice":"Ignored","damage_taken":0,"max_hp_gain":0,"max_hp_loss":0,"event_name":"Golden Wing","floor":13,"gold_loss":0},{"damage_healed":0,"gold_gain":0,"player_choice":"Ignored","damage_taken":0,"max_hp_gain":0,"max_hp_loss":0,"event_name":"The Mausoleum","floor":22,"gold_loss":0},{"damage_healed":0,"gold_gain":3,"player_choice":"1","damage_taken":0,"max_hp_gain":0,"max_hp_loss":0,"event_name":"betterStone:BetterStone","floor":42,"gold_loss":0}],"is_beta":false,"boss_relics":[{"not_picked":["energizedSpire:RedRose","Abe\u0027s Treasure"],"picked":"hubris:RunicObelisk"},{"not_picked":["ReplayTheSpireMod:SealedPack","energizedSpire:NeverEndingSparkler"],"picked":"StuffTheSpire:RunicConfusion"}],"items_purged_floors":[5,20,31,37,45],"is_endless":false,"potions_floor_spawned":[1,6,12,14,23,27,29,30,33,38,41,47],"killed_by":"The Heart","ascension_level":16}}