{"host":"whloki2o3dp1b07n","time":1612547958,"event":{"mods":["100% Spire Juice","Abigail Mod","Act Like it!","Arknights","BaseMod","Better Synergies","Block Reminder","Bossed Relics","CapriCore","Colored Map","Colored Powertips","DNKmod","Friendly Minions","GifTheSpireLib","GungeonMod","HexUI Lib","Koishi","Marked Mod","Minty Spire (QoL Compilation)","Poor People Problems","StSLib","Swap Starting Deck Mod","The Bug Knight","The Marked","TheSurvivalist","Transform Curses"],"gold_per_floor":[117,92,103,113,124,124,159,159,212,212,231,241,254,269,269,269,269],"floor_reached":16,"language":"ENG","playtime":925,"items_purged":[],"score":106,"play_id":"ce0255a8-8d86-4773-a794-223e00c245a2","local_time":"20210205125918","is_ascension_mode":false,"campfire_choices":[{"floor":6.0,"key":"REST"},{"data":"survmod:Marksmanship","floor":8.0,"key":"SMITH"},{"floor":10.0,"key":"REST"},{"floor":15.0,"key":"REST"}],"circlet_count":2,"master_deck":["survmod:PenetratingShot","survmod:PenetratingShot","survmod:Strike","survmod:Strike","survmod:Defend","survmod:Defend","survmod:Defend","survmod:Defend","survmod:VersatileOffense+1","survmod:Sprint","survmod:MarkTrap","survmod:GoForFace","survmod:AcidArrow","survmod:ComplexMutation","survmod:SimpleMutation","survmod:Marksmanship+1","survmod:MarkedFromAfar","survmod:PiercingShot","survmod:PoisonTrap","survmod:SkillfulManeuver"],"relics":["survmod:InnateMutation","Circlet","Anchor","DemoMod:ClearGuonStone","DemoMod:GlassGuonStoneRelic"],"acts_visited":["Exordium"],"potions_floor_usage":[],"damage_taken":[{"damage":0.0,"enemies":"2 Louse","floor":1.0,"turns":3.0},{"damage":3.0,"enemies":"Jaw Worm","floor":3.0,"turns":4.0},{"damage":2.0,"enemies":"Small Slimes","floor":4.0,"turns":4.0},{"damage":10.0,"enemies":"2 Fungi Beasts","floor":5.0,"turns":5.0},{"damage":20.0,"enemies":"HollowMod:MossKnight","floor":7.0,"turns":10.0},{"damage":10.0,"enemies":"Lots of Slimes","floor":11.0,"turns":8.0},{"damage":8.0,"enemies":"Exordium Thugs","floor":12.0,"turns":5.0},{"damage":4.0,"enemies":"2 Fungi Beasts","floor":13.0,"turns":4.0},{"damage":0.0,"enemies":"Blue Slaver","floor":14.0,"turns":5.0},{"damage":0,"enemies":"The Guardian","floor":16,"turns":1}],"seed_played":"-7795709129736844419","potions_obtained":[{"floor":3.0,"key":"AttackPotion"},{"floor":7.0,"key":"Weak Potion"},{"floor":11.0,"key":"Fire Potion"},{"floor":14.0,"key":"ColorlessPotion"}],"is_trial":false,"path_per_floor":["M","$","M","M","M","R","E","R","T","R","M","M","M","M","R","B"],"character_chosen":"THE_SURVIVOR","items_purchased":["survmod:GoForFace"],"campfire_rested":3,"item_purchase_floors":[2],"current_hp_per_floor":[50,50,47,45,35,50,30,30,30,45,35,27,23,23,38,38,38],"gold":269,"neow_bonus":"UPGRADE_CARD","is_daily":false,"chose_seed":false,"campfire_upgraded":1,"win_rate":0.0,"timestamp":1612547958,"path_taken":["M","$","M","M","M","R","E","R","T","R","M","M","M","M","R","BOSS"],"items_purchased_type":["Card"],"build_version":"2020-12-22","purchased_purges":0,"victory":false,"max_hp_per_floor":[50,50,50,50,50,50,50,50,50,50,50,50,50,50,50,50,50],"card_choices":[{"not_picked":["survmod:SwiftKick","survmod:FindCover"],"picked":"survmod:MarkTrap","floor":1.0},{"not_picked":["survmod:UnfortunateEscape","survmod:LongShot"],"picked":"survmod:AcidArrow","floor":3.0},{"not_picked":["survmod:PinningSnipe","survmod:PenetratingShot"],"picked":"survmod:ComplexMutation","floor":4.0},{"not_picked":["survmod:HailOfArrows","survmod:PenetratingShot"],"picked":"survmod:SimpleMutation","floor":5.0},{"not_picked":["survmod:SwiftKick","survmod:ShrapnelTraps"],"picked":"survmod:Marksmanship","floor":7.0},{"not_picked":["survmod:Adaptability","survmod:TacticalManeuver"],"picked":"survmod:MarkedFromAfar","floor":11.0},{"not_picked":["survmod:SwiftKick","survmod:WalledOffTraps"],"picked":"survmod:PiercingShot","floor":12.0},{"not_picked":["survmod:LeapingShot","survmod:GoForFace"],"picked":"survmod:PoisonTrap","floor":13.0},{"not_picked":["survmod:FlareBarrage","survmod:FindCover"],"picked":"survmod:SkillfulManeuver","floor":14.0}],"player_experience":1140385,"relics_obtained":[{"floor":7.0,"key":"Anchor"},{"floor":9.0,"key":"DemoMod:ClearGuonStone"}],"event_choices":[],"is_beta":false,"boss_relics":[],"items_purged_floors":[],"is_endless":false,"potions_floor_spawned":[3,7,11,14],"killed_by":"The Guardian","ascension_level":0}}