{"host":"mr1ctipv0dcr6y8g","time":1612546308,"event":{"mods":["BaseMod","Beaked The Cultist","DeckTracker","Energized Spire","Minty Spire (QoL Compilation)","Shop Mod","StSLib","The Construct"],"gold_per_floor":[113,288,92,112,124,124,158,185,185,185,185,201,228,263,263,358,358,378,396,408,408,0,33,33,33,33,50,0,33,64,64,64,167,167,182,232,9,9,21,56,56,56,65,95,129,129,166,91,91,91],"floor_reached":51,"language":"ENG","playtime":5559,"items_purged":["Doubt","beaked:Strike_Y","Shame","Shame"],"score":870,"play_id":"d8118b19-be29-40af-9a46-29c906a1789a","local_time":"20210205103148","daily_mods":["Heirloom","Time Dilation","Flight"],"is_ascension_mode":false,"campfire_choices":[{"data":"beaked:StickSmack","floor":6,"key":"SMITH"},{"data":"beaked:HuntressSpirit","floor":10,"key":"SMITH"},{"floor":11,"key":"REST"},{"data":"beaked:StickSmack","floor":15,"key":"SMITH"},{"data":"beaked:SurvivalInstinct","floor":25,"key":"SMITH"},{"data":"beaked:Insight","floor":32,"key":"SMITH"},{"floor":41,"key":"REST"},{"floor":49,"key":"DIG"}],"circlet_count":0,"master_deck":["beaked:Strike_Y","beaked:Strike_Y","beaked:Strike_Y","beaked:Defend_Y","beaked:Defend_Y","beaked:Defend_Y","beaked:Defend_Y","beaked:Ceremony","beaked:Ceremony","beaked:Ceremony","beaked:Insight+1","beaked:StickSmack+1","beaked:Struggle","beaked:Windmill","beaked:MachineSpirit","beaked:SurvivalInstinct+1","beaked:StickSmack+1","beaked:SacrificialScars","beaked:WarriorSpirit+1","beaked:WindBringer","beaked:Poke","beaked:WarriorEssence+1","beaked:ScreechingChant","beaked:DigDeep+1","beaked:StickSmack","beaked:Sacrifice","beaked:StickSmack+1","beaked:Tweet+1","beaked:Foresight+1"],"relics":["beaked:MendingPlumage","Lizard Tail","beaked:ShinyBauble","Bottled Flame","Singing Bowl","Ornamental Fan","Calipers","SlaversCollar","Membership Card","Regal Pillow","Pear","Oddly Smooth Stone","Incense Burner","White Beast Statue","Unceasing Top","Mango","Cursed Key","Shovel","CeramicFish","Mummified Hand","StoneCalendar","TungstenRod","Sundial","Centennial Puzzle"],"acts_visited":["Exordium","TheCity","TheBeyond"],"potions_floor_usage":[7,14,16,19,33,35,35,39,45,45,45,45,45],"damage_taken":[{"damage":12,"enemies":"Small Slimes","floor":1,"turns":5},{"damage":5,"enemies":"Cultist","floor":4,"turns":4},{"damage":5,"enemies":"2 Louse","floor":5,"turns":3},{"damage":25,"enemies":"3 Sentries","floor":7,"turns":8},{"damage":37,"enemies":"Gremlin Nob","floor":8,"turns":5},{"damage":10,"enemies":"Large Slime","floor":12,"turns":8},{"damage":26,"enemies":"Lagavulin","floor":13,"turns":6},{"damage":37,"enemies":"3 Sentries","floor":14,"turns":8},{"damage":25,"enemies":"Slime Boss","floor":16,"turns":5},{"damage":43,"enemies":"Chosen","floor":18,"turns":9},{"damage":28,"enemies":"3 Byrds","floor":19,"turns":5},{"damage":51,"enemies":"Shelled Parasite and Fungi","floor":20,"turns":6},{"damage":39,"enemies":"Gremlin Leader","floor":23,"turns":6},{"damage":18,"enemies":"Centurion and Healer","floor":27,"turns":5},{"damage":40,"enemies":"Slavers","floor":29,"turns":6},{"damage":21,"enemies":"Gremlin Leader","floor":30,"turns":5},{"damage":79,"enemies":"Automaton","floor":33,"turns":7},{"damage":47,"enemies":"3 Darklings","floor":35,"turns":5},{"damage":18,"enemies":"Mind Bloom Boss Battle","floor":36,"turns":8},{"damage":40,"enemies":"Orb Walker","floor":39,"turns":5},{"damage":69,"enemies":"Giant Head","floor":40,"turns":7},{"damage":67,"enemies":"Nemesis","floor":44,"turns":7},{"damage":21,"enemies":"Giant Head","floor":45,"turns":7},{"damage":40,"enemies":"Reptomancer","floor":47,"turns":8},{"damage":90,"enemies":"Time Eater","floor":50,"turns":10}],"seed_played":"-4268655434471979792","potions_obtained":[{"floor":5,"key":"PowerPotion"},{"floor":7,"key":"PowerPotion"},{"floor":13,"key":"AttackPotion"},{"floor":16,"key":"Energy Potion"},{"floor":20,"key":"DuplicationPotion"},{"floor":23,"key":"EntropicBrew"},{"floor":30,"key":"Regen Potion"},{"floor":33,"key":"DistilledChaos"},{"floor":35,"key":"SteroidPotion"},{"floor":36,"key":"DistilledChaos"},{"floor":39,"key":"Strength Potion"},{"floor":40,"key":"EntropicBrew"},{"floor":45,"key":"EssenceOfSteel"},{"floor":47,"key":"SteroidPotion"}],"is_trial":true,"path_per_floor":["M","?","$","M","M","R","E","E","T","R","R","M","E","E","R","B",null,"M","M","M","?","$","E","?","R","T","M","?","E","E","?","R","B",null,"M","?","$","?","M","E","R","?","T","E","E","?","E","$","R","B",null],"character_chosen":"BEAKED_THE_CULTIST","items_purchased":["beaked:StickSmack","beaked:HuntressSpirit","Membership Card","Regal Pillow","Pear","beaked:StickSmack","beaked:Sacrifice","Fruit Juice"],"campfire_rested":2,"item_purchase_floors":[3,3,22,22,22,37,37,37],"current_hp_per_floor":[47,47,47,50,49,49,50,23,23,23,38,52,33,29,29,41,54,29,20,26,26,36,30,30,30,30,36,36,33,42,56,56,23,94,62,82,82,82,67,50,97,97,97,109,99,99,102,102,102,81],"gold":91,"neow_bonus":"","is_daily":false,"chose_seed":false,"campfire_upgraded":5,"win_rate":0.0,"timestamp":1612546308,"path_taken":["M","?","$","M","M","R","E","E","T","R","R","M","E","E","R","BOSS","M","M","M","?","$","E","?","R","T","?","?","E","E","?","R","BOSS","M","?","$","?","M","E","R","?","T","E","E","?","E","$","R","BOSS"],"items_purchased_type":["Card","Card","Relic","Relic","Relic","Card","Card","Potion"],"build_version":"2020-12-22","purchased_purges":4,"victory":true,"max_hp_per_floor":[50,50,50,50,50,50,50,50,50,50,50,52,52,54,54,54,54,58,60,62,62,72,76,76,76,76,78,78,80,80,94,94,94,94,94,98,98,98,105,107,107,107,107,109,111,105,107,107,107,112],"card_choices":[{"not_picked":["beaked:Brace","beaked:Redirect"],"picked":"beaked:Insight","floor":1},{"not_picked":["beaked:Daydream","beaked:Pecker"],"picked":"beaked:Struggle","floor":4},{"not_picked":["beaked:Recite","beaked:DigDeep"],"picked":"beaked:Windmill","floor":5},{"not_picked":["beaked:Molting","beaked:Tradeoff"],"picked":"beaked:MachineSpirit","floor":7},{"not_picked":["beaked:Mantra","beaked:BarbedWire"],"picked":"beaked:SurvivalInstinct","floor":8},{"not_picked":["beaked:CursingBlood","beaked:WarriorEssence","beaked:BloodForTheGods"],"picked":"Singing Bowl","floor":12},{"not_picked":["beaked:Replenish","beaked:Insight"],"picked":"beaked:StickSmack","floor":13},{"not_picked":["beaked:Resilience","beaked:Devastation","beaked:DigDeeper"],"picked":"Singing Bowl","floor":14},{"not_picked":["beaked:DarkTribute","beaked:AwakenedForm"],"picked":"beaked:SacrificialScars","floor":16},{"not_picked":["beaked:TuckingFeathers","beaked:BloodRitual","beaked:Tweet"],"picked":"Singing Bowl","floor":18},{"not_picked":["beaked:MimicWarrior","beaked:MimicMachine"],"picked":"beaked:WarriorSpirit","floor":19},{"not_picked":["beaked:Poke","beaked:Replenish","beaked:WindBringer"],"picked":"Singing Bowl","floor":20},{"not_picked":["beaked:Daydream","beaked:TuckingFeathers","beaked:Redirect+1"],"picked":"Singing Bowl","floor":23},{"not_picked":["beaked:Molting","beaked:DigDeep","beaked:Hexing+1"],"picked":"Singing Bowl","floor":27},{"not_picked":["beaked:Recite","beaked:Daydream","beaked:FeelMyPain"],"picked":"Singing Bowl","floor":29},{"not_picked":["beaked:Redirect+1","beaked:TuckingFeathers"],"picked":"beaked:WarriorEssence+1","floor":30},{"not_picked":["beaked:ShadowFade","beaked:Caw"],"picked":"beaked:ScreechingChant","floor":33},{"not_picked":["beaked:Resilience","beaked:WindBringer+1"],"picked":"beaked:DigDeep+1","floor":35},{"not_picked":["beaked:SacrificialDive+1","beaked:MachineSpirit+1","beaked:Insight"],"picked":"Singing Bowl","floor":36},{"not_picked":["beaked:WarriorEssence","beaked:RuinSticks+1"],"picked":"beaked:StickSmack+1","floor":39},{"not_picked":["beaked:Replenish+1","beaked:MimicMachine+1","beaked:Daydream"],"picked":"Singing Bowl","floor":40},{"not_picked":["beaked:Daydream","beaked:Insight","beaked:Redirect"],"picked":"Singing Bowl","floor":44},{"not_picked":["beaked:Poke","beaked:ShadowFade"],"picked":"beaked:Tweet+1","floor":45},{"not_picked":["beaked:WarriorEssence","beaked:TuckingFeathers"],"picked":"beaked:Foresight+1","floor":47}],"player_experience":1543939,"relics_obtained":[{"floor":7,"key":"beaked:ShinyBauble"},{"floor":8,"key":"Bottled Flame"},{"floor":9,"key":"Singing Bowl"},{"floor":13,"key":"Ornamental Fan"},{"floor":14,"key":"Calipers"},{"floor":23,"key":"Oddly Smooth Stone"},{"floor":26,"key":"Incense Burner"},{"floor":29,"key":"White Beast Statue"},{"floor":30,"key":"Unceasing Top"},{"floor":36,"key":"Shovel"},{"floor":40,"key":"CeramicFish"},{"floor":43,"key":"Mummified Hand"},{"floor":44,"key":"StoneCalendar"},{"floor":45,"key":"TungstenRod"},{"floor":47,"key":"Sundial"},{"floor":49,"key":"Centennial Puzzle"}],"event_choices":[{"damage_healed":0,"gold_gain":175,"player_choice":"AGREE","damage_taken":0,"max_hp_gain":0,"max_hp_loss":0,"event_name":"Liars Game","floor":2,"gold_loss":0,"cards_obtained":["Doubt"]},{"damage_healed":0,"gold_gain":0,"cards_transformed":["beaked:Strike_Y","beaked:Strike_Y"],"player_choice":"Became Test Subject","damage_taken":0,"max_hp_gain":0,"max_hp_loss":0,"event_name":"Drug Dealer","floor":21,"gold_loss":0,"cards_obtained":["beaked:WindBringer","beaked:Poke"]},{"damage_healed":0,"gold_gain":0,"player_choice":"Forge","damage_taken":0,"max_hp_gain":0,"max_hp_loss":0,"event_name":"Accursed Blacksmith","floor":24,"gold_loss":0,"cards_upgraded":["beaked:WarriorSpirit"]},{"damage_healed":0,"gold_gain":0,"player_choice":"Paid Fearfully","damage_taken":0,"max_hp_gain":0,"max_hp_loss":0,"event_name":"Masked Bandits","floor":28,"gold_loss":50},{"damage_healed":0,"gold_gain":0,"player_choice":"Stole Relic","damage_taken":0,"relics_obtained":["Mango"],"max_hp_gain":0,"max_hp_loss":0,"event_name":"Addict","floor":31,"gold_loss":0,"cards_obtained":["Shame"]},{"damage_healed":0,"gold_gain":0,"player_choice":"Fight","damage_taken":0,"max_hp_gain":0,"max_hp_loss":0,"event_name":"MindBloom","floor":36,"gold_loss":0},{"cards_removed":["beaked:HuntressSpirit"],"damage_healed":0,"gold_gain":0,"player_choice":"Removed Skill","damage_taken":0,"max_hp_gain":0,"max_hp_loss":0,"event_name":"Falling","floor":38,"gold_loss":0},{"damage_healed":0,"gold_gain":0,"player_choice":"Ignored","damage_taken":0,"max_hp_gain":0,"max_hp_loss":0,"event_name":"Mysterious Sphere","floor":42,"gold_loss":0},{"damage_healed":0,"gold_gain":0,"player_choice":"Max HP","damage_taken":0,"max_hp_gain":0,"max_hp_loss":6,"event_name":"Winding Halls","floor":46,"gold_loss":0}],"is_beta":false,"boss_relics":[{"not_picked":["Snecko Eye","energizedSpire:StickyHand"],"picked":"SlaversCollar"},{"not_picked":["Sozu","energizedSpire:EnergizedDie"],"picked":"Cursed Key"}],"items_purged_floors":[3,22,37,48],"is_endless":false,"potions_floor_spawned":[5,7,13,16,20,23,30,33,35,36,39,40,44,45,47],"ascension_level":0}}