{"host":"2wp95sdfrgw3k439","time":1612507145,"event":{"mods":["BaseMod","Better Altar","Better Skull","Better Third Choice","Curses Come First","Minty Spire (QoL Compilation)","Permanent Neow","StSLib"],"gold_per_floor":[99,99,99,99,99,99,99,99,99,99,99,99,69,69,69,69,69,24,24,24,24,24],"floor_reached":21,"language":"ENG","playtime":704,"items_purged":[],"score":280,"play_id":"e5a38b73-5851-4400-8295-8fb223f6fed9","local_time":"20210204233905","is_ascension_mode":true,"campfire_choices":[{"data":"Sucker Punch","floor":6,"key":"SMITH"},{"data":"Noxious Fumes","floor":11,"key":"SMITH"},{"floor":15,"key":"REST"}],"circlet_count":0,"master_deck":["Strike_G","Strike_G","Strike_G","Strike_G","Strike_G","Defend_G","Defend_G","Defend_G","Defend_G","Defend_G","Survivor","Neutralize","Poisoned Stab+1","Sucker Punch+1","Caltrops","Die Die Die","Noxious Fumes+1","Flying Knee","Bane","Burst","Venomology","Necronomicurse"],"relics":["Ectoplasm","Smiling Mask","Regal Pillow","Potion Belt","Philosopher\u0027s Stone","Necronomicon"],"acts_visited":["Exordium","TheCity"],"potions_floor_usage":[7,16],"damage_taken":[{"damage":0,"enemies":"Cultist","floor":1,"turns":4},{"damage":2,"enemies":"2 Louse","floor":2,"turns":3},{"damage":0,"enemies":"Small Slimes","floor":4,"turns":3},{"damage":12,"enemies":"Gremlin Nob","floor":7,"turns":5},{"damage":0,"enemies":"Exordium Wildlife","floor":8,"turns":2},{"damage":6,"enemies":"Large Slime","floor":10,"turns":7},{"damage":0,"enemies":"Blue Slaver","floor":12,"turns":3},{"damage":8,"enemies":"Exordium Thugs","floor":13,"turns":3},{"damage":7,"enemies":"Lagavulin","floor":14,"turns":5},{"damage":50,"enemies":"The Guardian","floor":16,"turns":9},{"damage":19,"enemies":"2 Thieves","floor":18,"turns":4},{"damage":21,"enemies":"Shell Parasite","floor":19,"turns":5},{"damage":23,"enemies":"Snake Plant","floor":21,"turns":2}],"seed_played":"7620559458094678261","potions_obtained":[{"floor":4,"key":"EssenceOfSteel"},{"floor":8,"key":"Block Potion"},{"floor":14,"key":"Ancient Potion"}],"is_trial":false,"path_per_floor":["M","M","?","M","?","R","E","M","T","M","R","M","M","E","R","B",null,"M","M","?","M"],"character_chosen":"THE_SILENT","items_purchased":[],"campfire_rested":1,"item_purchase_floors":[],"current_hp_per_floor":[63,61,61,61,61,61,49,49,49,43,43,43,35,28,64,14,56,37,16,21,0,0],"gold":24,"neow_bonus":"BOSS_RELIC","is_daily":false,"chose_seed":false,"campfire_upgraded":2,"win_rate":0.0,"timestamp":1612507145,"path_taken":["M","?","?","M","?","R","E","?","T","M","R","M","M","E","R","BOSS","M","M","?","M"],"items_purchased_type":[],"build_version":"2020-12-22","purchased_purges":0,"victory":false,"max_hp_per_floor":[70,70,70,70,70,70,70,70,70,70,70,70,70,70,70,70,70,70,70,70,70,70],"card_choices":[{"not_picked":["Crippling Poison","PiercingWail"],"picked":"Poisoned Stab","floor":1},{"not_picked":["Prepared","Quick Slash"],"picked":"Sucker Punch","floor":2},{"not_picked":["Flying Knee","Wraith Form v2"],"picked":"Caltrops","floor":4},{"not_picked":["Crippling Poison","Concentrate"],"picked":"Die Die Die","floor":7},{"not_picked":["Catalyst","Expertise"],"picked":"Noxious Fumes","floor":8},{"not_picked":["Blade Dance","Poisoned Stab","Acrobatics"],"picked":"SKIP","floor":10},{"not_picked":["Outmaneuver","Masterful Stab"],"picked":"Flying Knee","floor":12},{"not_picked":["Dagger Throw","Dodge and Roll"],"picked":"Bane","floor":13},{"not_picked":["Endless Agony","Expertise"],"picked":"Burst","floor":14},{"not_picked":["Tools of the Trade","Burst"],"picked":"Venomology","floor":16},{"not_picked":["Outmaneuver","Deflect","Prepared"],"picked":"SKIP","floor":18},{"not_picked":["Deflect","Slice+1","Flechettes"],"picked":"SKIP","floor":19}],"player_experience":550881,"relics_obtained":[{"floor":7,"key":"Smiling Mask"},{"floor":9,"key":"Regal Pillow"},{"floor":14,"key":"Potion Belt"},{"floor":20,"key":"Necronomicon"}],"event_choices":[{"damage_healed":0,"gold_gain":0,"player_choice":"Grow","damage_taken":0,"max_hp_gain":0,"max_hp_loss":0,"event_name":"Living Wall","floor":3,"gold_loss":0,"cards_upgraded":["Poisoned Stab"]},{"damage_healed":0,"gold_gain":0,"player_choice":"Bought 0 Potions","damage_taken":0,"max_hp_gain":0,"max_hp_loss":0,"event_name":"The Woman in Blue","floor":5,"gold_loss":0},{"damage_healed":0,"gold_gain":0,"player_choice":"Obtained Book","damage_taken":16,"max_hp_gain":0,"max_hp_loss":0,"event_name":"Cursed Tome","floor":20,"gold_loss":0}],"is_beta":false,"boss_relics":[{"not_picked":["Astrolabe","WristBlade"],"picked":"Philosopher\u0027s Stone"}],"items_purged_floors":[],"is_endless":false,"potions_floor_spawned":[4,8,14],"killed_by":"Snake Plant","ascension_level":9}}