{"host":"yqw1zpryoutrnocq","time":1612541162,"event":{"mods":["2.2 Compatiblity","AchievementEnabler","BaseMod","Colored Map","Custom Start","DeckTracker","Minty Spire (QoL Compilation)","StSLib","SuperFastMode"],"gold_per_floor":[10,22,22,41,62,103,103,138,186,221,221,240,284,284,284,284,284],"floor_reached":16,"language":"KOR","playtime":684,"items_purged":[],"score":169,"play_id":"29ee2584-5f6e-4538-8ec1-c2470fa190ba","local_time":"20210205100602","is_ascension_mode":true,"campfire_choices":[{"data":"Bludgeon","floor":7.0,"key":"SMITH"},{"data":"True Grit","floor":11.0,"key":"SMITH"},{"floor":15.0,"key":"REST"}],"circlet_count":0,"master_deck":["Strike_R","Strike_R","Strike_R","Strike_R","Defend_R","Defend_R","Defend_R","Defend_R","Bash","Bludgeon+1","Wild Strike","Havoc","Rage","Power Through","Carnage","True Grit+1","Exhume","Havoc","Sentinel"],"relics":["Burning Blood","Golden Idol","Eternal Feather","Mummified Hand","Nunchaku","Lantern","Blue Candle"],"acts_visited":["Exordium"],"potions_floor_usage":[],"damage_taken":[{"damage":0.0,"enemies":"2 Louse","floor":1.0,"turns":3.0},{"damage":1.0,"enemies":"Cultist","floor":2.0,"turns":3.0},{"damage":3.0,"enemies":"Small Slimes","floor":4.0,"turns":2.0},{"damage":1.0,"enemies":"Exordium Thugs","floor":5.0,"turns":4.0},{"damage":26.0,"enemies":"3 Sentries","floor":6.0,"turns":9.0},{"damage":10.0,"enemies":"Lagavulin","floor":8.0,"turns":3.0},{"damage":18.0,"enemies":"Gremlin Nob","floor":10.0,"turns":4.0},{"damage":24.0,"enemies":"Exordium Wildlife","floor":12.0,"turns":5.0},{"damage":41.0,"enemies":"3 Sentries","floor":13.0,"turns":7.0},{"damage":53,"enemies":"Slime Boss","floor":16,"turns":5}],"seed_played":"8272854184685781593","potions_obtained":[{"floor":1.0,"key":"DistilledChaos"},{"floor":4.0,"key":"Fire Potion"},{"floor":5.0,"key":"SkillPotion"},{"floor":6.0,"key":"Block Potion"},{"floor":12.0,"key":"BloodPotion"}],"is_trial":false,"path_per_floor":["M","M","?","M","M","E","R","E","T","E","R","M","E","?","R","B"],"character_chosen":"IRONCLAD","items_purchased":[],"campfire_rested":1,"item_purchase_floors":[],"current_hp_per_floor":[78,80,60,63,68,48,57,53,53,41,50,32,13,13,46,0,0],"gold":284,"neow_bonus":"THREE_RARE_CARDS","is_daily":false,"chose_seed":false,"campfire_upgraded":2,"win_rate":0.0,"timestamp":1612541162,"path_taken":["M","M","?","M","M","E","R","E","T","E","R","M","E","?","R","BOSS"],"items_purchased_type":[],"build_version":"2020-12-22","purchased_purges":0,"victory":false,"max_hp_per_floor":[80,80,80,80,80,80,80,80,80,80,80,80,80,80,80,80,80],"card_choices":[{"not_picked":["Double Tap","Fiend Fire"],"picked":"Bludgeon","floor":0.0},{"not_picked":["Uppercut","Shrug It Off"],"picked":"Wild Strike","floor":1.0},{"not_picked":["Combust","Reckless Charge"],"picked":"Havoc","floor":2.0},{"not_picked":["Havoc","Bloodletting"],"picked":"Rage","floor":4.0},{"not_picked":["Clash","Cleave"],"picked":"Power Through","floor":5.0},{"not_picked":["Headbutt","Thunderclap"],"picked":"Carnage","floor":6.0},{"not_picked":["Battle Trance","Bludgeon"],"picked":"True Grit","floor":8.0},{"not_picked":["Thunderclap","Twin Strike"],"picked":"Exhume","floor":10.0},{"not_picked":["Iron Wave","Thunderclap"],"picked":"Havoc","floor":12.0},{"not_picked":["Searing Blow","Combust"],"picked":"Sentinel","floor":13.0}],"player_experience":284154,"relics_obtained":[{"floor":6.0,"key":"Eternal Feather"},{"floor":8.0,"key":"Mummified Hand"},{"floor":9.0,"key":"Nunchaku"},{"floor":10.0,"key":"Lantern"},{"floor":13.0,"key":"Blue Candle"}],"event_choices":[{"damage_healed":0.0,"max_hp_gain":0.0,"max_hp_loss":0.0,"gold_gain":0.0,"event_name":"Golden Idol","player_choice":"Take Damage","floor":3.0,"gold_loss":0.0,"damage_taken":20.0,"relics_obtained":["Golden Idol"]},{"cards_removed":["Strike_R"],"damage_healed":0.0,"max_hp_gain":0.0,"max_hp_loss":0.0,"gold_gain":0.0,"event_name":"Purifier","player_choice":"Purged","floor":14.0,"gold_loss":0.0,"damage_taken":0.0}],"is_beta":false,"boss_relics":[],"items_purged_floors":[],"is_endless":false,"potions_floor_spawned":[1,4,5,6,12],"killed_by":"Slime Boss","ascension_level":6}}