{"host":"y1oqg7uy0jc6f5mb","time":1612510573,"event":{"mods":["AchievementEnabler","BaseMod","Better Altar","Better Match","Better Note","Better Sensory Stone","Better Skull","Better Third Choice","BetterRewards","Colored Map","Colored Powertips","Downfall","Highlight Path","Ironclad Rager","Minty Spire (QoL Compilation)","Permanent Neow","Quick Restart","Relic Stats","Replay The Spire","Shop Mod","Smile Girya","StSLib"],"gold_per_floor":[114,128,128,140,172,184,223,247,259,271,296,342,370,382,394,503,515,545,557,569,591,87,87,87,113,162,175,175,20,20,20,20,125,125,135,150,8,108,123,123,123,123,149,179,179,35,55,55,55,55,55],"floor_reached":50,"language":"ENG","playtime":3503,"items_purged":["Defend_G","Strike_G","Shame"],"score":1059,"play_id":"7a630522-3c16-40ad-b8b2-f7ca8a9db398","local_time":"20210205153613","is_ascension_mode":true,"campfire_choices":[{"data":"Neutralize","floor":6.0,"key":"SMITH"},{"floor":10.0,"key":"REST"},{"floor":15.0,"key":"REST"},{"data":"Phantasmal Killer","floor":23.0,"key":"SMITH"},{"data":"ReplaySolidLightProjector","floor":28.0,"key":"SMITH"},{"data":"ReplayTheSpireMod:Speed Training","floor":30.0,"key":"SMITH"},{"data":"Tools of the Trade","floor":32.0,"key":"SMITH"},{"data":"A Thousand Cuts","floor":40,"key":"SMITH"},{"data":"Acrobatics","floor":42,"key":"SMITH"},{"data":"Infinite Blades","floor":45,"key":"SMITH"},{"data":"Caltrops","floor":49,"key":"SMITH"}],"circlet_count":0,"master_deck":["AscendersBane","Strike_G","Strike_G","Strike_G","Defend_G","Defend_G","Defend_G","Defend_G","Survivor","Neutralize+1","Predator","Blade Dance","ReplaySolidLightProjector+1","Dagger Spray","PiercingWail","Escape Plan","Tools of the Trade+1","Crippling Poison","ReplayTheSpireMod:Speed Training+1","Phantasmal Killer+1","Backflip+1","ReplayTheSpireMod:The Works+1","Infinite Blades+1","Acrobatics+1","Backflip","Blade Dance","Blade Dance","Deflect+1","A Thousand Cuts+1","Caltrops+1","Backflip+1","Cloak And Dagger","PiercingWail","Apotheosis+1"],"relics":["Ring of the Snake","Replay:Bottled Snecko","Quantum Egg","Meat on the Bone","Mirror","HoveringKite","MerchantsRug","Ice Cream","Onion Ring","Molten Egg 2","Blue Doll","Durian","Coffee Dripper","Pen Nib","ReplayTheSpireMod:Lightbulb"],"acts_visited":["Exordium","TheCity","TheBeyond"],"potions_floor_usage":[44,44,47,50],"damage_taken":[{"damage":6.0,"enemies":"Jaw Worm","floor":1.0,"turns":8.0},{"damage":0.0,"enemies":"2 Louse","floor":2.0,"turns":3.0},{"damage":0.0,"enemies":"Small Slimes","floor":5.0,"turns":3.0},{"damage":28.0,"enemies":"3 Sentries","floor":7.0,"turns":9.0},{"damage":9.0,"enemies":"Looter","floor":8.0,"turns":3.0},{"damage":4.0,"enemies":"Blue Slaver","floor":11.0,"turns":4.0},{"damage":14.0,"enemies":"Lagavulin","floor":12.0,"turns":7.0},{"damage":21.0,"enemies":"Large Slime","floor":13.0,"turns":6.0},{"damage":56.0,"enemies":"The Guardian","floor":16.0,"turns":19.0},{"damage":14.0,"enemies":"2 Thieves","floor":18.0,"turns":4.0},{"damage":0.0,"enemies":"3 Byrds","floor":21.0,"turns":6.0},{"damage":40.0,"enemies":"Book of Stabbing","floor":25.0,"turns":7.0},{"damage":13.0,"enemies":"Snake Plant","floor":27.0,"turns":4.0},{"damage":40.0,"enemies":"Pondfish","floor":33.0,"turns":12.0},{"damage":3,"enemies":"Orb Walker","floor":35,"turns":3},{"damage":16,"enemies":"3 Darklings","floor":36,"turns":5},{"damage":0,"enemies":"Spire Growth","floor":39,"turns":3},{"damage":37,"enemies":"Reptomancer","floor":44,"turns":6},{"damage":11,"enemies":"Sphere and 2 Shapes","floor":47,"turns":3},{"damage":92,"enemies":"Time Eater","floor":50,"turns":10}],"seed_played":"7990989442010669124","potions_obtained":[{"floor":1.0,"key":"ColorlessPotion"},{"floor":5.0,"key":"SkillPotion"},{"floor":12.0,"key":"Explosive Potion"},{"floor":16.0,"key":"Explosive Potion"},{"floor":21.0,"key":"AttackPotion"},{"floor":25.0,"key":"Guardian:BlockOnCardUsePotion"},{"floor":33.0,"key":"bronze:BurnAndBuffPotion"},{"floor":36,"key":"Ancient Potion"},{"floor":44,"key":"Explosive Potion"},{"floor":47,"key":"Block Potion"}],"is_trial":false,"path_per_floor":["M","M","?","T","M","R","E","M","T","R","M","E","M","?","R","B",null,"M","?","?","M","$","R","T","E","T","M","R","$","R","?","R","B",null,"M","M","$","?","M","R","?","R","T","E","R","$","M","?","R","B"],"character_chosen":"THE_SILENT","items_purchased":["MerchantsRug","Infinite Blades","Ice Cream","Blade Dance","Deflect+1","Cloak And Dagger","PiercingWail","Apotheosis+1"],"campfire_rested":2,"item_purchase_floors":[22,22,22,29,29,37,46,46],"current_hp_per_floor":[71,71,55,55,55,55,27,18,18,43,51,49,40,40,65,21,68,54,82,82,82,82,82,82,54,54,53,53,53,53,58,58,30,74,71,55,55,55,55,55,60,60,60,35,35,35,36,78,78,0,0],"gold":55,"neow_bonus":"TWENTY_PERCENT_HP_BONUS","is_daily":false,"chose_seed":false,"campfire_upgraded":9,"win_rate":0.0,"timestamp":1612510573,"path_taken":["M","M","?","?","M","R","E","M","T","R","M","E","M","?","R","BOSS","M","?","?","M","$","R","?","E","T","M","R","$","R","?","R","BOSS","M","M","$","?","?","R","?","R","T","E","R","?","?","?","R","BOSS"],"items_purchased_type":["Relic","Card","Relic","Card","Card","Card","Card","Card"],"build_version":"2020-12-22","purchased_purges":3,"victory":false,"max_hp_per_floor":[84,84,84,84,84,84,84,84,84,84,84,84,84,84,84,84,84,84,84,84,84,84,84,84,84,84,84,84,84,84,89,89,89,89,89,89,89,89,89,89,89,89,89,89,89,89,89,78,78,78,78],"relic_stats":{"counters":[20,125],"HoveringKite":[41],"Pen Nib":[7],"obtain_stats":[{"Ice Cream":22,"MerchantsRug":22,"Quantum Egg":7,"HoveringKite":17,"Blue Doll":26,"Pen Nib":43,"MawBank":3,"Onion Ring":24,"Molten Egg 2":25,"Durian":31,"Coffee Dripper":34,"Replay:Bottled Snecko":4,"Mirror":12,"ReplayTheSpireMod:Lightbulb":44,"Ring of the Snake":0,"Meat on the Bone":9},{"Ice Cream":11,"MerchantsRug":11,"Quantum Egg":4,"HoveringKite":9,"Blue Doll":12,"Pen Nib":17,"MawBank":2,"Onion Ring":11,"Molten Egg 2":12,"Durian":13,"Coffee Dripper":14,"Replay:Bottled Snecko":2,"Mirror":7,"ReplayTheSpireMod:Lightbulb":18,"Ring of the Snake":0,"Meat on the Bone":5},{"Ice Cream":72,"MerchantsRug":72,"Quantum Egg":23,"HoveringKite":62,"Blue Doll":79,"Pen Nib":106,"MawBank":11,"Onion Ring":72,"Molten Egg 2":79,"Durian":83,"Coffee Dripper":95,"Replay:Bottled Snecko":11,"Mirror":37,"ReplayTheSpireMod:Lightbulb":112,"Ring of the Snake":0,"Meat on the Bone":26}],"Ring of the Snake":[40],"Meat on the Bone":108},"card_choices":[{"not_picked":["Acrobatics","Outmaneuver"],"picked":"Predator","floor":1.0},{"not_picked":["Endless Agony","Acrobatics"],"picked":"Blade Dance","floor":2.0},{"not_picked":["Toxin Wave","Heel Hook"],"picked":"Dagger Spray","floor":5.0},{"not_picked":["Predator","Sucker Punch"],"picked":"PiercingWail","floor":7.0},{"not_picked":["Toxin Wave","Outmaneuver"],"picked":"Escape Plan","floor":8.0},{"not_picked":["Cloak And Dagger","Dagger Spray"],"picked":"Tools of the Trade","floor":11.0},{"not_picked":["Dagger Spray","Draining Mist"],"picked":"Crippling Poison","floor":12.0},{"not_picked":["Underhanded Strike","Acrobatics"],"picked":"ReplayTheSpireMod:Speed Training","floor":13.0},{"not_picked":["Poison Darts","Bullet Time"],"picked":"Phantasmal Killer","floor":16.0},{"not_picked":["Blade Dance","Predator"],"picked":"Backflip+1","floor":18.0},{"not_picked":["Well Laid Plans","Bane+1"],"picked":"ReplayTheSpireMod:The Works+1","floor":21.0},{"not_picked":["Dagger Spray+1","Draining Mist"],"picked":"Acrobatics","floor":25.0},{"not_picked":["Bane+1","Expertise"],"picked":"Backflip","floor":27.0},{"not_picked":["ReplayTheSpireMod:Necrosis","Storm of Steel"],"picked":"A Thousand Cuts","floor":33.0},{"not_picked":["Infinite Blades","Quick Slash+1"],"picked":"Caltrops","floor":35},{"not_picked":["Expertise","Blade Dance"],"picked":"Backflip+1","floor":36},{"not_picked":["Catalyst","Heel Hook+1","Predator+1"],"picked":"SKIP","floor":39},{"not_picked":["Quick Slash+1","Infinite Blades","Poisoned Stab+1"],"picked":"SKIP","floor":44},{"not_picked":["Deadly Poison","Slice+1","Dodge and Roll"],"picked":"SKIP","floor":47}],"player_experience":360874,"relics_obtained":[{"floor":4.0,"key":"Replay:Bottled Snecko"},{"floor":7.0,"key":"Quantum Egg"},{"floor":9.0,"key":"Meat on the Bone"},{"floor":12.0,"key":"Mirror"},{"floor":24.0,"key":"Onion Ring"},{"floor":25.0,"key":"Molten Egg 2"},{"floor":26.0,"key":"Blue Doll"},{"floor":43,"key":"Pen Nib"},{"floor":44,"key":"ReplayTheSpireMod:Lightbulb"}],"event_choices":[{"cards_removed":["Spreading Infection"],"damage_healed":0.0,"max_hp_gain":0.0,"max_hp_loss":0.0,"gold_gain":0.0,"event_name":"Living Wall","player_choice":"Forget","floor":14.0,"gold_loss":0.0,"damage_taken":0.0},{"damage_healed":28.0,"max_hp_gain":0.0,"max_hp_loss":0.0,"gold_gain":0.0,"event_name":"The Library","player_choice":"Heal","floor":19.0,"gold_loss":0.0,"damage_taken":0.0},{"cards_removed":["Strike_G"],"damage_healed":0.0,"max_hp_gain":0.0,"max_hp_loss":0.0,"gold_gain":0.0,"event_name":"betterThird:BetterWriting","player_choice":"Elegance","floor":20.0,"gold_loss":0.0,"damage_taken":0.0},{"damage_healed":0.0,"max_hp_gain":0.0,"max_hp_loss":0.0,"gold_gain":0.0,"event_name":"Addict","player_choice":"Stole Relic","floor":31.0,"gold_loss":0.0,"damage_taken":0.0,"relics_obtained":["Durian"],"cards_obtained":["Shame"]},{"damage_healed":0,"gold_gain":100,"player_choice":"Pray","damage_taken":0,"max_hp_gain":0,"max_hp_loss":0,"event_name":"Golden Shrine","floor":38,"gold_loss":0},{"damage_healed":5,"gold_gain":0,"player_choice":"LEAVE ","damage_taken":0,"relics_obtained":[],"max_hp_gain":0,"max_hp_loss":0,"event_name":"betterSkull:BetterSkull","floor":41,"gold_loss":0,"cards_upgraded":[]},{"damage_healed":78,"gold_gain":0,"player_choice":"Heal","damage_taken":0,"max_hp_gain":0,"max_hp_loss":11,"event_name":"The Moai Head","floor":48,"gold_loss":0}],"is_beta":false,"boss_relics":[{"not_picked":["Painkiller Herb","Snecko Scales"],"picked":"HoveringKite"},{"not_picked":["Ring of the Serpent","Replay:Bronze Core"],"picked":"Coffee Dripper"}],"items_purged_floors":[22,29,37],"is_endless":false,"potions_floor_spawned":[1,5,12,16,21,25,33,36,44,47],"killed_by":"Time Eater","ascension_level":12}}