{"host":"0y7rggrn2c7yxnri","time":1612495964,"event":{"mods":["AchievementEnabler","Act Like it!","AlwaysNeverKeys","Aspiration","Bartender","BaseMod","Better Altar","Better Sensory Stone","Better Skull","Better Third Choice","Better Vampires","BetterRewards","Colored Map","Colored Powertips","Displayed Cursed Tome","Gensokyo","GifTheSpireLib","Good Game Mod","Magitek Elite","Minty Spire (QoL Compilation)","Permanent Neow","Quick Restart","Rare Cards Sparkle","Relic Filter Mod","Reliquary","Replay The Spire","Shop Mod","Spicy Shops","Spire Arcade","StSLib","Stuff the Spire","The Alterego","The Animator","The Marked","The Servant 0.9.4","Transform Curses","Virulent Crown","Wandering Minibosses"],"gold_per_floor":[119,453,473,498,512,512,544,644,669,669,115,115,115,156,156,265,265,289,169,419,434,463,31,101,101,180,198,57,82,102,619,619,619,619],"floor_reached":33,"language":"ENG","playtime":6075,"items_purged":["animator:AcuraShin","alterego_mod:Defend"],"score":583,"play_id":"5b2fb77a-a524-44a2-8b50-3c23e93ba11e","local_time":"20210204223244","is_ascension_mode":true,"campfire_choices":[{"floor":6,"key":"REST"},{"data":"Specialist","floor":10,"key":"SMITH"},{"data":"alterego_mod:BigMeatyClaws","floor":12,"key":"SMITH"},{"data":"alterego_mod:Impale","floor":15,"key":"SMITH"},{"data":"Mayhem","floor":25,"key":"SMITH"},{"data":"alterego_mod:BrynhildrsRune","floor":32,"key":"SMITH"}],"circlet_count":0,"master_deck":["alterego_mod:Strike","alterego_mod:Strike","alterego_mod:Strike","alterego_mod:Strike","alterego_mod:Defend","alterego_mod:Defend","alterego_mod:Defend","alterego_mod:Impale+1","alterego_mod:BigMeatyClaws+1","alterego_mod:BrynhildrsRune+1","Panache","alterego_mod:BiFurious+1","Specialist+1","alterego_mod:RocketPunch+1","Poisoned Strike+1","alterego_mod:BiFurious+1","alterego_mod:Maid+1","Dramatic Entrance+1","alterego_mod:Bounce+1","alterego_mod:BrynhildrRomantia+1","alterego_mod:Exercise+1","alterego_mod:1TonWallop+1","Mayhem+1","alterego_mod:Bounce+1","Gensokyo:BlemishedSteel"],"relics":["alterego_mod:MasochisticConstitution","REME:ComplimentaryCards","Regal Pillow","BargainBundle","Molten Egg 2","Orichalcum","Replay:WaspNest","CeramicFish","HornCleat","Tintinnabulum","Simple Rune","StuffTheSpire:DarkSteelAnvil","Singing Bowl","Lantern","StuffTheSpire:SapphireSignet","Coffee Dripper","Gensokyo:LionMask","Toy Ornithopter","Genji_Glove","Golden Egg","reliquary:BallBearing","StuffTheSpire:RubySignet","reliquary:SilkGlove"],"acts_visited":["Exordium","Gensokyo:Gensokyo"],"potions_floor_usage":[],"damage_taken":[{"damage":0,"enemies":"Gensokyo:3_Fairies","floor":1,"turns":3},{"damage":0,"enemies":"Gensokyo:Python","floor":3,"turns":3},{"damage":8,"enemies":"Gensokyo:2_Kodama","floor":4,"turns":3},{"damage":5,"enemies":"Gensokyo:Kitsune","floor":5,"turns":2},{"damage":16,"enemies":"Gensokyo:Cirno","floor":7,"turns":5},{"damage":0,"enemies":"Gensokyo:Mamizou","floor":14,"turns":5},{"damage":30,"enemies":"Gensokyo:Yukari","floor":16,"turns":7},{"damage":8,"enemies":"Gensokyo:3_Dogs","floor":18,"turns":3},{"damage":0,"enemies":"Gensokyo:Chomper","floor":21,"turns":2},{"damage":15,"enemies":"Gensokyo:Wraith","floor":22,"turns":4},{"damage":1,"enemies":"Gensokyo:Monolith_and_Dog","floor":27,"turns":2},{"damage":7,"enemies":"Gensokyo:Koishi","floor":29,"turns":4},{"damage":20,"enemies":"Gensokyo:Slime_Group","floor":30,"turns":4},{"damage":14,"enemies":"Gensokyo:Chomper_and_Gloop","floor":31,"turns":3},{"damage":87,"enemies":"Gensokyo:Eternal_Rivals","floor":33,"turns":6}],"seed_played":"-4514272431065028614","potions_obtained":[{"floor":4,"key":"Strength Potion"},{"floor":5,"key":"Elixir"}],"is_trial":false,"path_per_floor":["M","?","M","M","M","R","E","?","T","R","$","R","?","E","R","B",null,"M","?","?","M","M","$","T","R","T","M","COS","E","M","M","R_BF","B"],"character_chosen":"The_Alterego","items_purchased":["Regal Pillow","Panache","BargainBundle","Molten Egg 2","Orichalcum","alterego_mod:BiFurious+1","Specialist","Replay:WaspNest","CeramicFish","alterego_mod:RocketPunch+1","Poisoned Strike+1","StuffTheSpire:DarkSteelAnvil","Singing Bowl","Lantern","Dramatic Entrance+1","Toy Ornithopter","Mayhem","alterego_mod:Bounce+1","Genji_Glove"],"campfire_rested":1,"item_purchase_floors":[0,0,0,0,0,0,0,0,0,0,0,11,11,11,11,23,23,23,23],"current_hp_per_floor":[63,35,42,49,45,72,57,58,59,60,61,62,63,71,72,44,67,79,80,76,83,81,82,83,84,85,97,97,93,79,83,84,0,0],"gold":619,"neow_bonus":"","is_daily":false,"chose_seed":false,"campfire_upgraded":5,"win_rate":0.0,"timestamp":1612495964,"path_taken":["M","?","M","?","M","R","E","?","T","R","$","R","?","E","R","BOSS","M","?","?","M","M","$","?","R","T","M","COS","E","M","M","R_BF","BOSS"],"items_purchased_type":["Relic","Card","Relic","Relic","Relic","Card","Card","Relic","Relic","Card","Card","Relic","Relic","Relic","Card","Relic","Card","Card","Relic"],"build_version":"2020-12-22","purchased_purges":2,"victory":false,"max_hp_per_floor":[70,70,70,71,72,72,73,73,73,73,73,73,73,73,73,74,74,80,80,76,83,89,89,89,89,89,97,97,100,103,111,111,111,111],"card_choices":[{"not_picked":["alterego_mod:Maid+1","alterego_mod:Table"],"picked":"alterego_mod:BiFurious+1","floor":1},{"not_picked":["alterego_mod:Cooking","alterego_mod:Pet","alterego_mod:TrashNCrash"],"picked":"SKIP","floor":3},{"not_picked":["alterego_mod:HighServant","alterego_mod:MagicResistance"],"picked":"alterego_mod:Maid+1","floor":4},{"not_picked":["alterego_mod:Bunnysuit","alterego_mod:Crossover","alterego_mod:Undulate"],"picked":"SKIP","floor":5},{"not_picked":["alterego_mod:BustOut","alterego_mod:Rip","alterego_mod:Bunnysuit"],"picked":"SKIP","floor":7},{"not_picked":["alterego_mod:DustData+1","alterego_mod:Crossover"],"picked":"alterego_mod:Bounce+1","floor":14},{"not_picked":["alterego_mod:IdEs","alterego_mod:PainIsPleasure"],"picked":"alterego_mod:BrynhildrRomantia+1","floor":16},{"not_picked":["alterego_mod:Bunnysuit","alterego_mod:Punishment"],"picked":"alterego_mod:Exercise+1","floor":18},{"not_picked":["alterego_mod:DiscoLights+1","alterego_mod:Skirt+1","alterego_mod:Nekomimi"],"picked":"Singing Bowl","floor":21},{"not_picked":["alterego_mod:Pet","alterego_mod:DeftHands+1"],"picked":"alterego_mod:1TonWallop+1","floor":22},{"not_picked":["alterego_mod:TrashNCrash","alterego_mod:GoddessCore+1","alterego_mod:HighServant"],"picked":"Singing Bowl","floor":27},{"not_picked":["alterego_mod:Undulate+1","alterego_mod:Bunnysuit+1","alterego_mod:DustData+1"],"picked":"Singing Bowl","floor":29},{"not_picked":["alterego_mod:Mirror","alterego_mod:PresenceConcealment","alterego_mod:Belts+1"],"picked":"Singing Bowl","floor":30},{"not_picked":["alterego_mod:Crossover+1","alterego_mod:ChallengeComplete","alterego_mod:Rip"],"picked":"Singing Bowl","floor":31}],"player_experience":309180,"relics_obtained":[{"floor":7,"key":"Tintinnabulum"},{"floor":9,"key":"Simple Rune"},{"floor":14,"key":"StuffTheSpire:SapphireSignet"},{"floor":24,"key":"Golden Egg"},{"floor":26,"key":"reliquary:BallBearing"},{"floor":29,"key":"StuffTheSpire:RubySignet"}],"event_choices":[{"damage_healed":0,"gold_gain":334,"player_choice":"GO GO GO ","damage_taken":31,"relics_obtained":[],"max_hp_gain":0,"max_hp_loss":0,"event_name":"betterSkull:BetterSkull","floor":2,"gold_loss":0,"cards_upgraded":[]}],"is_beta":false,"boss_relics":[{"not_picked":["reliquary:Craggleroot","reliquary:RedCape"],"picked":"Coffee Dripper"}],"items_purged_floors":[0,0],"is_endless":false,"potions_floor_spawned":[4,5,14,21,27,29,30,31],"killed_by":"Gensokyo:Eternal_Rivals","ascension_level":6}}