{"host":"bwf6jt0gyax88i3l","time":1612504310,"event":{"mods":["AchievementEnabler","Act Like it!","BaseMod","Colored Map","Colored Powertips","Conspire","Downfall","Gensokyo","Hero for Fun","Highlight Path","Hubris","Infinite Spire","Minty Spire (QoL Compilation)","Quick Restart","Shop Mod","StSLib","Td1madao Mod","The Administrix","The Bladedancer","The Mystic","The Wild Card"],"gold_per_floor":[115,115,130,130,147,173,173,185,185,205,205,224,224,242,242,242,242],"floor_reached":16,"language":"ENG","playtime":794,"items_purged":[],"score":104,"play_id":"2ce05333-37b5-4801-86af-41773069ece1","local_time":"20210204215150","is_ascension_mode":false,"campfire_choices":[{"floor":7,"key":"REST"},{"data":"blademaster:StanceMastery","floor":13,"key":"SMITH"},{"floor":15,"key":"REST"}],"circlet_count":0,"master_deck":["blademaster:Strike","blademaster:Strike","blademaster:Strike","blademaster:Strike","blademaster:Defend","blademaster:Defend","blademaster:Defend","blademaster:Defend","blademaster:RagingBlow","blademaster:HighVoltage","blademaster:BloodyBlow","blademaster:AspectOfWind","blademaster:Reversal","blademaster:StanceMastery+1","blademaster:Havoc","blademaster:AwakeningDefend","blademaster:ParryingStrike","blademaster:ColdBlood"],"relics":["blademaster:DancersAmulet","Juzu Bracelet","MealTicket","hubris:BottledRain"],"acts_visited":["Exordium"],"potions_floor_usage":[12,14,16,16],"damage_taken":[{"damage":0,"enemies":"2 Louse","floor":1,"turns":3},{"damage":6,"enemies":"Cultist","floor":3,"turns":3},{"damage":6,"enemies":"Jaw Worm","floor":5,"turns":2},{"damage":49,"enemies":"Lagavulin","floor":6,"turns":11},{"damage":8,"enemies":"2 Fungi Beasts","floor":8,"turns":3},{"damage":7,"enemies":"Blue Slaver","floor":10,"turns":2},{"damage":6,"enemies":"Exordium Wildlife","floor":12,"turns":4},{"damage":12,"enemies":"Large Slime","floor":14,"turns":7},{"damage":36,"enemies":"Slime Boss","floor":16,"turns":7}],"seed_played":"-3363476382475186804","potions_obtained":[{"floor":5,"key":"sneckomod:MuddlingPotion"},{"floor":6,"key":"conspire:TimeTravelPotion"},{"floor":8,"key":"AttackPotion"},{"floor":14,"key":"Explosive Potion"}],"is_trial":false,"path_per_floor":["M","?","M","?","M","E","R","M","T","M","?","M","R","M","R","B"],"character_chosen":"THE_BLADEMASTER","items_purchased":[],"campfire_rested":2,"item_purchase_floors":[],"current_hp_per_floor":[82,82,76,76,70,21,45,37,37,30,30,30,30,18,42,6,6],"gold":242,"neow_bonus":"TEN_PERCENT_HP_BONUS","is_daily":false,"chose_seed":false,"campfire_upgraded":1,"win_rate":0.0,"timestamp":1612504310,"path_taken":["M","?","M","?","M","E","R","M","T","M","?","M","R","M","R","BOSS"],"items_purchased_type":[],"build_version":"2020-12-22","purchased_purges":0,"victory":false,"max_hp_per_floor":[82,82,82,82,82,82,82,82,82,82,82,82,82,82,82,82,82],"card_choices":[{"not_picked":["blademaster:BladeCross","blademaster:Frenzy"],"picked":"blademaster:BloodyBlow","floor":1},{"not_picked":["blademaster:SharpBlades","blademaster:ParryingStrike"],"picked":"blademaster:AspectOfWind","floor":3},{"not_picked":["blademaster:DaggerAndCloak","blademaster:Quickness"],"picked":"blademaster:Reversal","floor":5},{"not_picked":["blademaster:EyeOfTheStorm","blademaster:Gust"],"picked":"blademaster:StanceMastery","floor":6},{"not_picked":["blademaster:CombatPrep","blademaster:AwakeningDefend"],"picked":"blademaster:Havoc","floor":8},{"not_picked":["blademaster:ThunderSlash","blademaster:FuryOfTheElements"],"picked":"blademaster:AwakeningDefend","floor":10},{"not_picked":["blademaster:FuriousStrike","blademaster:ThunderingOpener"],"picked":"blademaster:ParryingStrike","floor":12},{"not_picked":["blademaster:Stormstrike","blademaster:Stability"],"picked":"blademaster:ColdBlood","floor":14}],"player_experience":48030,"relics_obtained":[{"floor":2,"key":"Juzu Bracelet"},{"floor":6,"key":"MealTicket"},{"floor":6,"key":"blademaster:RandomBladePerk"},{"floor":9,"key":"hubris:BottledRain"}],"event_choices":[{"damage_healed":0,"gold_gain":0,"player_choice":"Relic","damage_taken":0,"max_hp_gain":0,"max_hp_loss":0,"event_name":"Wheel of Change","floor":2,"gold_loss":0},{"damage_healed":0,"gold_gain":0,"player_choice":"Leave","damage_taken":0,"max_hp_gain":0,"max_hp_loss":0,"event_name":"conspire:Investor","floor":11,"gold_loss":0}],"is_beta":false,"boss_relics":[],"items_purged_floors":[],"is_endless":false,"potions_floor_spawned":[5,6,8,14],"killed_by":"Slime Boss","ascension_level":0}}