{"host":"uv5ws9rdk87e8i5k","time":1612539431,"event":{"mods":["AchievementEnabler","BaseMod","Colored Map","Minty Spire (QoL Compilation)","Permanent Neow","Quick Restart","StSLib","SuperFastMode","The Necromancer"],"gold_per_floor":[119,44,119,134,152,186,186,212,212,231,231,243,256,289,289,393,393,404,417,442,442,541,566,566,592,617,628,628,645,176,186,186,284,284,304,354,576,576,594,628,646,5,30,30,30,41,74,84,84,84],"floor_reached":51,"language":"ENG","playtime":1236,"items_purged":["Doubt","Pain","Strike_R"],"score":941,"play_id":"71e6f07a-5b1e-4854-b557-c4baeb8fab79","local_time":"20210205093711","is_ascension_mode":true,"campfire_choices":[{"data":"Demon Form","floor":7.0,"key":"SMITH"},{"data":"Hemokinesis","floor":15.0,"key":"SMITH"},{"data":"Feed","floor":24.0,"key":"SMITH"},{"data":"Havoc","floor":28.0,"key":"SMITH"},{"data":"Pommel Strike","floor":32.0,"key":"SMITH"},{"data":"Demon Form","floor":44.0,"key":"SMITH"},{"floor":49.0,"key":"REST"}],"circlet_count":0,"master_deck":["Strike_R","Strike_R","Strike_R","Strike_R","Defend_R","Defend_R","Defend_R+1","Bash","Feed+1","Clash","Perfected Strike","Demon Form+1","Heavy Blade+1","Shrug It Off","Hemokinesis+1","Reaper","Pommel Strike+1","Havoc+1","Havoc+1","Shrug It Off","Reaper","Pummel","Impervious","CurseOfTheBell","Heavy Blade","Warcry","Demon Form+1","Writhe","Clumsy","Inflame+1","Heavy Blade+1"],"relics":["Burning Blood","War Paint","Mummified Hand","Oddly Smooth Stone","Blue Candle","Cursed Key","Red Mask","MutagenicStrength","Letter Opener","Paper Frog","Red Skull","Brimstone","Calling Bell","Tiny Chest","Pear","Bird Faced Urn","Champion Belt","Orichalcum","PreservedInsect","Regal Pillow","Happy Flower","Bottled Flame","Nunchaku"],"acts_visited":["Exordium","TheCity","TheBeyond"],"potions_floor_usage":[50,50],"damage_taken":[{"damage":18.0,"enemies":"Jaw Worm","floor":1.0,"turns":4.0},{"damage":2.0,"enemies":"Small Slimes","floor":4.0,"turns":2.0},{"damage":2.0,"enemies":"2 Louse","floor":5.0,"turns":2.0},{"damage":14.0,"enemies":"Gremlin Nob","floor":6.0,"turns":3.0},{"damage":23.0,"enemies":"Lagavulin","floor":8.0,"turns":6.0},{"damage":2.0,"enemies":"Blue Slaver","floor":10.0,"turns":3.0},{"damage":0.0,"enemies":"Looter","floor":12.0,"turns":4.0},{"damage":0.0,"enemies":"Large Slime","floor":13.0,"turns":5.0},{"damage":11.0,"enemies":"3 Sentries","floor":14.0,"turns":4.0},{"damage":44.0,"enemies":"The Guardian","floor":16.0,"turns":7.0},{"damage":5.0,"enemies":"Chosen","floor":18.0,"turns":3.0},{"damage":19.0,"enemies":"Shell Parasite","floor":19.0,"turns":5.0},{"damage":8.0,"enemies":"Masked Bandits","floor":20.0,"turns":3.0},{"damage":9.0,"enemies":"Gremlin Leader","floor":23.0,"turns":5.0},{"damage":46.0,"enemies":"Slavers","floor":25.0,"turns":6.0},{"damage":9.0,"enemies":"Centurion and Healer","floor":27.0,"turns":4.0},{"damage":26.0,"enemies":"Sentry and Sphere","floor":29.0,"turns":5.0},{"damage":3.0,"enemies":"Cultist and Chosen","floor":31.0,"turns":4.0},{"damage":35.0,"enemies":"Champ","floor":33.0,"turns":5.0},{"damage":0.0,"enemies":"Orb Walker","floor":35.0,"turns":2.0},{"damage":14.0,"enemies":"Mind Bloom Boss Battle","floor":36.0,"turns":6.0},{"damage":15.0,"enemies":"3 Shapes","floor":39.0,"turns":2.0},{"damage":91.0,"enemies":"Nemesis","floor":40.0,"turns":7.0},{"damage":21.0,"enemies":"Maw","floor":41.0,"turns":5.0},{"damage":12.0,"enemies":"4 Shapes","floor":46.0,"turns":3.0},{"damage":29.0,"enemies":"Reptomancer","floor":47.0,"turns":4.0},{"damage":21.0,"enemies":"3 Darklings","floor":48.0,"turns":3.0},{"damage":85,"enemies":"Awakened One","floor":50,"turns":6}],"seed_played":"7921159622754136518","potions_obtained":[{"floor":4.0,"key":"FearPotion"},{"floor":5.0,"key":"SteroidPotion"},{"floor":6.0,"key":"BlessingOfTheForge"},{"floor":8.0,"key":"Regen Potion"},{"floor":14.0,"key":"SpeedPotion"},{"floor":18.0,"key":"SneckoOil"},{"floor":19.0,"key":"PowerPotion"},{"floor":23.0,"key":"Block Potion"},{"floor":25.0,"key":"DistilledChaos"},{"floor":31.0,"key":"Fire Potion"},{"floor":36.0,"key":"Explosive Potion"},{"floor":39.0,"key":"Fire Potion"},{"floor":40.0,"key":"AttackPotion"},{"floor":48.0,"key":"SpeedPotion"}],"is_trial":false,"path_per_floor":["M","$","?","M","M","E","R","E","T","M","?","M","M","E","R","B",null,"M","M","?","?","?","E","R","E","T","M","R","M","$","M","R","B",null,"M","?","?","?","M","E","M","$","T","R","T","M","E","M","R","B",null],"character_chosen":"IRONCLAD","items_purchased":["Brimstone","Reaper","Regen Potion","Demon Form","PreservedInsect","Regal Pillow","PowerPotion"],"campfire_rested":1,"item_purchase_floors":[30,30,30,42,42,42,42],"current_hp_per_floor":[71,71,60,67,71,63,63,46,46,59,59,65,74,72,72,37,95,95,95,100,100,100,97,97,81,81,88,88,72,72,89,89,117,127,131,126,126,126,119,99,90,90,90,90,90,90,96,101,139,111],"gold":84,"neow_bonus":"THREE_RARE_CARDS","is_daily":false,"chose_seed":false,"campfire_upgraded":6,"win_rate":0.0,"timestamp":1612539431,"path_taken":["M","$","?","M","M","E","R","E","T","M","?","M","M","E","R","BOSS","M","M","?","?","?","E","R","E","T","M","R","M","$","M","R","BOSS","M","?","?","?","M","E","M","$","T","R","?","?","E","M","R","BOSS"],"items_purchased_type":["Relic","Card","Potion","Card","Relic","Relic","Potion"],"build_version":"2020-12-22","purchased_purges":3,"victory":true,"max_hp_per_floor":[83,83,83,86,86,86,86,86,86,86,86,86,89,92,92,95,95,95,98,101,101,101,101,101,105,105,105,105,109,109,113,113,117,127,131,131,131,131,131,131,135,135,135,135,135,139,139,139,139,139],"card_choices":[{"not_picked":["Juggernaut","Bludgeon"],"picked":"Feed","floor":0.0},{"not_picked":["Heavy Blade","Second Wind"],"picked":"Clash","floor":1.0},{"not_picked":["Sever Soul","Reckless Charge"],"picked":"Perfected Strike","floor":4.0},{"not_picked":["Anger","Uppercut","Fire Breathing"],"picked":"SKIP","floor":5.0},{"not_picked":["Intimidate","Clothesline"],"picked":"Demon Form","floor":6.0},{"not_picked":["Clash","Cleave"],"picked":"Heavy Blade","floor":8.0},{"not_picked":["Shockwave","Cleave","Rampage"],"picked":"SKIP","floor":10.0},{"not_picked":["Thunderclap","Rampage"],"picked":"Shrug It Off","floor":12.0},{"not_picked":["Sever Soul","Reckless Charge"],"picked":"Hemokinesis","floor":13.0},{"not_picked":["Anger","Blood for Blood","Thunderclap"],"picked":"SKIP","floor":14.0},{"not_picked":["Impervious","Juggernaut"],"picked":"Reaper","floor":16.0},{"not_picked":["Sentinel","Combust","Clash+1"],"picked":"SKIP","floor":18.0},{"not_picked":["Thunderclap","Flex","Sever Soul+1"],"picked":"SKIP","floor":19.0},{"not_picked":["Rupture","Twin Strike+1"],"picked":"Pommel Strike","floor":20.0},{"not_picked":["Clash","Perfected Strike"],"picked":"Havoc+1","floor":23.0},{"not_picked":["True Grit","Blood for Blood+1"],"picked":"Havoc","floor":25.0},{"not_picked":["Sever Soul","Combust+1","Armaments"],"picked":"SKIP","floor":27.0},{"not_picked":["Uppercut+1","Rupture"],"picked":"Shrug It Off","floor":29.0},{"not_picked":["Bloodletting+1","Sentinel"],"picked":"Pummel","floor":31.0},{"not_picked":["Berserk","Exhume"],"picked":"Impervious","floor":33.0},{"not_picked":["Rage+1","Body Slam","True Grit+1"],"picked":"SKIP","floor":35.0},{"not_picked":["Twin Strike","Pummel"],"picked":"Heavy Blade","floor":36.0},{"not_picked":["Ghostly Armor","Rupture+1","Sword Boomerang+1"],"picked":"SKIP","floor":39.0},{"not_picked":["Clothesline","Clash","Armaments"],"picked":"SKIP","floor":40.0},{"not_picked":["Clothesline","Feel No Pain+1"],"picked":"Warcry","floor":41.0},{"not_picked":["Juggernaut","Sword Boomerang","Ghostly Armor+1"],"picked":"SKIP","floor":46.0},{"not_picked":["Warcry+1","Pommel Strike"],"picked":"Inflame+1","floor":47.0},{"not_picked":["Cleave+1","Fire Breathing+1"],"picked":"Heavy Blade+1","floor":48.0}],"player_experience":235926,"relics_obtained":[{"floor":6.0,"key":"War Paint"},{"floor":8.0,"key":"Mummified Hand"},{"floor":9.0,"key":"Oddly Smooth Stone"},{"floor":14.0,"key":"Blue Candle"},{"floor":20.0,"key":"Red Mask"},{"floor":23.0,"key":"Letter Opener"},{"floor":25.0,"key":"Paper Frog"},{"floor":26.0,"key":"Red Skull"},{"floor":34.0,"key":"Tiny Chest"},{"floor":34.0,"key":"Pear"},{"floor":34.0,"key":"Bird Faced Urn"},{"floor":36.0,"key":"Champion Belt"},{"floor":40.0,"key":"Orichalcum"},{"floor":43.0,"key":"Happy Flower"},{"floor":45.0,"key":"Bottled Flame"},{"floor":47.0,"key":"Nunchaku"}],"event_choices":[{"damage_healed":0.0,"max_hp_gain":0.0,"max_hp_loss":0.0,"gold_gain":75.0,"event_name":"World of Goop","player_choice":"Gather Gold","floor":3.0,"gold_loss":0.0,"damage_taken":11.0},{"damage_healed":0.0,"max_hp_gain":0.0,"max_hp_loss":0.0,"gold_gain":0.0,"event_name":"Living Wall","player_choice":"Grow","floor":11.0,"gold_loss":0.0,"damage_taken":0.0,"cards_upgraded":["Heavy Blade"]},{"damage_healed":0.0,"max_hp_gain":0.0,"max_hp_loss":0.0,"gold_gain":0.0,"event_name":"Masked Bandits","player_choice":"Fought Bandits","floor":20.0,"gold_loss":0.0,"damage_taken":0.0},{"damage_healed":0.0,"max_hp_gain":0.0,"max_hp_loss":0.0,"gold_gain":0.0,"event_name":"Drug Dealer","player_choice":"Inject Mutagens","floor":21.0,"gold_loss":0.0,"damage_taken":0.0,"relics_obtained":["MutagenicStrength"]},{"damage_healed":0.0,"max_hp_gain":0.0,"max_hp_loss":0.0,"gold_gain":99.0,"event_name":"Nest","player_choice":"Stole From Cult","floor":22.0,"gold_loss":0.0,"damage_taken":0.0},{"damage_healed":0.0,"max_hp_gain":0.0,"max_hp_loss":0.0,"gold_gain":0.0,"event_name":"MindBloom","player_choice":"Fight","floor":36.0,"gold_loss":0.0,"damage_taken":0.0},{"damage_healed":0.0,"max_hp_gain":0.0,"max_hp_loss":0.0,"gold_gain":222.0,"event_name":"Tomb of Lord Red Mask","player_choice":"Wore Mask","floor":37.0,"gold_loss":0.0,"damage_taken":0.0},{"cards_removed":["Defend_R"],"damage_healed":0.0,"max_hp_gain":0.0,"max_hp_loss":0.0,"gold_gain":0.0,"event_name":"Falling","player_choice":"Removed Skill","floor":38.0,"gold_loss":0.0,"damage_taken":0.0}],"is_beta":false,"boss_relics":[{"not_picked":["SacredBark","Mark of Pain"],"picked":"Cursed Key"},{"not_picked":["Runic Cube","SlaversCollar"],"picked":"Calling Bell"}],"items_purged_floors":[2,30,42],"is_endless":false,"potions_floor_spawned":[4,5,6,8,14,18,19,23,25,31,36,39,40,48],"ascension_level":2}}