{"host":"09c1j7k0szn5tpd7","time":1612504546,"event":{"mods":["BaseMod","Googly Eyes","Hubris","Infinite Spire","Minty Spire (QoL Compilation)","Replay The Spire","StSLib","??????REMEMod"],"gold_per_floor":[116,41,59,76,87,117,117,117,117],"floor_reached":8,"language":"ENG","playtime":1441,"items_purged":["Defend_P"],"score":87,"play_id":"5c901afc-8864-4145-9b3f-e7c0a29a4a9b","local_time":"20210205065546","is_ascension_mode":true,"campfire_choices":[{"floor":7,"key":"REST"}],"circlet_count":0,"master_deck":["AscendersBane","Strike_P","Strike_P","Strike_P","Strike_P","Defend_P","Defend_P","Defend_P","Eruption","Vigilance","Wish","TalkToTheHand","Replay:ManipulateFuture","EmptyFist","Replay:Battleflow"],"relics":["PureWater","REME_ComplimentaryCards","Replay:Ringing Soul"],"acts_visited":["Exordium"],"potions_floor_usage":[],"damage_taken":[{"damage":6.0,"enemies":"Small Slimes","floor":1.0,"turns":3.0},{"damage":2.0,"enemies":"Cultist","floor":3.0,"turns":5.0},{"damage":7.0,"enemies":"Jaw Worm","floor":4.0,"turns":4.0},{"damage":7.0,"enemies":"Looter","floor":5.0,"turns":4.0},{"damage":16,"enemies":"Replay:BlueRogue","floor":6,"turns":7},{"damage":53,"enemies":"3 Sentries","floor":8,"turns":7}],"seed_played":"7885485993747566135","potions_obtained":[{"floor":4.0,"key":"Milkshake"}],"is_trial":false,"path_per_floor":["M","$","M","M","M","E","R","E"],"character_chosen":"WATCHER","items_purchased":[],"campfire_rested":1,"item_purchase_floors":[],"current_hp_per_floor":[59,59,57,50,43,27,48,0,0],"gold":117,"neow_bonus":"ONE_RANDOM_RARE_CARD","is_daily":false,"chose_seed":false,"campfire_upgraded":0,"win_rate":0.0,"timestamp":1612504546,"path_taken":["M","$","M","M","M","E","R","E"],"items_purchased_type":[],"build_version":"2020-12-22","purchased_purges":1,"victory":false,"max_hp_per_floor":[72,72,72,72,72,72,72,75,75],"card_choices":[{"not_picked":["Evaluate","JustLucky"],"picked":"TalkToTheHand","floor":1.0},{"not_picked":["Collect","Pray","PathToVictory"],"picked":"SKIP","floor":3.0},{"not_picked":["Replay:BluntJabs","FearNoEvil"],"picked":"Replay:ManipulateFuture","floor":4.0},{"not_picked":["Protect","Replay:DivineShield"],"picked":"EmptyFist","floor":5.0},{"not_picked":["LikeWater","Crescendo","Pray"],"picked":"SKIP","floor":6}],"player_experience":967168,"relics_obtained":[{"floor":6,"key":"Replay:Ringing Soul"}],"event_choices":[],"is_beta":false,"boss_relics":[],"items_purged_floors":[2],"is_endless":false,"potions_floor_spawned":[4],"killed_by":"3 Sentries","ascension_level":10}}