{"host":"w4b7hmige5bnqipq","time":1612543548,"event":{"mods":["2.2 Compatiblity","BaseMod","Colored Map","DeckTracker","Keyboard Shortcuts","Minty Spire (QoL Compilation)","Permanent Neow","Rare Cards Sparkle","SuperFastMode","everything is the same but u backflip on backflip","slay the spire mod where everything is the same but ironclad has a cowboy hat"],"gold_per_floor":[116,116,135,149,149,149,149,159,186,205,238,252,12,25,25,25,25],"floor_reached":16,"language":"KOR","playtime":496,"items_purged":["Strike_G"],"score":208,"play_id":"0f316532-0835-4a28-9915-d6b89c083eb0","local_time":"20210206014548","is_ascension_mode":true,"campfire_choices":[{"data":"Crippling Poison","floor":7.0,"key":"SMITH"},{"data":"Catalyst","floor":15,"key":"SMITH"}],"circlet_count":0,"master_deck":["AscendersBane","Strike_G+1","Defend_G","Defend_G","Defend_G","Defend_G","Defend_G","Survivor+1","Neutralize","Storm of Steel","Catalyst+1","Deadly Poison","Backflip","Crippling Poison+1","Dagger Throw","Noxious Fumes","Poisoned Stab","Blur","Well Laid Plans"],"relics":["Ring of the Snake","Happy Flower","Art of War"],"acts_visited":["Exordium"],"potions_floor_usage":[16,16],"damage_taken":[{"damage":8.0,"enemies":"2 Louse","floor":1.0,"turns":7.0},{"damage":0.0,"enemies":"Cultist","floor":3.0,"turns":3.0},{"damage":0.0,"enemies":"Jaw Worm","floor":4.0,"turns":5.0},{"damage":1.0,"enemies":"Blue Slaver","floor":8.0,"turns":4.0},{"damage":0.0,"enemies":"2 Fungi Beasts","floor":10.0,"turns":3.0},{"damage":5.0,"enemies":"Lagavulin","floor":11.0,"turns":6.0},{"damage":9.0,"enemies":"Gremlin Gang","floor":12.0,"turns":3.0},{"damage":1,"enemies":"Blue Slaver","floor":14,"turns":4},{"damage":21,"enemies":"Slime Boss","floor":16,"turns":10}],"seed_played":"-2062470605756305329","potions_obtained":[{"floor":3.0,"key":"FearPotion"},{"floor":4.0,"key":"Swift Potion"},{"floor":14,"key":"Block Potion"}],"is_trial":false,"path_per_floor":["M","?","M","M","?","?","R","M","T","M","E","M","$","M","R","B"],"character_chosen":"THE_SILENT","items_purchased":["Blur","Well Laid Plans"],"campfire_rested":0,"item_purchase_floors":[13,13],"current_hp_per_floor":[51,51,51,51,33,33,33,32,32,32,27,18,18,17,17,0,0],"gold":25,"neow_bonus":"TRANSFORM_TWO_CARDS","is_daily":false,"chose_seed":false,"campfire_upgraded":2,"win_rate":0.0,"timestamp":1612543548,"path_taken":["M","?","M","?","?","?","R","M","T","M","E","M","?","M","R","BOSS"],"items_purchased_type":["Card","Card"],"build_version":"2020-12-22","purchased_purges":1,"victory":false,"max_hp_per_floor":[60,60,60,60,60,60,60,60,60,60,60,60,60,60,60,60,60],"card_choices":[{"not_picked":["Acrobatics","Terror"],"picked":"Deadly Poison","floor":1.0},{"not_picked":["Heel Hook","Flying Knee","Deadly Poison"],"picked":"SKIP","floor":3.0},{"not_picked":["Quick Slash","Heel Hook"],"picked":"Crippling Poison","floor":4.0},{"not_picked":["Cloak And Dagger","Flying Knee"],"picked":"Dagger Throw","floor":8.0},{"not_picked":["Heel Hook","Storm of Steel","Finisher"],"picked":"SKIP","floor":10.0},{"not_picked":["Crippling Poison","Concentrate"],"picked":"Noxious Fumes","floor":11.0},{"not_picked":["Terror","Quick Slash"],"picked":"Poisoned Stab","floor":12.0},{"not_picked":["Quick Slash","Infinite Blades","Crippling Poison"],"picked":"SKIP","floor":14}],"player_experience":711259,"relics_obtained":[{"floor":9.0,"key":"Happy Flower"},{"floor":11.0,"key":"Art of War"}],"event_choices":[{"damage_healed":0.0,"max_hp_gain":0.0,"max_hp_loss":0.0,"gold_gain":0.0,"event_name":"Match and Keep!","player_choice":"1 cards matched","floor":2.0,"gold_loss":0.0,"damage_taken":0.0,"cards_obtained":["Backflip"]},{"damage_healed":0.0,"max_hp_gain":0.0,"max_hp_loss":0.0,"gold_gain":0.0,"event_name":"Shining Light","player_choice":"Entered Light","floor":5.0,"gold_loss":0.0,"damage_taken":18.0,"cards_upgraded":["Strike_G","Survivor"]},{"cards_removed":["Strike_G"],"damage_healed":0.0,"max_hp_gain":0.0,"max_hp_loss":0.0,"gold_gain":0.0,"event_name":"Living Wall","player_choice":"Forget","floor":6.0,"gold_loss":0.0,"damage_taken":0.0}],"is_beta":false,"boss_relics":[],"items_purged_floors":[13],"is_endless":false,"potions_floor_spawned":[3,4,14],"killed_by":"Slime Boss","ascension_level":20}}