{"host":"gobyjzz6xbwq9f9i","time":1612502545,"event":{"mods":["AchievementEnabler","BaseMod","Bestiary","Colored Map","Minty Spire (QoL Compilation)","Relic Stats"],"gold_per_floor":[10,21,32,32,50,50,75,75,124,159,159,185,198,216,216,320,320,334,348,362,362,362,362,393,393,393,393,423,423,423,441,441,545,545,557,576,594,594,594,594,613,119,119,150,164,164,194,243,243,243],"floor_reached":51,"language":"ENG","playtime":2312,"items_purged":["Writhe"],"score":1210,"play_id":"429c0b32-ec3c-49a0-a03e-e007e834573f","local_time":"20210204212225","is_ascension_mode":true,"campfire_choices":[{"data":"Dagger Spray","floor":6,"key":"SMITH"},{"data":"Blade Dance","floor":8,"key":"SMITH"},{"data":"Footwork","floor":15,"key":"SMITH"},{"data":"Adrenaline","floor":23,"key":"SMITH"},{"data":"Accuracy","floor":25,"key":"SMITH"},{"data":"Backflip","floor":27,"key":"SMITH"},{"data":"Cloak And Dagger","floor":30,"key":"SMITH"},{"data":"Storm of Steel","floor":32,"key":"SMITH"},{"data":"Tools of the Trade","floor":40,"key":"SMITH"},{"data":"Footwork","floor":46,"key":"SMITH"},{"data":"Neutralize","floor":49,"key":"SMITH"}],"circlet_count":0,"master_deck":["AscendersBane","Strike_G","Strike_G","Defend_G","Defend_G","Defend_G","Defend_G","Defend_G","Survivor","Neutralize+1","Dagger Spray+1","Blade Dance+1","Slice","Cloak And Dagger+1","Footwork+1","Unload","Quick Slash","Adrenaline+1","Accuracy+1","Caltrops","Deflect+1","Storm of Steel+1","Cloak And Dagger+1","Backflip+1","PiercingWail+1","Sucker Punch+1","Tools of the Trade+1","After Image+1","Cloak And Dagger+1","Infinite Blades+1","Backflip+1","Acrobatics+1","Good Instincts","Backflip+1","Footwork+1","Dodge and Roll+1","PiercingWail+1"],"relics":["Ring of the Snake","Meat on the Bone","Akabeko","Centennial Puzzle","Strawberry","WristBlade","MutagenicStrength","MealTicket","Bottled Lightning","Eternal Feather","StrikeDummy","Astrolabe","Art of War","Lee\u0027s Waffle","Calipers","War Paint","Juzu Bracelet","Bag of Marbles"],"acts_visited":["Exordium","TheCity","TheBeyond"],"potions_floor_usage":[7,7,16,24,33,33,41,50,50,50],"damage_taken":[{"damage":5,"enemies":"Small Slimes","floor":1,"turns":4},{"damage":3,"enemies":"Jaw Worm","floor":2,"turns":6},{"damage":0,"enemies":"Cultist","floor":3,"turns":3},{"damage":5,"enemies":"Looter","floor":5,"turns":4},{"damage":20,"enemies":"Lagavulin","floor":7,"turns":6},{"damage":19,"enemies":"3 Sentries","floor":10,"turns":8},{"damage":0,"enemies":"Lagavulin","floor":12,"turns":8},{"damage":0,"enemies":"Exordium Wildlife","floor":13,"turns":1},{"damage":0,"enemies":"Blue Slaver","floor":14,"turns":3},{"damage":8,"enemies":"The Guardian","floor":16,"turns":12},{"damage":0,"enemies":"3 Byrds","floor":18,"turns":3},{"damage":8,"enemies":"2 Thieves","floor":19,"turns":2},{"damage":4,"enemies":"Snake Plant","floor":20,"turns":4},{"damage":26,"enemies":"Book of Stabbing","floor":24,"turns":4},{"damage":2,"enemies":"Gremlin Leader","floor":28,"turns":4},{"damage":1,"enemies":"Shelled Parasite and Fungi","floor":31,"turns":3},{"damage":39,"enemies":"Collector","floor":33,"turns":14},{"damage":1,"enemies":"Orb Walker","floor":35,"turns":3},{"damage":3,"enemies":"3 Shapes","floor":36,"turns":6},{"damage":30,"enemies":"Writhing Mass","floor":37,"turns":7},{"damage":5,"enemies":"3 Darklings","floor":41,"turns":6},{"damage":19,"enemies":"Reptomancer","floor":44,"turns":6},{"damage":4,"enemies":"Sphere and 2 Shapes","floor":45,"turns":5},{"damage":7,"enemies":"Giant Head","floor":47,"turns":8},{"damage":7,"enemies":"Donu and Deca","floor":50,"turns":8}],"seed_played":"-905662052834080108","potions_obtained":[{"floor":2,"key":"LiquidBronze"},{"floor":5,"key":"Explosive Potion"},{"floor":10,"key":"Strength Potion"},{"floor":12,"key":"Strength Potion"},{"floor":19,"key":"SpeedPotion"},{"floor":20,"key":"LiquidBronze"},{"floor":33,"key":"Strength Potion"},{"floor":37,"key":"Weak Potion"},{"floor":45,"key":"EssenceOfSteel"}],"is_trial":false,"path_per_floor":["M","M","M","?","M","R","E","R","T","E","?","E","M","M","R","B",null,"M","M","M","?","?","R","E","R","T","R","E","T","R","M","R","B",null,"M","M","M","?","?","R","M","$","T","E","M","R","E","T","R","B",null],"character_chosen":"THE_SILENT","items_purchased":["Footwork","PowerPotion","Art of War","Lee\u0027s Waffle"],"campfire_rested":0,"item_purchase_floors":[42,42,42,42],"current_hp_per_floor":[72,69,69,69,64,64,44,44,44,37,37,56,56,56,56,48,80,80,72,68,68,68,68,54,54,54,54,52,52,67,66,81,54,82,81,78,48,48,71,89,84,98,98,79,75,96,89,89,98,91],"gold":243,"neow_bonus":"TWENTY_PERCENT_HP_BONUS","is_daily":false,"chose_seed":false,"campfire_upgraded":11,"win_rate":0.0,"timestamp":1612502545,"path_taken":["M","M","M","?","M","R","E","R","T","E","?","E","?","M","R","BOSS","M","M","M","?","?","R","E","R","T","R","E","?","R","M","R","BOSS","M","M","M","?","?","R","M","$","T","E","M","R","E","?","R","BOSS"],"items_purchased_type":["Card","Potion","Relic","Relic"],"build_version":"2020-12-22","purchased_purges":1,"victory":true,"max_hp_per_floor":[84,84,84,84,84,84,84,84,84,84,84,91,91,91,91,91,91,91,91,91,91,91,91,91,91,91,91,91,91,91,91,91,91,91,91,91,91,91,91,91,91,98,98,98,98,98,98,98,98,98],"relic_stats":{"Centennial Puzzle":[42],"Lee\u0027s Waffle":7,"counters":[25,138],"Astrolabe":["After Image","Cloak And Dagger","Infinite Blades"],"MealTicket":7,"Eternal Feather":78,"Art of War":[1],"Juzu Bracelet":0,"War Paint":["Deflect","Cloak And Dagger"],"obtain_stats":[{"Lee\u0027s Waffle":42,"Calipers":43,"Astrolabe":34,"Eternal Feather":28,"Juzu Bracelet":47,"War Paint":44,"Akabeko":9,"Centennial Puzzle":10,"WristBlade":17,"Strawberry":12,"MutagenicStrength":22,"MealTicket":24,"Art of War":42,"Bag of Marbles":48,"Bottled Lightning":26,"StrikeDummy":29,"Ring of the Snake":0,"Meat on the Bone":7},{"Lee\u0027s Waffle":21,"Calipers":21,"Astrolabe":17,"Eternal Feather":15,"Juzu Bracelet":24,"War Paint":22,"Akabeko":5,"Centennial Puzzle":6,"WristBlade":10,"Strawberry":7,"MutagenicStrength":13,"MealTicket":14,"Art of War":21,"Bag of Marbles":24,"Bottled Lightning":14,"StrikeDummy":15,"Ring of the Snake":0,"Meat on the Bone":5},{"Lee\u0027s Waffle":111,"Calipers":111,"Astrolabe":89,"Eternal Feather":72,"Juzu Bracelet":130,"War Paint":117,"Akabeko":23,"Centennial Puzzle":31,"WristBlade":55,"Strawberry":39,"MutagenicStrength":64,"MealTicket":68,"Art of War":111,"Bag of Marbles":130,"Bottled Lightning":68,"StrikeDummy":72,"Ring of the Snake":0,"Meat on the Bone":23}],"Ring of the Snake":[50],"Meat on the Bone":48},"card_choices":[{"not_picked":["Outmaneuver","Flying Knee"],"picked":"Dagger Spray","floor":1},{"not_picked":["Flechettes","Caltrops"],"picked":"Blade Dance","floor":2},{"not_picked":["Catalyst","Deadly Poison"],"picked":"Slice","floor":3},{"not_picked":["Heel Hook","Well Laid Plans"],"picked":"Cloak And Dagger","floor":5},{"not_picked":["Distraction","Underhanded Strike"],"picked":"Footwork","floor":7},{"not_picked":["Reflex","Quick Slash"],"picked":"Unload","floor":10},{"not_picked":["Blur","Backstab"],"picked":"Accuracy","floor":12},{"not_picked":["Dagger Spray","Quick Slash"],"picked":"Caltrops","floor":13},{"not_picked":["Catalyst","Outmaneuver"],"picked":"Deflect","floor":14},{"not_picked":["Glass Knife","Night Terror"],"picked":"Storm of Steel","floor":16},{"not_picked":["Choke+1","Prepared"],"picked":"Cloak And Dagger","floor":18},{"not_picked":["Bouncing Flask","Riddle With Holes+1","Predator"],"picked":"SKIP","floor":19},{"not_picked":["Slice","Tactician+1","Dagger Spray"],"picked":"SKIP","floor":20},{"not_picked":["Acrobatics","Deadly Poison"],"picked":"PiercingWail+1","floor":24},{"not_picked":["Dagger Throw","Crippling Poison"],"picked":"Sucker Punch+1","floor":28},{"not_picked":["Choke","Poisoned Stab","Underhanded Strike"],"picked":"SKIP","floor":31},{"not_picked":["Storm of Steel","Unload"],"picked":"Tools of the Trade","floor":33},{"not_picked":["Prepared","Flying Knee+1"],"picked":"Backflip+1","floor":35},{"not_picked":["Deflect","PiercingWail","Underhanded Strike"],"picked":"SKIP","floor":36},{"not_picked":["Unload","Sucker Punch+1"],"picked":"Acrobatics+1","floor":37},{"not_picked":["Impatience","Jack Of All Trades"],"picked":"Good Instincts","floor":38},{"not_picked":["Leg Sweep","Skewer+1"],"picked":"Backflip+1","floor":41},{"not_picked":["Sucker Punch","Riddle With Holes+1","Dagger Spray+1"],"picked":"SKIP","floor":44},{"not_picked":["Crippling Poison+1","Slice+1"],"picked":"Dodge and Roll+1","floor":45},{"not_picked":["Masterful Stab+1","Deadly Poison"],"picked":"PiercingWail+1","floor":47}],"player_experience":1286694,"relics_obtained":[{"floor":7,"key":"Meat on the Bone"},{"floor":9,"key":"Akabeko"},{"floor":10,"key":"Centennial Puzzle"},{"floor":12,"key":"Strawberry"},{"floor":24,"key":"MealTicket"},{"floor":26,"key":"Bottled Lightning"},{"floor":28,"key":"Eternal Feather"},{"floor":29,"key":"StrikeDummy"},{"floor":43,"key":"Calipers"},{"floor":44,"key":"War Paint"},{"floor":47,"key":"Juzu Bracelet"},{"floor":48,"key":"Bag of Marbles"}],"event_choices":[{"damage_healed":0,"gold_gain":0,"player_choice":"Ignored","damage_taken":0,"max_hp_gain":0,"max_hp_loss":0,"event_name":"Golden Idol","floor":4,"gold_loss":0},{"damage_healed":0,"gold_gain":0,"player_choice":"2 cards matched","damage_taken":0,"max_hp_gain":0,"max_hp_loss":0,"event_name":"Match and Keep!","floor":11,"gold_loss":0,"cards_obtained":["Quick Slash","Adrenaline"]},{"damage_healed":0,"gold_gain":0,"player_choice":"Read","damage_taken":0,"max_hp_gain":0,"max_hp_loss":0,"event_name":"The Library","floor":21,"gold_loss":0,"cards_obtained":["Backflip"]},{"damage_healed":0,"gold_gain":0,"player_choice":"Inject Mutagens","damage_taken":0,"relics_obtained":["MutagenicStrength"],"max_hp_gain":0,"max_hp_loss":0,"event_name":"Drug Dealer","floor":22,"gold_loss":0},{"damage_healed":0,"gold_gain":0,"player_choice":"Memory 1","damage_taken":0,"max_hp_gain":0,"max_hp_loss":0,"event_name":"SensoryStone","floor":38,"gold_loss":0},{"damage_healed":23,"gold_gain":0,"player_choice":"Writhe","damage_taken":0,"max_hp_gain":0,"max_hp_loss":0,"event_name":"Winding Halls","floor":39,"gold_loss":0,"cards_obtained":["Writhe"]}],"is_beta":false,"boss_relics":[{"not_picked":["Fusion Hammer","Pandora\u0027s Box"],"picked":"WristBlade"},{"not_picked":["Tiny House","Snecko Eye"],"picked":"Astrolabe"}],"items_purged_floors":[42],"is_endless":false,"potions_floor_spawned":[2,5,10,12,19,20,33,37,45,47],"ascension_level":10}}