{"host":"w5aax206trqkckez","time":1612484360,"event":{"mods":["AchievementEnabler","BaseMod","Colored Map","Colored Powertips","DeckTracker","Minty Spire (QoL Compilation)","StSLib"],"gold_per_floor":[110,110,110,75,91,91,107,127,150,150,161,176,100,114,114,215,215,231,181,199,209,227,227,238,248,273,288,0,0,0],"floor_reached":29,"language":"ENG","playtime":2873,"items_purged":[],"score":245,"play_id":"0df65087-4098-40f6-8d77-9c82716bc346","local_time":"20210204171920","is_ascension_mode":true,"campfire_choices":[{"data":"Headbutt","floor":6,"key":"SMITH"},{"data":"Rupture","floor":15,"key":"SMITH"},{"floor":23,"key":"REST"}],"circlet_count":0,"master_deck":["Strike_R","Strike_R","Strike_R","Strike_R","Defend_R","Defend_R","Defend_R","Defend_R","Bash","Rupture+1","Regret","Flex","Headbutt+1","Ghostly Armor","Sword Boomerang","Combust","Impervious","Rage","Twin Strike","Immolate","Iron Wave+1","Infernal Blade","Pommel Strike+1","Sword Boomerang+1","Perfected Strike","Bloodletting","Inflame"],"relics":["Burning Blood","Incense Burner","Toy Ornithopter","PreservedInsect","Mummified Hand","Philosopher\u0027s Stone","Regal Pillow","Ice Cream"],"acts_visited":["Exordium","TheCity"],"potions_floor_usage":[12,16,16,21,21,21,21,21,22,25,27],"damage_taken":[{"damage":8,"enemies":"2 Louse","floor":1,"turns":3},{"damage":8,"enemies":"Jaw Worm","floor":5,"turns":5},{"damage":1,"enemies":"Cultist","floor":7,"turns":3},{"damage":4,"enemies":"Exordium Wildlife","floor":8,"turns":6},{"damage":14,"enemies":"Blue Slaver","floor":11,"turns":3},{"damage":0,"enemies":"Lots of Slimes","floor":12,"turns":1},{"damage":2,"enemies":"2 Fungi Beasts","floor":14,"turns":4},{"damage":14,"enemies":"Slime Boss","floor":16,"turns":7},{"damage":31,"enemies":"2 Thieves","floor":18,"turns":3},{"damage":32,"enemies":"3 Byrds","floor":20,"turns":4},{"damage":18,"enemies":"Centurion and Healer","floor":21,"turns":4},{"damage":10,"enemies":"Shelled Parasite and Fungi","floor":22,"turns":3},{"damage":26,"enemies":"Cultist and Chosen","floor":24,"turns":5},{"damage":24,"enemies":"Centurion and Healer","floor":25,"turns":6},{"damage":12,"enemies":"Snecko","floor":27,"turns":3},{"damage":49,"enemies":"Shelled Parasite and Fungi","floor":29,"turns":3}],"seed_played":"8503296643066178756","potions_obtained":[{"floor":1,"key":"Explosive Potion"},{"floor":7,"key":"SteroidPotion"},{"floor":12,"key":"Dexterity Potion"},{"floor":14,"key":"PowerPotion"},{"floor":20,"key":"EntropicBrew"},{"floor":21,"key":"DistilledChaos"},{"floor":24,"key":"SneckoOil"},{"floor":25,"key":"Strength Potion"},{"floor":27,"key":"SpeedPotion"}],"is_trial":false,"path_per_floor":["M","?","?","?","M","R","M","M","T","T","M","M","$","M","R","B",null,"M","?","M","M","M","R","M","M","T","M","$","M"],"character_chosen":"IRONCLAD","items_purchased":["Rage","Ice Cream"],"campfire_rested":1,"item_purchase_floors":[13,28],"current_hp_per_floor":[54,54,54,74,72,72,77,79,79,79,71,80,80,80,80,72,80,55,55,29,42,43,67,47,34,34,33,33,0,0],"gold":0,"neow_bonus":"ONE_RARE_RELIC","is_daily":false,"chose_seed":false,"campfire_upgraded":2,"win_rate":0.0,"timestamp":1612484360,"path_taken":["M","?","?","?","M","R","M","M","T","?","?","M","$","M","R","BOSS","M","?","M","M","M","R","M","?","T","M","$","M"],"items_purchased_type":["Card","Relic"],"build_version":"2020-12-22","purchased_purges":0,"victory":false,"max_hp_per_floor":[80,80,80,80,80,80,80,80,80,80,80,80,80,80,80,80,80,80,80,80,80,80,80,80,80,80,80,80,80,80],"card_choices":[{"not_picked":["Armaments","Battle Trance"],"picked":"Rupture","floor":1},{"not_picked":["Havoc","Iron Wave"],"picked":"Headbutt","floor":5},{"not_picked":["Clothesline","Twin Strike"],"picked":"Ghostly Armor","floor":7},{"not_picked":["Flex","Evolve"],"picked":"Sword Boomerang","floor":8},{"not_picked":["Searing Blow","Dropkick"],"picked":"Combust","floor":11},{"not_picked":["Dark Embrace","Wild Strike"],"picked":"Impervious","floor":12},{"not_picked":["Thunderclap","Havoc"],"picked":"Twin Strike","floor":14},{"not_picked":["Limit Break","Barricade"],"picked":"Immolate","floor":16},{"not_picked":["Clash","True Grit"],"picked":"Iron Wave+1","floor":18},{"not_picked":["Rampage","Metallicize"],"picked":"Infernal Blade","floor":20},{"not_picked":["Burning Pact","Dropkick"],"picked":"Pommel Strike+1","floor":21},{"not_picked":["Thunderclap","Reckless Charge"],"picked":"Sword Boomerang+1","floor":22},{"not_picked":["Searing Blow","Sentinel"],"picked":"Perfected Strike","floor":24},{"not_picked":["Headbutt+1","Twin Strike"],"picked":"Bloodletting","floor":25},{"not_picked":["Heavy Blade","Sword Boomerang"],"picked":"Inflame","floor":27}],"player_experience":49053,"relics_obtained":[{"floor":9,"key":"PreservedInsect"},{"floor":10,"key":"Mummified Hand"},{"floor":26,"key":"Regal Pillow"}],"event_choices":[{"damage_healed":0,"gold_gain":0,"player_choice":"Box","damage_taken":0,"relics_obtained":["Toy Ornithopter"],"max_hp_gain":0,"max_hp_loss":0,"event_name":"Big Fish","floor":2,"gold_loss":0,"cards_obtained":["Regret"]},{"damage_healed":0,"gold_gain":0,"cards_transformed":["Strike_R"],"player_choice":"Change","damage_taken":0,"max_hp_gain":0,"max_hp_loss":0,"event_name":"Living Wall","floor":3,"gold_loss":0,"cards_obtained":["Flex"]},{"damage_healed":20,"gold_gain":0,"player_choice":"Healed","damage_taken":0,"max_hp_gain":0,"max_hp_loss":0,"event_name":"The Cleric","floor":4,"gold_loss":35},{"damage_healed":0,"gold_gain":0,"player_choice":"Bet on Murderer","damage_taken":0,"max_hp_gain":0,"max_hp_loss":0,"event_name":"The Joust","floor":19,"gold_loss":50}],"is_beta":false,"boss_relics":[{"not_picked":["SacredBark","Sozu"],"picked":"Philosopher\u0027s Stone"}],"items_purged_floors":[],"is_endless":false,"potions_floor_spawned":[1,7,12,14,20,21,24,25,27],"killed_by":"Shelled Parasite and Fungi","ascension_level":2}}