{"host":"germdzgqjm582g8g","time":1612566989,"event":{"mods":["AchievementEnabler","BaseMod","BetterRewards","Card Forge","Colored Map","Colored Powertips","Minty Spire (QoL Compilation)","Permanent Neow","Quick Restart","Reworked Bosses","StSLib","UnlockEverythingMod"],"gold_per_floor":[15,34,34,52,68,99,99,143,197,240,264,299,449,470,470,564,564,578,249,263,288,121,157,157,198,198,212,212,212,212,212,212,305,305,328,343,343,362,377,411,411,435,460,491,527,527,364,377,377,377,377,377,377,55,95,95,95],"floor_reached":56,"language":"ENG","playtime":4427,"items_purged":[],"score":2529,"play_id":"d8ec7a04-9d1d-4e6a-8148-b9762c329a38","local_time":"20210206001629","is_ascension_mode":true,"campfire_choices":[{"floor":7,"key":"RECALL"},{"floor":15,"key":"REST"},{"floor":24,"key":"REST"},{"floor":30,"key":"REST"},{"floor":32,"key":"REST"},{"floor":41,"key":"REST"},{"floor":49,"key":"REST"},{"floor":53,"key":"REST"}],"circlet_count":0,"master_deck":["AscendersBane","Rainbow+1","Electrodynamics+1","Fission+1","Defragment+1","Genetic Algorithm+1","Storm+1","Turbo+1","Tempest+1","Turbo+1","Heatsinks+1","Biased Cognition+1","Capacitor+1","Capacitor+1","CurseOfTheBell","Creative AI+1","Defragment+1","Chaos+1","Echo Form+1"],"relics":["Cracked Core","Hammer of Thor","Seething Fire","Anvil of the Gods","Golden Idol","InkBottle","Cables","Bag of Preparation","Regal Pillow","Centennial Puzzle","Strange Spoon","MealTicket","Lee\u0027s Waffle","Lantern","Du-Vu Doll","Nilry\u0027s Codex","Calling Bell","Omamori","Letter Opener","Ginger","Bronze Scales","Ancient Tea Set","Lizard Tail","Gremlin Horn","Juzu Bracelet","Boot","Happy Flower"],"acts_visited":["Exordium","TheCity","TheBeyond","TheEnding"],"potions_floor_usage":[10,50,50,56,56,56],"damage_taken":[{"damage":7,"enemies":"2 Louse","floor":1,"turns":2},{"damage":12,"enemies":"Small Slimes","floor":2,"turns":2},{"damage":11,"enemies":"Jaw Worm","floor":4,"turns":2},{"damage":11,"enemies":"Looter","floor":5,"turns":2},{"damage":10,"enemies":"3 Sentries","floor":6,"turns":2},{"damage":0,"enemies":"Lagavulin","floor":8,"turns":2},{"damage":0,"enemies":"3 Sentries","floor":10,"turns":2},{"damage":0,"enemies":"Gremlin Gang","floor":11,"turns":1},{"damage":0,"enemies":"Gremlin Nob","floor":12,"turns":1},{"damage":0,"enemies":"Lots of Slimes","floor":14,"turns":1},{"damage":0,"enemies":"Hexaghost","floor":16,"turns":2},{"damage":0,"enemies":"Shell Parasite","floor":18,"turns":1},{"damage":0,"enemies":"3 Byrds","floor":20,"turns":1},{"damage":12,"enemies":"Shelled Parasite and Fungi","floor":21,"turns":2},{"damage":0,"enemies":"Slavers","floor":23,"turns":2},{"damage":0,"enemies":"Gremlin Leader","floor":25,"turns":2},{"damage":0,"enemies":"Centurion and Healer","floor":27,"turns":1},{"damage":0,"enemies":"bossMod:newCollector","floor":33,"turns":3},{"damage":0,"enemies":"3 Darklings","floor":35,"turns":1},{"damage":0,"enemies":"3 Shapes","floor":36,"turns":1},{"damage":0,"enemies":"Writhing Mass","floor":38,"turns":2},{"damage":0,"enemies":"Maw","floor":39,"turns":2},{"damage":4,"enemies":"Giant Head","floor":40,"turns":5},{"damage":33,"enemies":"4 Shapes","floor":42,"turns":2},{"damage":0,"enemies":"Mind Bloom Boss Battle","floor":44,"turns":1},{"damage":0,"enemies":"Nemesis","floor":45,"turns":1},{"damage":0,"enemies":"Sphere and 2 Shapes","floor":48,"turns":1},{"damage":99,"enemies":"bossMod:newAwakened","floor":50,"turns":8},{"damage":11,"enemies":"Time Eater","floor":51,"turns":8},{"damage":0,"enemies":"Shield and Spear","floor":55,"turns":1},{"damage":85,"enemies":"The Heart","floor":56,"turns":5}],"seed_played":"-5244401065244934570","potions_obtained":[{"floor":5,"key":"Block Potion"},{"floor":6,"key":"Swift Potion"},{"floor":10,"key":"EssenceOfSteel"},{"floor":36,"key":"DistilledChaos"}],"is_trial":false,"path_per_floor":["M","M","?","M","M","E","R","E","T","E","M","E","?","M","R","B",null,"M","$","M","M","$","E","R","E","T","M","?","?","R","?","R","B",null,"M","M","$","M","M","E","R","M","T","?","E","?","$","M","R","B","B",null,"R","$","E","B"],"character_chosen":"DEFECT","items_purchased":["Strange Spoon","MealTicket","Lee\u0027s Waffle","Juzu Bracelet","Boot","Swift Potion","EntropicBrew"],"campfire_rested":7,"item_purchase_floors":[19,19,22,47,54,54,54],"current_hp_per_floor":[71,59,59,48,37,27,27,27,27,27,27,27,27,27,65,65,74,74,74,74,62,84,84,84,84,84,84,63,63,84,84,84,84,84,84,84,84,84,84,80,84,51,51,51,51,51,66,66,84,34,23,69,84,84,84,0,0],"gold":95,"neow_bonus":"TWENTY_PERCENT_HP_BONUS","is_daily":false,"chose_seed":false,"campfire_upgraded":0,"win_rate":0.0,"timestamp":1612566989,"path_taken":["M","M","?","M","M","E","R","E","T","E","M","E","?","M","R","BOSS","M","$","M","M","$","E","R","E","T","M","?","?","R","?","R","BOSS","M","M","$","M","?","E","R","?","T","?","E","?","$","M","R","BOSS","BOSS","R","$","E","BOSS"],"items_purchased_type":["Relic","Relic","Relic","Relic","Relic","Potion","Potion"],"build_version":"2020-12-22","purchased_purges":0,"victory":false,"max_hp_per_floor":[85,85,77,77,77,77,77,77,77,77,77,77,77,77,77,77,77,77,77,77,77,84,84,84,84,84,84,84,84,84,84,84,84,84,84,84,84,84,84,84,84,84,84,84,84,84,84,84,84,84,84,84,84,84,84,84,84],"card_choices":[{"not_picked":["Coolheaded","Sweeping Beam","Barrage"],"picked":"SKIP","floor":1},{"not_picked":["BootSequence","Recycle","Blizzard"],"picked":"SKIP","floor":2},{"not_picked":["Redo","Rebound","Go for the Eyes"],"picked":"SKIP","floor":4},{"not_picked":["Sunder","Aggregate","Chaos"],"picked":"SKIP","floor":5},{"not_picked":["Rebound","Conserve Battery","Glacier"],"picked":"SKIP","floor":6},{"not_picked":["Fission","Gash","Beam Cell"],"picked":"SKIP","floor":8},{"not_picked":["Gash","Doom and Gloom","Melter"],"picked":"SKIP","floor":10},{"not_picked":["Conserve Battery","Coolheaded","Redo"],"picked":"SKIP","floor":11},{"not_picked":["Melter","Beam Cell","Gash"],"picked":"SKIP","floor":12},{"not_picked":["Chill","Steam","Sunder"],"picked":"SKIP","floor":14},{"not_picked":["Streamline","Hello World+1","Chaos"],"picked":"SKIP","floor":18},{"not_picked":["Glacier","Sweeping Beam","Reinforced Body"],"picked":"SKIP","floor":20},{"not_picked":["Storm+1","Recycle","Turbo"],"picked":"SKIP","floor":21},{"not_picked":["Loop+1","Meteor Strike","Rip and Tear"],"picked":"SKIP","floor":23},{"not_picked":["Ball Lightning","Conserve Battery","Consume"],"picked":"SKIP","floor":25},{"not_picked":["Coolheaded","Go for the Eyes","FTL+1"],"picked":"SKIP","floor":27},{"not_picked":["Compile Driver","Skim","Aggregate"],"picked":"SKIP","floor":35},{"not_picked":["Barrage","Gash+1","Go for the Eyes"],"picked":"SKIP","floor":36},{"not_picked":["Genetic Algorithm","Multi-Cast","Cold Snap"],"picked":"SKIP","floor":38},{"not_picked":["Melter","Rebound+1","Doom and Gloom"],"picked":"SKIP","floor":39},{"not_picked":["Streamline+1","Force Field","Hello World"],"picked":"SKIP","floor":40},{"not_picked":["Beam Cell","Steam+1","Leap"],"picked":"SKIP","floor":42},{"not_picked":["Leap","Double Energy","Conserve Battery+1"],"picked":"SKIP","floor":45},{"not_picked":["Heatsinks","Barrage","Conserve Battery"],"picked":"SKIP","floor":48},{"not_picked":["Rainbow","Sweeping Beam","Hologram"],"picked":"SKIP","floor":55}],"player_experience":25228,"relics_obtained":[{"floor":6,"key":"InkBottle"},{"floor":8,"key":"Cables"},{"floor":9,"key":"Bag of Preparation"},{"floor":10,"key":"Regal Pillow"},{"floor":12,"key":"Centennial Puzzle"},{"floor":23,"key":"Lantern"},{"floor":25,"key":"Du-Vu Doll"},{"floor":28,"key":"Nilry\u0027s Codex"},{"floor":34,"key":"Omamori"},{"floor":34,"key":"Letter Opener"},{"floor":34,"key":"Ginger"},{"floor":40,"key":"Bronze Scales"},{"floor":43,"key":"Ancient Tea Set"},{"floor":44,"key":"Lizard Tail"},{"floor":45,"key":"Gremlin Horn"},{"floor":55,"key":"Happy Flower"}],"event_choices":[{"damage_healed":0,"gold_gain":0,"player_choice":"Lose Max HP","damage_taken":0,"relics_obtained":["Golden Idol"],"max_hp_gain":0,"max_hp_loss":8,"event_name":"Golden Idol","floor":3,"gold_loss":0},{"damage_healed":0,"gold_gain":150,"player_choice":"AGREE","damage_taken":0,"max_hp_gain":0,"max_hp_loss":0,"event_name":"Liars Game","floor":13,"gold_loss":0,"cards_obtained":["Doubt"]},{"damage_healed":0,"gold_gain":0,"player_choice":"Obtained Book","damage_taken":21,"max_hp_gain":0,"max_hp_loss":0,"event_name":"Cursed Tome","floor":28,"gold_loss":0},{"damage_healed":0,"gold_gain":0,"player_choice":"Ignored","damage_taken":0,"max_hp_gain":0,"max_hp_loss":0,"event_name":"Vampires","floor":29,"gold_loss":0},{"cards_removed":["Capacitor"],"damage_healed":0,"gold_gain":0,"player_choice":"Card Removal","damage_taken":0,"max_hp_gain":0,"max_hp_loss":0,"event_name":"Wheel of Change","floor":31,"gold_loss":0},{"damage_healed":0,"gold_gain":0,"player_choice":"Fight","damage_taken":0,"max_hp_gain":0,"max_hp_loss":0,"event_name":"MindBloom","floor":44,"gold_loss":0},{"damage_healed":0,"gold_gain":0,"player_choice":"Memory 1","damage_taken":0,"max_hp_gain":0,"max_hp_loss":0,"event_name":"SensoryStone","floor":46,"gold_loss":0}],"is_beta":false,"boss_relics":[{"not_picked":["Empty Cage","Runic Dome","Cursed Key"]},{"not_picked":["Inserter","Snecko Eye"],"picked":"Calling Bell"}],"items_purged_floors":[],"is_endless":false,"potions_floor_spawned":[5,6,8,10,14,16,20,21,25,33,36,39,42],"killed_by":"The Heart","ascension_level":20}}