{"host":"9ndbo4kgsfoemf7y","time":1612518716,"event":{"mods":["AchievementEnabler","BaseMod","Colored Map","DeckTracker","Keyboard Shortcuts","Minty Spire (QoL Compilation)","Permanent Neow","Quick Restart","Relic Stats","StSLib","SuperFastMode"],"gold_per_floor":[17,32,43,54,54,54,54],"floor_reached":6,"language":"KOR","playtime":365,"items_purged":[],"score":55,"play_id":"cc224ded-bd81-4fc8-a092-eca6d53ecc94","local_time":"20210205185156","is_ascension_mode":true,"campfire_choices":[],"circlet_count":0,"master_deck":["Strike_B","Strike_B","Strike_B","Defend_B","Defend_B","Defend_B","Zap","Dualcast","Fusion","Multi-Cast","Conserve Battery","Redo","Self Repair","FTL"],"relics":["Cracked Core","Pen Nib"],"acts_visited":[],"potions_floor_usage":[],"damage_taken":[{"damage":8.0,"enemies":"2 Louse","floor":1.0,"turns":2.0},{"damage":6.0,"enemies":"Cultist","floor":2.0,"turns":4.0},{"damage":13,"enemies":"Small Slimes","floor":3,"turns":3},{"damage":17,"enemies":"Blue Slaver","floor":4,"turns":4},{"damage":33,"enemies":"3 Sentries","floor":6,"turns":4}],"seed_played":"-5627027736709857113","potions_obtained":[{"floor":4,"key":"BlessingOfTheForge"}],"is_trial":false,"path_per_floor":["M","M","M","M","?","E"],"character_chosen":"DEFECT","items_purchased":[],"campfire_rested":0,"item_purchase_floors":[],"current_hp_per_floor":[60,54,41,31,31,0,0],"gold":54,"neow_bonus":"TRANSFORM_TWO_CARDS","is_daily":false,"chose_seed":false,"campfire_upgraded":0,"win_rate":0.0,"timestamp":1612518716,"path_taken":["M","M","M","M","?","E"],"items_purchased_type":[],"build_version":"2020-12-22","purchased_purges":0,"victory":false,"max_hp_per_floor":[75,75,75,75,75,75,75],"relic_stats":{"counters":[5,17],"Pen Nib":[0],"obtain_stats":[{"Pen Nib":5,"Cracked Core":0},{"Pen Nib":4,"Cracked Core":0},{"Pen Nib":13,"Cracked Core":0}]},"card_choices":[{"not_picked":["Turbo","Rebound"],"picked":"Conserve Battery","floor":1.0},{"not_picked":["Echo Form","Reinforced Body"],"picked":"Redo","floor":2},{"not_picked":["Hologram","FTL"],"picked":"Self Repair","floor":3},{"not_picked":["Fusion","Compile Driver"],"picked":"FTL","floor":4}],"player_experience":857134,"relics_obtained":[{"floor":5,"key":"Pen Nib"}],"event_choices":[{"damage_healed":0,"gold_gain":0,"player_choice":"Relic","damage_taken":0,"max_hp_gain":0,"max_hp_loss":0,"event_name":"Wheel of Change","floor":5,"gold_loss":0}],"is_beta":false,"boss_relics":[],"items_purged_floors":[],"is_endless":false,"potions_floor_spawned":[4],"killed_by":"3 Sentries","ascension_level":9}}