{"host":"yuhy0i501zzmn1iz","time":1612553479,"event":{"mods":["AchievementEnabler","BaseMod","Bestiary","Better Match","Better Note","Better Sensory Stone","Better Third Choice","Block Reminder","Curses Come First","Downfall","Minty Spire (QoL Compilation)","StSLib","slay the spire mod where everything is the same but ironclad has a cowboy hat"],"gold_per_floor":[117,117,117,127,142,142,155,167,167,32,50,50,65,81,81,184,184,200,220,248,173,189,189,217,217,217,231,247,22,22,122,122,225,225,241,241,241,73,83,83,99,99,124,140,140,170,170,190,190,190,190],"floor_reached":50,"language":"ENG","playtime":1825,"items_purged":["Riddle With Holes"],"score":682,"play_id":"c7dd4b6b-5ffa-4610-8f39-94a4106deb23","local_time":"20210205143119","is_ascension_mode":true,"campfire_choices":[{"data":"Eviscerate","floor":6.0,"key":"SMITH"},{"data":"Storm of Steel","floor":12.0,"key":"SMITH"},{"data":"Blade Dance","floor":15.0,"key":"SMITH"},{"data":"Neutralize","floor":23.0,"key":"SMITH"},{"floor":25.0,"key":"REST"},{"floor":30.0,"key":"REST"},{"floor":32.0,"key":"REST"},{"floor":40,"key":"RECALL"},{"floor":42,"key":"REST"},{"data":"Calculated Gamble","floor":45,"key":"SMITH"},{"data":"Calculated Gamble","floor":49,"key":"SMITH"}],"circlet_count":0,"master_deck":["Strike_G","Strike_G","Strike_G","Strike_G","Defend_G","Defend_G","Defend_G","Defend_G","Defend_G","Survivor","Neutralize+1","Eviscerate+1","Backflip","Concentrate","All Out Attack","Storm of Steel+1","Blade Dance+1","Calculated Gamble+1","Burst","Underhanded Strike+1","Concentrate","Dash","Venomology","Riddle With Holes+1","Calculated Gamble+1","Blade Dance","Deep Breath","Terror","Adrenaline","Escape Plan+1","AscendersBane","Prepared","Slice","Accuracy+1","Escape Plan","Slice","Dash+1","Writhe","Dagger Spray+1"],"relics":["Ring of the Serpent","NeowsBlessing","Tingsha","Strawberry","Kunai","WristBlade","Red Mask","FossilizedHelix","Gremlin Horn","The Specimen","Pear","Oddly Smooth Stone","Art of War"],"acts_visited":["Exordium","TheCity","TheBeyond"],"potions_floor_usage":[33,46,50,50],"damage_taken":[{"damage":0.0,"enemies":"Cultist","floor":1.0,"turns":1.0},{"damage":0.0,"enemies":"Small Slimes","floor":4.0,"turns":1.0},{"damage":0.0,"enemies":"Jaw Worm","floor":5.0,"turns":1.0},{"damage":14.0,"enemies":"Blue Slaver","floor":7.0,"turns":4.0},{"damage":10.0,"enemies":"2 Fungi Beasts","floor":8.0,"turns":3.0},{"damage":12.0,"enemies":"Exordium Wildlife","floor":11.0,"turns":3.0},{"damage":5.0,"enemies":"Lots of Slimes","floor":13.0,"turns":3.0},{"damage":0.0,"enemies":"Blue Slaver","floor":14.0,"turns":1.0},{"damage":23.0,"enemies":"Hexaghost","floor":16.0,"turns":10.0},{"damage":11.0,"enemies":"2 Thieves","floor":18.0,"turns":2.0},{"damage":0.0,"enemies":"Chosen","floor":19.0,"turns":1.0},{"damage":12.0,"enemies":"Masked Bandits","floor":20.0,"turns":3.0},{"damage":0.0,"enemies":"Snake Plant","floor":22.0,"turns":1.0},{"damage":34.0,"enemies":"Gremlin Leader","floor":24.0,"turns":6.0},{"damage":14.0,"enemies":"Centurion and Healer","floor":27.0,"turns":5.0},{"damage":4.0,"enemies":"Chosen and Byrds","floor":28.0,"turns":2.0},{"damage":0.0,"enemies":"Colosseum Slavers","floor":31.0,"turns":2.0},{"damage":27.0,"enemies":"Colosseum Nobs","floor":31.0,"turns":5.0},{"damage":14,"enemies":"Automaton","floor":33,"turns":6},{"damage":9,"enemies":"3 Darklings","floor":35,"turns":3},{"damage":0,"enemies":"Orb Walker","floor":39,"turns":2},{"damage":24,"enemies":"Writhing Mass","floor":41,"turns":5},{"damage":0,"enemies":"Maw","floor":44,"turns":6},{"damage":2,"enemies":"Giant Head","floor":46,"turns":5},{"damage":0,"enemies":"Spire Growth","floor":48,"turns":4},{"damage":94,"enemies":"Time Eater","floor":50,"turns":7}],"seed_played":"-2971319437419546828","potions_obtained":[{"floor":7.0,"key":"DuplicationPotion"},{"floor":11.0,"key":"LiquidMemories"},{"floor":14.0,"key":"GhostInAJar"},{"floor":16.0,"key":"CultistPotion"},{"floor":18.0,"key":"LiquidBronze"},{"floor":22.0,"key":"Dexterity Potion"},{"floor":27.0,"key":"GamblersBrew"},{"floor":31.0,"key":"Energy Potion"},{"floor":35,"key":"BlessingOfTheForge"},{"floor":46,"key":"DuplicationPotion"}],"is_trial":false,"path_per_floor":["M","T","?","M","M","R","M","M","T","$","M","R","M","M","R","B",null,"M","M","?","?","M","R","E","R","T","M","M","$","R","?","R","B",null,"M","?","?","$","M","R","M","R","T","M","R","E","?","M","R","B"],"character_chosen":"THE_SILENT","items_purchased":["Storm of Steel","Blade Dance","Deep Breath","Slice","Oddly Smooth Stone"],"campfire_rested":4,"item_purchase_floors":[10,29,29,38,38],"current_hp_per_floor":[63,63,70,70,70,70,56,46,46,46,34,34,29,29,29,6,59,48,48,36,36,36,36,2,25,25,11,7,7,30,13,39,25,72,63,63,63,63,63,63,39,65,65,65,65,63,85,85,85,0,0],"gold":190,"neow_bonus":"THREE_ENEMY_KILL","is_daily":false,"chose_seed":false,"campfire_upgraded":6,"win_rate":0.0,"timestamp":1612553479,"path_taken":["M","?","?","?","?","R","M","M","T","$","M","R","M","M","R","BOSS","M","M","?","?","M","R","E","R","T","M","M","$","R","?","R","BOSS","M","?","?","?","M","R","M","R","T","?","R","E","?","M","R","BOSS"],"items_purchased_type":["Card","Card","Card","Card","Relic"],"build_version":"2020-12-22","purchased_purges":1,"victory":false,"max_hp_per_floor":[70,70,77,77,77,77,77,77,77,77,77,77,77,77,77,77,77,77,77,77,77,77,77,77,77,77,77,77,77,77,87,87,87,87,87,87,87,87,87,87,87,87,87,87,87,87,87,87,87,87,87],"card_choices":[{"not_picked":["Sucker Punch","Underhanded Strike"],"picked":"Bane","floor":1.0},{"not_picked":["Dagger Spray","Prepared"],"picked":"Eviscerate","floor":4.0},{"not_picked":["Deflect","Underhanded Strike"],"picked":"Backflip","floor":5.0},{"not_picked":["Underhanded Strike","Bouncing Flask"],"picked":"Concentrate","floor":7.0},{"not_picked":["Deflect","Concentrate"],"picked":"All Out Attack","floor":8.0},{"not_picked":["Quick Slash","Sucker Punch"],"picked":"Blade Dance","floor":11.0},{"not_picked":["Cloak And Dagger","Quick Slash"],"picked":"Calculated Gamble","floor":13.0},{"not_picked":["Infinite Blades","Backflip"],"picked":"Setup","floor":14.0},{"not_picked":["Night Terror","Phantasmal Killer"],"picked":"Burst","floor":16.0},{"not_picked":["Prepared","Bane"],"picked":"Riddle With Holes","floor":18.0},{"not_picked":["Dodge and Roll+1","Poisoned Stab"],"picked":"Underhanded Strike+1","floor":19.0},{"not_picked":["Poisoned Stab","Sucker Punch+1"],"picked":"Concentrate","floor":20.0},{"not_picked":["Distraction","Caltrops"],"picked":"Dash","floor":22.0},{"not_picked":["Slice","Dagger Throw"],"picked":"Venomology","floor":24.0},{"not_picked":["Backflip+1","PiercingWail"],"picked":"Riddle With Holes+1","floor":27.0},{"not_picked":["Poisoned Stab+1","Endless Agony"],"picked":"Calculated Gamble","floor":28.0},{"not_picked":["Deadly Poison","Bane+1"],"picked":"Terror","floor":31.0},{"not_picked":["Doppelganger","Venomology"],"picked":"Adrenaline","floor":33},{"not_picked":["Deadly Poison+1","Slice+1"],"picked":"Escape Plan+1","floor":35},{"not_picked":["Poisoned Stab","Dodge and Roll"],"picked":"Accuracy+1","floor":39},{"not_picked":["Expertise+1","Bane"],"picked":"Escape Plan","floor":41},{"not_picked":["Deflect","Prepared+1"],"picked":"Slice","floor":44},{"not_picked":["Footwork","Deflect"],"picked":"Dash+1","floor":46},{"not_picked":["Deflect","Flying Knee+1"],"picked":"Dagger Spray+1","floor":48}],"player_experience":351141,"relics_obtained":[{"floor":2.0,"key":"Tingsha"},{"floor":9.0,"key":"Kunai"},{"floor":20.0,"key":"Red Mask"},{"floor":24.0,"key":"FossilizedHelix"},{"floor":26.0,"key":"Gremlin Horn"},{"floor":31.0,"key":"The Specimen"},{"floor":31.0,"key":"Pear"},{"floor":46,"key":"Art of War"}],"event_choices":[{"cards_removed":["Bane"],"damage_healed":0.0,"max_hp_gain":0.0,"max_hp_loss":0.0,"gold_gain":0.0,"event_name":"WeMeetAgain","player_choice":"Gave Card","floor":3.0,"gold_loss":0.0,"damage_taken":0.0,"relics_obtained":["Strawberry"]},{"damage_healed":0.0,"max_hp_gain":0.0,"max_hp_loss":0.0,"gold_gain":0.0,"event_name":"Masked Bandits","player_choice":"Fought Bandits","floor":20.0,"gold_loss":0.0,"damage_taken":0.0},{"cards_removed":["Setup"],"damage_healed":0.0,"max_hp_gain":0.0,"max_hp_loss":0.0,"gold_gain":0.0,"event_name":"Beggar","player_choice":"Gave Gold","floor":21.0,"gold_loss":75.0,"damage_taken":0.0},{"damage_healed":0.0,"max_hp_gain":0.0,"max_hp_loss":0.0,"gold_gain":0.0,"event_name":"Colosseum","player_choice":"Fight","floor":31.0,"gold_loss":0.0,"damage_taken":0.0},{"damage_healed":0.0,"max_hp_gain":0.0,"max_hp_loss":0.0,"gold_gain":0.0,"event_name":"Colosseum","player_choice":"Fought Nobs","floor":31.0,"gold_loss":0.0,"damage_taken":0.0},{"cards_removed":["Strike_G"],"damage_healed":0,"gold_gain":0,"player_choice":"Removed Attack","damage_taken":0,"max_hp_gain":0,"max_hp_loss":0,"event_name":"Falling","floor":36,"gold_loss":0},{"damage_healed":0,"gold_gain":3,"player_choice":"3","damage_taken":0,"max_hp_gain":0,"max_hp_loss":0,"event_name":"betterStone:BetterStone","floor":37,"gold_loss":0,"cards_obtained":["Prepared"]},{"damage_healed":22,"gold_gain":0,"player_choice":"Writhe","damage_taken":0,"max_hp_gain":0,"max_hp_loss":0,"event_name":"Winding Halls","floor":47,"gold_loss":0,"cards_obtained":["Writhe"]}],"is_beta":false,"boss_relics":[{"not_picked":["Pandora\u0027s Box","SlaversCollar"],"picked":"WristBlade"},{"not_picked":["Coffee Dripper","Astrolabe"],"picked":"Ring of the Serpent"}],"items_purged_floors":[29],"is_endless":false,"potions_floor_spawned":[7,11,14,16,18,22,27,28,31,35,46],"killed_by":"Time Eater","ascension_level":6}}