{"host":"3a1ypf1irl30q4k8","time":1612509523,"event":{"mods":["AchievementEnabler","BaseMod","Bestiary","Colored Map","Minty Spire (QoL Compilation)","Relic Stats","ojb\u0027s Info Mod"],"gold_per_floor":[18,37,37,54,129,129,129,157,184,199,210,228,228,239,239,239,239],"floor_reached":16,"language":"ENG","playtime":788,"items_purged":[],"score":125,"play_id":"b8ba8a23-ea5d-4ac4-bd2a-fcc508941ac3","local_time":"20210205071843","is_ascension_mode":true,"campfire_choices":[{"data":"Transmutation","floor":6,"key":"SMITH"},{"floor":13,"key":"REST"},{"data":"Blur","floor":15,"key":"SMITH"}],"circlet_count":0,"master_deck":["Strike_G","Strike_G","Strike_G","Strike_G","Strike_G","Defend_G","Defend_G","Defend_G","Defend_G","Defend_G","Survivor","Neutralize","Transmutation+1","Slice","Terror","Skewer","Poisoned Stab","Dagger Throw","Blur+1","Backstab","Escape Plan"],"relics":["Ring of the Snake","Dream Catcher","Akabeko"],"acts_visited":["Exordium"],"potions_floor_usage":[2,8,16,16],"damage_taken":[{"damage":9,"enemies":"Cultist","floor":1,"turns":5},{"damage":2,"enemies":"Small Slimes","floor":2,"turns":4},{"damage":8,"enemies":"2 Louse","floor":4,"turns":3},{"damage":12,"enemies":"Lagavulin","floor":8,"turns":5},{"damage":4,"enemies":"Exordium Thugs","floor":10,"turns":5},{"damage":11,"enemies":"2 Fungi Beasts","floor":11,"turns":3},{"damage":0,"enemies":"Large Slime","floor":12,"turns":5},{"damage":3,"enemies":"Blue Slaver","floor":14,"turns":2},{"damage":31,"enemies":"Slime Boss","floor":16,"turns":8}],"seed_played":"-8757713543895645176","potions_obtained":[{"floor":1,"key":"Fire Potion"},{"floor":4,"key":"PowerPotion"},{"floor":10,"key":"Poison Potion"},{"floor":14,"key":"DuplicationPotion"}],"is_trial":false,"path_per_floor":["M","M","?","M","?","R","?","E","T","M","M","M","R","M","R","B"],"character_chosen":"THE_SILENT","items_purchased":[],"campfire_rested":1,"item_purchase_floors":[],"current_hp_per_floor":[61,59,59,51,40,40,40,28,28,24,13,13,34,31,31,0,0],"gold":239,"neow_bonus":"RANDOM_COLORLESS_2","is_daily":false,"chose_seed":false,"campfire_upgraded":2,"win_rate":0.0,"timestamp":1612509523,"path_taken":["M","M","?","M","?","R","?","E","T","M","?","M","R","M","R","BOSS"],"items_purchased_type":[],"build_version":"2020-12-22","purchased_purges":0,"victory":false,"max_hp_per_floor":[70,70,70,70,70,70,70,70,70,70,70,70,70,70,70,70,70],"relic_stats":{"Dream Catcher":1,"counters":[9,40],"obtain_stats":[{"Dream Catcher":8,"Akabeko":9,"Ring of the Snake":0},{"Dream Catcher":4,"Akabeko":4,"Ring of the Snake":0},{"Dream Catcher":17,"Akabeko":17,"Ring of the Snake":0}],"Ring of the Snake":[18]},"card_choices":[{"not_picked":["Secret Weapon","Magnetism"],"picked":"Transmutation","floor":0},{"not_picked":["Underhanded Strike","Acrobatics"],"picked":"Slice","floor":1},{"not_picked":["Prepared","Underhanded Strike"],"picked":"Terror","floor":2},{"not_picked":["Tactician","Poisoned Stab"],"picked":"Skewer","floor":4},{"not_picked":["Envenom","Blade Dance"],"picked":"Poisoned Stab","floor":8},{"not_picked":["Catalyst","Quick Slash"],"picked":"Dagger Throw","floor":10},{"not_picked":["Bane","Reflex"],"picked":"Blur","floor":11},{"not_picked":["Distraction","Acrobatics"],"picked":"Backstab","floor":12},{"not_picked":["Slice","Acrobatics"],"picked":"Escape Plan","floor":14}],"player_experience":1330861,"relics_obtained":[{"floor":8,"key":"Dream Catcher"},{"floor":9,"key":"Akabeko"}],"event_choices":[{"damage_healed":0,"gold_gain":0,"player_choice":"Fled","damage_taken":0,"max_hp_gain":0,"max_hp_loss":0,"event_name":"Scrap Ooze","floor":3,"gold_loss":0},{"damage_healed":0,"gold_gain":75,"player_choice":"Gather Gold","damage_taken":11,"max_hp_gain":0,"max_hp_loss":0,"event_name":"World of Goop","floor":5,"gold_loss":0},{"damage_healed":0,"gold_gain":0,"player_choice":"Ignored","damage_taken":0,"max_hp_gain":0,"max_hp_loss":0,"event_name":"NoteForYourself","floor":7,"gold_loss":0}],"is_beta":false,"boss_relics":[],"items_purged_floors":[],"is_endless":false,"potions_floor_spawned":[1,4,10,14],"killed_by":"Slime Boss","ascension_level":4}}