{"host":"df48i9djcn92c5sx","time":1612528312,"event":{"mods":["Act Like it!","Arknights","BaseMod","Decade(王小明)","Downfall","Gensokyo","Marisa（F雨　魔理沙）","Minty Spire (QoL Compilation)","READ ME - Guardian Mod","READ ME - Snecko Mod","Reimu（博丽灵梦）","Remilia（蕾米莉亚）","Shop Mod","StSLib","The Jungle","The Servant 0.9.4"],"gold_per_floor":[119,137,137,148,148,148,168,168,215,245,89,89,107,117,117,214,214,224,144,162,412,432,432,0,211,258,258,285,285,285,285,285],"floor_reached":31,"language":"ZHS","playtime":836,"items_purged":[],"score":456,"play_id":"4190b331-0ca4-4320-a28e-7bb650afae38","local_time":"20210205203152","is_ascension_mode":true,"campfire_choices":[{"data":"MasterSpark","floor":6,"key":"SMITH"},{"data":"SporeBomb","floor":8,"key":"SMITH"},{"data":"Gensokyo:CrescentMoonSlash","floor":15,"key":"SMITH"},{"data":"CasketOfStar","floor":23,"key":"SMITH"},{"data":"Defend_MRS","floor":27,"key":"SMITH"},{"data":"Defend_MRS","floor":29,"key":"SMITH"}],"circlet_count":0,"master_deck":["AscendersBane","Strike_MRS","Strike_MRS","Strike_MRS","Strike_MRS","Defend_MRS+1","Defend_MRS+1","Defend_MRS+1","Defend_MRS+1","MasterSpark+1","UpSweep+1","SporeBomb+1","MilkyWay+1","Gensokyo:CrescentMoonSlash+1","GrandCross+1","OpenUniverse+1","CasketOfStar+1","AsteroidBelt+1","Acceleration+1","GalacticHalo+1","SuperNova+1","UltimateShortwave+1"],"relics":["MiniHakkero","NeowsBlessing","Toxic Egg 2","sneckomod:BlankCard","Happy Flower","Lee\u0027s Waffle","Coffee Dripper","Bronze Scales","Frozen Egg 2","BreadOfAWashokuLover"],"acts_visited":["Exordium","Gensokyo:Gensokyo"],"potions_floor_usage":[10,20,20],"damage_taken":[{"damage":0,"enemies":"Gensokyo:Gryphon","floor":1,"turns":1},{"damage":0,"enemies":"Gensokyo:Python","floor":2,"turns":1},{"damage":0,"enemies":"Gensokyo:3_Fairies","floor":4,"turns":2},{"damage":0,"enemies":"Gensokyo:LivingMonolith","floor":7,"turns":2},{"damage":18,"enemies":"Gensokyo:Aya","floor":10,"turns":5},{"damage":21,"enemies":"Gensokyo:3_Kodama","floor":13,"turns":3},{"damage":0,"enemies":"Gensokyo:VengefulSpirit","floor":14,"turns":2},{"damage":0,"enemies":"Gensokyo:Reimu","floor":16,"turns":7},{"damage":0,"enemies":"Gensokyo:2_Gloops","floor":18,"turns":2},{"damage":7,"enemies":"Gensokyo:AngelMirror","floor":20,"turns":4},{"damage":10,"enemies":"Gensokyo:Slime_Group","floor":22,"turns":6},{"damage":42,"enemies":"Gensokyo:Chomper_and_Gloop","floor":25,"turns":6},{"damage":2,"enemies":"Gensokyo:Reisen","floor":28,"turns":5},{"damage":15,"enemies":"Gensokyo:Wraith","floor":31,"turns":2}],"seed_played":"3471662007742577789","potions_obtained":[{"floor":4,"key":"SpeedPotion"},{"floor":7,"key":"DuplicationPotion"},{"floor":16,"key":"BlessingOfTheForge"},{"floor":22,"key":"BottledSpark"},{"floor":25,"key":"AttackPotion"}],"is_trial":false,"path_per_floor":["M","M","?","M","T","R","M","R","T","E","$","?","M","M","R","B",null,"M","COS","M","?","M","R","?","M","T","R","E","R","T","M"],"character_chosen":"MARISA","items_purchased":["Lee\u0027s Waffle"],"campfire_rested":0,"item_purchase_floors":[11],"current_hp_per_floor":[68,68,61,61,61,61,61,61,61,43,82,70,49,49,49,49,74,74,74,67,67,57,57,57,15,15,15,13,13,13,0,0],"gold":285,"neow_bonus":"THREE_ENEMY_KILL","is_daily":false,"chose_seed":false,"campfire_upgraded":6,"win_rate":0.0,"timestamp":1612528312,"path_taken":["M","M","?","M","?","R","M","R","T","E","?","?","?","M","R","BOSS","M","COS","M","?","M","R","?","M","T","R","E","R","?","M"],"items_purchased_type":["Relic"],"build_version":"2020-12-22","purchased_purges":0,"victory":false,"max_hp_per_floor":[75,75,75,75,75,75,75,75,75,75,82,82,82,82,82,82,82,82,82,82,78,78,78,78,78,78,78,78,78,78,78,78],"card_choices":[{"not_picked":["WitchOfGreed","WitchLeyline","ShootingEcho"],"picked":"SKIP","floor":1},{"not_picked":["OneTimeOff","OrrerysSun"],"picked":"SporeBomb","floor":2},{"not_picked":["DragonMeteor","UnstableBomb","WitchOfGreed"],"picked":"SKIP","floor":4},{"not_picked":["UnstableBomb","PulseMagic+1"],"picked":"MilkyWay+1","floor":7},{"not_picked":["SporeBomb+1","PowerUp+1","ChargeUpSpray"],"picked":"SKIP","floor":10},{"not_picked":["SporeBomb+1","DoubleSpark"],"picked":"GrandCross","floor":13},{"not_picked":["DoubleSpark","MysteriousBeam"],"picked":"OpenUniverse+1","floor":14},{"not_picked":["FinalSpark","EscapeVelocity"],"picked":"CasketOfStar","floor":16},{"not_picked":["SporeBomb+1","LuminesStrike"],"picked":"AsteroidBelt+1","floor":18},{"not_picked":["DoubleSpark+1","GrandCross","Acceleration+1"],"picked":"SKIP","floor":20},{"not_picked":["DoubleSpark+1","GrandCross"],"picked":"Acceleration+1","floor":20},{"not_picked":["ShootingEcho","PowerUp+1"],"picked":"GalacticHalo+1","floor":22},{"not_picked":["CasketOfStar","TreasureHunter"],"picked":"SuperNova","floor":22},{"not_picked":["WitchLeyline+1","SporeBomb+1","NonDirectionalLaser"],"picked":"SKIP","floor":25},{"not_picked":["OpenUniverse+1","PowerUp+1"],"picked":"UltimateShortwave+1","floor":28}],"player_experience":1514369,"relics_obtained":[{"floor":5,"key":"Toxic Egg 2"},{"floor":9,"key":"sneckomod:BlankCard"},{"floor":10,"key":"Happy Flower"},{"floor":26,"key":"Bronze Scales"},{"floor":28,"key":"Frozen Egg 2"},{"floor":30,"key":"BreadOfAWashokuLover"}],"event_choices":[],"is_beta":false,"boss_relics":[{"not_picked":["expansioncontent:StudyCardRelic","Fusion Hammer"],"picked":"Coffee Dripper"}],"items_purged_floors":[],"is_endless":false,"potions_floor_spawned":[4,7,16,22,25,28],"killed_by":"Gensokyo:Wraith","ascension_level":11}}