{"host":"aw6ta4ll26ap9lu8","time":1612484407,"event":{"mods":["AchievementEnabler","AlwaysNeverKeys","BaseMod","Bestiary","Block Reminder","Colored Map","Colored Powertips","Dark Map","DeckTracker","Highlight Path","Minty Spire (QoL Compilation)","Permanent Neow","Quick Restart","Relic Stats","StSLib"],"gold_per_floor":[115,134,134,59,59,59,85,85,85,85,100,100,118,147,147,147,147],"floor_reached":16,"language":"ENG","playtime":473,"items_purged":["Strike_P"],"score":173,"play_id":"61abbb38-22f3-4545-a4e2-4a30cc8217d4","local_time":"20210204192007","is_ascension_mode":true,"campfire_choices":[{"data":"Eruption","floor":6,"key":"SMITH"},{"floor":8,"key":"REST"},{"floor":12,"key":"REST"},{"floor":15,"key":"REST"}],"circlet_count":0,"master_deck":["AscendersBane","Strike_P","Strike_P","Defend_P","Eruption+1","Vigilance","Halt"],"relics":["PureWater","Torii","Turnip","Bottled Lightning"],"acts_visited":["Exordium"],"potions_floor_usage":[13,13,16],"damage_taken":[{"damage":2,"enemies":"Small Slimes","floor":1,"turns":3},{"damage":0,"enemies":"Cultist","floor":2,"turns":3},{"damage":32,"enemies":"Gremlin Nob","floor":7,"turns":3},{"damage":1,"enemies":"Jaw Worm","floor":11,"turns":2},{"damage":0,"enemies":"2 Fungi Beasts","floor":13,"turns":2},{"damage":7,"enemies":"Lagavulin","floor":14,"turns":5},{"damage":72,"enemies":"Hexaghost","floor":16,"turns":12}],"seed_played":"393252450519541318","potions_obtained":[{"floor":2,"key":"Explosive Potion"},{"floor":11,"key":"ColorlessPotion"},{"floor":14,"key":"LiquidMemories"}],"is_trial":false,"path_per_floor":["M","M","?","$","?","R","E","R","T","$","M","R","M","E","R","B"],"character_chosen":"WATCHER","items_purchased":[],"campfire_rested":3,"item_purchase_floors":[],"current_hp_per_floor":[45,45,45,45,45,45,13,34,34,34,33,54,54,47,68,0,0],"gold":147,"neow_bonus":"REMOVE_TWO","is_daily":false,"chose_seed":false,"campfire_upgraded":1,"win_rate":0.0,"timestamp":1612484407,"path_taken":["M","M","?","?","?","R","E","R","T","$","M","R","M","E","R","BOSS"],"items_purchased_type":[],"build_version":"2020-12-22","purchased_purges":1,"victory":false,"max_hp_per_floor":[72,72,72,72,72,72,72,72,72,72,72,72,72,72,72,72,72],"relic_stats":{"Torii":26,"counters":[7,30],"Turnip":[0],"obtain_stats":[{"Torii":7,"Turnip":9,"Bottled Lightning":14,"PureWater":0},{"Torii":3,"Turnip":3,"Bottled Lightning":6,"PureWater":0},{"Torii":9,"Turnip":9,"Bottled Lightning":18,"PureWater":0}]},"card_choices":[{"not_picked":["CutThroughFate","JustLucky"],"picked":"Halt","floor":1},{"not_picked":["PathToVictory","CrushJoints","Halt"],"picked":"SKIP","floor":2},{"not_picked":["SandsOfTime","SashWhip","Worship"],"picked":"SKIP","floor":7},{"not_picked":["Halt","FlurryOfBlows","WreathOfFlame"],"picked":"SKIP","floor":11},{"not_picked":["FlyingSleeves","LessonLearned","FollowUp"],"picked":"SKIP","floor":13},{"not_picked":["Crescendo","Protect","Consecrate"],"picked":"SKIP","floor":14}],"player_experience":634052,"relics_obtained":[{"floor":7,"key":"Torii"},{"floor":9,"key":"Turnip"},{"floor":14,"key":"Bottled Lightning"}],"event_choices":[{"cards_removed":["Defend_P"],"damage_healed":0,"gold_gain":0,"player_choice":"Offered Basic","damage_taken":0,"max_hp_gain":0,"max_hp_loss":0,"event_name":"Bonfire Elementals","floor":3,"gold_loss":0},{"cards_removed":["Defend_P"],"damage_healed":0,"gold_gain":0,"player_choice":"Forget","damage_taken":0,"max_hp_gain":0,"max_hp_loss":0,"event_name":"Living Wall","floor":5,"gold_loss":0}],"is_beta":false,"boss_relics":[],"items_purged_floors":[4],"is_endless":false,"potions_floor_spawned":[2,11,14],"killed_by":"Hexaghost","ascension_level":12}}