{"host":"uv5ws9rdk87e8i5k","time":1612502264,"event":{"mods":["AchievementEnabler","BaseMod","Colored Map","Minty Spire (QoL Compilation)","Permanent Neow","Quick Restart","StSLib","SuperFastMode","The Necromancer"],"gold_per_floor":[114,39,56,76,88,88,105,130,154,181,199,212,246,346,346,443,443,458,4,4,22,33,63,63,80,160,192,212,42,62,73,73,169,169,188,204,47,102,102,102,132,149,149,180,180,211,228,276,276,276],"floor_reached":51,"language":"ENG","playtime":1223,"items_purged":["Normality","Regret"],"score":1502,"play_id":"2102a6f8-6081-4615-babb-9beccc2252ad","local_time":"20210204231744","is_ascension_mode":true,"campfire_choices":[{"data":"Poisoned Stab","floor":6.0,"key":"SMITH"},{"floor":15.0,"key":"REST"},{"data":"Catalyst","floor":24.0,"key":"SMITH"},{"floor":32.0,"key":"REST"},{"data":"Bouncing Flask","floor":40.0,"key":"SMITH"},{"data":"Terror","floor":45.0,"key":"SMITH"},{"data":"Catalyst","floor":49.0,"key":"SMITH"}],"circlet_count":0,"master_deck":["AscendersBane","Strike_G+1","Strike_G","Strike_G","Strike_G+1","Strike_G","Defend_G","Defend_G","Defend_G","Defend_G","Defend_G","Survivor","Neutralize","Poisoned Stab","Poisoned Stab","Prepared","Poisoned Stab+1","Die Die Die","Poisoned Stab","Glass Knife","Deadly Poison","Unload","Catalyst+1","Crippling Poison","Backstab","Acrobatics","Backstab+1","Backstab","Catalyst+1","Terror+1","Burst","Footwork","PiercingWail+1","Acrobatics+1","Bouncing Flask+1","Escape Plan","PiercingWail+1","PiercingWail","Noxious Fumes+1","Crippling Poison","Shame","Burst","Catalyst+1","Regret"],"relics":["Ring of the Serpent","Thread and Needle","Whetstone","Snake Skull","Bag of Marbles","Dream Catcher","Cursed Key","Bag of Preparation","White Beast Statue","Orichalcum","Pear","Mango","Orrery","Gambling Chip","Mercury Hourglass","Torii","The Courier","Anchor","Pen Nib"],"acts_visited":["Exordium","TheCity","TheBeyond"],"potions_floor_usage":[50,50,50],"damage_taken":[{"damage":5.0,"enemies":"Cultist","floor":1.0,"turns":5.0},{"damage":3.0,"enemies":"Small Slimes","floor":3.0,"turns":3.0},{"damage":0.0,"enemies":"Jaw Worm","floor":4.0,"turns":2.0},{"damage":11.0,"enemies":"Large Slime","floor":5.0,"turns":8.0},{"damage":0.0,"enemies":"Looter","floor":7.0,"turns":3.0},{"damage":13.0,"enemies":"Gremlin Nob","floor":8.0,"turns":4.0},{"damage":1.0,"enemies":"3 Sentries","floor":10.0,"turns":8.0},{"damage":1.0,"enemies":"Blue Slaver","floor":11.0,"turns":3.0},{"damage":0.0,"enemies":"Exordium Thugs","floor":12.0,"turns":1.0},{"damage":0.0,"enemies":"Gremlin Nob","floor":13.0,"turns":2.0},{"damage":33.0,"enemies":"Hexaghost","floor":16.0,"turns":6.0},{"damage":5.0,"enemies":"2 Thieves","floor":18.0,"turns":3.0},{"damage":0.0,"enemies":"Spheric Guardian","floor":21.0,"turns":3.0},{"damage":1.0,"enemies":"Snecko","floor":22.0,"turns":3.0},{"damage":16.0,"enemies":"Slavers","floor":23.0,"turns":3.0},{"damage":15.0,"enemies":"Centurion and Healer","floor":25.0,"turns":3.0},{"damage":0.0,"enemies":"Gremlin Leader","floor":27.0,"turns":4.0},{"damage":4.0,"enemies":"3 Cultists","floor":28.0,"turns":5.0},{"damage":0.0,"enemies":"Snake Plant","floor":30.0,"turns":2.0},{"damage":0.0,"enemies":"Centurion and Healer","floor":31.0,"turns":2.0},{"damage":19.0,"enemies":"Automaton","floor":33.0,"turns":5.0},{"damage":0.0,"enemies":"Orb Walker","floor":35.0,"turns":1.0},{"damage":24.0,"enemies":"3 Shapes","floor":36.0,"turns":3.0},{"damage":16.0,"enemies":"2 Orb Walkers","floor":38.0,"turns":4.0},{"damage":0.0,"enemies":"Reptomancer","floor":41.0,"turns":3.0},{"damage":5.0,"enemies":"Sphere and 2 Shapes","floor":42.0,"turns":3.0},{"damage":0.0,"enemies":"Giant Head","floor":44.0,"turns":4.0},{"damage":0.0,"enemies":"Reptomancer","floor":46.0,"turns":3.0},{"damage":0.0,"enemies":"Jaw Worm Horde","floor":47.0,"turns":3.0},{"damage":28,"enemies":"Awakened One","floor":50,"turns":7}],"seed_played":"1683862132821400037","potions_obtained":[{"floor":5.0,"key":"SteroidPotion"},{"floor":7.0,"key":"Fire Potion"},{"floor":10.0,"key":"AttackPotion"},{"floor":16.0,"key":"Regen Potion"},{"floor":21.0,"key":"LiquidBronze"},{"floor":22.0,"key":"PowerPotion"},{"floor":23.0,"key":"SneckoOil"},{"floor":25.0,"key":"Weak Potion"},{"floor":27.0,"key":"SteroidPotion"},{"floor":28.0,"key":"Energy Potion"},{"floor":30.0,"key":"FearPotion"},{"floor":33.0,"key":"Fruit Juice"},{"floor":35.0,"key":"FearPotion"},{"floor":36.0,"key":"FearPotion"},{"floor":38.0,"key":"PowerPotion"},{"floor":42.0,"key":"Regen Potion"},{"floor":44.0,"key":"Energy Potion"},{"floor":46.0,"key":"EssenceOfSteel"},{"floor":47.0,"key":"SteroidPotion"}],"is_trial":false,"path_per_floor":["M","$","M","M","M","R","M","E","T","E","M","M","E","?","R","B",null,"M","$","?","M","M","E","R","M","T","E","M","$","M","M","R","B",null,"M","M","$","?","?","R","E","M","T","E","R","E","M","T","R","B",null],"character_chosen":"THE_SILENT","items_purchased":["PowerPotion","Bag of Preparation","White Beast Statue","Backstab","Orrery"],"campfire_rested":2,"item_purchase_floors":[19,19,19,29,37],"current_hp_per_floor":[58,58,55,55,44,44,44,31,31,30,29,29,29,29,50,17,57,52,52,52,61,60,44,44,29,39,53,49,49,49,49,77,58,90,90,66,66,50,50,50,50,45,45,59,59,59,59,59,59,31],"gold":276,"neow_bonus":"ONE_RARE_RELIC","is_daily":false,"chose_seed":false,"campfire_upgraded":5,"win_rate":0.0,"timestamp":1612502264,"path_taken":["M","$","M","M","M","R","M","E","T","E","M","?","E","?","R","BOSS","M","?","?","M","M","E","R","M","T","E","M","$","M","M","R","BOSS","M","M","$","?","?","R","E","M","T","E","R","E","M","?","R","BOSS"],"items_purchased_type":["Potion","Relic","Relic","Card","Relic"],"build_version":"2020-12-22","purchased_purges":2,"victory":true,"max_hp_per_floor":[70,70,70,70,70,70,70,70,70,70,70,70,70,70,70,70,70,70,70,70,70,70,70,70,70,80,94,94,94,94,94,94,94,99,99,99,99,99,94,94,94,94,94,94,94,94,94,94,94,94],"card_choices":[{"not_picked":["Sucker Punch","Blur"],"picked":"Poisoned Stab","floor":1.0},{"not_picked":["PiercingWail","Flechettes"],"picked":"Poisoned Stab","floor":3.0},{"not_picked":["Dagger Spray","Predator"],"picked":"Prepared","floor":4.0},{"not_picked":["Bane","Finisher"],"picked":"Poisoned Stab","floor":5.0},{"not_picked":["Reflex","Cloak And Dagger","Flying Knee"],"picked":"SKIP","floor":7.0},{"not_picked":["Blur","Slice","Night Terror"],"picked":"SKIP","floor":8.0},{"not_picked":["Well Laid Plans","Dagger Spray"],"picked":"Die Die Die","floor":10.0},{"not_picked":["Sucker Punch","Terror","Bane"],"picked":"SKIP","floor":11.0},{"not_picked":["Outmaneuver","Underhanded Strike"],"picked":"Poisoned Stab","floor":12.0},{"not_picked":["Cloak And Dagger","Dagger Throw"],"picked":"Glass Knife","floor":13.0},{"not_picked":["PiercingWail","Footwork"],"picked":"Deadly Poison","floor":15.0},{"not_picked":["Tools of the Trade","Doppelganger"],"picked":"Unload","floor":16.0},{"not_picked":["Backflip+1","Slice"],"picked":"Catalyst","floor":18.0},{"not_picked":["Blade Dance","Dagger Throw","Flying Knee"],"picked":"SKIP","floor":21.0},{"not_picked":["Well Laid Plans","Dodge and Roll"],"picked":"Crippling Poison","floor":22.0},{"not_picked":["Endless Agony","Poisoned Stab"],"picked":"Backstab","floor":23.0},{"not_picked":["Dodge and Roll","Malaise"],"picked":"Acrobatics","floor":25.0},{"not_picked":["Slice+1","Expertise"],"picked":"Backstab+1","floor":27.0},{"not_picked":["Masterful Stab","Sucker Punch","Reflex"],"picked":"SKIP","floor":28.0},{"not_picked":["Blade Dance","Dodge and Roll"],"picked":"Catalyst+1","floor":30.0},{"not_picked":["Blade Dance","Setup","Caltrops"],"picked":"SKIP","floor":31.0},{"not_picked":["Endless Agony","Dodge and Roll"],"picked":"Terror","floor":32.0},{"not_picked":["Night Terror","Tools of the Trade"],"picked":"Burst","floor":33.0},{"not_picked":["Choke","Terror"],"picked":"Footwork","floor":35.0},{"not_picked":["Quick Slash","Terror"],"picked":"PiercingWail+1","floor":36.0},{"not_picked":["Skewer+1","All Out Attack"],"picked":"Acrobatics+1","floor":37.0},{"not_picked":["Venomology","Well Laid Plans"],"picked":"Bouncing Flask","floor":37.0},{"not_picked":["Predator+1","Bane"],"picked":"Escape Plan","floor":37.0},{"not_picked":["Flying Knee+1","Dagger Spray+1"],"picked":"PiercingWail+1","floor":37.0},{"not_picked":["Underhanded Strike+1","Skewer+1"],"picked":"PiercingWail","floor":37.0},{"not_picked":["Backflip","Tactician"],"picked":"Noxious Fumes+1","floor":41.0},{"not_picked":["Finisher","Outmaneuver+1"],"picked":"Crippling Poison","floor":42.0},{"not_picked":["Blur+1","Doppelganger","Sucker Punch+1"],"picked":"SKIP","floor":44.0},{"not_picked":["Terror","Sucker Punch"],"picked":"Burst","floor":46.0},{"not_picked":["Outmaneuver","Deflect+1"],"picked":"Catalyst","floor":47.0}],"player_experience":234699,"relics_obtained":[{"floor":8.0,"key":"Whetstone"},{"floor":9.0,"key":"Snake Skull"},{"floor":10.0,"key":"Bag of Marbles"},{"floor":13.0,"key":"Dream Catcher"},{"floor":23.0,"key":"Orichalcum"},{"floor":26.0,"key":"Pear"},{"floor":27.0,"key":"Mango"},{"floor":38.0,"key":"Gambling Chip"},{"floor":41.0,"key":"Mercury Hourglass"},{"floor":43.0,"key":"Torii"},{"floor":44.0,"key":"The Courier"},{"floor":46.0,"key":"Anchor"},{"floor":48.0,"key":"Pen Nib"}],"event_choices":[{"damage_healed":0.0,"max_hp_gain":0.0,"max_hp_loss":0.0,"gold_gain":100.0,"event_name":"Golden Shrine","player_choice":"Pray","floor":14.0,"gold_loss":0.0,"damage_taken":0.0},{"damage_healed":0.0,"max_hp_gain":0.0,"max_hp_loss":0.0,"gold_gain":0.0,"event_name":"Mysterious Sphere","player_choice":"Fight","floor":38.0,"gold_loss":0.0,"damage_taken":0.0},{"damage_healed":0.0,"max_hp_gain":0.0,"max_hp_loss":5.0,"gold_gain":0.0,"event_name":"Winding Halls","player_choice":"Max HP","floor":39.0,"gold_loss":0.0,"damage_taken":0.0}],"is_beta":false,"boss_relics":[{"not_picked":["Astrolabe","Black Star"],"picked":"Cursed Key"},{"not_picked":["Coffee Dripper","Empty Cage"],"picked":"Ring of the Serpent"}],"items_purged_floors":[2,29],"is_endless":false,"potions_floor_spawned":[5,7,10,16,21,22,23,25,27,28,30,31,33,35,36,38,41,42,44,46,47],"ascension_level":10}}