{"host":"t75twhtg6c476ygg","time":1612552863,"event":{"mods":["AchievementEnabler","BaseMod","Colored Powertips","Minty Spire (QoL Compilation)","Quick Restart","Relic Stats","StSLib","SuperFastMode"],"gold_per_floor":[114,114,114,129,154,184,184,214,239,269,269,299,314,344,344,444,444,459,479,494,494,19,49,409,409,434,446,488,515,278,278,278],"floor_reached":31,"language":"ENG","playtime":911,"items_purged":["Defend_P","Defend_P"],"score":407,"play_id":"675f9f5b-142d-48b2-a119-e9a9c95d54ec","local_time":"20210205192103","daily_mods":["Specialized","ControlledChaos","Elite Swarm"],"is_ascension_mode":false,"campfire_choices":[{"data":"Vault","floor":7.0,"key":"SMITH"},{"floor":15.0,"key":"REST"},{"floor":25,"key":"REST"},{"data":"Defend_P","floor":27,"key":"PURGE"}],"circlet_count":0,"master_deck":["Defend_P+1","Eruption","Vigilance","Conclude","Consecrate+1","Vault+1","MasterReality","ConjureBlade","LessonLearned+1","ClearTheMind+1","FlurryOfBlows+1","LessonLearned+1","Evaluate"],"relics":["PureWater","Frozen Eye","Centennial Puzzle","Art of War","Omamori","Potion Belt","Torii","WarpedTongs","Nunchaku","Question Card","Calling Bell","Lantern","Gremlin Horn","Peace Pipe","Red Mask","Tiny Chest","Molten Egg 2","Damaru","MawBank","Ice Cream","Whetstone","Akabeko"],"acts_visited":["Exordium","TheCity"],"potions_floor_usage":[],"damage_taken":[{"damage":0.0,"enemies":"2 Louse","floor":1.0,"turns":2.0},{"damage":0.0,"enemies":"Small Slimes","floor":4.0,"turns":2.0},{"damage":6.0,"enemies":"3 Sentries","floor":6.0,"turns":4.0},{"damage":0.0,"enemies":"Gremlin Nob","floor":8.0,"turns":3.0},{"damage":0.0,"enemies":"Lagavulin","floor":10.0,"turns":4.0},{"damage":36.0,"enemies":"Gremlin Nob","floor":12.0,"turns":5.0},{"damage":0.0,"enemies":"Cultist","floor":13.0,"turns":4.0},{"damage":18.0,"enemies":"3 Sentries","floor":14.0,"turns":3.0},{"damage":5.0,"enemies":"Hexaghost","floor":16.0,"turns":5.0},{"damage":20.0,"enemies":"Spheric Guardian","floor":18.0,"turns":4.0},{"damage":2.0,"enemies":"Masked Bandits","floor":19.0,"turns":2.0},{"damage":2.0,"enemies":"2 Thieves","floor":20.0,"turns":3.0},{"damage":0,"enemies":"Gremlin Leader","floor":23,"turns":4},{"damage":10,"enemies":"Book of Stabbing","floor":28,"turns":3},{"damage":3,"enemies":"Snake Plant","floor":29,"turns":5},{"damage":20,"enemies":"Slavers","floor":31,"turns":1}],"seed_played":"-8643747277835071688","potions_obtained":[{"floor":1.0,"key":"BottledMiracle"},{"floor":6.0,"key":"ColorlessPotion"},{"floor":12.0,"key":"StancePotion"},{"floor":13.0,"key":"Energy Potion"},{"floor":23,"key":"ColorlessPotion"},{"floor":28,"key":"SpeedPotion"},{"floor":29,"key":"LiquidBronze"}],"is_trial":false,"path_per_floor":["M","?","?","M","T","E","R","E","T","E","?","E","M","E","R","B",null,"M","?","M","?","$","E","?","R","T","R","E","M","$","E"],"character_chosen":"WATCHER","items_purchased":["Tiny Chest","Molten Egg 2","Whetstone","Akabeko","Evaluate"],"campfire_rested":2,"item_purchase_floors":[22,22,30,30,30],"current_hp_per_floor":[72,72,72,72,72,66,66,66,66,66,66,30,30,12,33,28,72,52,50,48,48,48,48,12,33,33,33,23,20,20,0,0],"gold":278,"neow_bonus":"","is_daily":true,"chose_seed":false,"campfire_upgraded":1,"win_rate":0.0,"timestamp":1612552863,"path_taken":["M","?","?","?","?","E","R","E","T","E","?","E","M","E","R","BOSS","M","?","M","?","$","E","?","R","T","R","E","?","$","E"],"items_purchased_type":["Relic","Relic","Relic","Relic","Card"],"build_version":"2020-12-22","purchased_purges":2,"victory":false,"max_hp_per_floor":[72,72,72,72,72,72,72,72,72,72,72,72,72,72,72,72,72,72,72,72,72,72,72,72,72,72,72,72,72,72,72,72],"relic_stats":{"Torii":26,"Gremlin Horn":[7,7],"counters":[16,54],"Whetstone":["FlurryOfBlows","Consecrate"],"Question Card":8,"MawBank":48,"WarpedTongs":[37],"Peace Pipe":1,"Centennial Puzzle":[30],"Nunchaku":[6],"Tiny Chest":0,"Art of War":[4],"obtain_stats":[{"Potion Belt":9,"Ice Cream":28,"Lantern":17,"Torii":10,"Gremlin Horn":17,"Damaru":23,"Omamori":8,"Whetstone":30,"Question Card":14,"MawBank":26,"Akabeko":30,"WarpedTongs":11,"Calling Bell":17,"Peace Pipe":17,"Frozen Eye":0,"Centennial Puzzle":5,"Nunchaku":12,"Tiny Chest":22,"Molten Egg 2":22,"Art of War":6,"Red Mask":19,"PureWater":0},{"Potion Belt":4,"Ice Cream":14,"Lantern":9,"Torii":5,"Gremlin Horn":9,"Damaru":13,"Omamori":4,"Whetstone":15,"Question Card":8,"MawBank":13,"Akabeko":15,"WarpedTongs":5,"Calling Bell":9,"Peace Pipe":9,"Frozen Eye":0,"Centennial Puzzle":2,"Nunchaku":6,"Tiny Chest":12,"Molten Egg 2":12,"Art of War":3,"Red Mask":11,"PureWater":0},{"Potion Belt":11,"Ice Cream":48,"Lantern":32,"Torii":15,"Gremlin Horn":32,"Damaru":45,"Omamori":11,"Whetstone":53,"Question Card":27,"MawBank":45,"Akabeko":53,"WarpedTongs":15,"Calling Bell":32,"Peace Pipe":32,"Frozen Eye":0,"Centennial Puzzle":4,"Nunchaku":20,"Tiny Chest":41,"Molten Egg 2":41,"Art of War":8,"Red Mask":38,"PureWater":0}]},"card_choices":[{"not_picked":["Sanctity","BowlingBash"],"picked":"Conclude","floor":1.0},{"not_picked":["CrushJoints","CutThroughFate"],"picked":"Consecrate","floor":4.0},{"not_picked":["Devotion","Scrawl"],"picked":"Vault","floor":6.0},{"not_picked":["Alpha","Scrawl"],"picked":"MasterReality","floor":8.0},{"not_picked":["Scrawl","Vault"],"picked":"ConjureBlade","floor":10.0},{"not_picked":["MasterReality","Alpha","Omniscience"],"picked":"SKIP","floor":12.0},{"not_picked":["PathToVictory","ClearTheMind","Evaluate"],"picked":"SKIP","floor":13.0},{"not_picked":["Blasphemy","DevaForm"],"picked":"LessonLearned","floor":14.0},{"not_picked":["Consecrate","Sanctity","ThirdEye"],"picked":"ClearTheMind+1","floor":18.0},{"not_picked":["FollowUp","Judgement","Pray+1"],"picked":"FlurryOfBlows","floor":19.0},{"not_picked":["EmptyBody+1","Protect+1","BattleHymn","ThirdEye"],"picked":"SKIP","floor":20.0},{"not_picked":["Wish","DeusExMachina","Judgement"],"picked":"LessonLearned+1","floor":23},{"not_picked":["Alpha","Blasphemy","SpiritShield","MasterReality"],"picked":"SKIP","floor":28},{"not_picked":["CrushJoints+1","Pray+1","MentalFortress","BowlingBash+1"],"picked":"SKIP","floor":29}],"player_experience":353746,"relics_obtained":[{"floor":5.0,"key":"Centennial Puzzle"},{"floor":6.0,"key":"Art of War"},{"floor":8.0,"key":"Omamori"},{"floor":9.0,"key":"Potion Belt"},{"floor":10.0,"key":"Torii"},{"floor":12.0,"key":"Nunchaku"},{"floor":14.0,"key":"Question Card"},{"floor":17.0,"key":"Lantern"},{"floor":17.0,"key":"Gremlin Horn"},{"floor":17.0,"key":"Peace Pipe"},{"floor":19.0,"key":"Red Mask"},{"floor":23,"key":"Damaru"},{"floor":26,"key":"MawBank"},{"floor":28,"key":"Ice Cream"}],"event_choices":[{"damage_healed":0.0,"max_hp_gain":0.0,"max_hp_loss":0.0,"gold_gain":0.0,"event_name":"Liars Game","player_choice":"Ignored","floor":2.0,"gold_loss":0.0,"damage_taken":0.0},{"cards_removed":["Strike_P"],"damage_healed":0.0,"max_hp_gain":0.0,"max_hp_loss":0.0,"gold_gain":0.0,"event_name":"Purifier","player_choice":"Purged","floor":3.0,"gold_loss":0.0,"damage_taken":0.0},{"damage_healed":0.0,"max_hp_gain":0.0,"max_hp_loss":0.0,"gold_gain":0.0,"event_name":"Accursed Blacksmith","player_choice":"Rummage","floor":11.0,"gold_loss":0.0,"damage_taken":0.0,"relics_obtained":["WarpedTongs"],"cards_obtained":["Pain"]},{"damage_healed":0.0,"max_hp_gain":0.0,"max_hp_loss":0.0,"gold_gain":0.0,"event_name":"Masked Bandits","player_choice":"Fought Bandits","floor":19.0,"gold_loss":0.0,"damage_taken":0.0},{"damage_healed":0.0,"max_hp_gain":0.0,"max_hp_loss":0.0,"gold_gain":0.0,"event_name":"Ghosts","player_choice":"Ignored","floor":21.0,"gold_loss":0.0,"damage_taken":0.0},{"damage_healed":0,"gold_gain":360,"player_choice":"GOLD GOLD GOLD GOLD ","damage_taken":36,"max_hp_gain":0,"max_hp_loss":0,"event_name":"Knowing Skull","floor":24,"potions_obtained":[],"gold_loss":0,"cards_obtained":[]}],"is_beta":false,"boss_relics":[{"not_picked":["HolyWater","Velvet Choker"],"picked":"Calling Bell"}],"items_purged_floors":[22,30],"is_endless":false,"potions_floor_spawned":[1,6,12,13,23,28,29],"killed_by":"Slavers","ascension_level":0}}