{"host":"jxmsv4d84jcvxth5","time":1612490424,"event":{"mods":["BaseMod","Colored Map","Minty Spire (QoL Compilation)","Relic Stats","StSLib"],"gold_per_floor":[113,125,125,135,151,176,176,176,176],"floor_reached":8,"language":"ENG","playtime":487,"items_purged":[],"score":116,"play_id":"d9450860-b6f2-4b94-bd8b-f71441c0542e","local_time":"20210204210024","is_ascension_mode":true,"campfire_choices":[{"floor":7,"key":"REST"}],"circlet_count":0,"master_deck":["AscendersBane","Strike_R","Strike_R","Strike_R","Strike_R","Defend_R","Defend_R","Defend_R","Defend_R","Bash","Sword Boomerang","Clothesline","Inflame","Pummel","Warcry"],"relics":["Burning Blood","MealTicket"],"acts_visited":["Exordium"],"potions_floor_usage":[5,5,6],"damage_taken":[{"damage":7,"enemies":"2 Louse","floor":1,"turns":4},{"damage":1,"enemies":"Cultist","floor":2,"turns":3},{"damage":11,"enemies":"Jaw Worm","floor":4,"turns":4},{"damage":34,"enemies":"Exordium Thugs","floor":5,"turns":4},{"damage":36,"enemies":"Lagavulin","floor":6,"turns":10},{"damage":30,"enemies":"3 Sentries","floor":8,"turns":5}],"seed_played":"291535623799454622","potions_obtained":[{"floor":0,"key":"SkillPotion"},{"floor":0,"key":"ColorlessPotion"},{"floor":2,"key":"Fire Potion"},{"floor":5,"key":"Block Potion"}],"is_trial":false,"path_per_floor":["M","M","?","M","M","E","R","E"],"character_chosen":"IRONCLAD","items_purchased":[],"campfire_rested":1,"item_purchase_floors":[],"current_hp_per_floor":[67,72,72,67,39,9,31,1,1],"gold":176,"neow_bonus":"THREE_SMALL_POTIONS","is_daily":false,"chose_seed":false,"campfire_upgraded":0,"win_rate":0.0,"timestamp":1612490424,"path_taken":["M","M","?","?","M","E","R","E"],"items_purchased_type":[],"build_version":"2020-12-22","purchased_purges":0,"victory":false,"max_hp_per_floor":[75,75,75,75,75,75,75,75,75],"relic_stats":{"counters":[6,30],"MealTicket":0,"obtain_stats":[{"MealTicket":6,"Burning Blood":0},{"MealTicket":5,"Burning Blood":0},{"MealTicket":25,"Burning Blood":0}],"Burning Blood":30},"card_choices":[{"not_picked":["Sentinel","Pummel"],"picked":"Sword Boomerang","floor":1},{"not_picked":["Fire Breathing","Sword Boomerang"],"picked":"Clothesline","floor":2},{"not_picked":["Seeing Red","Headbutt"],"picked":"Inflame","floor":4},{"not_picked":["Heavy Blade","Seeing Red"],"picked":"Pummel","floor":5},{"not_picked":["Feel No Pain","Heavy Blade"],"picked":"Warcry","floor":6}],"player_experience":1554160,"relics_obtained":[{"floor":6,"key":"MealTicket"}],"event_choices":[{"cards_removed":["Strike_R"],"damage_healed":0,"gold_gain":0,"player_choice":"Purged","damage_taken":0,"max_hp_gain":0,"max_hp_loss":0,"event_name":"Purifier","floor":3,"gold_loss":0}],"is_beta":false,"boss_relics":[],"items_purged_floors":[],"is_endless":false,"potions_floor_spawned":[2,5],"killed_by":"3 Sentries","ascension_level":20}}