{"host":"soyfmymeou4emntr","time":1612508392,"event":{"mods":["BaseMod","BetterRewards","Minty Spire (QoL Compilation)","Relic Sorter","Relic Stats","StSLib"],"gold_per_floor":[113,126,41,41,57,57,71,102,172,172,209,232,232,273,273,273,273],"floor_reached":16,"language":"ENG","playtime":1161,"items_purged":[],"score":240,"play_id":"5ed1d9c8-6b6f-4050-a20f-22b36aa78827","local_time":"20210204235952","is_ascension_mode":true,"campfire_choices":[{"floor":6.0,"key":"REST"},{"floor":10,"key":"REST"},{"floor":13,"key":"REST"},{"floor":15,"key":"REST"}],"circlet_count":0,"master_deck":["AscendersBane","Strike_G","Strike_G","Strike_G","Strike_G","Strike_G","Defend_G","Defend_G","Defend_G","Defend_G","Defend_G","Survivor","Neutralize","Predator","Blade Dance","Backflip","Footwork","Pain","Deflect","Dagger Throw","Blade Dance","Footwork","Deflect","Glass Knife"],"relics":["Ring of the Snake","WarpedTongs","CaptainsWheel","Singing Bowl","CeramicFish","The Specimen"],"acts_visited":[],"potions_floor_usage":[8,14,14,16],"damage_taken":[{"damage":1.0,"enemies":"Small Slimes","floor":1.0,"turns":5.0},{"damage":0.0,"enemies":"Cultist","floor":2.0,"turns":4.0},{"damage":12.0,"enemies":"Jaw Worm","floor":5.0,"turns":3.0},{"damage":5.0,"enemies":"Large Slime","floor":7.0,"turns":7.0},{"damage":37,"enemies":"Gremlin Nob","floor":8,"turns":4},{"damage":11,"enemies":"3 Sentries","floor":11,"turns":9},{"damage":4,"enemies":"Exordium Thugs","floor":12,"turns":5},{"damage":9,"enemies":"Gremlin Nob","floor":14,"turns":4},{"damage":59,"enemies":"Hexaghost","floor":16,"turns":14}],"seed_played":"-3461468998982966257","potions_obtained":[{"floor":7.0,"key":"BlessingOfTheForge"},{"floor":8,"key":"DistilledChaos"},{"floor":12,"key":"GamblersBrew"},{"floor":14,"key":"Explosive Potion"}],"is_trial":false,"path_per_floor":["M","M","$","?","M","R","M","E","T","R","E","M","R","E","R","B"],"character_chosen":"THE_SILENT","items_purchased":["Footwork"],"campfire_rested":4,"item_purchase_floors":[3],"current_hp_per_floor":[58,58,58,58,46,65,60,23,23,42,31,27,46,37,56,0,0],"gold":273,"neow_bonus":"THREE_CARDS","is_daily":false,"chose_seed":false,"campfire_upgraded":0,"win_rate":0.0,"timestamp":1612508392,"path_taken":["M","M","$","?","?","R","M","E","T","R","E","M","R","E","R","BOSS"],"items_purchased_type":["Card"],"build_version":"2020-12-22","purchased_purges":0,"victory":false,"max_hp_per_floor":[66,66,66,66,66,66,66,66,66,66,66,66,66,66,66,66,66],"relic_stats":{"Singing Bowl":0,"counters":[9,55],"CeramicFish":27,"obtain_stats":[{"CaptainsWheel":8,"Singing Bowl":9,"The Specimen":14,"CeramicFish":11,"Ring of the Snake":0,"WarpedTongs":4},{"CaptainsWheel":5,"Singing Bowl":5,"The Specimen":8,"CeramicFish":6,"Ring of the Snake":0,"WarpedTongs":2},{"CaptainsWheel":23,"Singing Bowl":23,"The Specimen":41,"CeramicFish":32,"Ring of the Snake":0,"WarpedTongs":9}],"Ring of the Snake":[18],"WarpedTongs":[46]},"card_choices":[{"not_picked":["Concentrate","Backflip"],"picked":"Predator","floor":0.0},{"not_picked":["Prepared","Expertise"],"picked":"Blade Dance","floor":1.0},{"not_picked":["Slice","Noxious Fumes"],"picked":"Backflip","floor":2.0},{"not_picked":["Setup","Flying Knee"],"picked":"Deflect","floor":5.0},{"not_picked":["Outmaneuver","Crippling Poison"],"picked":"Dagger Throw","floor":7.0},{"not_picked":["Bane","Tools of the Trade"],"picked":"Blade Dance","floor":8},{"not_picked":["Sucker Punch","Dodge and Roll"],"picked":"Footwork","floor":11},{"not_picked":["Bane","Acrobatics"],"picked":"Deflect","floor":12},{"not_picked":["Bane","Poisoned Stab"],"picked":"Glass Knife","floor":14}],"player_experience":3059023,"relics_obtained":[{"floor":8,"key":"CaptainsWheel"},{"floor":9,"key":"Singing Bowl"},{"floor":11,"key":"CeramicFish"},{"floor":14,"key":"The Specimen"}],"event_choices":[{"damage_healed":0.0,"max_hp_gain":0.0,"max_hp_loss":0.0,"gold_gain":0.0,"event_name":"Accursed Blacksmith","player_choice":"Rummage","floor":4.0,"gold_loss":0.0,"damage_taken":0.0,"relics_obtained":["WarpedTongs"],"cards_obtained":["Pain"]}],"is_beta":false,"boss_relics":[],"items_purged_floors":[],"is_endless":false,"potions_floor_spawned":[7,8,12,14],"killed_by":"Hexaghost","ascension_level":20}}