{"host":"yd2pjkbo7craqw2u","time":1612531586,"event":{"mods":["Aspiration","BaseMod","Colored Powertips","Conspire","Downfall","Highlight Path","Marisa£®ÏF”Í°°ƒß¿Ì…≥£©","Minty Spire (QoL Compilation)","Practice Mode","Quick Restart","Replay The Spire","Shop Mod","StSLib","SuperFastMode"],"gold_per_floor":[117,133,133,2,102,127,127,143,143,160,160,187,187,201,201,297,297,237,344,344,358,358,358],"floor_reached":22,"language":"ZHS","playtime":689,"items_purged":[],"score":238,"play_id":"492a3f52-0edd-43c9-97f7-e99e56d51bfe","local_time":"20210205212626","is_ascension_mode":true,"campfire_choices":[{"data":"Zap","floor":7,"key":"SMITH"},{"data":"Dualcast","floor":13,"key":"SMITH"},{"data":"Redo","floor":15,"key":"SMITH"}],"circlet_count":0,"master_deck":["Strike_B","Strike_B","Strike_B","Defend_B","Defend_B","Defend_B","Defend_B","Zap+1","Dualcast+1","Go for the Eyes","Conserve Battery","Self Repair","Flash of Steel","Machine Learning","Chaos","Coolheaded","Redo+1","Multi-Cast","Redo+1","Beam Cell+1"],"relics":["Cracked Core","NeowsBlessing","Vajra","Akabeko","Happy Flower","Odd Mushroom","Fusion Hammer","MutagenicStrength"],"acts_visited":["Exordium","TheCity"],"potions_floor_usage":[16,16],"damage_taken":[{"damage":0,"enemies":"Jaw Worm","floor":1,"turns":1},{"damage":0,"enemies":"Cultist","floor":2,"turns":1},{"damage":0,"enemies":"Gremlin Nob","floor":6,"turns":1},{"damage":0,"enemies":"Small Slimes","floor":8,"turns":3},{"damage":9,"enemies":"3 Louse","floor":10,"turns":3},{"damage":19,"enemies":"The Mushroom Lair","floor":12,"turns":4},{"damage":8,"enemies":"Large Slime","floor":14,"turns":5},{"damage":9,"enemies":"The Guardian","floor":16,"turns":9},{"damage":22,"enemies":"2 Thieves","floor":18,"turns":4},{"damage":18,"enemies":"3 Byrds","floor":21,"turns":5},{"damage":32,"enemies":"Sentry and Sphere","floor":22,"turns":3}],"seed_played":"5284019831464549439","potions_obtained":[{"floor":1,"key":"Toxic Potion"},{"floor":10,"key":"FocusPotion"},{"floor":16,"key":"Ancient Potion"},{"floor":21,"key":"Explosive Potion"}],"is_trial":false,"path_per_floor":["M","M","?","$","?","E","R","M","T","M","?","?","R","M","R","B",null,"M","?","?","M","M"],"character_chosen":"DEFECT","items_purchased":["Self Repair","Flash of Steel"],"campfire_rested":0,"item_purchase_floors":[4,4],"current_hp_per_floor":[75,75,68,68,68,68,68,75,75,73,70,58,58,57,57,55,75,60,42,42,31,0,0],"gold":358,"neow_bonus":"THREE_ENEMY_KILL","is_daily":false,"chose_seed":false,"campfire_upgraded":3,"win_rate":0.0,"timestamp":1612531586,"path_taken":["M","M","?","$","?","E","R","?","T","M","?","?","R","M","R","BOSS","M","?","?","M","M"],"items_purchased_type":["Card","Card"],"build_version":"2020-12-22","purchased_purges":0,"victory":false,"max_hp_per_floor":[75,75,75,75,75,75,75,75,75,75,75,75,75,75,75,75,75,75,75,75,75,75,75],"card_choices":[{"not_picked":["Melter","White Noise"],"picked":"Go for the Eyes","floor":1},{"not_picked":["Stack","Steam"],"picked":"Conserve Battery","floor":2},{"not_picked":["ReplayRNGCard","Undo"],"picked":"Machine Learning","floor":6},{"not_picked":["Ball Lightning","Streamline"],"picked":"Chaos","floor":8},{"not_picked":["Hologram","Go for the Eyes"],"picked":"Coolheaded","floor":10},{"not_picked":["BootSequence","Sweeping Beam"],"picked":"Redo","floor":12},{"not_picked":["Redo","Rebound","ReplaySort"],"picked":"SKIP","floor":14},{"not_picked":["Reboot","Thunder Strike"],"picked":"Multi-Cast","floor":16},{"not_picked":["Leap","Rip and Tear"],"picked":"Redo+1","floor":18},{"not_picked":["ReplaySort+1","ReplayTheSpireMod:Repulse+1"],"picked":"Beam Cell+1","floor":21}],"player_experience":291617,"relics_obtained":[{"floor":6,"key":"Vajra"},{"floor":9,"key":"Akabeko"},{"floor":12,"key":"Odd Mushroom"}],"event_choices":[{"cards_removed":["Strike_B"],"damage_healed":0,"gold_gain":0,"player_choice":"Card Removal","damage_taken":7,"max_hp_gain":0,"max_hp_loss":0,"event_name":"Golden Wing","floor":3,"gold_loss":0},{"damage_healed":0,"gold_gain":100,"player_choice":"Gold","damage_taken":0,"max_hp_gain":0,"max_hp_loss":0,"event_name":"Wheel of Change","floor":5,"gold_loss":0},{"damage_healed":0,"gold_gain":0,"player_choice":"Success","damage_taken":3,"relics_obtained":["Happy Flower"],"max_hp_gain":0,"max_hp_loss":0,"event_name":"Scrap Ooze","floor":11,"gold_loss":0},{"damage_healed":0,"gold_gain":0,"player_choice":"Fought Mushrooms","damage_taken":0,"max_hp_gain":0,"max_hp_loss":0,"event_name":"Mushrooms","floor":12,"gold_loss":0},{"damage_healed":0,"gold_gain":0,"player_choice":"Inject Mutagens","damage_taken":0,"relics_obtained":["MutagenicStrength"],"max_hp_gain":0,"max_hp_loss":0,"event_name":"Drug Dealer","floor":20,"gold_loss":0}],"is_beta":false,"boss_relics":[{"not_picked":["conspire:SpecialSausage","conspire:SeveredTorchhead"],"picked":"Fusion Hammer"}],"items_purged_floors":[],"is_endless":false,"potions_floor_spawned":[1,10,16,21],"killed_by":"Sentry and Sphere","ascension_level":3}}