{"host":"sc0o2qwpf9j16a4i","time":1612542811,"event":{"mods":["AchievementEnabler","BaseMod","BetterRewards","Block Reminder","Colored Map","Colored Powertips","Custom Start","Highlight Path","Minty Spire (QoL Compilation)","Relic Stats"],"gold_per_floor":[113,130,130,130,143,175,175,185,185,210,225,10,10,48,48,142,142,165,180,105,105,105,105,148,148,148,148,198,232,15,35,35,131,131,152,152,102,126,141,141,174,198,221,221,221],"floor_reached":44,"language":"ENG","playtime":1737,"items_purged":["Strike_P","Defend_P"],"score":1638,"play_id":"dae33bc8-c5de-4038-be05-8830d5e5afe2","local_time":"20210205183331","is_ascension_mode":true,"campfire_choices":[{"data":"BattleHymn","floor":7,"key":"SMITH"},{"data":"CrushJoints","floor":15,"key":"SMITH"},{"data":"Establishment","floor":23,"key":"SMITH"},{"data":"Ghostly","floor":25,"key":"SMITH"},{"data":"Ghostly","floor":32,"key":"SMITH"},{"floor":40,"key":"RECALL"}],"circlet_count":0,"master_deck":["AscendersBane","Eruption","Vigilance","Apotheosis+1","CrushJoints+1","EmptyFist","FearNoEvil","BattleHymn+1","Indignation","Swivel","Conclude","Halt","Establishment+1","CutThroughFate","ThirdEye","Ghostly+1","Ghostly","Ghostly+1","Protect","SpiritShield+1","Protect","Devotion","FearNoEvil","WindmillStrike","Blasphemy","Devotion+1","SashWhip+1","PathToVictory+1","ClearTheMind","Crescendo+1","MasterReality","DeceiveReality"],"relics":["PureWater","Eternal Feather","StoneCalendar","Dead Branch","Golden Idol","Singing Bowl","VioletLotus","Akabeko","White Beast Statue","Blue Candle","Astrolabe","Kunai"],"acts_visited":["Exordium","TheCity","TheBeyond"],"potions_floor_usage":[10,12,16,19,29,29,33,39,39,41,44],"damage_taken":[{"damage":0,"enemies":"Cultist","floor":1,"turns":2},{"damage":0,"enemies":"Jaw Worm","floor":2,"turns":2},{"damage":0,"enemies":"Small Slimes","floor":5,"turns":2},{"damage":2,"enemies":"Lagavulin","floor":6,"turns":5},{"damage":14,"enemies":"Exordium Thugs","floor":8,"turns":5},{"damage":5,"enemies":"3 Sentries","floor":10,"turns":4},{"damage":6,"enemies":"Large Slime","floor":11,"turns":4},{"damage":0,"enemies":"Lagavulin","floor":14,"turns":3},{"damage":0,"enemies":"Hexaghost","floor":16,"turns":7},{"damage":0,"enemies":"Spheric Guardian","floor":18,"turns":3},{"damage":8,"enemies":"Shell Parasite","floor":19,"turns":4},{"damage":19,"enemies":"Slavers","floor":24,"turns":6},{"damage":0,"enemies":"Book of Stabbing","floor":29,"turns":5},{"damage":3,"enemies":"Chosen and Byrds","floor":31,"turns":6},{"damage":0,"enemies":"Champ","floor":33,"turns":8},{"damage":9,"enemies":"3 Shapes","floor":35,"turns":3},{"damage":1,"enemies":"Orb Walker","floor":38,"turns":4},{"damage":9,"enemies":"Jaw Worm Horde","floor":39,"turns":3},{"damage":1,"enemies":"Giant Head","floor":41,"turns":6},{"damage":22,"enemies":"4 Shapes","floor":42,"turns":4},{"damage":24,"enemies":"Reptomancer","floor":44,"turns":2}],"seed_played":"6111315625692024238","potions_obtained":[{"floor":5,"key":"Ancient Potion"},{"floor":6,"key":"Fire Potion"},{"floor":11,"key":"Fruit Juice"},{"floor":18,"key":"Swift Potion"},{"floor":24,"key":"DuplicationPotion"},{"floor":29,"key":"PowerPotion"},{"floor":31,"key":"GamblersBrew"},{"floor":33,"key":"SteroidPotion"},{"floor":35,"key":"DistilledChaos"},{"floor":39,"key":"SkillPotion"},{"floor":41,"key":"Energy Potion"},{"floor":42,"key":"Weak Potion"}],"is_trial":false,"path_per_floor":["M","M","?","?","M","E","R","M","T","E","M","$","?","E","R","B",null,"M","M","?","?","?","R","E","R","T","?","?","E","$","M","R","B",null,"M","?","$","M","M","R","E","M","T","E"],"character_chosen":"WATCHER","items_purchased":["Apotheosis","CrushJoints","Regen Potion","ColorlessPotion","FearNoEvil","WindmillStrike","ClearTheMind"],"campfire_rested":0,"item_purchase_floors":[0,0,12,12,30,30,37],"current_hp_per_floor":[55,55,48,48,48,46,55,41,41,36,30,35,35,37,46,46,63,63,55,55,34,34,34,15,30,30,30,30,34,34,33,36,36,36,29,29,29,28,19,37,38,16,16,0,0],"gold":221,"neow_bonus":"","is_daily":false,"chose_seed":false,"campfire_upgraded":5,"win_rate":0.0,"timestamp":1612542811,"path_taken":["M","?","?","?","M","E","R","M","T","E","?","$","?","E","R","BOSS","M","M","?","?","?","R","E","R","T","?","?","E","$","M","R","BOSS","M","?","?","?","M","R","E","M","T","E"],"items_purchased_type":["Card","Card","Potion","Potion","Card","Card","Card"],"build_version":"2020-12-22","purchased_purges":2,"victory":false,"max_hp_per_floor":[68,68,68,68,68,68,68,68,68,68,68,73,66,68,68,68,68,68,68,68,34,34,34,34,34,34,34,34,34,34,36,36,36,36,38,38,38,38,38,38,40,40,40,40,40],"relic_stats":{"Singing Bowl":12,"counters":[34,126],"Golden Idol":321,"Dead Branch":[126],"Blue Candle":[0],"Astrolabe":["Devotion","SashWhip","PathToVictory"],"Eternal Feather":54,"StoneCalendar":[52],"VioletLotus":[17],"Kunai":[0],"obtain_stats":[{"Singing Bowl":14,"Golden Idol":13,"Dead Branch":10,"Blue Candle":29,"Astrolabe":34,"Eternal Feather":6,"StoneCalendar":9,"War Paint":6,"Odd Mushroom":12,"MawBank":10,"Akabeko":24,"White Beast Statue":26,"Frozen Eye":0,"Dream Catcher":9,"FaceOfCleric":4,"Gambling Chip":19,"Philosopher\u0027s Stone":17,"VioletLotus":17,"Kunai":41,"PureWater":0,"Unceasing Top":20},{"Singing Bowl":21,"Golden Idol":20,"Dead Branch":19,"Blue Candle":26,"Astrolabe":28,"Eternal Feather":17,"StoneCalendar":18,"War Paint":4,"Odd Mushroom":9,"MawBank":7,"Akabeko":25,"White Beast Statue":25,"Frozen Eye":0,"Dream Catcher":6,"FaceOfCleric":2,"Gambling Chip":12,"Philosopher\u0027s Stone":11,"VioletLotus":22,"Kunai":32,"PureWater":0,"Unceasing Top":12},{"Singing Bowl":65,"Golden Idol":62,"Dead Branch":58,"Blue Candle":90,"Astrolabe":104,"Eternal Feather":49,"StoneCalendar":54,"War Paint":11,"Odd Mushroom":24,"MawBank":18,"Akabeko":85,"White Beast Statue":85,"Frozen Eye":0,"Dream Catcher":16,"FaceOfCleric":6,"Gambling Chip":36,"Philosopher\u0027s Stone":34,"VioletLotus":72,"Kunai":120,"PureWater":0,"Unceasing Top":36}]},"card_choices":[{"not_picked":["Prostrate","CrushJoints"],"picked":"EmptyFist","floor":1},{"not_picked":["Consecrate","FlurryOfBlows"],"picked":"FearNoEvil","floor":2},{"not_picked":["Prostrate","CarveReality"],"picked":"BattleHymn","floor":5},{"not_picked":["EmptyMind","Crescendo"],"picked":"Indignation","floor":6},{"not_picked":["Consecrate","FlurryOfBlows"],"picked":"Swivel","floor":8},{"not_picked":["BowlingBash","DeusExMachina"],"picked":"Conclude","floor":10},{"not_picked":["Nirvana","Weave"],"picked":"Halt","floor":11},{"not_picked":["WheelKick","Consecrate","Nirvana"],"picked":"Singing Bowl","floor":14},{"not_picked":["DevaForm","Brilliance"],"picked":"Establishment","floor":16},{"not_picked":["Perseverance","CrushJoints"],"picked":"CutThroughFate","floor":18},{"not_picked":["BowlingBash","PathToVictory"],"picked":"ThirdEye","floor":19},{"not_picked":["JustLucky","TalkToTheHand"],"picked":"SpiritShield","floor":24},{"not_picked":["WindmillStrike","InnerPeace"],"picked":"Devotion","floor":29},{"not_picked":["Consecrate","BowlingBash+1","PathToVictory"],"picked":"Singing Bowl","floor":31},{"not_picked":["Devotion","DevaForm"],"picked":"Blasphemy","floor":33},{"not_picked":["Protect","FollowUp+1","Swivel"],"picked":"Singing Bowl","floor":35},{"not_picked":["Perseverance+1","PathToVictory"],"picked":"Crescendo+1","floor":38},{"not_picked":["FollowUp+1","ClearTheMind+1"],"picked":"MasterReality","floor":39},{"not_picked":["CrushJoints","CarveReality","CutThroughFate"],"picked":"Singing Bowl","floor":41},{"not_picked":["Conclude","Consecrate+1"],"picked":"DeceiveReality","floor":42}],"player_experience":1207919,"relics_obtained":[{"floor":6,"key":"Eternal Feather"},{"floor":9,"key":"StoneCalendar"},{"floor":10,"key":"Dead Branch"},{"floor":14,"key":"Singing Bowl"},{"floor":24,"key":"Akabeko"},{"floor":26,"key":"White Beast Statue"},{"floor":29,"key":"Blue Candle"},{"floor":41,"key":"Kunai"}],"event_choices":[{"cards_removed":["Strike_P"],"damage_healed":0,"gold_gain":0,"player_choice":"Card Removal","damage_taken":7,"max_hp_gain":0,"max_hp_loss":0,"event_name":"Golden Wing","floor":3,"gold_loss":0},{"damage_healed":0,"gold_gain":0,"player_choice":"Grow","damage_taken":0,"max_hp_gain":0,"max_hp_loss":0,"event_name":"Living Wall","floor":4,"gold_loss":0,"cards_upgraded":["Apotheosis"]},{"damage_healed":0,"gold_gain":0,"player_choice":"Lose Max HP","damage_taken":0,"relics_obtained":["Golden Idol"],"max_hp_gain":0,"max_hp_loss":7,"event_name":"Golden Idol","floor":13,"gold_loss":0},{"cards_removed":["Strike_P"],"damage_healed":0,"gold_gain":0,"player_choice":"Gave Gold","damage_taken":0,"max_hp_gain":0,"max_hp_loss":0,"event_name":"Beggar","floor":20,"gold_loss":75},{"damage_healed":0,"gold_gain":0,"player_choice":"Became a Ghost","damage_taken":0,"max_hp_gain":0,"max_hp_loss":34,"event_name":"Ghosts","floor":21,"gold_loss":0,"cards_obtained":["Ghostly","Ghostly","Ghostly"]},{"damage_healed":0,"gold_gain":0,"player_choice":"Read","damage_taken":0,"max_hp_gain":0,"max_hp_loss":0,"event_name":"The Library","floor":22,"gold_loss":0,"cards_obtained":["Protect"]},{"damage_healed":0,"gold_gain":0,"cards_transformed":["Defend_P","Strike_P"],"player_choice":"Became Test Subject","damage_taken":0,"max_hp_gain":0,"max_hp_loss":0,"event_name":"Drug Dealer","floor":27,"gold_loss":0,"cards_obtained":["Protect","Collect"]},{"damage_healed":0,"gold_gain":50,"player_choice":"Stole From Cult","damage_taken":0,"max_hp_gain":0,"max_hp_loss":0,"event_name":"Nest","floor":28,"gold_loss":0},{"damage_healed":0,"gold_gain":0,"player_choice":"Forge","damage_taken":0,"max_hp_gain":0,"max_hp_loss":0,"event_name":"Accursed Blacksmith","floor":36,"gold_loss":0,"cards_upgraded":["SpiritShield"]}],"is_beta":false,"boss_relics":[{"not_picked":["SacredBark","Velvet Choker"],"picked":"VioletLotus"},{"not_picked":["Empty Cage","Coffee Dripper"],"picked":"Astrolabe"}],"items_purged_floors":[12,30],"is_endless":false,"potions_floor_spawned":[5,6,11,14,18,24,29,31,33,35,38,39,41,42],"killed_by":"Reptomancer","ascension_level":20}}