{"host":"lte3xujvwediduij","time":1612540184,"event":{"mods":["Aspiration","BaseMod","Better-Laid Plans","BetterRewards","Colored Map","Colored Powertips","Downfall","Energized Spire","GifTheSpireLib","Lobotomy","Minty Spire (QoL Compilation)","Permanent Neow","Replay The Spire","Spicy Shops","StSLib","The Servant 0.9.4","¡¾ÒÅÎï¿¨ÅÆ¡¿REMEMod","óô»ðÖ¸ÄÏ"],"gold_per_floor":[113,154,154,254,264,264,290,324,392,440,440],"floor_reached":10,"language":"ZHS","playtime":825,"items_purged":[],"score":66,"play_id":"6e3e40d0-94f8-462c-9e1f-3243b6d8ff92","local_time":"20210205234944","is_ascension_mode":false,"campfire_choices":[{"floor":6,"key":"RECALL"}],"circlet_count":0,"master_deck":["Strike_G","Strike_G","Strike_G","Strike_G","Strike_G","Defend_G","Defend_G","Defend_G","Defend_G","Defend_G","Survivor","Neutralize","Burst","FairyFestival","Slice","ReplayTheSpireMod:Splinters","Blade Dance","Deflect","BigBird","Dagger Spray","ShyLook","Bloodbath"],"relics":["Ring of the Snake","REME_ComplimentaryCards","CogitoBucket","Blood Vial","Replay:Bandana","Question Card"],"acts_visited":["Exordium"],"potions_floor_usage":[7,10],"damage_taken":[{"damage":0,"enemies":"Cultist","floor":1,"turns":4},{"damage":2,"enemies":"2 Louse","floor":5,"turns":3},{"damage":58,"enemies":"Lagavulin","floor":7,"turns":6},{"damage":2,"enemies":"Jaw Worm","floor":8,"turns":2},{"damage":46,"enemies":"3 Sentries","floor":10,"turns":4}],"seed_played":"1235509784892610927","potions_obtained":[{"floor":1,"key":"FairyPotion"},{"floor":2,"key":"Slimebound:ThreeZeroPotion"},{"floor":8,"key":"Explosive Potion"}],"is_trial":false,"path_per_floor":["M","?","T","?","M","R","E","M","T","E"],"character_chosen":"THE_SILENT","items_purchased":[],"campfire_rested":0,"item_purchase_floors":[],"current_hp_per_floor":[70,70,70,70,69,69,15,15,15,0,0],"gold":440,"neow_bonus":"","is_daily":false,"chose_seed":false,"campfire_upgraded":0,"win_rate":0.0,"timestamp":1612540184,"path_taken":["M","?","?","?","M","R","E","M","T","E"],"items_purchased_type":[],"build_version":"2020-12-22","purchased_purges":0,"victory":false,"max_hp_per_floor":[70,70,70,70,70,70,70,70,70,70,70],"card_choices":[{"not_picked":["OSAHOGD","LittleHelper"],"picked":"FairyFestival","floor":1},{"not_picked":["Sneak Up","Sucker Punch"],"picked":"Slice","floor":1},{"not_picked":["Poison Darts","Dagger Throw"],"picked":"Blade Dance","floor":2},{"not_picked":["Predator","Skewer"],"picked":"Deflect","floor":2},{"not_picked":["HeroicMonk","Variant"],"picked":"BigBird","floor":5},{"not_picked":["Quick Slash","PiercingWail"],"picked":"Dagger Spray","floor":5},{"not_picked":["WallGazer","RedShoes"],"picked":"ShyLook","floor":7},{"not_picked":["Bane","Flechettes","Wraith Form v2"],"picked":"SKIP","floor":7},{"not_picked":["Bane","Flechettes","Wraith Form v2"],"picked":"SKIP","floor":7},{"not_picked":["Variant","VoidDream"],"picked":"Bloodbath","floor":8},{"not_picked":["ReplayTheSpireMod:The Works","Dagger Spray","PiercingWail"],"picked":"SKIP","floor":8}],"player_experience":125842,"relics_obtained":[{"floor":2,"key":"Blood Vial"},{"floor":7,"key":"Replay:Bandana"},{"floor":9,"key":"Question Card"}],"event_choices":[{"damage_healed":0,"gold_gain":100,"player_choice":"Gold","damage_taken":0,"max_hp_gain":0,"max_hp_loss":0,"event_name":"Wheel of Change","floor":4,"gold_loss":0}],"is_beta":false,"boss_relics":[],"items_purged_floors":[],"is_endless":false,"potions_floor_spawned":[1,8],"killed_by":"3 Sentries","ascension_level":0}}