{"host":"6gl4z8x6qhx9xtfj","time":1612534078,"event":{"mods":["2.2 Compatiblity","A Penny For Your Troubles","AchievementEnabler","BaseMod","Bestiary","BetterRewards","Colored Map","Colored Powertips","Evolution","Minty Spire (QoL Compilation)","Permanent Neow","Quick Restart","Relic Stats","Spicy Shops","StSLib","SuperFastMode","Treasure Hunter"],"gold_per_floor":[119,135,150,133,133,63,95,106,152,178,25,96,111,122,122,225,225,242,258,259,259],"floor_reached":20,"language":"RUS","playtime":1136,"items_purged":["Strike_R"],"score":207,"play_id":"8b0a0ba0-d482-4382-aba9-3ad7e4be65da","local_time":"20210205170758","is_ascension_mode":true,"campfire_choices":[{"floor":15,"key":"REST"}],"circlet_count":0,"master_deck":["Strike_R","Strike_R","Strike_R","Strike_R","Defend_R","Defend_R","Defend_R","Defend_R","Bash","Cleave","Shockwave","Metallicize","Battle Trance","Spot Weakness","TH:ElvenBoots","Pommel Strike","TH:CopperCoins","TH:TreasureMap","Spot Weakness","TH:Mimic","Shrug It Off","TH:BikiniMail","Exhume","Shrug It Off","Pommel Strike"],"relics":["EVO:Axolotl","Mark of Pain","Question Card","Potion Belt","StrikeDummy","Toolbox","Singing Bowl","Fusion Hammer"],"acts_visited":["Exordium","TheCity"],"potions_floor_usage":[10,13,14,16],"damage_taken":[{"damage":6,"enemies":"2 Louse","floor":1,"turns":4},{"damage":0,"enemies":"Cultist","floor":2,"turns":2},{"damage":4,"enemies":"Jaw Worm","floor":3,"turns":3},{"damage":9,"enemies":"Exordium Thugs","floor":4,"turns":4},{"damage":21,"enemies":"3 Sentries","floor":7,"turns":7},{"damage":24,"enemies":"Lots of Slimes","floor":8,"turns":3},{"damage":10,"enemies":"Lagavulin","floor":10,"turns":10},{"damage":1,"enemies":"3 Louse","floor":13,"turns":6},{"damage":1,"enemies":"Looter","floor":14,"turns":2},{"damage":14,"enemies":"The Guardian","floor":16,"turns":15},{"damage":26,"enemies":"2 Thieves","floor":18,"turns":4},{"damage":46,"enemies":"3 Byrds","floor":19,"turns":6},{"damage":11,"enemies":"Snake Plant","floor":20,"turns":1}],"seed_played":"2958544793111210894","potions_obtained":[{"floor":1,"key":"ElixirPotion"},{"floor":3,"key":"LiquidMemories"},{"floor":7,"key":"AttackPotion"},{"floor":10,"key":"Ancient Potion"},{"floor":13,"key":"DuplicationPotion"},{"floor":19,"key":"ColorlessPotion"}],"is_trial":false,"path_per_floor":["M","M","M","M","?","$","E","M","T","E","$","T","M","M","R","B",null,"M","M","M"],"character_chosen":"IRONCLAD","items_purchased":["Spot Weakness","Toolbox"],"campfire_rested":1,"item_purchase_floors":[6,11],"current_hp_per_floor":[74,74,70,61,61,61,40,16,16,6,6,6,5,6,30,16,82,56,10,0,0],"gold":259,"neow_bonus":"BOSS_RELIC","is_daily":false,"chose_seed":false,"campfire_upgraded":0,"win_rate":0.0,"timestamp":1612534078,"path_taken":["M","M","M","M","?","$","E","M","T","E","?","?","M","?","R","BOSS","M","M","?"],"items_purchased_type":["Card","Relic"],"build_version":"2020-12-22","purchased_purges":1,"victory":false,"max_hp_per_floor":[80,80,80,80,80,80,80,80,80,80,80,80,80,82,82,82,82,82,82,82,82],"relic_stats":{"Singing Bowl":2,"counters":[13,67],"Question Card":15,"obtain_stats":[{"Potion Belt":9,"Singing Bowl":12,"Toolbox":11,"Mark of Pain":0,"Fusion Hammer":17,"EVO:Axolotl":0,"Question Card":7,"StrikeDummy":10,"Burning Blood":0},{"Potion Belt":6,"Singing Bowl":7,"Toolbox":7,"Mark of Pain":0,"Fusion Hammer":10,"EVO:Axolotl":0,"Question Card":5,"StrikeDummy":7,"Burning Blood":0},{"Potion Belt":23,"Singing Bowl":33,"Toolbox":33,"Mark of Pain":0,"Fusion Hammer":56,"EVO:Axolotl":0,"Question Card":20,"StrikeDummy":33,"Burning Blood":0}]},"card_choices":[{"not_picked":["Ghostly Armor","Searing Blow"],"picked":"Cleave","floor":1},{"not_picked":["Feel No Pain","Infernal Blade"],"picked":"Shockwave","floor":2},{"not_picked":["Body Slam","Clothesline"],"picked":"Metallicize","floor":3},{"not_picked":["Clothesline","Flame Barrier"],"picked":"Battle Trance","floor":4},{"not_picked":["TH:BikiniMail"],"picked":"TH:ElvenBoots","floor":7},{"not_picked":["Pommel Strike","Clothesline","Power Through"],"picked":"SKIP","floor":7},{"not_picked":["Clothesline","Power Through"],"picked":"Pommel Strike","floor":7},{"not_picked":["Perfected Strike","Cleave","Flex","Rage"],"picked":"SKIP","floor":8},{"not_picked":["TH:BikiniMail","TH:ElvenBoots"],"picked":"TH:CopperCoins","floor":9},{"not_picked":["TH:DeckOfManyThings","TH:PixieDust"],"picked":"TH:TreasureMap","floor":10},{"not_picked":["Dropkick","Flex","Cleave"],"picked":"Spot Weakness","floor":10},{"not_picked":["TH:EnergyPotion","TH:TreasureMap"],"picked":"TH:Mimic","floor":12},{"not_picked":["Bloodletting","Shockwave","Havoc"],"picked":"Shrug It Off","floor":13},{"not_picked":["Warcry","Battle Trance","Fire Breathing","Power Through"],"picked":"Singing Bowl","floor":14},{"not_picked":["TH:CopperCoins","TH:TreasureMap"],"picked":"TH:BikiniMail","floor":16},{"not_picked":["Immolate","Juggernaut","Berserk"],"picked":"Exhume","floor":16},{"not_picked":["Seeing Red","Perfected Strike","Armaments+1"],"picked":"Shrug It Off","floor":18},{"not_picked":["Warcry","Reckless Charge","Body Slam+1"],"picked":"Pommel Strike","floor":19}],"player_experience":138608,"relics_obtained":[{"floor":7,"key":"Question Card"},{"floor":9,"key":"Potion Belt"},{"floor":10,"key":"StrikeDummy"},{"floor":12,"key":"Singing Bowl"}],"event_choices":[{"damage_healed":0,"gold_gain":0,"player_choice":"Bought 0 Potions","damage_taken":0,"max_hp_gain":0,"max_hp_loss":0,"event_name":"The Woman in Blue","floor":5,"gold_loss":0}],"is_beta":false,"boss_relics":[{"not_picked":["Velvet Choker","Runic Pyramid"],"picked":"Fusion Hammer"}],"items_purged_floors":[11],"is_endless":false,"potions_floor_spawned":[1,3,7,8,10,13,19],"killed_by":"Snake Plant","ascension_level":2}}