{"host":"haq22x9zdvtvc76a","time":1612496080,"event":{"mods":["BaseMod","Downfall","Minty Spire (QoL Compilation)","StSLib"],"gold_per_floor":[99,114,129,144,319,349,374,398,398,422,447,556,574,613,637,746,746,764,788,812,100,124,142,167,206,206,206,215,239,239,263,287,396,396,396,420,420,170,170,179,179,203,203,46,71,71,95,110,134,134],"floor_reached":51,"language":"ENG","playtime":4549,"items_purged":["Guardian:Strike_Guardian"],"score":903,"play_id":"a95342fe-a5b8-4bf9-bc4e-2a7b9980591a","local_time":"20210204223440","daily_mods":["downfall:Improvised","ControlledChaos","Night Terrors"],"is_ascension_mode":false,"campfire_choices":[{"data":"sneckomod:UnknownUncommonPower","floor":1,"key":"SMITH"},{"data":"Guardian:TimeSifter","floor":35,"key":"SMITH"},{"data":"Guardian:FuturePlans","floor":43,"key":"SMITH"}],"circlet_count":0,"master_deck":["Guardian:Strike_Guardian","Guardian:Defend_Guardian","Guardian:Defend_Guardian+1","Guardian:Defend_Guardian","Guardian:Defend_Guardian","Guardian:CurlUp","Guardian:TwinSlam","sneckomod:UnknownCommonAttack","sneckomod:UnknownCommonAttack","sneckomod:UnknownCommonAttack","sneckomod:UnknownCommonSkill","sneckomod:UnknownCommonSkill+1","sneckomod:UnknownCommonSkill","sneckomod:UnknownUncommonAttack","sneckomod:UnknownUncommonSkill","sneckomod:UnknownUncommonPower+1","sneckomod:Unknown","Guardian:Reroute","Guardian:Harden","Guardian:SpikerProtocol","Guardian:BodySlam","Guardian:PiercingHide","Guardian:ExploitGems","Guardian:PiercingHide","Guardian:RefractedBeam+1","Guardian:SpikerProtocol","Guardian:FuturePlans+1","Guardian:EvasiveProtocol+1","Guardian:Gem_Cyan","Guardian:ArmoredProtocol","Guardian:ChargeCore","Guardian:PiercingHide+1","Guardian:BronzeOrb+1","Guardian:TimeSifter+1","Guardian:TemporalShield+1","Guardian:EvasiveProtocol","Guardian:SpikerProtocol","Guardian:SentryBeam+1","expansioncontent:Chronoboost","Guardian:VentSteam","Guardian:StasisStrike","Guardian:FuturePlans","Guardian:ArmoredProtocol","Guardian:FuturePlans","Guardian:SpikerProtocol","Guardian:FuturePlans","Guardian:FloatingOrbs+1","Guardian:Incinerate"],"relics":["Guardian:ModeShifterPlus","Frozen Eye","Guardian:PocketSentry","CeramicFish","Spirit Poop","Guardian:PickAxe","Toy Ornithopter","Guardian:GemstoneGun","Lantern","Incense Burner","Toolbox","Nunchaku","Boot","Black Star","War Paint","The Courier","Torii","Pen Nib"],"acts_visited":["Exordium","TheCity","TheBeyond"],"potions_floor_usage":[6,8,15,21,21,33,38,50,50,50],"damage_taken":[{"damage":0,"enemies":"2 Louse","floor":2,"turns":2},{"damage":15,"enemies":"Small Slimes","floor":3,"turns":4},{"damage":0,"enemies":"Cultist","floor":4,"turns":3},{"damage":4,"enemies":"3 Sentries","floor":6,"turns":8},{"damage":0,"enemies":"Exordium Wildlife","floor":8,"turns":3},{"damage":12,"enemies":"Blue Slaver","floor":10,"turns":2},{"damage":16,"enemies":"downfall:LadyInBlue","floor":12,"turns":9},{"damage":10,"enemies":"Gremlin Nob","floor":14,"turns":4},{"damage":0,"enemies":"Exordium Thugs","floor":15,"turns":2},{"damage":0,"enemies":"Hexaghost","floor":16,"turns":10},{"damage":2,"enemies":"Spheric Guardian","floor":19,"turns":3},{"damage":0,"enemies":"Snake Plant","floor":20,"turns":3},{"damage":1,"enemies":"downfall:FleeingMerchant","floor":21,"turns":4},{"damage":3,"enemies":"Snecko","floor":22,"turns":3},{"damage":0,"enemies":"Gremlin Leader","floor":25,"turns":4},{"damage":0,"enemies":"Chosen and Byrds","floor":29,"turns":5},{"damage":26,"enemies":"Cultist and Chosen","floor":31,"turns":5},{"damage":2,"enemies":"Snecko","floor":32,"turns":4},{"damage":0,"enemies":"DF_ARCHETYPE_CLAW","floor":33,"turns":4},{"damage":0,"enemies":"Orb Walker","floor":36,"turns":3},{"damage":0,"enemies":"downfall:FleeingMerchant","floor":38,"turns":4},{"damage":0,"enemies":"3 Shapes","floor":42,"turns":3},{"damage":0,"enemies":"downfall:FleeingMerchant","floor":44,"turns":4},{"damage":0,"enemies":"Maw","floor":47,"turns":6},{"damage":0,"enemies":"Spire Growth","floor":48,"turns":5},{"damage":0,"enemies":"Writhing Mass","floor":49,"turns":5},{"damage":53,"enemies":"IC_BLOCK_ARCHETYPE","floor":50,"turns":14}],"seed_played":"-8643747277835071688","potions_obtained":[{"floor":2,"key":"champ:CounterPotion"},{"floor":3,"key":"Guardian:DefensiveModePotion"},{"floor":4,"key":"Weak Potion"},{"floor":6,"key":"sneckomod:MuddlingPotion"},{"floor":12,"key":"SteroidPotion"},{"floor":12,"key":"DuplicationPotion"},{"floor":12,"key":"DistilledChaos"},{"floor":14,"key":"AttackPotion"},{"floor":20,"key":"Strength Potion"},{"floor":22,"key":"Dexterity Potion"},{"floor":25,"key":"DuplicationPotion"},{"floor":47,"key":"Weak Potion"},{"floor":49,"key":"Dexterity Potion"}],"is_trial":false,"path_per_floor":["R","M","M","M","?","E","T","M","?","M","T","?","R","E","M","B",null,"R","M","M","$","M","R","T","E","?","?","?","M","?","M","M","B",null,"R","M","?","$","?","?","T","M","R","$","?","?","M","M","M","B",null],"character_chosen":"GUARDIAN","items_purchased":["Guardian:FuturePlans","Lantern","Incense Burner","Toolbox","Guardian:SpikerProtocol","War Paint","Guardian:SentryBeam","Torii","Guardian:FuturePlans","Guardian:ArmoredProtocol","Guardian:FuturePlans","Guardian:SpikerProtocol","Guardian:FuturePlans"],"campfire_rested":0,"item_purchase_floors":[21,21,21,21,38,38,38,44,44,44,44,44,44],"current_hp_per_floor":[80,80,80,80,80,76,76,76,76,64,64,48,48,38,43,43,80,80,78,78,79,76,76,76,76,76,76,76,76,76,55,53,58,80,80,80,80,80,80,80,80,80,80,80,80,72,72,72,72,32],"gold":134,"neow_bonus":"","is_daily":true,"chose_seed":false,"campfire_upgraded":3,"win_rate":0.0,"timestamp":1612496080,"path_taken":["R","M","M","M","?","E","T","M","?","?","?","?","R","E","M","BOSS","R","M","M","$","M","R","T","E","?","?","?","?","?","M","M","BOSS","R","M","?","$","?","?","T","M","R","?","?","?","?","M","M","BOSS"],"items_purchased_type":["Card","Relic","Relic","Relic","Card","Relic","Card","Relic","Card","Card","Card","Card","Card"],"build_version":"2020-12-22","purchased_purges":1,"victory":true,"max_hp_per_floor":[80,80,80,80,80,80,80,80,80,80,80,80,80,80,80,80,80,80,80,80,80,80,80,80,80,80,80,80,80,80,80,80,80,80,80,80,80,80,80,80,80,80,80,80,80,80,80,80,80,80],"card_choices":[{"not_picked":["Guardian:DecasProtection","Guardian:Incinerate"],"picked":"Guardian:Reroute","floor":2},{"not_picked":["Guardian:PrismaticBeam","Guardian:Gem_Lightblue"],"picked":"Guardian:Gem_Purple","floor":3},{"not_picked":["Guardian:TemporalStrike","Guardian:ChargeCore"],"picked":"Guardian:Harden","floor":4},{"not_picked":["Guardian:Reroute","Guardian:WalkerClaw"],"picked":"Guardian:Gem_Fragmented","floor":6},{"not_picked":["Guardian:VentSteam","Guardian:Suspension"],"picked":"Guardian:Gem_Fragmented","floor":8},{"not_picked":["Guardian:ChargeCore","Guardian:VentSteam"],"picked":"Guardian:SpikerProtocol","floor":10},{"not_picked":["Guardian:Gem_Red","Guardian:Gem_Lightblue"],"picked":"Guardian:Gem_Crimson","floor":12},{"not_picked":["Guardian:TemporalShield","Guardian:DonusPower"],"picked":"Guardian:BodySlam","floor":14},{"not_picked":["Guardian:Preprogram","Guardian:ShieldSpikes"],"picked":"Guardian:PiercingHide","floor":15},{"not_picked":["Guardian:GemFinder","Guardian:ConstructionForm"],"picked":"Guardian:ExploitGems","floor":16},{"not_picked":["Guardian:Gem_Red","Guardian:DecasProtection"],"picked":"Guardian:PiercingHide","floor":19},{"not_picked":["Guardian:Gem_Green","Guardian:GuardianWhirl"],"picked":"Guardian:RefractedBeam+1","floor":20},{"not_picked":["Guardian:CrystalBeam","Guardian:PrismaticBarrier"],"picked":"Guardian:SpikerProtocol","floor":21},{"not_picked":["Guardian:Gem_Green","Guardian:Clone"],"picked":"Guardian:EvasiveProtocol+1","floor":22},{"not_picked":["Guardian:Incinerate","Guardian:Gem_Synthetic"],"picked":"Guardian:ArmoredProtocol","floor":25},{"not_picked":["Guardian:Gem_Crimson","Guardian:Gem_Lightblue"],"picked":"Guardian:Gem_White","floor":29},{"not_picked":["Guardian:WalkerClaw","Guardian:ShieldSpikes"],"picked":"Guardian:PiercingHide+1","floor":31},{"not_picked":["Guardian:Gem_Lightblue","Guardian:Recover"],"picked":"Guardian:BronzeOrb+1","floor":32},{"not_picked":["Guardian:BaubleBeam","Guardian:SphericShield"],"picked":"Guardian:TimeSifter","floor":33},{"not_picked":["Guardian:Reroute","Guardian:RollAttack+1"],"picked":"Guardian:TemporalShield+1","floor":36},{"not_picked":["Guardian:Reroute","Guardian:Gem_Green"],"picked":"Guardian:EvasiveProtocol","floor":38},{"not_picked":["expansioncontent:InvincibleStrength","expansioncontent:HyperBeam"],"picked":"expansioncontent:Chronoboost","floor":40},{"not_picked":["Guardian:GemFinder","Guardian:Gem_Purple"],"picked":"Guardian:VentSteam","floor":42},{"not_picked":["Guardian:VentSteam+1","Guardian:PrismaticBeam+1"],"picked":"Guardian:StasisStrike","floor":44},{"not_picked":["Guardian:Gem_Blue","Guardian:RollAttack"],"picked":"Guardian:FloatingOrbs+1","floor":47},{"not_picked":["Guardian:GuardianWhirl","Guardian:ChargeCore+1","Guardian:RollAttack"],"picked":"SKIP","floor":48},{"not_picked":["Guardian:Gem_Red","Guardian:RefractedBeam+1"],"picked":"Guardian:Incinerate","floor":49}],"player_experience":1706346,"relics_obtained":[{"floor":6,"key":"Guardian:PocketSentry"},{"floor":7,"key":"CeramicFish"},{"floor":11,"key":"Guardian:PickAxe"},{"floor":12,"key":"Toy Ornithopter"},{"floor":14,"key":"Guardian:GemstoneGun"},{"floor":24,"key":"Nunchaku"},{"floor":25,"key":"Boot"},{"floor":41,"key":"The Courier"},{"floor":45,"key":"Pen Nib"}],"event_choices":[{"damage_healed":0,"gold_gain":175,"player_choice":"AGREE","damage_taken":0,"max_hp_gain":0,"max_hp_loss":0,"event_name":"Liars Game","floor":5,"gold_loss":0,"cards_obtained":["Doubt"]},{"cards_removed":["Doubt"],"damage_healed":0,"gold_gain":0,"player_choice":"Offered Curse","damage_taken":0,"relics_obtained":["Spirit Poop"],"max_hp_gain":0,"max_hp_loss":0,"event_name":"Bonfire Elementals","floor":9,"gold_loss":0},{"cards_removed":["Guardian:Strike_Guardian"],"damage_healed":0,"gold_gain":0,"player_choice":"Removed Attack","damage_taken":0,"max_hp_gain":0,"max_hp_loss":0,"event_name":"Falling","floor":37,"gold_loss":0}],"is_beta":false,"boss_relics":[{"not_picked":["Calling Bell","Cursed Key"],"picked":"Guardian:ModeShifterPlus"},{"not_picked":["Pandora\u0027s Box","Runic Dome"],"picked":"Black Star"}],"items_purged_floors":[21],"is_endless":false,"potions_floor_spawned":[2,4,6,14,20,22,25,31,47,49],"ascension_level":0}}