{"host":"qdfumeom6htv8yxl","time":1612542022,"event":{"mods":["AchievementEnabler","BaseMod","Bestiary","Block Reminder","Colored Powertips","Highlight Path","Minty Spire (QoL Compilation)","Quick Restart","Relic Stats"],"gold_per_floor":[118,118,168,185,185,218,218,218,242,242,259,339,30,62,62,137,137,156,166,166,185,185,185,185,110,110,210,210,228,228,53,53,53,53],"floor_reached":33,"language":"ENG","playtime":1275,"items_purged":[],"score":548,"play_id":"59f8523c-8e60-4dfd-af14-a74fad67c3e5","local_time":"20210205102022","is_ascension_mode":true,"campfire_choices":[{"data":"Reprogram","floor":7.0,"key":"SMITH"},{"floor":10.0,"key":"REST"},{"data":"Sunder","floor":15.0,"key":"SMITH"},{"data":"Seek","floor":24.0,"key":"SMITH"},{"data":"Genetic Algorithm","floor":28.0,"key":"SMITH"},{"data":"Zap","floor":30.0,"key":"PURGE"},{"data":"Hologram","floor":32.0,"key":"SMITH"}],"circlet_count":0,"master_deck":["AscendersBane","Strike_B","Strike_B+1","Strike_B","Strike_B","Defend_B","Defend_B","Defend_B","Defend_B","Reprogram+1","Beam Cell+1","Seek+1","Steam","Panache","Sunder+1","Self Repair","Genetic Algorithm+1","Seek","Gash","RitualDagger","Sweeping Beam","Hologram+1","All For One"],"relics":["Cracked Core","NeowsBlessing","Pocketwatch","Anchor","HornCleat","Pear","Nuclear Battery","Ginger","Blue Candle","Peace Pipe","Gremlin Horn"],"acts_visited":["Exordium","TheCity"],"potions_floor_usage":[33],"damage_taken":[{"damage":0.0,"enemies":"Jaw Worm","floor":1.0,"turns":1.0},{"damage":0.0,"enemies":"2 Louse","floor":4.0,"turns":1.0},{"damage":0.0,"enemies":"3 Sentries","floor":6.0,"turns":1.0},{"damage":0.0,"enemies":"Cultist","floor":11.0,"turns":3.0},{"damage":23.0,"enemies":"Gremlin Nob","floor":14.0,"turns":4.0},{"damage":20.0,"enemies":"The Guardian","floor":16.0,"turns":11.0},{"damage":0.0,"enemies":"Shell Parasite","floor":18.0,"turns":3.0},{"damage":0.0,"enemies":"3 Byrds","floor":19.0,"turns":5.0},{"damage":3.0,"enemies":"Snake Plant","floor":21.0,"turns":2.0},{"damage":0.0,"enemies":"Colosseum Slavers","floor":27.0,"turns":2.0},{"damage":28.0,"enemies":"Colosseum Nobs","floor":27.0,"turns":4.0},{"damage":0.0,"enemies":"Cultist and Chosen","floor":29.0,"turns":4.0},{"damage":57,"enemies":"Automaton","floor":33,"turns":8}],"seed_played":"-5868436379502406564","potions_obtained":[{"floor":1.0,"key":"SkillPotion"},{"floor":14.0,"key":"Dexterity Potion"},{"floor":16.0,"key":"AttackPotion"},{"floor":18.0,"key":"Ancient Potion"}],"is_trial":false,"path_per_floor":["M","?","?","M","?","E","R","?","T","R","M","T","$","E","R","B",null,"M","M","?","M","?","?","R","?","T","?","R","M","R","$","R","B"],"character_chosen":"DEFECT","items_purchased":["Panache","Sunder","Self Repair","All For One"],"campfire_rested":1,"item_purchase_floors":[13,13,13,31],"current_hp_per_floor":[64,64,57,57,36,36,36,29,29,50,50,50,50,44,44,31,69,76,81,75,72,72,72,72,72,72,51,51,58,58,58,58,1,1],"gold":53,"neow_bonus":"THREE_ENEMY_KILL","is_daily":false,"chose_seed":false,"campfire_upgraded":5,"win_rate":0.0,"timestamp":1612542022,"path_taken":["M","?","?","?","?","E","R","?","T","R","M","?","$","E","R","BOSS","M","M","?","M","?","?","R","?","T","?","R","?","R","?","R","BOSS"],"items_purchased_type":["Card","Card","Card","Card"],"build_version":"2020-12-22","purchased_purges":0,"victory":false,"max_hp_per_floor":[71,71,71,71,71,71,71,71,71,71,71,71,71,81,81,81,81,81,81,81,81,81,81,81,81,81,81,81,81,81,81,81,81,81],"relic_stats":{"Peace Pipe":1,"Gremlin Horn":[3,3],"counters":[13,49],"Blue Candle":[0],"Ginger":[0],"obtain_stats":[{"Peace Pipe":27,"Anchor":9,"HornCleat":12,"Pear":14,"NeowsBlessing":0,"Gremlin Horn":27,"Blue Candle":26,"Ginger":23,"Cracked Core":0,"Pocketwatch":6,"Nuclear Battery":17},{"Peace Pipe":11,"Anchor":3,"HornCleat":4,"Pear":5,"NeowsBlessing":0,"Gremlin Horn":11,"Blue Candle":9,"Ginger":9,"Cracked Core":0,"Pocketwatch":3,"Nuclear Battery":6},{"Peace Pipe":37,"Anchor":3,"HornCleat":6,"Pear":10,"NeowsBlessing":0,"Gremlin Horn":37,"Blue Candle":31,"Ginger":31,"Cracked Core":0,"Pocketwatch":3,"Nuclear Battery":21}],"Pocketwatch":[42]},"card_choices":[{"not_picked":["White Noise","Beam Cell"],"picked":"Reprogram","floor":1.0},{"not_picked":["Streamline","Conserve Battery"],"picked":"Beam Cell","floor":4.0},{"not_picked":["Barrage","Undo"],"picked":"Seek","floor":6.0},{"not_picked":["Stack","Glacier"],"picked":"Steam","floor":11.0},{"not_picked":["Coolheaded","Lockon"],"picked":"Genetic Algorithm","floor":14.0},{"not_picked":["Fission","Electrodynamics"],"picked":"Seek","floor":16.0},{"not_picked":["Sunder","Chaos","Tempest"],"picked":"SKIP","floor":18.0},{"not_picked":["Sweeping Beam","Stack+1"],"picked":"Gash","floor":19.0},{"not_picked":["Steam","Coolheaded"],"picked":"Sweeping Beam","floor":21.0},{"not_picked":["Steam","Stack"],"picked":"Hologram","floor":27.0},{"not_picked":["Rebound+1","Steam","Coolheaded"],"picked":"SKIP","floor":29.0}],"player_experience":2045765,"relics_obtained":[{"floor":6.0,"key":"Pocketwatch"},{"floor":9.0,"key":"Anchor"},{"floor":12.0,"key":"HornCleat"},{"floor":14.0,"key":"Pear"},{"floor":26.0,"key":"Blue Candle"},{"floor":27.0,"key":"Peace Pipe"},{"floor":27.0,"key":"Gremlin Horn"}],"event_choices":[{"damage_healed":0.0,"max_hp_gain":0.0,"max_hp_loss":0.0,"gold_gain":0.0,"event_name":"Scrap Ooze","player_choice":"Fled","floor":2.0,"gold_loss":0.0,"damage_taken":0.0},{"damage_healed":0.0,"max_hp_gain":0.0,"max_hp_loss":0.0,"gold_gain":50.0,"event_name":"FaceTrader","player_choice":"Touch","floor":3.0,"gold_loss":0.0,"damage_taken":7.0},{"damage_healed":0.0,"max_hp_gain":0.0,"max_hp_loss":0.0,"gold_gain":0.0,"event_name":"Shining Light","player_choice":"Entered Light","floor":5.0,"gold_loss":0.0,"damage_taken":21.0,"cards_upgraded":["Strike_B","Beam Cell"]},{"cards_removed":["Dualcast"],"damage_healed":0.0,"max_hp_gain":0.0,"max_hp_loss":0.0,"gold_gain":0.0,"event_name":"Golden Wing","player_choice":"Card Removal","floor":8.0,"gold_loss":0.0,"damage_taken":7.0},{"damage_healed":0.0,"max_hp_gain":0.0,"max_hp_loss":0.0,"gold_gain":0.0,"event_name":"Nest","player_choice":"Joined the Cult","floor":20.0,"gold_loss":0.0,"damage_taken":6.0,"cards_obtained":["RitualDagger"]},{"damage_healed":0.0,"max_hp_gain":0.0,"max_hp_loss":0.0,"gold_gain":0.0,"event_name":"Ghosts","player_choice":"Ignored","floor":22.0,"gold_loss":0.0,"damage_taken":0.0},{"damage_healed":0.0,"max_hp_gain":0.0,"max_hp_loss":0.0,"gold_gain":0.0,"event_name":"The Mausoleum","player_choice":"Opened","floor":23.0,"gold_loss":0.0,"damage_taken":0.0,"relics_obtained":["Ginger"],"cards_obtained":["Writhe"]},{"cards_removed":["Writhe"],"damage_healed":0.0,"max_hp_gain":0.0,"max_hp_loss":0.0,"gold_gain":0.0,"event_name":"Beggar","player_choice":"Gave Gold","floor":25.0,"gold_loss":75.0,"damage_taken":0.0},{"damage_healed":0.0,"max_hp_gain":0.0,"max_hp_loss":0.0,"gold_gain":0.0,"event_name":"Colosseum","player_choice":"Fight","floor":27.0,"gold_loss":0.0,"damage_taken":0.0},{"damage_healed":0.0,"max_hp_gain":0.0,"max_hp_loss":0.0,"gold_gain":0.0,"event_name":"Colosseum","player_choice":"Fought Nobs","floor":27.0,"gold_loss":0.0,"damage_taken":0.0}],"is_beta":false,"boss_relics":[{"not_picked":["Sozu","SlaversCollar"],"picked":"Nuclear Battery"}],"items_purged_floors":[],"is_endless":false,"potions_floor_spawned":[1,14,16,18,27,27,29],"killed_by":"Automaton","ascension_level":20}}