{"host":"vrsxkkch9ccrec7k","time":1612557669,"event":{"mods":["Act Like it!","BaseMod","Bestiary","Better Altar","Better Match","Better Note","Better Sensory Stone","Better Skull","Better Third Choice","Better Vampires","Downfall","Minty Spire (QoL Compilation)","Permanent Neow","Relic Stats","Spicy Shops","StSLib"],"gold_per_floor":[99,111,111,123,123,154,154,154,185,185,285,296,296,33,43,119,119,19,38,138,153,167,167,167,197,197,207,207,207,15,29,41,115,115,115,128,128,128,40,53,53,53,53,84,84,109,119,135,149,149],"floor_reached":51,"language":"ENG","playtime":4061,"items_purged":["Bite","Bandage Up"],"score":1713,"play_id":"b2242315-1598-4856-93a8-df7171e42a86","local_time":"20210205154109","is_ascension_mode":true,"campfire_choices":[{"data":"champ:Execute","floor":1,"key":"SMITH"},{"data":"champ:SteelEdge","floor":8,"key":"SMITH"},{"data":"champ:EnchantCrown","floor":13,"key":"SMITH"},{"data":"champ:GladiatorForm","floor":18,"key":"SMITH"},{"data":"champ:Lariat","floor":23,"key":"SMITH"},{"floor":26,"key":"REST"},{"data":"champ:Improvising","floor":28,"key":"SMITH"},{"data":"champ:Taunt","floor":35,"key":"SMITH"},{"data":"champ:IgnorePain","floor":43,"key":"SMITH"},{"data":"champ:CalledShot","floor":45,"key":"SMITH"}],"circlet_count":0,"master_deck":["AscendersBane","champ:Defend","champ:Defend","champ:Defend","champ:Defend","champ:Execute+1","champ:Taunt+1","champ:FlashCut+1","champ:SteelEdge+1","champ:EnchantCrown+1","Crippling Poison+1","Corpse Explosion+1","champ:Lariat+1","champ:GladiatorForm+1","champ:ShieldWall","champ:IgnorePain+1","champ:DefensiveStyle","champ:FanOfKnives","champ:Improvising+1","champ:StanceDance","Bite+1","champ:CalledShot+1","champ:RisingSlash","champ:RageSigil+1","champ:FocusedDefense","champ:DefensiveStyle","champ:ShieldSigil+1","champ:ShieldWall+1","champ:DancingMaster","champ:ShieldWall","champ:ShieldWall"],"relics":["champ:ChampionCrown","Happy Flower","Shuriken","Blue Candle","Mummified Hand","Sozu","downfall:HeartBlessingGreen","downfall:GremlinWheel","Bronze Scales","Centennial Puzzle","Membership Card","sneckomod:SneckoTalon","HornCleat","Pen Nib","hexamod:CandleOfCauterizing","Bag of Preparation","OrangePellets","Whetstone"],"acts_visited":["Exordium","TheCity","TheBeyond"],"potions_floor_usage":[16],"damage_taken":[{"damage":20,"enemies":"Cultist","floor":2,"turns":3},{"damage":10,"enemies":"2 Louse","floor":4,"turns":3},{"damage":46,"enemies":"Gremlin Nob","floor":6,"turns":5},{"damage":38,"enemies":"3 Sentries","floor":9,"turns":9},{"damage":10,"enemies":"Small Slimes","floor":12,"turns":4},{"damage":25,"enemies":"downfall:FleeingMerchant","floor":14,"turns":4},{"damage":16,"enemies":"2 Fungi Beasts","floor":15,"turns":3},{"damage":57,"enemies":"IC_STATUS_ARCHETYPE","floor":16,"turns":9},{"damage":35,"enemies":"3 Byrds","floor":19,"turns":4},{"damage":18,"enemies":"3 Byrds","floor":20,"turns":5},{"damage":14,"enemies":"Chosen","floor":21,"turns":5},{"damage":11,"enemies":"Snecko","floor":22,"turns":6},{"damage":74,"enemies":"Slavers","floor":25,"turns":5},{"damage":40,"enemies":"Snake Plant","floor":27,"turns":4},{"damage":15,"enemies":"downfall:FleeingMerchant","floor":30,"turns":4},{"damage":16,"enemies":"3 Cultists","floor":31,"turns":3},{"damage":54,"enemies":"Centurion and Healer","floor":32,"turns":5},{"damage":69,"enemies":"SI_MIRROR_ARCHETYPE","floor":33,"turns":8},{"damage":26,"enemies":"Orb Walker","floor":36,"turns":4},{"damage":15,"enemies":"downfall:FleeingMerchant","floor":39,"turns":4},{"damage":0,"enemies":"3 Darklings","floor":40,"turns":3},{"damage":33,"enemies":"Reptomancer","floor":44,"turns":5},{"damage":30,"enemies":"Giant Head","floor":46,"turns":5},{"damage":0,"enemies":"downfall:FleeingMerchant","floor":47,"turns":4},{"damage":5,"enemies":"Jaw Worm Horde","floor":48,"turns":3},{"damage":57,"enemies":"Transient","floor":49,"turns":5},{"damage":0,"enemies":"WA_ARCHETYPE_DIVINITY","floor":50,"turns":9}],"seed_played":"-6159740023816838076","potions_obtained":[{"floor":6,"key":"Dexterity Potion"},{"floor":9,"key":"Ancient Potion"},{"floor":15,"key":"Strength Potion"},{"floor":16,"key":"sneckomod:MuddlingPotion"}],"is_trial":false,"path_per_floor":["R","M","?","M","?","E","T","R","E","?","?","M","R","$","M","B",null,"R","M","?","M","M","R","T","E","R","M","R","?","$","M","M","B",null,"R","M","?","?","$","M","T","?","R","E","R","E","$","M","M","B",null],"character_chosen":"THE_CHAMP","items_purchased":["Mummified Hand","Membership Card","champ:RisingSlash","champ:DefensiveStyle","champ:ShieldWall","Bag of Preparation","OrangePellets","Whetstone"],"campfire_rested":1,"item_purchase_floors":[14,30,30,39,47,47,47,47],"current_hp_per_floor":[81,81,81,81,81,59,59,59,55,51,51,55,55,59,57,14,71,71,75,67,67,70,90,90,31,58,62,62,62,70,72,71,73,78,78,69,69,69,77,79,79,79,79,71,71,74,79,79,75,75],"gold":149,"neow_bonus":"REMOVE_CARD","is_daily":false,"chose_seed":false,"campfire_upgraded":9,"win_rate":0.0,"timestamp":1612557669,"path_taken":["R","M","?","M","?","E","T","R","E","?","?","M","R","$","M","BOSS","R","M","?","?","M","R","T","E","R","M","R","?","$","M","M","BOSS","R","M","?","?","$","M","T","?","R","E","R","E","$","M","M","BOSS"],"items_purchased_type":["Relic","Relic","Card","Card","Card","Relic","Relic","Relic"],"build_version":"2020-12-22","purchased_purges":2,"victory":true,"max_hp_per_floor":[90,90,90,90,90,90,90,90,90,90,90,90,90,90,90,90,90,90,90,90,90,90,90,90,90,90,90,90,79,79,79,79,79,79,79,79,79,79,79,79,79,79,79,79,79,79,79,79,79,79],"relic_stats":{"Happy Flower":[40],"counters":[27,131],"Blue Candle":[0],"Pen Nib":[4],"Bag of Preparation":[6],"Whetstone":["champ:FlashCut","Bite"],"Sozu":7,"OrangePellets":[0],"Centennial Puzzle":[33],"Shuriken":[34],"Mummified Hand":[89],"Bronze Scales":[219],"obtain_stats":[{"hexamod:CandleOfCauterizing":46,"Happy Flower":6,"Blue Candle":9,"champ:ChampionCrown":0,"downfall:HeartBlessingGreen":18,"Pen Nib":44,"Bag of Preparation":47,"Whetstone":47,"sneckomod:SneckoTalon":34,"Sozu":17,"OrangePellets":47,"Centennial Puzzle":25,"downfall:GremlinWheel":20,"HornCleat":42,"Shuriken":7,"Mummified Hand":14,"Bronze Scales":24,"Membership Card":30},{"hexamod:CandleOfCauterizing":23,"Happy Flower":3,"Blue Candle":4,"champ:ChampionCrown":0,"downfall:HeartBlessingGreen":8,"Pen Nib":22,"Bag of Preparation":24,"Whetstone":24,"sneckomod:SneckoTalon":18,"Sozu":8,"OrangePellets":24,"Centennial Puzzle":13,"downfall:GremlinWheel":10,"HornCleat":21,"Shuriken":3,"Mummified Hand":6,"Bronze Scales":12,"Membership Card":15},{"hexamod:CandleOfCauterizing":110,"Happy Flower":11,"Blue Candle":20,"champ:ChampionCrown":0,"downfall:HeartBlessingGreen":40,"Pen Nib":105,"Bag of Preparation":114,"Whetstone":114,"sneckomod:SneckoTalon":89,"Sozu":40,"OrangePellets":114,"Centennial Puzzle":65,"downfall:GremlinWheel":49,"HornCleat":100,"Shuriken":11,"Mummified Hand":28,"Bronze Scales":60,"Membership Card":73}]},"card_choices":[{"not_picked":["champ:AdrenalArmor","champ:BerserkersShout"],"picked":"champ:FlashCut","floor":2},{"not_picked":["champ:EnGarde","champ:FocusedDefense","champ:FalseCounter"],"picked":"SKIP","floor":4},{"not_picked":["Trip","Deep Breath"],"picked":"Bandage Up","floor":5},{"not_picked":["champ:EnGarde","champ:FalseCounter"],"picked":"champ:SteelEdge","floor":6},{"not_picked":["champ:Haymaker","champ:FalseCounter"],"picked":"champ:EnchantCrown","floor":9},{"not_picked":["champ:EnGarde","champ:FalseCounter"],"picked":"champ:Lariat","floor":12},{"not_picked":["champ:TornadoPunch","champ:AdrenalArmor"],"picked":"champ:GladiatorForm","floor":14},{"not_picked":["champ:Shatter","champ:ArenaPreparation"],"picked":"champ:ShieldWall","floor":15},{"not_picked":["champ:EnchantSword","champ:SwordThrow"],"picked":"champ:IgnorePain","floor":16},{"not_picked":["champ:StanceDance","champ:Lariat","champ:HeartStrike"],"picked":"SKIP","floor":19},{"not_picked":["champ:GladiatorStyle","champ:EnGarde+1"],"picked":"champ:DefensiveStyle","floor":21},{"not_picked":["champ:GutPunch+1","champ:FlashCut"],"picked":"champ:FanOfKnives","floor":22},{"not_picked":["champ:BladeFlurry","champ:EnGarde"],"picked":"champ:Improvising","floor":25},{"not_picked":["champ:Circumvent","champ:TornadoPunch"],"picked":"champ:StanceDance","floor":27},{"not_picked":["champ:FlashCut","champ:FanOfKnives"],"picked":"champ:CalledShot","floor":30},{"not_picked":["champ:BerserkersShout","champ:BladeFlurry","champ:PreciseThrust"],"picked":"SKIP","floor":31},{"not_picked":["champ:FanOfKnives","champ:StanceDance"],"picked":"champ:RageSigil+1","floor":32},{"not_picked":["champ:RisingSlash+1","champ:CrownThrow"],"picked":"champ:FocusedDefense","floor":36},{"not_picked":["champ:BerserkersShout","champ:Shatter","champ:PreciseThrust"],"picked":"SKIP","floor":39},{"not_picked":["champ:RapidStrikes+1","champ:PreciseThrust"],"picked":"champ:ShieldSigil+1","floor":40},{"not_picked":["champ:BringItOn","champ:GladiatorStyle"],"picked":"champ:ShieldWall+1","floor":44},{"not_picked":["champ:PerfectedStrike","champ:RapidStrikes+1"],"picked":"champ:DancingMaster","floor":46},{"not_picked":["champ:FlashCut","champ:HeavySlash","champ:AdrenalArmor"],"picked":"SKIP","floor":47},{"not_picked":["champ:EnGarde","champ:PreciseThrust","champ:BerserkersShout"],"picked":"SKIP","floor":48},{"not_picked":["champ:BladeFlurry","champ:AdrenalArmor+1"],"picked":"champ:ShieldWall","floor":49}],"player_experience":1866747,"relics_obtained":[{"floor":6,"key":"Happy Flower"},{"floor":7,"key":"Shuriken"},{"floor":9,"key":"Blue Candle"},{"floor":20,"key":"downfall:GremlinWheel"},{"floor":24,"key":"Bronze Scales"},{"floor":25,"key":"Centennial Puzzle"},{"floor":42,"key":"HornCleat"},{"floor":44,"key":"Pen Nib"},{"floor":46,"key":"hexamod:CandleOfCauterizing"}],"event_choices":[{"damage_healed":0,"gold_gain":1,"player_choice":"1","damage_taken":0,"max_hp_gain":0,"max_hp_loss":0,"event_name":"betterStone:BetterStone","floor":5,"gold_loss":0},{"damage_healed":0,"gold_gain":1,"player_choice":"Card Card ","damage_taken":4,"max_hp_gain":0,"max_hp_loss":0,"event_name":"betterThird:BetterScrap","floor":10,"gold_loss":0,"cards_obtained":["Crippling Poison","Corpse Explosion"]},{"damage_healed":20,"gold_gain":0,"player_choice":"Full Heal","damage_taken":0,"max_hp_gain":0,"max_hp_loss":0,"event_name":"Wheel of Change","floor":23,"gold_loss":0},{"damage_healed":0,"gold_gain":0,"player_choice":"Became a vampire","damage_taken":0,"max_hp_gain":0,"max_hp_loss":11,"event_name":"Vampires","floor":29,"gold_loss":0,"cards_obtained":["Bite","Bite"]}],"is_beta":false,"boss_relics":[{"not_picked":["Fusion Hammer","Coffee Dripper"],"picked":"Sozu"},{"not_picked":["Runic Dome","Busted Crown"],"picked":"sneckomod:SneckoTalon"}],"items_purged_floors":[39,47],"is_endless":false,"potions_floor_spawned":[6,9,15,16,21,22,25,27,31,36,44],"ascension_level":13}}