{"host":"9l1knhxfturzliqa","time":1612490981,"event":{"mods":["BaseMod","Colored Map","Colored Powertips","DeckTracker","Highlight Path","Keyboard Shortcuts","Minty Spire (QoL Compilation)","Random Character Button"],"gold_per_floor":[113,113,113,132,142,174,174,191,191,205,205,22,22,22,22,125,175,191,191,211,223,223,223,236,247,247,267,267,267],"floor_reached":28,"language":"KOR","playtime":1189,"items_purged":["Defend_B"],"score":336,"play_id":"72d1edf7-c86e-4407-9fdd-fe088732d4b0","local_time":"20210205110941","is_ascension_mode":true,"campfire_choices":[{"data":"Sunder","floor":7.0,"key":"SMITH"},{"data":"White Noise","floor":15.0,"key":"SMITH"},{"data":"Double Energy","floor":23.0,"key":"SMITH"}],"circlet_count":0,"master_deck":["Strike_B","Strike_B","Defend_B","Defend_B+1","Defend_B","Zap+1","Dualcast","Sunder+1","Rebound","Conserve Battery","Go for the Eyes","Amplify+1","White Noise+1","Coolheaded","Defragment","Echo Form","Capacitor","Ball Lightning","Ghostly","Ghostly","Ghostly","Ghostly","Ghostly","Lockon","Double Energy+1","Tempest"],"relics":["Cracked Core","Cables","Blood Vial","Blue Candle","Tiny House","Eternal Feather"],"acts_visited":["Exordium","TheCity"],"potions_floor_usage":[],"damage_taken":[{"damage":7.0,"enemies":"Jaw Worm","floor":1.0,"turns":3.0},{"damage":6.0,"enemies":"2 Louse","floor":4.0,"turns":2.0},{"damage":0.0,"enemies":"Small Slimes","floor":5.0,"turns":2.0},{"damage":28.0,"enemies":"Gremlin Nob","floor":6.0,"turns":4.0},{"damage":0.0,"enemies":"2 Fungi Beasts","floor":8.0,"turns":3.0},{"damage":3.0,"enemies":"Looter","floor":10.0,"turns":2.0},{"damage":20.0,"enemies":"Hexaghost","floor":16.0,"turns":11.0},{"damage":20.0,"enemies":"Spheric Guardian","floor":18.0,"turns":4.0},{"damage":0.0,"enemies":"2 Thieves","floor":20.0,"turns":4.0},{"damage":20.0,"enemies":"Sentry and Sphere","floor":21.0,"turns":5.0},{"damage":8.0,"enemies":"Chosen and Byrds","floor":24.0,"turns":7.0},{"damage":1.0,"enemies":"Snecko","floor":25.0,"turns":6.0},{"damage":3.0,"enemies":"Shelled Parasite and Fungi","floor":27.0,"turns":6.0},{"damage":18,"enemies":"Snake Plant","floor":28,"turns":1}],"seed_played":"-2944756819197704212","potions_obtained":[{"floor":5.0,"key":"BlessingOfTheForge"},{"floor":8.0,"key":"SkillPotion"},{"floor":17.0,"key":"FearPotion"},{"floor":18.0,"key":"FocusPotion"},{"floor":21.0,"key":"FocusPotion"},{"floor":25.0,"key":"LiquidMemories"}],"is_trial":false,"path_per_floor":["M","?","?","M","M","E","R","M","T","M","?","$","?","$","R","B",null,"M","?","M","M","?","R","M","M","T","M","M"],"character_chosen":"DEFECT","items_purchased":["Coolheaded","Defragment"],"campfire_rested":0,"item_purchase_floors":[12,12],"current_hp_per_floor":[61,58,51,45,45,17,17,19,19,18,43,43,28,28,28,10,64,46,40,40,20,20,20,14,15,15,14,0,0],"gold":267,"neow_bonus":"THREE_CARDS","is_daily":false,"chose_seed":false,"campfire_upgraded":3,"win_rate":0.0,"timestamp":1612490981,"path_taken":["M","?","?","M","M","E","R","M","T","M","?","$","?","$","R","BOSS","M","?","M","M","?","R","M","M","T","M","M"],"items_purchased_type":["Card","Card"],"build_version":"2020-12-22","purchased_purges":1,"victory":false,"max_hp_per_floor":[75,75,75,75,75,75,75,75,75,75,75,75,75,75,75,75,80,80,40,40,40,40,40,40,40,40,40,40,40],"card_choices":[{"not_picked":["Conserve Battery","Fusion"],"picked":"Sunder","floor":0.0},{"not_picked":["Cold Snap","Doom and Gloom"],"picked":"Rebound","floor":1.0},{"not_picked":["Rebound","Compile Driver"],"picked":"Conserve Battery","floor":4.0},{"not_picked":["Recycle","Streamline"],"picked":"Go for the Eyes","floor":5.0},{"not_picked":["Creative AI","Conserve Battery"],"picked":"Amplify","floor":6.0},{"not_picked":["Conserve Battery","Blizzard","Undo"],"picked":"SKIP","floor":8.0},{"not_picked":["Gash","Steam"],"picked":"White Noise","floor":10.0},{"not_picked":["Multi-Cast","Electrodynamics"],"picked":"Echo Form","floor":16.0},{"not_picked":["Compile Driver","Turbo"],"picked":"Capacitor","floor":17.0},{"not_picked":["Stack","Barrage"],"picked":"Ball Lightning","floor":18.0},{"not_picked":["Steam Power","Rebound","Stack"],"picked":"SKIP","floor":20.0},{"not_picked":["Multi-Cast","Go for the Eyes"],"picked":"Lockon","floor":21.0},{"not_picked":["Sweeping Beam","Auto Shields+1","Coolheaded"],"picked":"SKIP","floor":24.0},{"not_picked":["Steam","Beam Cell"],"picked":"Tempest","floor":25.0},{"not_picked":["Coolheaded","Glacier","Machine Learning"],"picked":"SKIP","floor":27.0}],"player_experience":607421,"relics_obtained":[{"floor":6.0,"key":"Blood Vial"},{"floor":9.0,"key":"Blue Candle"},{"floor":26.0,"key":"Eternal Feather"}],"event_choices":[{"damage_healed":0.0,"max_hp_gain":0.0,"max_hp_loss":0.0,"gold_gain":0.0,"event_name":"Scrap Ooze","player_choice":"Success","floor":2.0,"gold_loss":0.0,"damage_taken":3.0,"relics_obtained":["Cables"]},{"cards_removed":["Strike_B"],"damage_healed":0.0,"max_hp_gain":0.0,"max_hp_loss":0.0,"gold_gain":0.0,"event_name":"Golden Wing","player_choice":"Card Removal","floor":3.0,"gold_loss":0.0,"damage_taken":7.0},{"damage_healed":25.0,"max_hp_gain":0.0,"max_hp_loss":0.0,"gold_gain":0.0,"event_name":"Big Fish","player_choice":"Banana","floor":11.0,"gold_loss":0.0,"damage_taken":0.0},{"damage_healed":0.0,"max_hp_gain":0.0,"max_hp_loss":0.0,"gold_gain":0.0,"event_name":"Shining Light","player_choice":"Entered Light","floor":13.0,"gold_loss":0.0,"damage_taken":15.0,"cards_upgraded":["Defend_B","Zap"]},{"damage_healed":0.0,"max_hp_gain":0.0,"max_hp_loss":40.0,"gold_gain":0.0,"event_name":"Ghosts","player_choice":"Became a Ghost","floor":19.0,"gold_loss":0.0,"damage_taken":0.0,"cards_obtained":["Ghostly","Ghostly","Ghostly","Ghostly","Ghostly"]},{"damage_healed":0.0,"max_hp_gain":0.0,"max_hp_loss":0.0,"gold_gain":0.0,"cards_transformed":["Strike_B"],"event_name":"Transmorgrifier","player_choice":"Transformed","floor":22.0,"gold_loss":0.0,"damage_taken":0.0,"cards_obtained":["Double Energy"]}],"is_beta":false,"boss_relics":[{"not_picked":["Fusion Hammer","Calling Bell"],"picked":"Tiny House"}],"items_purged_floors":[12],"is_endless":false,"potions_floor_spawned":[5,8,18,21,25],"killed_by":"Snake Plant","ascension_level":8}}