{"host":"cl7476msnyrv13v7","time":1612548335,"event":{"mods":["BaseMod","Colored Map","Colored Powertips","Highlight Path","Minty Spire (QoL Compilation)","Rare Cards Sparkle","Relic Stats"],"gold_per_floor":[111,36,36,50,70,70,102,126,138,168,180,192,235,200,212,224,224],"floor_reached":16,"language":"ENG","playtime":719,"items_purged":[],"score":220,"play_id":"038cb761-915d-4786-bfa1-ec52611044c8","local_time":"20210205190535","is_ascension_mode":true,"campfire_choices":[{"data":"Neutralize","floor":6,"key":"SMITH"},{"data":"Choke","floor":12,"key":"SMITH"},{"floor":15,"key":"REST"}],"circlet_count":0,"master_deck":["AscendersBane","Strike_G","Strike_G","Strike_G","Defend_G","Defend_G","Defend_G","Defend_G","Defend_G","Survivor","Neutralize+1","Dagger Spray","Blade Dance","Choke+1","Dagger Throw","Blade Dance"],"relics":["Ring of the Snake","NeowsBlessing","Regal Pillow","MawBank","Blood Vial","Ancient Tea Set"],"acts_visited":["Exordium"],"potions_floor_usage":[13,14],"damage_taken":[{"damage":0,"enemies":"Jaw Worm","floor":1,"turns":1},{"damage":0,"enemies":"Cultist","floor":4,"turns":1},{"damage":0,"enemies":"Small Slimes","floor":5,"turns":1},{"damage":34,"enemies":"3 Sentries","floor":7,"turns":12},{"damage":1,"enemies":"Blue Slaver","floor":10,"turns":5},{"damage":19,"enemies":"Lagavulin","floor":13,"turns":6},{"damage":10,"enemies":"Exordium Thugs","floor":14,"turns":5},{"damage":39,"enemies":"The Guardian","floor":16,"turns":14}],"seed_played":"7137982127220759774","potions_obtained":[{"floor":1,"key":"Weak Potion"},{"floor":7,"key":"Strength Potion"}],"is_trial":false,"path_per_floor":["M","?","?","M","M","R","E","T","T","M","$","R","E","M","R","B"],"character_chosen":"THE_SILENT","items_purchased":[],"campfire_rested":1,"item_purchase_floors":[],"current_hp_per_floor":[59,59,59,59,59,59,25,25,25,26,26,26,9,1,35,0,0],"gold":224,"neow_bonus":"THREE_ENEMY_KILL","is_daily":false,"chose_seed":false,"campfire_upgraded":2,"win_rate":0.0,"timestamp":1612548335,"path_taken":["M","?","?","M","?","R","E","?","T","M","$","R","E","M","R","BOSS"],"items_purchased_type":[],"build_version":"2020-12-22","purchased_purges":0,"victory":false,"max_hp_per_floor":[66,66,66,66,66,66,66,66,66,66,66,66,66,66,66,66,66],"relic_stats":{"Blood Vial":8,"Regal Pillow":15,"counters":[8,45],"MawBank":96,"obtain_stats":[{"Blood Vial":9,"Regal Pillow":7,"NeowsBlessing":0,"MawBank":8,"Ancient Tea Set":13,"Ring of the Snake":0},{"Blood Vial":4,"Regal Pillow":4,"NeowsBlessing":0,"MawBank":4,"Ancient Tea Set":6,"Ring of the Snake":0},{"Blood Vial":15,"Regal Pillow":15,"NeowsBlessing":0,"MawBank":15,"Ancient Tea Set":26,"Ring of the Snake":0}],"Ring of the Snake":[16]},"card_choices":[{"not_picked":["Expertise","Deflect","Acrobatics"],"picked":"SKIP","floor":1},{"not_picked":["Accuracy","Bane"],"picked":"Dagger Spray","floor":4},{"not_picked":["Deflect","Tactician"],"picked":"Blade Dance","floor":5},{"not_picked":["Phantasmal Killer","Bane"],"picked":"Choke","floor":7},{"not_picked":["Sucker Punch","Slice"],"picked":"Dagger Throw","floor":10},{"not_picked":["Terror","Prepared","Masterful Stab"],"picked":"SKIP","floor":13},{"not_picked":["Outmaneuver","Dagger Spray"],"picked":"Blade Dance","floor":14}],"player_experience":1137639,"relics_obtained":[{"floor":7,"key":"Regal Pillow"},{"floor":8,"key":"MawBank"},{"floor":9,"key":"Blood Vial"},{"floor":13,"key":"Ancient Tea Set"}],"event_choices":[{"cards_removed":["Strike_G"],"damage_healed":0,"gold_gain":0,"player_choice":"Card Removal","damage_taken":0,"max_hp_gain":0,"max_hp_loss":0,"event_name":"The Cleric","floor":2,"gold_loss":75},{"cards_removed":["Strike_G"],"damage_healed":0,"gold_gain":0,"player_choice":"Offered Basic","damage_taken":0,"max_hp_gain":0,"max_hp_loss":0,"event_name":"Bonfire Elementals","floor":3,"gold_loss":0}],"is_beta":false,"boss_relics":[],"items_purged_floors":[],"is_endless":false,"potions_floor_spawned":[1,7],"killed_by":"The Guardian","ascension_level":20}}