{"host":"1bvadgc0hovl67h4","time":1612562625,"event":{"mods":["BaseMod","Colored Map","Downfall","Hermit","Minty Spire (QoL Compilation)","StSLib","The Cursed"],"gold_per_floor":[118,68,83,83,97,97,111,111,111,44,73,73,73,73,73,73,73],"floor_reached":16,"language":"ENG","playtime":1054,"items_purged":[],"score":113,"play_id":"3475834a-a256-41e4-a1d8-af0348a3bee3","local_time":"20210205140345","is_ascension_mode":true,"campfire_choices":[{"data":"TheCursedMod:CleanUpWorkshop","floor":6,"key":"SMITH"},{"data":"TheCursedMod:CursedWand","floor":8,"key":"SMITH"},{"data":"TheCursedMod:LuckyCharm","floor":13,"key":"SMITH"},{"floor":15,"key":"REST"}],"circlet_count":0,"master_deck":["TheCursedMod:Strike_TheCursed","TheCursedMod:Strike_TheCursed","TheCursedMod:Strike_TheCursed+1","TheCursedMod:Defend_TheCursed","TheCursedMod:Defend_TheCursed","TheCursedMod:Defend_TheCursed","TheCursedMod:Defend_TheCursed","TheCursedMod:CursedWand+1","TheCursedMod:CleanUpWorkshop+1","TheCursedMod:Dregs","Panacea","TheCursedMod:SurpriseAttack","TheCursedMod:SoulReap","TheCursedMod:LuckyCharm+1","TheCursedMod:TroublousMinions+1","TheCursedMod:CursedBlade"],"relics":["TheCursedMod:BlackMagic101","Anchor","Bottled Flame","TheCursedMod:BloodyHarpoon"],"acts_visited":["Exordium"],"potions_floor_usage":[16],"damage_taken":[{"damage":8,"enemies":"Jaw Worm","floor":1,"turns":4},{"damage":3,"enemies":"Cultist","floor":3,"turns":4},{"damage":6,"enemies":"2 Louse","floor":5,"turns":4},{"damage":9,"enemies":"Exordium Wildlife","floor":7,"turns":4},{"damage":30,"enemies":"3 Sentries","floor":11,"turns":13},{"damage":53,"enemies":"Hexaghost","floor":16,"turns":23}],"seed_played":"4961370819030024130","potions_obtained":[{"floor":1,"key":"PowerPotion"},{"floor":11,"key":"EssenceOfSteel"}],"is_trial":false,"path_per_floor":["M","?","M","?","M","R","M","R","T","$","E","T","R","?","R","B"],"character_chosen":"THE_CURSED","items_purchased":["TheCursedMod:TroublousMinions"],"campfire_rested":1,"item_purchase_floors":[10],"current_hp_per_floor":[67,67,64,75,69,69,65,65,65,65,40,40,40,25,47,0,0],"gold":73,"neow_bonus":"RANDOM_COLORLESS","is_daily":false,"chose_seed":false,"campfire_upgraded":3,"win_rate":0.0,"timestamp":1612562625,"path_taken":["M","?","M","?","?","R","?","R","T","?","E","?","R","?","R","BOSS"],"items_purchased_type":["Card"],"build_version":"2020-12-22","purchased_purges":0,"victory":false,"max_hp_per_floor":[75,75,75,75,75,75,75,75,75,75,75,75,75,75,75,75,75],"card_choices":[{"not_picked":["Deep Breath","Impatience"],"picked":"Panacea","floor":0},{"not_picked":["TheCursedMod:TacticalStrike","TheCursedMod:CursedAmulet"],"picked":"TheCursedMod:SurpriseAttack","floor":1},{"not_picked":["TheCursedMod:FleshFromBone","TheCursedMod:SmokeScreen"],"picked":"TheCursedMod:AbyssShockwave","floor":3},{"not_picked":["TheCursedMod:SmokeScreen","TheCursedMod:CircleOfBlood"],"picked":"TheCursedMod:SoulReap","floor":5},{"not_picked":["TheCursedMod:ParallelWorld","TheCursedMod:SpitefulPray"],"picked":"TheCursedMod:LuckyCharm","floor":7},{"not_picked":["TheCursedMod:DoubleShield","TheCursedMod:RavingStaff"],"picked":"TheCursedMod:CursedBlade","floor":11}],"player_experience":227758,"relics_obtained":[{"floor":9,"key":"Anchor"},{"floor":11,"key":"Bottled Flame"},{"floor":12,"key":"TheCursedMod:BloodyHarpoon"}],"event_choices":[{"cards_removed":["TheCursedMod:Strike_TheCursed"],"damage_healed":0,"gold_gain":0,"player_choice":"Card Removal","damage_taken":0,"max_hp_gain":0,"max_hp_loss":0,"event_name":"The Cleric","floor":2,"gold_loss":50},{"cards_removed":["TheCursedMod:AbyssShockwave"],"damage_healed":11,"gold_gain":0,"player_choice":"Offered Uncommon","damage_taken":0,"max_hp_gain":0,"max_hp_loss":0,"event_name":"Bonfire Elementals","floor":4,"gold_loss":0},{"damage_healed":0,"gold_gain":0,"player_choice":"Entered Light","damage_taken":15,"max_hp_gain":0,"max_hp_loss":0,"event_name":"Shining Light","floor":14,"gold_loss":0,"cards_upgraded":["TheCursedMod:Strike_TheCursed","TheCursedMod:TroublousMinions"]}],"is_beta":false,"boss_relics":[],"items_purged_floors":[],"is_endless":false,"potions_floor_spawned":[1,11],"killed_by":"Hexaghost","ascension_level":3}}