{"host":"zxkjcgzis4pm3za5","time":1612498076,"event":{"mods":["AchievementEnabler","Act Like it!","BaseMod","Colored Map","Colored Powertips","Friendly Minions","GifTheSpireLib","Minty Spire (QoL Compilation)","Quick Restart","Random Character Button","Relic Sorter","Relic Stats","StSLib"],"gold_per_floor":[17,17,67,86,105,105,131,131,131,159,159,169,169,181,181,254,254,274,290,130,130,45,45,45,57,69,97,159,171,195,226,238,250,250],"floor_reached":33,"language":"ENG","playtime":1022,"items_purged":[],"score":547,"play_id":"0490095f-c5be-47e5-8ce9-39eed90bbefa","local_time":"20210205093756","is_ascension_mode":true,"campfire_choices":[{"data":"Perfected Strike","floor":6.0,"key":"SMITH"},{"data":"Body Slam","floor":11.0,"key":"SMITH"},{"data":"Dual Wield","floor":13.0,"key":"SMITH"},{"data":"Armaments","floor":15.0,"key":"SMITH"},{"data":"1","floor":23.0,"key":"LIFT"},{"data":"2","floor":25,"key":"LIFT"},{"floor":29,"key":"REST"},{"data":"3","floor":32,"key":"LIFT"}],"circlet_count":0,"master_deck":["AscendersBane","Strike_R","Strike_R","Strike_R","Strike_R","Strike_R","Defend_R","Defend_R","Defend_R","Defend_R","Bash+1","Pommel Strike","Armaments+1","Perfected Strike+1","Shrug It Off","Body Slam+1","Dual Wield+1","Feed","Offering","CurseOfTheBell","Perfected Strike","Decay","Writhe","Pommel Strike","Battle Trance","Metallicize","Intimidate"],"relics":["Burning Blood","Turnip","Letter Opener","Strawberry","Calling Bell","Girya","Blue Candle","Dream Catcher","Oddly Smooth Stone","Mango","MawBank","Eternal Feather"],"acts_visited":["Exordium","TheCity"],"potions_floor_usage":[27,33,33],"damage_taken":[{"damage":1.0,"enemies":"Cultist","floor":1.0,"turns":3.0},{"damage":2.0,"enemies":"Jaw Worm","floor":4.0,"turns":3.0},{"damage":1.0,"enemies":"2 Louse","floor":5.0,"turns":3.0},{"damage":32.0,"enemies":"Gremlin Nob","floor":7.0,"turns":4.0},{"damage":35.0,"enemies":"Lagavulin","floor":10.0,"turns":4.0},{"damage":11.0,"enemies":"Blue Slaver","floor":12.0,"turns":3.0},{"damage":0.0,"enemies":"Large Slime","floor":14.0,"turns":4.0},{"damage":32.0,"enemies":"Slime Boss","floor":16.0,"turns":15.0},{"damage":25.0,"enemies":"Spheric Guardian","floor":18.0,"turns":4.0},{"damage":26.0,"enemies":"3 Byrds","floor":19.0,"turns":6.0},{"damage":49,"enemies":"Shelled Parasite and Fungi","floor":27,"turns":6},{"damage":16,"enemies":"Snecko","floor":30,"turns":3},{"damage":28,"enemies":"3 Cultists","floor":31,"turns":6},{"damage":53,"enemies":"Champ","floor":33,"turns":7}],"seed_played":"-4889784849403273335","potions_obtained":[{"floor":1.0,"key":"Dexterity Potion"},{"floor":5.0,"key":"Fruit Juice"},{"floor":10.0,"key":"Swift Potion"},{"floor":18.0,"key":"Fruit Juice"},{"floor":19.0,"key":"Weak Potion"},{"floor":27,"key":"CultistPotion"}],"is_trial":false,"path_per_floor":["M","?","?","M","M","R","E","?","T","E","R","M","R","M","R","B",null,"M","M","$","?","?","R","?","R","T","M","?","R","M","M","R","B"],"character_chosen":"IRONCLAD","items_purchased":["Oddly Smooth Stone"],"campfire_rested":1,"item_purchase_floors":[20],"current_hp_per_floor":[73,73,73,75,75,75,49,54,54,37,37,32,32,38,38,16,76,57,41,41,41,55,55,55,55,55,15,15,62,52,30,45,0,0],"gold":250,"neow_bonus":"ONE_RARE_RELIC","is_daily":false,"chose_seed":false,"campfire_upgraded":4,"win_rate":0.0,"timestamp":1612498076,"path_taken":["M","?","?","M","?","R","E","?","T","E","R","M","R","M","R","BOSS","M","M","$","?","?","R","?","R","T","M","?","R","M","?","R","BOSS"],"items_purchased_type":["Relic"],"build_version":"2020-12-22","purchased_purges":0,"victory":false,"max_hp_per_floor":[75,75,75,75,75,75,75,80,80,92,92,92,92,92,92,96,96,96,100,100,100,114,114,114,114,114,117,117,117,117,117,117,122,122],"relic_stats":{"Dream Catcher":1,"counters":[14,71],"Blue Candle":[6],"Eternal Feather":27,"Turnip":[24],"Letter Opener":[70],"MawBank":108,"obtain_stats":[{"Calling Bell":17,"Girya":17,"Dream Catcher":17,"Strawberry":10,"Blue Candle":17,"Oddly Smooth Stone":20,"Mango":22,"Eternal Feather":26,"Turnip":0,"Letter Opener":7,"MawBank":24,"Burning Blood":0},{"Calling Bell":8,"Girya":8,"Dream Catcher":8,"Strawberry":5,"Blue Candle":8,"Oddly Smooth Stone":10,"Mango":10,"Eternal Feather":10,"Turnip":0,"Letter Opener":4,"MawBank":10,"Burning Blood":0},{"Calling Bell":39,"Girya":39,"Dream Catcher":39,"Strawberry":17,"Blue Candle":39,"Oddly Smooth Stone":49,"Mango":49,"Eternal Feather":49,"Turnip":0,"Letter Opener":13,"MawBank":49,"Burning Blood":0}],"Burning Blood":71},"card_choices":[{"not_picked":["Battle Trance","Havoc"],"picked":"Pommel Strike","floor":1.0},{"not_picked":["Heavy Blade","Flex"],"picked":"Armaments","floor":4.0},{"not_picked":["Body Slam","Iron Wave"],"picked":"Perfected Strike","floor":5.0},{"not_picked":["Havoc","Warcry"],"picked":"Shrug It Off","floor":7.0},{"not_picked":["Heavy Blade","Sever Soul"],"picked":"Body Slam","floor":10.0},{"not_picked":["True Grit","Iron Wave"],"picked":"Dual Wield","floor":12.0},{"not_picked":["Rupture","Burning Pact"],"picked":"Feed","floor":14.0},{"not_picked":["Reaper","Immolate"],"picked":"Offering","floor":16.0},{"not_picked":["Rupture+1","Shockwave"],"picked":"Perfected Strike","floor":18.0},{"not_picked":["Sever Soul","Iron Wave","Second Wind"],"picked":"SKIP","floor":19.0},{"not_picked":["Flex","Cleave"],"picked":"Pommel Strike","floor":27},{"not_picked":["Fiend Fire","True Grit"],"picked":"Battle Trance","floor":29},{"not_picked":["Hemokinesis","Warcry"],"picked":"Metallicize","floor":30},{"not_picked":["Dark Embrace","Iron Wave"],"picked":"Intimidate","floor":31}],"player_experience":318245,"relics_obtained":[{"floor":7.0,"key":"Letter Opener"},{"floor":10.0,"key":"Strawberry"},{"floor":17.0,"key":"Girya"},{"floor":17.0,"key":"Blue Candle"},{"floor":17.0,"key":"Dream Catcher"},{"floor":26,"key":"Eternal Feather"}],"event_choices":[{"damage_healed":0.0,"max_hp_gain":0.0,"max_hp_loss":0.0,"gold_gain":0.0,"event_name":"Living Wall","player_choice":"Grow","floor":2.0,"gold_loss":0.0,"damage_taken":0.0,"cards_upgraded":["Bash"]},{"damage_healed":0.0,"max_hp_gain":0.0,"max_hp_loss":0.0,"gold_gain":50.0,"event_name":"Golden Shrine","player_choice":"Pray","floor":3.0,"gold_loss":0.0,"damage_taken":0.0},{"damage_healed":0.0,"max_hp_gain":5.0,"max_hp_loss":0.0,"gold_gain":0.0,"event_name":"Big Fish","player_choice":"Donut","floor":8.0,"gold_loss":0.0,"damage_taken":0.0},{"damage_healed":0.0,"max_hp_gain":0.0,"max_hp_loss":0.0,"gold_gain":0.0,"event_name":"Forgotten Altar","player_choice":"Smashed Altar","floor":21.0,"gold_loss":0.0,"damage_taken":0.0,"cards_obtained":["Decay"]},{"damage_healed":0.0,"max_hp_gain":0.0,"max_hp_loss":0.0,"gold_gain":0.0,"event_name":"Addict","player_choice":"Obtained Relic","floor":22.0,"gold_loss":85.0,"damage_taken":0.0,"relics_obtained":["Mango"]},{"damage_healed":0,"gold_gain":0,"player_choice":"Opened","damage_taken":0,"relics_obtained":["MawBank"],"max_hp_gain":0,"max_hp_loss":0,"event_name":"The Mausoleum","floor":24,"gold_loss":0,"cards_obtained":["Writhe"]},{"damage_healed":0,"gold_gain":50,"player_choice":"Stole From Cult","damage_taken":0,"max_hp_gain":0,"max_hp_loss":0,"event_name":"Nest","floor":28,"gold_loss":0}],"is_beta":false,"boss_relics":[{"not_picked":["Ectoplasm","Runic Cube"],"picked":"Calling Bell"}],"items_purged_floors":[],"is_endless":false,"potions_floor_spawned":[1,5,10,12,14,18,19,27],"killed_by":"Champ","ascension_level":19}}