{"host":"wbn3xdfsa5pc2kse","time":1612544116,"event":{"mods":["AchievementEnabler","BaseMod","Bestiary","Colored Map","Colored Powertips","Curses Come First","Highlight Path","Minty Spire (QoL Compilation)","Permanent Neow","Rare Cards Sparkle","Relic Stats","StSLib"],"gold_per_floor":[360,380,393,393,42,42,117,117,187,201,201,231,43,71,71,145,145,161,161,191,202,29,29,60,75,99,113,148,148,174,189,189,261,261,280,280,280,333,348,348,570,570,570],"floor_reached":42,"language":"ZHT","playtime":1521,"items_purged":["Strike_R","Strike_R"],"score":857,"play_id":"fba4c792-dd3f-45b5-86f9-17c4bc643db0","local_time":"20210206005516","is_ascension_mode":true,"campfire_choices":[{"data":"Wild Strike","floor":6.0,"key":"SMITH"},{"floor":11.0,"key":"REST"},{"data":"Fiend Fire","floor":15.0,"key":"SMITH"},{"data":"Feel No Pain","floor":23.0,"key":"SMITH"},{"data":"Pommel Strike","floor":29.0,"key":"SMITH"},{"data":"Feel No Pain","floor":32.0,"key":"SMITH"},{"data":"Corruption","floor":40.0,"key":"SMITH"}],"circlet_count":0,"master_deck":["AscendersBane","Defend_R+1","Defend_R+1","Defend_R+1","Defend_R+1","Bash","Wild Strike+1","Infernal Blade","Cleave","Seeing Red","Feel No Pain+1","Feel No Pain+1","Fiend Fire+1","Reaper","Body Slam+1","Pommel Strike+1","Intimidate+1","Evolve","Corruption+1","Headbutt+1","Cleave+1","Sever Soul+1"],"relics":["Burning Blood","Sundial","Pantograph","Oddly Smooth Stone","Strawberry","Busted Crown","Red Mask","Bag of Preparation","PreservedInsect","Regal Pillow","Ornamental Fan","Boot","Astrolabe","Lizard Tail"],"acts_visited":["Exordium","TheCity","TheBeyond"],"potions_floor_usage":[],"damage_taken":[{"damage":11.0,"enemies":"Cultist","floor":1.0,"turns":4.0},{"damage":2.0,"enemies":"Jaw Worm","floor":2.0,"turns":3.0},{"damage":6.0,"enemies":"2 Louse","floor":3.0,"turns":2.0},{"damage":10.0,"enemies":"2 Fungi Beasts","floor":10.0,"turns":3.0},{"damage":8.0,"enemies":"3 Sentries","floor":12.0,"turns":9.0},{"damage":31.0,"enemies":"Lagavulin","floor":14.0,"turns":7.0},{"damage":40.0,"enemies":"Slime Boss","floor":16.0,"turns":9.0},{"damage":6.0,"enemies":"Spheric Guardian","floor":18.0,"turns":4.0},{"damage":40.0,"enemies":"Masked Bandits","floor":20.0,"turns":5.0},{"damage":9.0,"enemies":"3 Byrds","floor":21.0,"turns":7.0},{"damage":2.0,"enemies":"Gremlin Leader","floor":24.0,"turns":7.0},{"damage":13.0,"enemies":"Snecko","floor":25.0,"turns":4.0},{"damage":0.0,"enemies":"Centurion and Healer","floor":27.0,"turns":7.0},{"damage":1.0,"enemies":"Slavers","floor":28.0,"turns":4.0},{"damage":5.0,"enemies":"Book of Stabbing","floor":30.0,"turns":3.0},{"damage":0.0,"enemies":"Sentry and Sphere","floor":31.0,"turns":3.0},{"damage":72.0,"enemies":"Automaton","floor":33.0,"turns":11.0},{"damage":49.0,"enemies":"3 Shapes","floor":35.0,"turns":7.0},{"damage":17.0,"enemies":"2 Orb Walkers","floor":38.0,"turns":6.0},{"damage":35.0,"enemies":"3 Darklings","floor":39.0,"turns":5.0},{"damage":57,"enemies":"Transient","floor":42,"turns":4}],"seed_played":"3440161730796075991","potions_obtained":[{"floor":3.0,"key":"HeartOfIron"},{"floor":10.0,"key":"SpeedPotion"},{"floor":16.0,"key":"Regen Potion"},{"floor":21.0,"key":"GamblersBrew"},{"floor":28.0,"key":"FearPotion"},{"floor":30.0,"key":"SpeedPotion"},{"floor":31.0,"key":"Weak Potion"},{"floor":35.0,"key":"Regen Potion"}],"is_trial":false,"path_per_floor":["M","M","M","?","$","R","?","?","T","M","R","E","$","E","R","B",null,"M","?","?","M","$","R","E","M","T","M","E","R","E","M","R","B",null,"M","?","?","?","M","R","?","M"],"character_chosen":"IRONCLAD","items_purchased":["Sundial","Feel No Pain","Bag of Preparation"],"campfire_rested":1,"item_purchase_floors":[5,13,22],"current_hp_per_floor":[45,49,49,26,26,26,15,20,20,16,40,38,38,20,20,11,68,81,81,47,52,52,52,62,61,61,73,84,84,87,87,87,21,71,28,28,28,32,47,47,47,0,0],"gold":570,"neow_bonus":"TWO_FIFTY_GOLD","is_daily":false,"chose_seed":false,"campfire_upgraded":6,"win_rate":0.0,"timestamp":1612544116,"path_taken":["M","M","?","?","$","R","?","?","T","?","R","E","?","E","R","BOSS","M","?","?","M","$","R","E","M","T","?","E","R","E","M","R","BOSS","M","?","?","?","M","R","?","M"],"items_purchased_type":["Relic","Card","Relic"],"build_version":"2020-12-22","purchased_purges":2,"victory":false,"max_hp_per_floor":[75,75,75,75,75,75,75,80,80,80,80,80,80,87,87,87,87,87,87,87,87,87,87,87,87,87,87,87,87,87,87,87,87,87,87,83,83,83,83,83,83,83,83],"relic_stats":{"Regal Pillow":0,"counters":[21,114],"Astrolabe":["Headbutt","Cleave","Sever Soul"],"PreservedInsect":84,"Bag of Preparation":[22],"Boot":[7],"Burning Blood":113,"Lizard Tail":41,"Busted Crown":28,"Sundial":[20],"Ornamental Fan":[52],"Pantograph":25,"obtain_stats":[{"Regal Pillow":26,"Astrolabe":34,"Oddly Smooth Stone":12,"PreservedInsect":24,"Bag of Preparation":22,"Boot":30,"Burning Blood":0,"Lizard Tail":38,"Busted Crown":17,"Sundial":5,"Ornamental Fan":28,"Pantograph":9,"Strawberry":14,"Red Mask":20},{"Regal Pillow":12,"Astrolabe":17,"Oddly Smooth Stone":5,"PreservedInsect":11,"Bag of Preparation":10,"Boot":15,"Burning Blood":0,"Lizard Tail":19,"Busted Crown":7,"Sundial":3,"Ornamental Fan":14,"Pantograph":3,"Strawberry":6,"Red Mask":9},{"Regal Pillow":64,"Astrolabe":92,"Oddly Smooth Stone":21,"PreservedInsect":60,"Bag of Preparation":53,"Boot":78,"Burning Blood":0,"Lizard Tail":105,"Busted Crown":37,"Sundial":9,"Ornamental Fan":75,"Pantograph":9,"Strawberry":28,"Red Mask":46}]},"card_choices":[{"not_picked":["Warcry","Flex"],"picked":"Wild Strike","floor":1.0},{"not_picked":["Flex","Body Slam"],"picked":"Infernal Blade","floor":2.0},{"not_picked":["Headbutt","Clash"],"picked":"Cleave","floor":3.0},{"not_picked":["Infernal Blade","Thunderclap"],"picked":"Seeing Red","floor":10.0},{"not_picked":["Twin Strike","Flame Barrier"],"picked":"Feel No Pain","floor":12.0},{"not_picked":["Thunderclap","Armaments"],"picked":"Fiend Fire","floor":14.0},{"not_picked":["Demon Form","Double Tap"],"picked":"Reaper","floor":16.0},{"not_picked":["Bloodletting"],"picked":"SKIP","floor":18.0},{"not_picked":[],"picked":"Body Slam+1","floor":20.0},{"not_picked":["Sword Boomerang"],"picked":"SKIP","floor":21.0},{"not_picked":[],"picked":"Pommel Strike","floor":24.0},{"not_picked":["Cleave"],"picked":"SKIP","floor":25.0},{"not_picked":["Anger"],"picked":"SKIP","floor":27.0},{"not_picked":[],"picked":"Intimidate+1","floor":28.0},{"not_picked":[],"picked":"Evolve","floor":30.0},{"not_picked":["Twin Strike+1"],"picked":"SKIP","floor":31.0},{"not_picked":["Twin Strike+1"],"picked":"SKIP","floor":31.0},{"not_picked":[],"picked":"Corruption","floor":33.0},{"not_picked":["Armaments+1"],"picked":"SKIP","floor":35.0},{"not_picked":["Uppercut"],"picked":"SKIP","floor":39.0}],"player_experience":789932,"relics_obtained":[{"floor":9.0,"key":"Pantograph"},{"floor":12.0,"key":"Oddly Smooth Stone"},{"floor":14.0,"key":"Strawberry"},{"floor":20.0,"key":"Red Mask"},{"floor":24.0,"key":"PreservedInsect"},{"floor":26.0,"key":"Regal Pillow"},{"floor":28.0,"key":"Ornamental Fan"},{"floor":30.0,"key":"Boot"},{"floor":38.0,"key":"Lizard Tail"}],"event_choices":[{"damage_healed":0.0,"max_hp_gain":0.0,"max_hp_loss":0.0,"gold_gain":0.0,"event_name":"Shining Light","player_choice":"Entered Light","floor":4.0,"gold_loss":0.0,"damage_taken":23.0,"cards_upgraded":["Defend_R","Defend_R"]},{"damage_healed":0.0,"max_hp_gain":0.0,"max_hp_loss":0.0,"gold_gain":75.0,"event_name":"World of Goop","player_choice":"Gather Gold","floor":7.0,"gold_loss":0.0,"damage_taken":11.0},{"damage_healed":0.0,"max_hp_gain":5.0,"max_hp_loss":0.0,"gold_gain":0.0,"event_name":"Big Fish","player_choice":"Donut","floor":8.0,"gold_loss":0.0,"damage_taken":0.0},{"damage_healed":0.0,"max_hp_gain":0.0,"max_hp_loss":0.0,"gold_gain":0.0,"event_name":"Back to Basics","player_choice":"Simplicity","floor":19.0,"gold_loss":0.0,"damage_taken":0.0,"cards_upgraded":["Strike_R","Strike_R","Strike_R","Defend_R","Defend_R"]},{"damage_healed":0.0,"max_hp_gain":0.0,"max_hp_loss":0.0,"gold_gain":0.0,"event_name":"Masked Bandits","player_choice":"Fought Bandits","floor":20.0,"gold_loss":0.0,"damage_taken":0.0},{"damage_healed":0.0,"max_hp_gain":0.0,"max_hp_loss":4.0,"gold_gain":0.0,"event_name":"Winding Halls","player_choice":"Max HP","floor":36.0,"gold_loss":0.0,"damage_taken":0.0},{"damage_healed":0.0,"max_hp_gain":0.0,"max_hp_loss":0.0,"gold_gain":0.0,"event_name":"SensoryStone","player_choice":"Memory 1","floor":37.0,"gold_loss":0.0,"damage_taken":0.0},{"damage_healed":0.0,"max_hp_gain":0.0,"max_hp_loss":0.0,"gold_gain":0.0,"event_name":"Mysterious Sphere","player_choice":"Fight","floor":38.0,"gold_loss":0.0,"damage_taken":0.0},{"damage_healed":0.0,"max_hp_gain":0.0,"max_hp_loss":0.0,"gold_gain":222.0,"event_name":"Tomb of Lord Red Mask","player_choice":"Wore Mask","floor":41.0,"gold_loss":0.0,"damage_taken":0.0}],"is_beta":false,"boss_relics":[{"not_picked":["Runic Pyramid","Calling Bell"],"picked":"Busted Crown"},{"not_picked":["SacredBark","Philosopher\u0027s Stone"],"picked":"Astrolabe"}],"items_purged_floors":[5,13],"is_endless":false,"potions_floor_spawned":[3,10,16,21,28,30,31,35],"killed_by":"Transient","ascension_level":16}}