{"host":"kjehzzhcyp0nyrrl","time":1612533049,"event":{"mods":["100% Spire Juice","AchievementEnabler","BaseMod","Hermit","Keyboard Shortcuts","Koishi","Minty Spire (QoL Compilation)","StSLib","SuperFastMode","The Dragon Tamer","everything is the same but u backflip on backflip"],"gold_per_floor":[13,25,43,57,77,77,91,91,136,156,168,48,66,66,66,166,46,61,81,99,111,36,36,67,67,67,96,110,120,148,148,148,148,148],"floor_reached":33,"language":"KOR","playtime":1557,"items_purged":["Moonworks:Strike"],"score":335,"play_id":"9ac14644-4e06-4fea-837e-f74396c12c19","local_time":"20210205225049","is_ascension_mode":false,"campfire_choices":[{"data":"Moonworks:AwakeningOfTalent","floor":6.0,"key":"SMITH"},{"data":"Moonworks:Ambush","floor":8.0,"key":"SMITH"},{"data":"Moonworks:NicePresent","floor":12.0,"key":"SMITH"},{"data":"Moonworks:CloudOfSeagulls","floor":15.0,"key":"SMITH"},{"floor":23.0,"key":"REST"},{"data":"Moonworks:FullSpeedAlicianrone","floor":25.0,"key":"SMITH"},{"data":"Moonworks:EvilSpyWorkPreparation","floor":32.0,"key":"SMITH"}],"circlet_count":0,"master_deck":["Moonworks:Strike","Moonworks:Defend","Moonworks:Defend","Moonworks:Defend","Moonworks:Ambush+1","Moonworks:LongDistanceShot","Moonworks:StiffCrystal","Moonworks:AwakeningOfTalent+1","Moonworks:Assault","Moonworks:ForcedRevival","Moonworks:NicePresent+1","Moonworks:EvilSpyWorkPreparation+1","Moonworks:CloudOfSeagulls+1","Moonworks:RocketCannon","Moonworks:MiracleRedBeanIceCream","Moonworks:WindyEnchantment","Moonworks:FullSpeedAlicianrone+1","Moonworks:MiracleRedBeanIceCream","Moonworks:NicePresent","Moonworks:RagingMadness+1"],"relics":["Moonworks:SBBomb","Moonworks:Homemark","Shovel","Frozen Egg 2","Red Mask","Molten Egg 2"],"acts_visited":["Exordium","TheCity"],"potions_floor_usage":[33],"damage_taken":[{"damage":1.0,"enemies":"Cultist","floor":1.0,"turns":3.0},{"damage":7.0,"enemies":"2 Louse","floor":2.0,"turns":4.0},{"damage":0.0,"enemies":"Small Slimes","floor":3.0,"turns":4.0},{"damage":11.0,"enemies":"Red Slaver","floor":4.0,"turns":5.0},{"damage":2.0,"enemies":"Blue Slaver","floor":5.0,"turns":4.0},{"damage":0.0,"enemies":"Looter","floor":7.0,"turns":3.0},{"damage":0.0,"enemies":"Gremlin Gang","floor":10.0,"turns":5.0},{"damage":0.0,"enemies":"3 Louse","floor":11.0,"turns":2.0},{"damage":6.0,"enemies":"2 Fungi Beasts","floor":13.0,"turns":3.0},{"damage":18.0,"enemies":"Hexaghost","floor":16.0,"turns":8.0},{"damage":9.0,"enemies":"Chosen","floor":18.0,"turns":5.0},{"damage":20.0,"enemies":"Spheric Guardian","floor":19.0,"turns":4.0},{"damage":30.0,"enemies":"Snake Plant","floor":20.0,"turns":5.0},{"damage":0.0,"enemies":"Chosen and Byrds","floor":21.0,"turns":4.0},{"damage":0.0,"enemies":"Gremlin Leader","floor":24.0,"turns":1.0},{"damage":0.0,"enemies":"Masked Bandits","floor":27.0,"turns":2.0},{"damage":8.0,"enemies":"3 Cultists","floor":28.0,"turns":3.0},{"damage":20.0,"enemies":"Shelled Parasite and Fungi","floor":29.0,"turns":6.0},{"damage":18.0,"enemies":"Slavers","floor":30.0,"turns":4.0},{"damage":67,"enemies":"Automaton","floor":33,"turns":8}],"seed_played":"-1917800555503025685","potions_obtained":[{"floor":3.0,"key":"Ancient Potion"},{"floor":5.0,"key":"DuplicationPotion"},{"floor":11.0,"key":"SteroidPotion"},{"floor":16.0,"key":"Strength Potion"},{"floor":20.0,"key":"AttackPotion"},{"floor":24.0,"key":"Fire Potion"},{"floor":29.0,"key":"Swift Potion"},{"floor":30.0,"key":"Swift Potion"}],"is_trial":false,"path_per_floor":["M","M","M","M","M","R","M","R","T","M","M","R","M","?","R","B",null,"M","M","M","M","$","R","E","R","T","?","M","M","E","?","R","B"],"character_chosen":"THE_STARBREAKER","items_purchased":[],"campfire_rested":1,"item_purchase_floors":[],"current_hp_per_floor":[59,52,52,41,39,39,39,39,39,44,49,49,43,36,36,23,60,51,36,16,26,26,44,44,44,44,49,56,46,43,43,43,0,0],"gold":148,"neow_bonus":"REMOVE_TWO","is_daily":false,"chose_seed":false,"campfire_upgraded":6,"win_rate":0.0,"timestamp":1612533049,"path_taken":["M","M","M","M","M","R","M","R","T","M","M","R","?","?","R","BOSS","M","M","M","M","$","R","E","R","T","?","M","M","E","?","R","BOSS"],"items_purchased_type":[],"build_version":"2020-12-22","purchased_purges":1,"victory":false,"max_hp_per_floor":[60,60,60,60,60,60,60,60,60,60,60,60,60,60,60,60,60,60,60,60,60,60,60,60,60,60,60,60,60,60,60,60,60,60],"card_choices":[{"not_picked":["Moonworks:EvilSpyWorkPreparation","Moonworks:ReproductionOfRecords"],"picked":"Moonworks:StiffCrystal","floor":1.0},{"not_picked":["Moonworks:BigMagnum","Moonworks:JonathanRush"],"picked":"Moonworks:AwakeningOfTalent","floor":2.0},{"not_picked":["Moonworks:LulusLuckyEgg","Moonworks:BigMagnum"],"picked":"Moonworks:Assault","floor":3.0},{"not_picked":["Moonworks:LulusLuckyEgg","Moonworks:OutOfAmmo","Moonworks:Dash"],"picked":"SKIP","floor":4.0},{"not_picked":["Moonworks:FinalSurgery","Moonworks:DeployBits","Moonworks:JonathanRush"],"picked":"SKIP","floor":5.0},{"not_picked":["Moonworks:MiracleWalker","Moonworks:Dash"],"picked":"Moonworks:ForcedRevival","floor":7.0},{"not_picked":["Moonworks:EvilSpyWorkPreparation","Moonworks:UnpaidWork"],"picked":"Moonworks:NicePresent","floor":10.0},{"not_picked":["Moonworks:ImmovableObject","Moonworks:ImOnFire"],"picked":"Moonworks:EvilSpyWorkPreparation","floor":11.0},{"not_picked":["Moonworks:JonathanRush","Moonworks:SakisCookie"],"picked":"Moonworks:CloudOfSeagulls","floor":13.0},{"not_picked":["Moonworks:CrystalBarrier","Moonworks:OutOfAmmo"],"picked":"Moonworks:RocketCannon","floor":16.0},{"not_picked":["Moonworks:IndiscriminateFireSupport","Moonworks:SakisCookie"],"picked":"Moonworks:MiracleRedBeanIceCream","floor":18.0},{"not_picked":["Moonworks:Assault","Moonworks:NicePresent"],"picked":"Moonworks:WindyEnchantment","floor":19.0},{"not_picked":["Moonworks:CloudOfSeagulls","Moonworks:FinalSurgery","Moonworks:SweetBattle+1"],"picked":"SKIP","floor":20.0},{"not_picked":["Moonworks:DeployBits","Moonworks:JonathanRush","Moonworks:IndiscriminateFireSupport"],"picked":"SKIP","floor":21.0},{"not_picked":["Moonworks:UnluckyCharm","Moonworks:NicePresent"],"picked":"Moonworks:FullSpeedAlicianrone","floor":24.0},{"not_picked":["Moonworks:NicePresent","Moonworks:Bloodlust+1"],"picked":"Moonworks:MiracleRedBeanIceCream","floor":27.0},{"not_picked":["Moonworks:JonathanRush+1","Moonworks:UnpaidWork+1"],"picked":"Moonworks:NicePresent","floor":28.0},{"not_picked":["Moonworks:FinalSurgery","Moonworks:ImOnFire","Moonworks:DeployBits"],"picked":"SKIP","floor":29.0},{"not_picked":["Moonworks:Gamble+1","Moonworks:CastOff"],"picked":"Moonworks:RagingMadness+1","floor":30.0}],"player_experience":389322,"relics_obtained":[{"floor":24.0,"key":"Shovel"},{"floor":26.0,"key":"Frozen Egg 2"},{"floor":27.0,"key":"Red Mask"},{"floor":30.0,"key":"Molten Egg 2"}],"event_choices":[{"cards_removed":["Moonworks:Strike"],"damage_healed":0.0,"max_hp_gain":0.0,"max_hp_loss":0.0,"gold_gain":0.0,"event_name":"Golden Wing","player_choice":"Card Removal","floor":14.0,"gold_loss":0.0,"damage_taken":7.0},{"damage_healed":0.0,"max_hp_gain":0.0,"max_hp_loss":0.0,"gold_gain":0.0,"event_name":"Masked Bandits","player_choice":"Fought Bandits","floor":27.0,"gold_loss":0.0,"damage_taken":0.0},{"damage_healed":0.0,"max_hp_gain":0.0,"max_hp_loss":0.0,"gold_gain":0.0,"event_name":"Vampires","player_choice":"Ignored","floor":31.0,"gold_loss":0.0,"damage_taken":0.0}],"is_beta":false,"boss_relics":[{"not_picked":["Philosopher\u0027s Stone","Snecko Eye"],"picked":"Moonworks:SBBomb"}],"items_purged_floors":[22],"is_endless":false,"potions_floor_spawned":[3,5,11,16,20,21,24,28,29,30],"killed_by":"Automaton","ascension_level":0}}