{"host":"p0hktren06injwdf","time":1612541991,"event":{"mods":["AchievementEnabler","BaseMod","Colored Map","DeckTracker","Minty Spire (QoL Compilation)","Permanent Neow","StSLib","SuperFastMode"],"gold_per_floor":[115,128,141,160,27,57,57,57,57,69,69,69,97,113,113,190,190,203,218,218,143,68,68,97,97,97],"floor_reached":25,"language":"KOR","playtime":557,"items_purged":["Strike_P"],"score":562,"play_id":"32ebb811-78f7-4c7f-ac88-e5c5cffc4495","local_time":"20210206011951","is_ascension_mode":true,"campfire_choices":[{"floor":8.0,"key":"REST"},{"floor":11.0,"key":"REST"},{"data":"Wallop","floor":15.0,"key":"SMITH"},{"data":"Scrawl","floor":23,"key":"SMITH"}],"circlet_count":0,"master_deck":["AscendersBane","Strike_P","Strike_P","Defend_P","Defend_P","Defend_P","Defend_P","Eruption+1","Vigilance","Adaptation","InnerPeace","Adaptation","FollowUp","Tantrum","Consecrate","Wallop+1","Scrawl+1"],"relics":["PureWater","Yang","Matryoshka","Sundial","SlaversCollar","Darkstone Periapt"],"acts_visited":["Exordium","TheCity"],"potions_floor_usage":[24],"damage_taken":[{"damage":0.0,"enemies":"2 Louse","floor":1.0,"turns":2.0},{"damage":7.0,"enemies":"Cultist","floor":2.0,"turns":3.0},{"damage":4.0,"enemies":"Jaw Worm","floor":3.0,"turns":4.0},{"damage":23.0,"enemies":"Lots of Slimes","floor":4.0,"turns":7.0},{"damage":24.0,"enemies":"3 Sentries","floor":6.0,"turns":5.0},{"damage":4.0,"enemies":"2 Fungi Beasts","floor":10.0,"turns":3.0},{"damage":9.0,"enemies":"Lagavulin","floor":13.0,"turns":5.0},{"damage":0.0,"enemies":"3 Louse","floor":14.0,"turns":2.0},{"damage":0.0,"enemies":"Hexaghost","floor":16.0,"turns":6.0},{"damage":11,"enemies":"Spheric Guardian","floor":18,"turns":3},{"damage":13,"enemies":"Shell Parasite","floor":19,"turns":4},{"damage":13,"enemies":"Slavers","floor":24,"turns":4},{"damage":23,"enemies":"Cultist and Chosen","floor":25,"turns":4}],"seed_played":"-2411730480942917055","potions_obtained":[{"floor":1.0,"key":"Ancient Potion"},{"floor":2.0,"key":"DuplicationPotion"},{"floor":10.0,"key":"Explosive Potion"},{"floor":14.0,"key":"AttackPotion"},{"floor":24,"key":"Fire Potion"}],"is_trial":false,"path_per_floor":["M","M","M","M","$","E","?","R","T","M","R","?","E","M","R","B",null,"M","M","?","?","$","R","E","M"],"character_chosen":"WATCHER","items_purchased":["Tantrum","Consecrate"],"campfire_rested":2,"item_purchase_floors":[5,5],"current_hp_per_floor":[61,54,50,27,27,3,3,23,23,19,39,39,30,30,30,30,59,48,35,35,35,35,35,22,0,0],"gold":97,"neow_bonus":"UPGRADE_CARD","is_daily":false,"chose_seed":false,"campfire_upgraded":2,"win_rate":0.0,"timestamp":1612541991,"path_taken":["M","M","M","M","$","E","?","R","T","?","R","?","E","M","R","BOSS","M","?","?","?","$","R","E","M"],"items_purchased_type":["Card","Card"],"build_version":"2020-12-22","purchased_purges":1,"victory":false,"max_hp_per_floor":[68,68,68,68,68,68,68,68,68,68,68,68,68,68,68,68,68,68,68,68,68,68,68,68,68,68],"card_choices":[{"not_picked":["CrushJoints","ThirdEye"],"picked":"Adaptation","floor":1.0},{"not_picked":["Crescendo","FollowUp"],"picked":"InnerPeace","floor":2.0},{"not_picked":["WindmillStrike","CutThroughFate"],"picked":"Adaptation","floor":3.0},{"not_picked":["JustLucky","CrushJoints"],"picked":"FollowUp","floor":4.0},{"not_picked":["FlyingSleeves","Consecrate","Prostrate"],"picked":"SKIP","floor":6.0},{"not_picked":["FlurryOfBlows","WindmillStrike"],"picked":"Wallop","floor":10.0},{"not_picked":["Evaluate","ClearTheMind","Indignation"],"picked":"SKIP","floor":13.0},{"not_picked":["Crescendo","Protect","Vengeance"],"picked":"SKIP","floor":14.0},{"not_picked":["SpiritShield","Ragnarok"],"picked":"Scrawl","floor":16.0},{"not_picked":["Swivel","Evaluate","CrushJoints"],"picked":"SKIP","floor":18},{"not_picked":["Collect","Adaptation","WindmillStrike"],"picked":"SKIP","floor":19},{"not_picked":["Collect","Adaptation","WindmillStrike"],"picked":"SKIP","floor":19},{"not_picked":["SashWhip+1","Blasphemy","Evaluate"],"picked":"SKIP","floor":24}],"player_experience":1012122,"relics_obtained":[{"floor":6.0,"key":"Yang"},{"floor":9.0,"key":"Matryoshka"},{"floor":13.0,"key":"Sundial"},{"floor":24,"key":"Darkstone Periapt"}],"event_choices":[{"damage_healed":0.0,"max_hp_gain":0.0,"max_hp_loss":0.0,"gold_gain":0.0,"event_name":"Match and Keep!","player_choice":"0 cards matched","floor":7.0,"gold_loss":0.0,"damage_taken":0.0,"cards_obtained":[]},{"damage_healed":0.0,"max_hp_gain":0.0,"max_hp_loss":0.0,"gold_gain":0.0,"event_name":"Lab","player_choice":"Got Potions","floor":12.0,"gold_loss":0.0,"damage_taken":0.0},{"damage_healed":0,"gold_gain":0,"player_choice":"Ignored","damage_taken":0,"max_hp_gain":0,"max_hp_loss":0,"event_name":"Ghosts","floor":20,"gold_loss":0},{"cards_removed":["Strike_P"],"damage_healed":0,"gold_gain":0,"player_choice":"Gave Gold","damage_taken":0,"max_hp_gain":0,"max_hp_loss":0,"event_name":"Beggar","floor":21,"gold_loss":75}],"is_beta":false,"boss_relics":[{"not_picked":["Velvet Choker","Cursed Key"],"picked":"SlaversCollar"}],"items_purged_floors":[22],"is_endless":false,"potions_floor_spawned":[1,2,10,14,24],"killed_by":"Cultist and Chosen","ascension_level":20}}