{"host":"Bilverbakes","time":1612548574,"event":{"mods":["2.2 Compatiblity","AchievementEnabler","BaseMod","Bestiary","Colored Map","Minty Spire (QoL Compilation)","Relic Stats","StSLib","ojb\u0027s Info Mod"],"gold_per_floor":[110,17,17,30,30,30,54,98,123,154,154,175,175,219,219,315,378,394,417,417,200,216,216,250,250,319,355,370,220,220,240,240,335,335,356,110,0,364,364,364,407,425,448,448,462,795,810,839,839,839,839],"floor_reached":50,"language":"ENG","playtime":3460,"items_purged":[],"score":1237,"play_id":"102c34dd-066e-4648-9959-24377b5dbd5f","local_time":"20210205120934","is_ascension_mode":true,"campfire_choices":[{"data":"Eruption","floor":6.0,"key":"SMITH"},{"data":"Scrawl","floor":11.0,"key":"SMITH"},{"data":"EmptyFist","floor":13.0,"key":"SMITH"},{"data":"EmptyFist","floor":15.0,"key":"SMITH"},{"data":"Omniscience","floor":23.0,"key":"SMITH"},{"data":"Protect","floor":25.0,"key":"SMITH"},{"data":"Fasting2","floor":32.0,"key":"SMITH"},{"floor":40.0,"key":"RECALL"},{"floor":44.0,"key":"REST"},{"data":"Meditate","floor":49,"key":"SMITH"}],"circlet_count":0,"master_deck":["AscendersBane","Eruption+1","Vigilance+1","Judgement+1","EmptyMind","Evaluate+1","Consecrate+1","BowlingBash","Fasting2+1","EmptyFist+1","Wallop","CutThroughFate+1","Wallop","JustLucky","Scrawl+1","EmptyFist+1","Omniscience+1","Worship","FlurryOfBlows+1","Pray","Protect+1","InnerPeace+1","DevaForm","TalkToTheHand","Halt+1","LessonLearned","Meditate+1","Vengeance+1","Brilliance","MentalFortress+1","Shame","CarveReality","EmptyBody+1","Fasting2"],"relics":["Pandora\u0027s Box","Damaru","Bronze Scales","Ornamental Fan","Akabeko","Tiny House","Bag of Marbles","War Paint","Question Card","Toy Ornithopter","Cursed Key","Potion Belt","Red Mask","Old Coin","Regal Pillow","Letter Opener"],"acts_visited":["Exordium","TheCity","TheBeyond"],"potions_floor_usage":[47,48,48],"damage_taken":[{"damage":0.0,"enemies":"Small Slimes","floor":1.0,"turns":1.0},{"damage":0.0,"enemies":"Cultist","floor":4.0,"turns":2.0},{"damage":3.0,"enemies":"Jaw Worm","floor":7.0,"turns":2.0},{"damage":0.0,"enemies":"3 Sentries","floor":8.0,"turns":4.0},{"damage":0.0,"enemies":"Gremlin Nob","floor":10.0,"turns":2.0},{"damage":0.0,"enemies":"Blue Slaver","floor":12.0,"turns":2.0},{"damage":2.0,"enemies":"Lagavulin","floor":14.0,"turns":3.0},{"damage":3.0,"enemies":"Hexaghost","floor":16.0,"turns":7.0},{"damage":0.0,"enemies":"2 Thieves","floor":18.0,"turns":3.0},{"damage":0.0,"enemies":"Shell Parasite","floor":19.0,"turns":1.0},{"damage":0.0,"enemies":"Shelled Parasite and Fungi","floor":22.0,"turns":1.0},{"damage":1.0,"enemies":"Book of Stabbing","floor":24.0,"turns":3.0},{"damage":16.0,"enemies":"Gremlin Leader","floor":27.0,"turns":4.0},{"damage":0.0,"enemies":"3 Cultists","floor":28.0,"turns":3.0},{"damage":17.0,"enemies":"Centurion and Healer","floor":31.0,"turns":5.0},{"damage":14.0,"enemies":"Champ","floor":33.0,"turns":9.0},{"damage":12.0,"enemies":"3 Shapes","floor":35.0,"turns":6.0},{"damage":14.0,"enemies":"2 Orb Walkers","floor":38.0,"turns":4.0},{"damage":3.0,"enemies":"Giant Head","floor":41.0,"turns":6.0},{"damage":12.0,"enemies":"Orb Walker","floor":42.0,"turns":2.0},{"damage":2.0,"enemies":"Spire Growth","floor":45.0,"turns":4.0},{"damage":0,"enemies":"Jaw Worm Horde","floor":47,"turns":3},{"damage":7,"enemies":"Reptomancer","floor":48,"turns":3},{"damage":66,"enemies":"Time Eater","floor":50,"turns":4}],"seed_played":"2541440056176141931","potions_obtained":[{"floor":3.0,"key":"BottledMiracle"},{"floor":3.0,"key":"BlessingOfTheForge"},{"floor":16.0,"key":"DistilledChaos"},{"floor":24.0,"key":"Weak Potion"},{"floor":28.0,"key":"FearPotion"},{"floor":33.0,"key":"Strength Potion"},{"floor":38.0,"key":"Ambrosia"},{"floor":42.0,"key":"ColorlessPotion"},{"floor":45.0,"key":"Energy Potion"},{"floor":47,"key":"AttackPotion"}],"is_trial":false,"path_per_floor":["M","$","?","M","?","R","M","E","T","E","R","M","R","E","R","B",null,"M","M","?","$","M","R","E","R","T","E","M","$","?","M","R","B",null,"M","$","?","?","?","R","E","M","T","R","M","?","M","E","R","B"],"character_chosen":"WATCHER","items_purchased":["Wallop","CutThroughFate","Bag of Marbles","Protect","LessonLearned","Brilliance","Potion Belt"],"campfire_rested":1,"item_purchase_floors":[2,2,21,21,29,36,36],"current_hp_per_floor":[61,61,61,61,61,61,58,58,58,58,58,58,58,56,56,53,65,65,65,65,65,65,65,64,64,64,48,48,48,48,31,31,22,56,44,44,44,30,30,30,32,20,20,55,58,58,63,66,66,0,0],"gold":839,"neow_bonus":"BOSS_RELIC","is_daily":false,"chose_seed":false,"campfire_upgraded":8,"win_rate":0.0,"timestamp":1612548574,"path_taken":["M","$","?","?","?","R","M","E","T","E","R","M","R","E","R","BOSS","M","M","?","$","M","R","E","R","T","E","M","$","?","M","R","BOSS","M","$","?","?","?","R","E","?","T","R","M","?","M","E","R","BOSS"],"items_purchased_type":["Card","Card","Relic","Card","Card","Card","Relic"],"build_version":"2020-12-18","purchased_purges":0,"victory":false,"max_hp_per_floor":[68,68,68,68,62,62,62,62,62,62,62,62,62,62,62,62,67,67,67,67,67,67,67,67,67,67,67,67,67,67,67,67,67,67,67,67,67,67,67,67,67,67,67,67,67,67,67,67,67,67,67],"relic_stats":{"Regal Pillow":15,"counters":[24,84],"Ornamental Fan":[180],"Bronze Scales":[159],"Pandora\u0027s Box":["Judgement","EmptyMind","Evaluate","Consecrate","BowlingBash","WreathOfFlame","Fasting2","EmptyFist"],"Letter Opener":[5],"War Paint":["Vigilance","Evaluate"],"Question Card":11,"Cursed Key":1,"obtain_stats":[{"Potion Belt":36,"Regal Pillow":41,"Tiny House":17,"Golden Idol":5,"Damaru":8,"Letter Opener":48,"War Paint":24,"Question Card":26,"Cursed Key":34,"Akabeko":14,"Old Coin":38,"Ornamental Fan":10,"Bronze Scales":9,"Pandora\u0027s Box":0,"Bag of Marbles":21,"Red Mask":37,"PureWater":0,"Toy Ornithopter":27},{"Potion Belt":17,"Regal Pillow":19,"Tiny House":8,"Golden Idol":2,"Damaru":4,"Letter Opener":23,"War Paint":12,"Question Card":12,"Cursed Key":16,"Akabeko":7,"Old Coin":18,"Ornamental Fan":5,"Bronze Scales":4,"Pandora\u0027s Box":0,"Bag of Marbles":10,"Red Mask":17,"PureWater":0,"Toy Ornithopter":13},{"Potion Belt":58,"Regal Pillow":68,"Tiny House":23,"Golden Idol":3,"Damaru":9,"Letter Opener":80,"War Paint":31,"Question Card":31,"Cursed Key":52,"Akabeko":16,"Old Coin":62,"Ornamental Fan":11,"Bronze Scales":9,"Pandora\u0027s Box":0,"Bag of Marbles":27,"Red Mask":58,"PureWater":0,"Toy Ornithopter":35}],"Toy Ornithopter":30},"card_choices":[{"not_picked":["EmptyFist","Crescendo","BowlingBash"],"picked":"SKIP","floor":1.0},{"not_picked":["Evaluate","Crescendo"],"picked":"Wallop","floor":4.0},{"not_picked":["Vengeance","SashWhip","Wallop"],"picked":"SKIP","floor":7.0},{"not_picked":["Study","ThirdEye"],"picked":"JustLucky","floor":8.0},{"not_picked":["BowlingBash","Perseverance"],"picked":"Scrawl","floor":10.0},{"not_picked":["CutThroughFate","SashWhip","MentalFortress"],"picked":"SKIP","floor":12.0},{"not_picked":["Nirvana","ClearTheMind"],"picked":"EmptyFist","floor":14.0},{"not_picked":["Brilliance","SpiritShield"],"picked":"Omniscience","floor":16.0},{"not_picked":["EmptyBody","Adaptation"],"picked":"Worship","floor":17.0},{"not_picked":["EmptyFist","Swivel"],"picked":"FlurryOfBlows","floor":18.0},{"not_picked":["Prostrate","Halt"],"picked":"Pray","floor":19.0},{"not_picked":["Sanctity","Evaluate+1"],"picked":"InnerPeace+1","floor":22.0},{"not_picked":["InnerPeace","Consecrate"],"picked":"DevaForm","floor":24.0},{"not_picked":["Sanctity","Study","Prostrate"],"picked":"TalkToTheHand","floor":27.0},{"not_picked":["Crescendo+1","Protect","WheelKick"],"picked":"Halt","floor":28.0},{"not_picked":["Protect","Crescendo","PathToVictory","SignatureMove"],"picked":"SKIP","floor":31.0},{"not_picked":["FlyingSleeves+1","CrushJoints","Prostrate"],"picked":"Vengeance+1","floor":35.0},{"not_picked":["EmptyFist","Prostrate","Indignation","PathToVictory"],"picked":"SKIP","floor":41.0},{"not_picked":["EmptyFist","FlurryOfBlows","SandsOfTime"],"picked":"MentalFortress+1","floor":42.0},{"not_picked":["BattleHymn","WreathOfFlame+1","Wish"],"picked":"CarveReality","floor":45.0},{"not_picked":["CrushJoints+1","Crescendo","SashWhip"],"picked":"EmptyBody+1","floor":47},{"not_picked":["Scrawl","TalkToTheHand","ClearTheMind"],"picked":"Fasting2","floor":48}],"player_experience":895912,"relics_obtained":[{"floor":8.0,"key":"Damaru"},{"floor":9.0,"key":"Bronze Scales"},{"floor":10.0,"key":"Ornamental Fan"},{"floor":14.0,"key":"Akabeko"},{"floor":24.0,"key":"War Paint"},{"floor":26.0,"key":"Question Card"},{"floor":27.0,"key":"Toy Ornithopter"},{"floor":38.0,"key":"Old Coin"},{"floor":41.0,"key":"Regal Pillow"},{"floor":48,"key":"Letter Opener"}],"event_choices":[{"damage_healed":0.0,"max_hp_gain":0.0,"max_hp_loss":0.0,"gold_gain":0.0,"event_name":"Lab","player_choice":"Got Potions","floor":3.0,"gold_loss":0.0,"damage_taken":0.0},{"damage_healed":0.0,"max_hp_gain":0.0,"max_hp_loss":6.0,"gold_gain":0.0,"event_name":"Golden Idol","player_choice":"Lose Max HP","floor":5.0,"gold_loss":0.0,"damage_taken":0.0,"relics_obtained":["Golden Idol"]},{"cards_removed":["WreathOfFlame"],"damage_healed":0.0,"max_hp_gain":0.0,"max_hp_loss":0.0,"gold_gain":0.0,"event_name":"Back to Basics","player_choice":"Elegance","floor":20.0,"gold_loss":0.0,"damage_taken":0.0},{"damage_healed":0.0,"max_hp_gain":0.0,"max_hp_loss":0.0,"gold_gain":0.0,"event_name":"The Library","player_choice":"Read","floor":30.0,"gold_loss":0.0,"damage_taken":0.0,"cards_obtained":["Meditate"]},{"damage_healed":0.0,"max_hp_gain":0.0,"max_hp_loss":0.0,"gold_gain":0.0,"event_name":"Tomb of Lord Red Mask","player_choice":"Paid","floor":37.0,"gold_loss":110.0,"damage_taken":0.0,"relics_obtained":["Red Mask"]},{"damage_healed":0.0,"max_hp_gain":0.0,"max_hp_loss":0.0,"gold_gain":0.0,"event_name":"Mysterious Sphere","player_choice":"Fight","floor":38.0,"gold_loss":0.0,"damage_taken":0.0},{"damage_healed":0.0,"max_hp_gain":0.0,"max_hp_loss":0.0,"gold_gain":0.0,"event_name":"Match and Keep!","player_choice":"0 cards matched","floor":39.0,"gold_loss":0.0,"damage_taken":0.0,"cards_obtained":[]},{"damage_healed":0.0,"max_hp_gain":0.0,"max_hp_loss":0.0,"gold_gain":333.0,"event_name":"The Moai Head","player_choice":"Gave Idol","floor":46.0,"relics_lost":["Golden Idol"],"gold_loss":0.0,"damage_taken":0.0}],"is_beta":true,"boss_relics":[{"not_picked":["Velvet Choker","Runic Dome"],"picked":"Tiny House"},{"not_picked":["Runic Pyramid","Calling Bell"],"picked":"Cursed Key"}],"items_purged_floors":[],"is_endless":false,"potions_floor_spawned":[4,12,16,24,28,33,38,42,45,47],"killed_by":"Time Eater","ascension_level":20}}