{"host":"0ma1l65sntb3rtgl","time":1612560501,"event":{"mods":["BaseMod","Better Note","Better Third Choice","Colored Map","Colored Powertips","Curses Come First","Downfall","Highlight Path","Hubris","Marisa????????","Minty Spire (QoL Compilation)","Rare Cards Sparkle","Relic Stats","Replay The Spire","StSLib"],"gold_per_floor":[99,116,116,26,37,49,49,60,60,60,60,60],"floor_reached":10,"language":"ENG","playtime":535,"items_purged":["hexamod:Strike"],"score":58,"play_id":"89bb0e54-6ee4-4042-8f9c-8eb0a7d83d29","local_time":"20210205152821","is_ascension_mode":false,"campfire_choices":[{"data":"hexamod:Sear","floor":1,"key":"SMITH"}],"circlet_count":0,"master_deck":["hexamod:Strike","hexamod:Strike","hexamod:Strike","hexamod:Defend","hexamod:Defend","hexamod:Defend","hexamod:Defend","hexamod:Sear+1","hexamod:Float","hexamod:SpectersWail","hexamod:Firestarter","hexamod:GhostflameBarrier","hexamod:HauntingEcho"],"relics":["hexamod:SoulConsumer","m_DevilBlood"],"acts_visited":["Exordium"],"potions_floor_usage":[],"damage_taken":[{"damage":3,"enemies":"Small Slimes","floor":2,"turns":4},{"damage":5,"enemies":"downfall:FleeingMerchant","floor":4,"turns":4},{"damage":0,"enemies":"Cultist","floor":5,"turns":3},{"damage":1,"enemies":"Jaw Worm","floor":6,"turns":3},{"damage":40,"enemies":"Gremlin Gang","floor":8,"turns":4},{"damage":38,"enemies":"Lagavulin","floor":10,"turns":5}],"seed_played":"5481156289462623702","potions_obtained":[{"floor":3,"key":"Ancient Potion"},{"floor":3,"key":"SkillPotion"},{"floor":3,"key":"Elixir"},{"floor":6,"key":"Fire Potion"}],"is_trial":false,"path_per_floor":["R","M","?","$","M","M","T","M","?","E"],"character_chosen":"THE_SPIRIT","items_purchased":[],"campfire_rested":0,"item_purchase_floors":[],"current_hp_per_floor":[77,74,74,69,69,68,68,32,32,0,0,0],"gold":60,"neow_bonus":"TEN_PERCENT_HP_BONUS","is_daily":false,"chose_seed":false,"campfire_upgraded":1,"win_rate":0.0,"timestamp":1612560501,"path_taken":["R","M","?","$","M","?","T","M","?","E"],"items_purchased_type":[],"build_version":"2020-12-22","purchased_purges":1,"victory":false,"max_hp_per_floor":[77,77,77,77,77,77,77,77,77,77,77,77],"relic_stats":{"counters":[6,23],"obtain_stats":[{"m_DevilBlood":9,"hexamod:SoulConsumer":7,"hexamod:SpiritBrand":0},{"m_DevilBlood":5,"hexamod:SoulConsumer":4,"hexamod:SpiritBrand":0},{"m_DevilBlood":18,"hexamod:SoulConsumer":14,"hexamod:SpiritBrand":0}]},"card_choices":[{"not_picked":["hexamod:AdvancingGuard","hexamod:ShieldOfDarkness"],"picked":"hexamod:SpectersWail","floor":2},{"not_picked":["hexamod:FastForward","hexamod:SpectersWail"],"picked":"hexamod:Firestarter","floor":4},{"not_picked":["hexamod:HauntingEcho","hexamod:StepThrough"],"picked":"hexamod:GhostflameBarrier","floor":5},{"not_picked":["hexamod:Haunt","hexamod:GhostLash"],"picked":"hexamod:HauntingEcho","floor":6},{"not_picked":["hexamod:Hexaguard","hexamod:HauntingEcho","hexamod:NightmareStrike"],"picked":"SKIP","floor":8}],"player_experience":385574,"relics_obtained":[{"floor":7,"key":"hexamod:SoulConsumer"}],"event_choices":[{"damage_healed":0,"gold_gain":0,"player_choice":"Got Potions","damage_taken":0,"max_hp_gain":0,"max_hp_loss":0,"event_name":"Lab","floor":3,"gold_loss":0}],"is_beta":false,"boss_relics":[],"items_purged_floors":[4],"is_endless":false,"potions_floor_spawned":[6],"killed_by":"Lagavulin","ascension_level":0}}