{"host":"t9zjxed0utvsfjwc","time":1612553996,"event":{"mods":["2.2 Compatiblity","Aspiration","BaseMod","Better Altar","Better Match","Better Note","Better Sensory Stone","Better Skull","Better Third Choice","Block Reminder","Colored Map","Colored Powertips","Custom Start","Downfall","Hermit","Highlight Path","Hubris","Infinite Spire","Marisa????????","Minty Spire (QoL Compilation)","Quick Restart","Rare Cards Sparkle","Reliquary","Replay The Spire","StSLib","The Cursed","The Marked","The Runesmith","Unceasing Turn Reminder","everything is the same but u backflip on backflip"],"gold_per_floor":[117,42,42,53,65,96,96,96,121,21,21,49,61,76,76,181,181,198,238,238,238,238,238,238],"floor_reached":23,"language":"ENG","playtime":1214,"items_purged":["NonDirectionalLaser","Defend_MRS"],"score":199,"play_id":"c9b91b57-2780-4544-b882-b475783c5011","local_time":"20210205193956","is_ascension_mode":false,"campfire_choices":[{"floor":8,"key":"REST"},{"data":"UpSweep","floor":11,"key":"SMITH"},{"floor":15,"key":"REST"}],"circlet_count":0,"master_deck":["Strike_MRS","Strike_MRS","Strike_MRS","Strike_MRS","Defend_MRS","Defend_MRS","MasterSpark","UpSweep+1","FinalSpark+1","GalacticHalo","CasketOfStar","WitchOfGreed+1"],"relics":["infinitespire:DarkRift","infinitespire:Cubic Diamond","aspiration:TomeofQuesting","hubris:ToyBattleship","reliquary:Aerogel","Replay:Bottled Flurry"],"acts_visited":["Exordium","TheCity"],"potions_floor_usage":[6],"damage_taken":[{"damage":4,"enemies":"2 Louse","floor":1,"turns":3},{"damage":0,"enemies":"Small Slimes","floor":4,"turns":3},{"damage":0,"enemies":"Jaw Worm","floor":5,"turns":4},{"damage":48,"enemies":"Gremlin Nob","floor":6,"turns":7},{"damage":19,"enemies":"Lagavulin","floor":12,"turns":4},{"damage":5,"enemies":"Looter","floor":13,"turns":4},{"damage":6,"enemies":"3 Louse","floor":14,"turns":3},{"damage":20,"enemies":"Fading Forest","floor":16,"turns":11},{"damage":25,"enemies":"Spheric Guardian","floor":18,"turns":4},{"damage":24,"enemies":"Chosen","floor":19,"turns":6},{"damage":31,"enemies":"Book of Stabbing","floor":23,"turns":4}],"seed_played":"1062351534797262856","potions_obtained":[{"floor":5,"key":"Weak Potion"},{"floor":13,"key":"Elixir"},{"floor":19,"key":"Milkshake"}],"is_trial":false,"path_per_floor":["M","$","?","M","M","E","?","R","T","$","R","E","M","M","R","B",null,"M","M","?","?","?","E"],"character_chosen":"MARISA","items_purchased":[],"campfire_rested":2,"item_purchase_floors":[],"current_hp_per_floor":[71,71,71,71,71,23,23,45,45,45,45,26,21,15,37,27,75,50,26,26,19,19,0,0],"gold":238,"neow_bonus":"ONE_RANDOM_RARE_CARD","is_daily":false,"chose_seed":false,"campfire_upgraded":1,"win_rate":0.0,"timestamp":1612553996,"path_taken":["M","$","?","M","M","E","?","R","T","$","R","E","M","M","R","BOSS","M","M","?","?","?","E"],"items_purchased_type":[],"build_version":"2020-12-22","purchased_purges":2,"victory":false,"max_hp_per_floor":[75,75,75,75,75,75,75,75,75,75,75,75,75,75,75,75,75,75,75,75,75,75,75,75],"card_choices":[{"not_picked":["GrandCross","6A"],"picked":"NonDirectionalLaser","floor":1},{"not_picked":["Acceleration","WitchLeyline"],"picked":"GalacticHalo","floor":4},{"not_picked":["GasGiant","GrandCross","WitchLeyline"],"picked":"SKIP","floor":5},{"not_picked":["DarkMatter","BinaryStars","GravityBeat"],"picked":"SKIP","floor":6},{"not_picked":["OneTimeOff","FairyDestructionRay","MysteriousBeam"],"picked":"SKIP","floor":12},{"not_picked":["DeepEcoloBomb","ShootingEcho","OortCloud"],"picked":"SKIP","floor":13},{"not_picked":["MysteriousBeam","ShootingEcho","WitchLeyline"],"picked":"SKIP","floor":14},{"not_picked":["AbsoluteMagnitude","SatelliteIllusion"],"picked":"CasketOfStar","floor":16},{"not_picked":["OrrerysSun","NonDirectionalLaser"],"picked":"WitchOfGreed+1","floor":18},{"not_picked":["EventHorizon+1","SporeBomb","GrandCross"],"picked":"SKIP","floor":19}],"player_experience":490059,"relics_obtained":[{"floor":6,"key":"aspiration:TomeofQuesting"},{"floor":9,"key":"hubris:ToyBattleship"},{"floor":12,"key":"reliquary:Aerogel"}],"event_choices":[{"cards_removed":["Defend_MRS"],"damage_healed":0,"gold_gain":0,"player_choice":"Purged","damage_taken":0,"max_hp_gain":0,"max_hp_loss":0,"event_name":"Purifier","floor":20,"gold_loss":0},{"damage_healed":0,"gold_gain":0,"player_choice":"Damaged","damage_taken":7,"max_hp_gain":0,"max_hp_loss":0,"event_name":"Wheel of Change","floor":21,"gold_loss":0},{"damage_healed":0,"gold_gain":0,"player_choice":"Gave Potion","damage_taken":0,"relics_obtained":["Replay:Bottled Flurry"],"max_hp_gain":0,"max_hp_loss":0,"event_name":"WeMeetAgain","floor":22,"gold_loss":0}],"is_beta":false,"boss_relics":[{"not_picked":["Honey Jar","hubris:GrandSneckoEye","bronze:MakeshiftBattery"]}],"items_purged_floors":[2,10],"is_endless":false,"potions_floor_spawned":[5,13],"killed_by":"Book of Stabbing","ascension_level":0}}