{"host":"farxtl2u8hmkbdo2","time":1612507624,"event":{"mods":["A Magickal Journey","Ascension Reborn","BaseMod","Better Altar","Better Note","Better Sensory Stone","Better Skull","Better Third Choice","Challenge The Spire","Colored Map","Colored Powertips","Current Relic Mod","Downfall","Energized Spire","Fox Events","Gremlin Mod","Hermit","Hubris","Mimic Mod","Minty Spire (QoL Compilation)","Prisma Mod","Quick Restart","READ ME - Guardian Mod","READ ME - Snecko Mod","Rare Cards Sparkle","StSLib","The Bladedancer","The Bug Knight","The Cursed","The Disciple","The Hierophant","The Marked","The Necromancer","The Runesmith","Transform Curses"],"gold_per_floor":[109,129,140,152,152,177,188,188,219,230,247,257,286,302,302,405,405,421,438,438,438,457,490,490,590,590,167,167,167],"floor_reached":28,"language":"SPA","playtime":2102,"items_purged":["Pain"],"score":304,"play_id":"9dc3b696-9312-42b3-99e1-d558a65d056c","local_time":"20210205034704","is_ascension_mode":true,"campfire_choices":[{"data":"PrismaMod:IllyaUncommonDefend","floor":8,"key":"SMITH"},{"data":"PrismaMod:IllyaSaphire","floor":15,"key":"SMITH"}],"circlet_count":0,"master_deck":["PrismaMod:IllyaCommonAttack","PrismaMod:IllyaCommonDefend","PrismaMod:IllyaCommonAttack","PrismaMod:IllyaCommonDefend","PrismaMod:IllyaCommonAttack","PrismaMod:IllyaCommonDefend","PrismaMod:IllyaCommonAttack","PrismaMod:IllyaCommonDefend","PrismaMod:IllyaCommonAttack","PrismaMod:IllyaCommonDefend","PrismaMod:IllyaUncommonAttack","PrismaMod:IllyaUncommonDefend+1","PrismaMod:IllyaCheapChannelPoison","PrismaMod:IllyaUberAttackChannel+1","PrismaMod:IllyaCommonEvoke","PrismaMod:IllyaTestament","PrismaMod:ChloeCarnivalDefend+1","PrismaMod:IllyaCheapChannelAttack","PrismaMod:IllyaPoisonTippedWeapons","PrismaMod:IllyaCheapAttack","PrismaMod:IllyaFeed","PrismaMod:IllyaUncommonAOEAttack","PrismaMod:IllyaBlindPoisonToss","PrismaMod:IllyaUncommonDefend","PrismaMod:IllyaSaphire+1","PrismaMod:IllyaInstallForeigner","PrismaMod:IllyaDualEvoke","PrismaMod:IllyaCheapDefend+1","PrismaMod:IllyaStunPoison","PrismaMod:IllyaMaid+1","downfall:Haunted","PrismaMod:IllyaCarnivalAttack","hubris:Wrath","downfall:Aged","PrismaMod:IllyaDualEvoke"],"relics":["PrismaMod:PrismaRuby","hubris:Spice","Boot","Pantograph","Runic Pyramid","hubris:CrystalStatue","downfall:ExtraCursedKey"],"acts_visited":["Exordium","TheCity"],"potions_floor_usage":[6,13,16,19,23],"damage_taken":[{"damage":1,"enemies":"Jaw Worm","floor":1,"turns":4},{"damage":7,"enemies":"2 Louse","floor":2,"turns":4},{"damage":0,"enemies":"Cultist","floor":3,"turns":3},{"damage":4,"enemies":"Blue Slaver","floor":4,"turns":4},{"damage":22,"enemies":"3 Sentries","floor":6,"turns":8},{"damage":4,"enemies":"Lots of Slimes","floor":7,"turns":4},{"damage":0,"enemies":"2 Fungi Beasts","floor":9,"turns":5},{"damage":6,"enemies":"2 Fungi Beasts","floor":10,"turns":3},{"damage":10,"enemies":"Exordium Wildlife","floor":11,"turns":4},{"damage":11,"enemies":"Looter","floor":12,"turns":5},{"damage":2,"enemies":"Lagavulin","floor":13,"turns":7},{"damage":0,"enemies":"3 Louse","floor":14,"turns":3},{"damage":35,"enemies":"The Guardian","floor":16,"turns":10},{"damage":11,"enemies":"Shell Parasite","floor":18,"turns":6},{"damage":2,"enemies":"2 Thieves","floor":19,"turns":3},{"damage":22,"enemies":"Snake Plant","floor":22,"turns":3},{"damage":73,"enemies":"Gremlin Leader","floor":23,"turns":8},{"damage":62,"enemies":"Book of Stabbing","floor":28,"turns":4}],"seed_played":"-2064456078417554299","potions_obtained":[{"floor":1,"key":"bronze:BurnAndBuffPotion"},{"floor":3,"key":"Weak Potion"},{"floor":4,"key":"Fire Potion"},{"floor":12,"key":"FairyPotion"},{"floor":13,"key":"bronze:BurnAndBuffPotion"},{"floor":16,"key":"GamblersBrew"},{"floor":18,"key":"LiquidBronze"}],"is_trial":false,"path_per_floor":["M","M","M","M","?","E","M","R","MIM","M","M","M","E","M","R","B",null,"M","M","?","?","M","E","?","?","T","$","E"],"character_chosen":"ILLYA","items_purchased":["PrismaMod:IllyaDualEvoke","hubris:Spice"],"campfire_rested":0,"item_purchase_floors":[27,27],"current_hp_per_floor":[81,74,74,70,70,56,52,52,52,46,38,32,41,41,41,31,90,90,88,88,88,81,13,43,43,51,51,0,0],"gold":167,"neow_bonus":"TEN_PERCENT_HP_BONUS","is_daily":false,"chose_seed":false,"campfire_upgraded":2,"win_rate":0.0,"timestamp":1612507624,"path_taken":["M","M","M","M","?","E","M","R","MIM","M","M","M","E","M","R","BOSS","M","M","?","?","?","E","?","?","T","$","E"],"items_purchased_type":["Card","Relic"],"build_version":"2020-12-22","purchased_purges":1,"victory":false,"max_hp_per_floor":[82,82,82,82,82,90,90,90,90,90,90,90,90,90,90,90,90,90,90,90,90,90,90,90,90,98,90,90,90],"card_choices":[{"not_picked":["PrismaMod:IllyaRubysPotion","PrismaMod:IllyaStunPoison"],"picked":"PrismaMod:IllyaCheapChannelPoison","floor":1},{"not_picked":["PrismaMod:IllyaPoisoningPhantasm","PrismaMod:IllyaFriendMaker"],"picked":"PrismaMod:IllyaUberAttackChannel","floor":2},{"not_picked":["PrismaMod:IllyaBerserCAR","PrismaMod:IllyaMaid"],"picked":"PrismaMod:IllyaCommonEvoke","floor":3},{"not_picked":["PrismaMod:IllyaBlindPoisonToss","PrismaMod:IllyaBoysLove"],"picked":"PrismaMod:IllyaTestament","floor":4},{"not_picked":["PrismaMod:IllyaCommonEvoke","PrismaMod:IllyaBride"],"picked":"PrismaMod:IllyaCheapChannelAttack","floor":6},{"not_picked":["PrismaMod:IllyaBoysLove","PrismaMod:IllyaCheapChannelPoison"],"picked":"PrismaMod:IllyaPoisonTippedWeapons","floor":7},{"not_picked":["PrismaMod:IllyaGrailKun","PrismaMod:IllyaCheapDefend"],"picked":"PrismaMod:IllyaCheapAttack","floor":9},{"not_picked":["PrismaMod:IllyaBerserCAR","PrismaMod:IllyaReinForce"],"picked":"PrismaMod:IllyaFeed","floor":10},{"not_picked":["PrismaMod:IllyaHassanGift","PrismaMod:IllyaAssassinRevenge"],"picked":"PrismaMod:IllyaUncommonAOEAttack","floor":11},{"not_picked":["PrismaMod:IllyaInstallLancer","PrismaMod:IllyaUncommonEvoke"],"picked":"PrismaMod:IllyaBlindPoisonToss","floor":12},{"not_picked":["PrismaMod:IllyaInstallLancer","PrismaMod:IllyaCheapChannelDefend"],"picked":"PrismaMod:IllyaUncommonDefend","floor":13},{"not_picked":["PrismaMod:IllyaBerserCAR","PrismaMod:IllyaBoysLove"],"picked":"PrismaMod:IllyaSaphire","floor":14},{"not_picked":["PrismaMod:IllyaInstallBerserker","PrismaMod:IllyaInstallShielder"],"picked":"PrismaMod:IllyaInstallForeigner","floor":16},{"not_picked":["PrismaMod:IllyaPoisoningPhantasm","PrismaMod:IllyaUncommonEvoke"],"picked":"PrismaMod:IllyaDualEvoke","floor":18},{"not_picked":["PrismaMod:IllyaTestament","PrismaMod:IllyaCheapChannelPoison"],"picked":"PrismaMod:IllyaCheapDefend+1","floor":19},{"not_picked":["PrismaMod:IllyaAOECommonAttack","PrismaMod:IllyaCheapChannelAttack"],"picked":"PrismaMod:IllyaStunPoison","floor":22},{"not_picked":["PrismaMod:IllyaCommonEvoke+1","PrismaMod:IllyaCheapChannelDefend"],"picked":"PrismaMod:IllyaMaid+1","floor":23}],"player_experience":2035509,"relics_obtained":[{"floor":6,"key":"hubris:Spice"},{"floor":9,"key":"Boot"},{"floor":13,"key":"Pantograph"},{"floor":23,"key":"hubris:CrystalStatue"},{"floor":26,"key":"hubris:Spice"}],"event_choices":[{"damage_healed":0,"gold_gain":1,"player_choice":"4","damage_taken":0,"max_hp_gain":0,"max_hp_loss":0,"event_name":"betterStone:BetterStone","floor":5,"gold_loss":0,"cards_obtained":["PrismaMod:ChloeCarnivalDefend"]},{"cards_removed":["PrismaMod:ChloeCarnivalDefend"],"damage_healed":0,"gold_gain":0,"player_choice":"Give","damage_taken":0,"max_hp_gain":0,"max_hp_loss":0,"event_name":"betterNote:BetterNote","floor":20,"gold_loss":0,"cards_obtained":["None"]},{"damage_healed":0,"gold_gain":0,"player_choice":"Upgraded","damage_taken":0,"max_hp_gain":0,"max_hp_loss":0,"event_name":"Upgrade Shrine","floor":21,"gold_loss":0,"cards_upgraded":["PrismaMod:IllyaUberAttackChannel"]},{"damage_healed":30,"gold_gain":0,"player_choice":"Heal","damage_taken":0,"max_hp_gain":0,"max_hp_loss":0,"event_name":"The Library","floor":24,"gold_loss":0}],"is_beta":false,"boss_relics":[{"not_picked":["hubris:RunicObelisk","Runesmith:UraniumAnvil"],"picked":"Runic Pyramid"}],"items_purged_floors":[27],"is_endless":false,"potions_floor_spawned":[1,3,4,12,13,16,18],"killed_by":"Book of Stabbing","ascension_level":0}}