{"host":"l8n3qytufxtuz5eu","time":1612486810,"event":{"mods":["BaseMod","Colored Map","Minty Spire (QoL Compilation)","Relic Stats"],"gold_per_floor":[112,112,37,37,37,69,79,108,133,163,163,66,85,103,103,200,200,210,210,210,229,229,254,254,34,34,34,46,9,27,55,55,157,157,168,187,22,72,72,103,103,137,160,171,189,209,484,10,10,10,10,10,10,10,10],"floor_reached":54,"language":"ENG","playtime":4336,"items_purged":["Strike_R","Clothesline","Regret"],"score":1152,"play_id":"1512145a-cb2e-4ea4-a64c-fdcac15307d7","local_time":"20210204170010","is_ascension_mode":true,"campfire_choices":[{"data":"Shockwave","floor":11.0,"key":"SMITH"},{"data":"Barricade","floor":15.0,"key":"SMITH"},{"floor":27.0,"key":"REST"},{"floor":32,"key":"REST"},{"floor":41,"key":"RECALL"},{"floor":49,"key":"REST"},{"data":"Metallicize","floor":52,"key":"SMITH"}],"circlet_count":0,"master_deck":["AscendersBane","Shockwave+1","Bludgeon","Bludgeon","Shrug It Off","Barricade+1","Limit Break+1","Dark Embrace","Armaments+1","Feel No Pain","Shrug It Off+1","Double Tap+1","Twin Strike","Blood for Blood","Bloodletting+1","True Grit+1","Headbutt","Impervious+1","Juggernaut","True Grit+1","Havoc+1","Havoc+1","Shrug It Off+1","Inflame","Feel No Pain","Metallicize+1","Headbutt+1","Exhume+1","Warcry+1","Shockwave+1","Dual Wield+1","Dark Shackles+1","Warcry+1","Dual Wield+1","Feel No Pain","Spot Weakness+1","Impervious+1","Body Slam+1","Warcry+1","Power Through+1","Burning Pact+1"],"relics":["Burning Blood","Boot","Bronze Scales","Art of War","Toxic Egg 2","Pandora\u0027s Box","Toy Ornithopter","Molten Egg 2","Turnip","Self Forming Clay","Regal Pillow","Snecko Eye","Gambling Chip","Dream Catcher","Anchor","Orrery"],"acts_visited":["Exordium","TheCity","TheBeyond","TheEnding"],"potions_floor_usage":[30,31,45,50],"damage_taken":[{"damage":7.0,"enemies":"2 Louse","floor":1.0,"turns":3.0},{"damage":41.0,"enemies":"Lagavulin","floor":6.0,"turns":7.0},{"damage":0.0,"enemies":"Small Slimes","floor":7.0,"turns":3.0},{"damage":9.0,"enemies":"3 Sentries","floor":8.0,"turns":5.0},{"damage":25.0,"enemies":"Lagavulin","floor":10.0,"turns":6.0},{"damage":9.0,"enemies":"Jaw Worm","floor":13.0,"turns":3.0},{"damage":1.0,"enemies":"Red Slaver","floor":14.0,"turns":3.0},{"damage":7.0,"enemies":"Hexaghost","floor":16.0,"turns":13.0},{"damage":15.0,"enemies":"Chosen","floor":18.0,"turns":5.0},{"damage":28.0,"enemies":"Spheric Guardian","floor":21.0,"turns":6.0},{"damage":34.0,"enemies":"Slavers","floor":23.0,"turns":6.0},{"damage":7.0,"enemies":"Cultist and Chosen","floor":28.0,"turns":8.0},{"damage":13,"enemies":"Snake Plant","floor":30,"turns":6},{"damage":38,"enemies":"Book of Stabbing","floor":31,"turns":5},{"damage":19,"enemies":"Champ","floor":33,"turns":10},{"damage":4,"enemies":"3 Shapes","floor":35,"turns":7},{"damage":23,"enemies":"3 Darklings","floor":36,"turns":6},{"damage":0,"enemies":"Mind Bloom Boss Battle","floor":38,"turns":8},{"damage":6,"enemies":"Nemesis","floor":40,"turns":7},{"damage":6,"enemies":"Reptomancer","floor":42,"turns":6},{"damage":20,"enemies":"Writhing Mass","floor":44,"turns":10},{"damage":10,"enemies":"Spire Growth","floor":45,"turns":7},{"damage":0,"enemies":"Maw","floor":46,"turns":11},{"damage":19,"enemies":"Donu and Deca","floor":50,"turns":8},{"damage":93,"enemies":"Shield and Spear","floor":54,"turns":9}],"seed_played":"-6886467634670294167","potions_obtained":[{"floor":7.0,"key":"DistilledChaos"},{"floor":13.0,"key":"Energy Potion"},{"floor":16.0,"key":"FearPotion"},{"floor":23.0,"key":"EssenceOfSteel"},{"floor":28.0,"key":"Swift Potion"},{"floor":30,"key":"AttackPotion"},{"floor":35,"key":"Dexterity Potion"},{"floor":36,"key":"Ancient Potion"},{"floor":44,"key":"SneckoOil"}],"is_trial":false,"path_per_floor":["M","?","$","?","?","E","M","E","T","E","R","$","M","M","R","B",null,"M","?","?","M","T","E","?","$","T","R","M","$","M","E","R","B",null,"M","M","$","?","?","E","R","E","T","M","M","M","?","$","R","B",null,"R","$","E"],"character_chosen":"IRONCLAD","items_purchased":["Dark Embrace","Armaments+1","Shrug It Off+1","Inflame","Metallicize","Dual Wield+1","Dark Shackles+1","Impervious+1","Orrery","Energy Potion"],"campfire_rested":3,"item_purchase_floors":[12,12,25,25,29,37,37,48,48,48],"current_hp_per_floor":[71,71,71,71,76,41,47,44,44,25,25,25,22,27,27,26,70,61,61,61,39,39,11,11,11,11,36,45,45,43,16,56,43,75,77,60,60,66,66,66,66,66,66,52,53,59,59,59,85,72,82,82,82,0,0],"gold":10,"neow_bonus":"THREE_CARDS","is_daily":false,"chose_seed":false,"campfire_upgraded":3,"win_rate":0.0,"timestamp":1612486810,"path_taken":["M","?","$","?","?","E","?","E","T","E","R","?","M","M","R","BOSS","M","?","?","M","?","E","?","?","T","R","M","$","M","E","R","BOSS","M","M","$","?","?","E","R","E","T","M","M","?","?","$","R","BOSS","R","$","E"],"items_purchased_type":["Card","Card","Card","Card","Card","Card","Card","Card","Relic","Potion"],"build_version":"2020-12-22","purchased_purges":3,"victory":false,"max_hp_per_floor":[80,80,80,80,85,85,85,85,85,85,85,85,85,85,85,85,85,85,85,85,85,85,85,85,85,85,85,85,85,85,85,85,85,85,85,85,85,85,85,85,85,85,85,85,85,85,85,85,85,85,85,85,85,85,85],"relic_stats":{"Regal Pillow":16,"counters":[25,168],"Self Forming Clay":[102],"Boot":[13],"Burning Blood":144,"Dream Catcher":1,"Bronze Scales":[481],"Gambling Chip":[36],"Snecko Eye":[174,171,209,181],"Pandora\u0027s Box":["Twin Strike","Blood for Blood","Bloodletting","True Grit","Headbutt","Impervious","Juggernaut"],"Turnip":[15],"Art of War":[71],"obtain_stats":[{"Regal Pillow":31,"Self Forming Clay":26,"Boot":6,"Burning Blood":0,"Dream Catcher":40,"Anchor":42,"Bronze Scales":8,"Gambling Chip":38,"Snecko Eye":34,"Orrery":48,"Pandora\u0027s Box":17,"Molten Egg 2":22,"Turnip":23,"Art of War":9,"Toxic Egg 2":10,"Toy Ornithopter":20},{"Regal Pillow":14,"Self Forming Clay":11,"Boot":2,"Burning Blood":0,"Dream Catcher":19,"Anchor":20,"Bronze Scales":4,"Gambling Chip":18,"Snecko Eye":15,"Orrery":23,"Pandora\u0027s Box":8,"Molten Egg 2":10,"Turnip":11,"Art of War":4,"Toxic Egg 2":5,"Toy Ornithopter":9},{"Regal Pillow":79,"Self Forming Clay":60,"Boot":10,"Burning Blood":0,"Dream Catcher":117,"Anchor":123,"Bronze Scales":18,"Gambling Chip":110,"Snecko Eye":89,"Orrery":151,"Pandora\u0027s Box":43,"Molten Egg 2":54,"Turnip":60,"Art of War":18,"Toxic Egg 2":24,"Toy Ornithopter":48}],"Toy Ornithopter":25},"card_choices":[{"not_picked":["Sword Boomerang","Wild Strike"],"picked":"Clothesline","floor":0.0},{"not_picked":["Clash","Disarm"],"picked":"Shockwave","floor":1.0},{"not_picked":["Perfected Strike","Spot Weakness"],"picked":"Bludgeon","floor":6.0},{"not_picked":["Searing Blow","Combust"],"picked":"Shrug It Off","floor":7.0},{"not_picked":["Entrench","Body Slam"],"picked":"Barricade","floor":8.0},{"not_picked":["Reckless Charge","Metallicize"],"picked":"Limit Break+1","floor":10.0},{"not_picked":["Anger","Warcry+1"],"picked":"Feel No Pain","floor":13.0},{"not_picked":["Battle Trance+1","Dark Embrace"],"picked":"Shrug It Off+1","floor":14.0},{"not_picked":["Juggernaut","Bludgeon"],"picked":"Double Tap+1","floor":16.0},{"not_picked":["Evolve","Iron Wave"],"picked":"True Grit+1","floor":18.0},{"not_picked":["Armaments+1","Clothesline"],"picked":"Havoc+1","floor":21.0},{"not_picked":["Uppercut+1","Flame Barrier+1"],"picked":"Havoc+1","floor":23.0},{"not_picked":["Battle Trance+1","Bloodletting+1"],"picked":"Feel No Pain","floor":28.0},{"not_picked":["Clash+1","Ghostly Armor+1","Thunderclap+1"],"picked":"SKIP","floor":30},{"not_picked":["Perfected Strike+1","Hemokinesis+1"],"picked":"Headbutt+1","floor":31},{"not_picked":["Barricade","Double Tap+1"],"picked":"Exhume+1","floor":33},{"not_picked":["Hemokinesis+1","Sword Boomerang+1"],"picked":"Warcry+1","floor":35},{"not_picked":["Inflame+1","Reckless Charge+1"],"picked":"Shockwave+1","floor":36},{"not_picked":["Anger+1","Clash+1"],"picked":"Warcry+1","floor":38},{"not_picked":["Thunderclap+1","Whirlwind+1"],"picked":"Dual Wield+1","floor":40},{"not_picked":["Thunderclap+1","Double Tap+1","Headbutt+1"],"picked":"SKIP","floor":42},{"not_picked":["Headbutt+1","Sentinel+1"],"picked":"Feel No Pain","floor":44},{"not_picked":["Cleave+1","Combust+1","Iron Wave+1"],"picked":"SKIP","floor":45},{"not_picked":["Clash+1","Cleave+1"],"picked":"Spot Weakness+1","floor":46},{"not_picked":["Burning Pact+1","Cleave+1"],"picked":"Body Slam+1","floor":48},{"not_picked":["Clash+1","Sever Soul+1"],"picked":"Warcry+1","floor":48},{"not_picked":["Body Slam+1","Exhume+1"],"picked":"Power Through+1","floor":48},{"not_picked":["True Grit+1","Cleave+1"],"picked":"Burning Pact+1","floor":49}],"player_experience":1462154,"relics_obtained":[{"floor":6.0,"key":"Boot"},{"floor":8.0,"key":"Bronze Scales"},{"floor":9.0,"key":"Art of War"},{"floor":10.0,"key":"Toxic Egg 2"},{"floor":22.0,"key":"Molten Egg 2"},{"floor":23.0,"key":"Turnip"},{"floor":26.0,"key":"Self Forming Clay"},{"floor":31,"key":"Regal Pillow"},{"floor":38,"key":"Gambling Chip"},{"floor":40,"key":"Dream Catcher"},{"floor":42,"key":"Anchor"}],"event_choices":[{"damage_healed":0.0,"max_hp_gain":0.0,"max_hp_loss":0.0,"gold_gain":0.0,"cards_transformed":["Strike_R"],"event_name":"Living Wall","player_choice":"Change","floor":2.0,"gold_loss":0.0,"damage_taken":0.0,"cards_obtained":["Bludgeon"]},{"damage_healed":0.0,"max_hp_gain":0.0,"max_hp_loss":0.0,"gold_gain":0.0,"event_name":"The Cleric","player_choice":"Leave","floor":4.0,"gold_loss":0.0,"damage_taken":0.0},{"damage_healed":0.0,"max_hp_gain":5.0,"max_hp_loss":0.0,"gold_gain":0.0,"event_name":"Big Fish","player_choice":"Donut","floor":5.0,"gold_loss":0.0,"damage_taken":0.0},{"cards_removed":["Bash"],"damage_healed":0.0,"max_hp_gain":0.0,"max_hp_loss":0.0,"gold_gain":0.0,"event_name":"Back to Basics","player_choice":"Elegance","floor":19.0,"gold_loss":0.0,"damage_taken":0.0},{"damage_healed":0.0,"max_hp_gain":0.0,"max_hp_loss":0.0,"gold_gain":0.0,"event_name":"The Mausoleum","player_choice":"Opened","floor":20.0,"gold_loss":0.0,"damage_taken":0.0,"relics_obtained":["Toy Ornithopter"],"cards_obtained":["Writhe"]},{"damage_healed":0.0,"max_hp_gain":0.0,"max_hp_loss":0.0,"gold_gain":0.0,"event_name":"Cursed Tome","player_choice":"Ignored","floor":24.0,"gold_loss":0.0,"damage_taken":0.0},{"damage_healed":0,"gold_gain":0,"player_choice":"Fight","damage_taken":0,"max_hp_gain":0,"max_hp_loss":0,"event_name":"MindBloom","floor":38,"gold_loss":0},{"cards_removed":["Writhe"],"damage_healed":0,"gold_gain":0,"player_choice":"Removed Curses","damage_taken":0,"max_hp_gain":0,"max_hp_loss":0,"event_name":"Fountain of Cleansing","floor":39,"gold_loss":0},{"damage_healed":0,"gold_gain":275,"player_choice":"Desecrate","damage_taken":0,"max_hp_gain":0,"max_hp_loss":0,"event_name":"Golden Shrine","floor":47,"gold_loss":0,"cards_obtained":["Regret"]}],"is_beta":false,"boss_relics":[{"not_picked":["Black Star","Mark of Pain"],"picked":"Pandora\u0027s Box"},{"not_picked":["Velvet Choker","Philosopher\u0027s Stone"],"picked":"Snecko Eye"}],"items_purged_floors":[3,25,48],"is_endless":false,"potions_floor_spawned":[6,7,13,16,23,28,30,35,36,44],"killed_by":"Shield and Spear","ascension_level":10}}