{"host":"fxrgx7wt2cpkbhka","time":1612522977,"event":{"mods":["AchievementEnabler","BaseMod","Colored Powertips","Minty Spire (QoL Compilation)","Permanent Neow","Quick Restart","Slay-I","StSLib","Waifu the Spire"],"gold_per_floor":[117,117,117,117,47,80,80,97,97,97,113,113,113,125,125,125,125],"floor_reached":16,"language":"ENG","playtime":318,"items_purged":[],"score":167,"play_id":"f44dcfc1-c59c-4f93-b2ab-8392e8e8eda8","local_time":"20210205030257","is_ascension_mode":true,"campfire_choices":[{"data":"Defragment","floor":7,"key":"SMITH"},{"data":"Dualcast","floor":10,"key":"SMITH"},{"data":"Static Discharge","floor":13,"key":"SMITH"},{"data":"Conserve Battery","floor":15,"key":"SMITH"}],"circlet_count":0,"master_deck":["AscendersBane","Strike_B","Strike_B","Strike_B","Strike_B","Defend_B","Defend_B","Defend_B","Defend_B","Zap","Dualcast+1","Streamline+1","Static Discharge+1","Defragment+1","Cold Snap","BootSequence","Conserve Battery+1"],"relics":["Cracked Core","Calipers","MealTicket"],"acts_visited":["Exordium"],"potions_floor_usage":[6,16],"damage_taken":[{"damage":3,"enemies":"2 Louse","floor":1,"turns":2},{"damage":35,"enemies":"3 Sentries","floor":6,"turns":6},{"damage":4,"enemies":"Small Slimes","floor":8,"turns":3},{"damage":12,"enemies":"Jaw Worm","floor":11,"turns":2},{"damage":0,"enemies":"Red Slaver","floor":14,"turns":2},{"damage":34,"enemies":"The Guardian","floor":16,"turns":9}],"seed_played":"2014571112439263104","potions_obtained":[{"floor":1,"key":"DuplicationPotion"},{"floor":11,"key":"EssenceOfSteel"},{"floor":14,"key":"BlessingOfTheForge"}],"is_trial":false,"path_per_floor":["M","?","?","?","$","E","R","M","T","R","M","$","R","M","R","B"],"character_chosen":"DEFECT","items_purchased":["Defragment"],"campfire_rested":0,"item_purchase_floors":[5],"current_hp_per_floor":[61,43,66,66,66,31,31,27,27,27,15,30,30,30,30,0,0],"gold":125,"neow_bonus":"THREE_CARDS","is_daily":false,"chose_seed":false,"campfire_upgraded":4,"win_rate":0.0,"timestamp":1612522977,"path_taken":["M","?","?","?","?","E","R","M","T","R","M","$","R","?","R","BOSS"],"items_purchased_type":["Card"],"build_version":"2020-12-22","purchased_purges":0,"victory":false,"max_hp_per_floor":[71,71,71,71,71,71,71,71,71,71,71,71,71,71,71,71,71],"card_choices":[{"not_picked":["Chill","Leap"],"picked":"Streamline","floor":0},{"not_picked":["Conserve Battery","Coolheaded"],"picked":"Static Discharge","floor":1},{"not_picked":["Gash","Undo","Steam"],"picked":"SKIP","floor":6},{"not_picked":["Steam","Reinforced Body"],"picked":"Cold Snap","floor":8},{"not_picked":["Turbo","Streamline"],"picked":"BootSequence","floor":11},{"not_picked":["Beam Cell","Aggregate"],"picked":"Conserve Battery","floor":14}],"player_experience":745775,"relics_obtained":[{"floor":6,"key":"MealTicket"}],"event_choices":[{"damage_healed":0,"gold_gain":0,"player_choice":"Success","damage_taken":18,"relics_obtained":["Calipers"],"max_hp_gain":0,"max_hp_loss":0,"event_name":"Scrap Ooze","floor":2,"gold_loss":0},{"damage_healed":23,"gold_gain":0,"player_choice":"Banana","damage_taken":0,"max_hp_gain":0,"max_hp_loss":0,"event_name":"Big Fish","floor":3,"gold_loss":0},{"damage_healed":0,"gold_gain":0,"player_choice":"Grow","damage_taken":0,"max_hp_gain":0,"max_hp_loss":0,"event_name":"Living Wall","floor":4,"gold_loss":0,"cards_upgraded":["Streamline"]}],"is_beta":false,"boss_relics":[],"items_purged_floors":[],"is_endless":false,"potions_floor_spawned":[1,11,14],"killed_by":"The Guardian","ascension_level":14}}