{"host":"vyjryxuuuxkt43k4","time":1612538920,"event":{"mods":["AchievementEnabler","BaseMod","Colored Map","DeckTracker","Highlight Path","Keyboard Shortcuts","Minty Spire (QoL Compilation)","Permanent Neow","Quick Restart","StSLib","SuperFastMode","everything is the same but u backflip on backflip"],"gold_per_floor":[118,131,148,168,168,168,196,196,196,210,210,210,230,10,10,10,10],"floor_reached":16,"language":"KOR","playtime":527,"items_purged":["Defend_B"],"score":179,"play_id":"2772e1bc-0117-4b9e-a8d1-66c8dc0430d7","local_time":"20210206002840","is_ascension_mode":true,"campfire_choices":[{"floor":6,"key":"REST"},{"data":"Buffer","floor":8,"key":"SMITH"},{"floor":12,"key":"REST"},{"data":"Coolheaded","floor":15,"key":"SMITH"}],"circlet_count":0,"master_deck":["AscendersBane","Strike_B","Strike_B","Strike_B","Strike_B","Defend_B","Defend_B","Defend_B","Zap","Dualcast+1","Deep Breath+1","Hologram","Cold Snap","Rip and Tear","Genetic Algorithm","Buffer+1","Coolheaded+1","Turbo"],"relics":["Cracked Core","Oddly Smooth Stone","Lantern"],"acts_visited":["Exordium"],"potions_floor_usage":[4,7,7,16,16],"damage_taken":[{"damage":1,"enemies":"Cultist","floor":1,"turns":3},{"damage":9,"enemies":"Small Slimes","floor":2,"turns":3},{"damage":7,"enemies":"2 Louse","floor":3,"turns":3},{"damage":9,"enemies":"Red Slaver","floor":4,"turns":3},{"damage":16,"enemies":"Gremlin Nob","floor":7,"turns":3},{"damage":26,"enemies":"Exordium Thugs","floor":10,"turns":6},{"damage":0,"enemies":"2 Fungi Beasts","floor":13,"turns":3},{"damage":26,"enemies":"Hexaghost","floor":16,"turns":9}],"seed_played":"-9158507064974880351","potions_obtained":[{"floor":1,"key":"Regen Potion"},{"floor":3,"key":"Explosive Potion"},{"floor":4,"key":"AttackPotion"},{"floor":13,"key":"Dexterity Potion"}],"is_trial":false,"path_per_floor":["M","M","M","M","?","R","E","R","T","M","?","R","M","$","R","B"],"character_chosen":"DEFECT","items_purchased":["Turbo","CultistPotion"],"campfire_rested":2,"item_purchase_floors":[14,14],"current_hp_per_floor":[63,54,47,47,26,47,31,31,31,5,5,26,26,26,26,0,0],"gold":10,"neow_bonus":"RANDOM_COLORLESS","is_daily":false,"chose_seed":false,"campfire_upgraded":2,"win_rate":0.0,"timestamp":1612538920,"path_taken":["M","M","M","M","?","R","E","R","T","M","?","R","M","$","R","BOSS"],"items_purchased_type":["Card","Potion"],"build_version":"2020-12-22","purchased_purges":1,"victory":false,"max_hp_per_floor":[71,71,71,71,71,71,71,71,71,71,71,71,71,71,71,71,71],"card_choices":[{"not_picked":["Purity","Good Instincts"],"picked":"Deep Breath","floor":0},{"not_picked":["Leap","Consume"],"picked":"Hologram","floor":1},{"not_picked":["Stack","Blizzard"],"picked":"Cold Snap","floor":2},{"not_picked":["Steam","Barrage"],"picked":"Rip and Tear","floor":3},{"not_picked":["Stack","Sweeping Beam"],"picked":"Genetic Algorithm","floor":4},{"not_picked":["Conserve Battery","Leap"],"picked":"Buffer","floor":7},{"not_picked":["Consume","Streamline","Scrape"],"picked":"SKIP","floor":10},{"not_picked":["Go for the Eyes","Loop"],"picked":"Coolheaded","floor":13}],"player_experience":766462,"relics_obtained":[{"floor":7,"key":"Oddly Smooth Stone"},{"floor":9,"key":"Lantern"}],"event_choices":[{"damage_healed":0,"gold_gain":0,"player_choice":"Entered Light","damage_taken":21,"max_hp_gain":0,"max_hp_loss":0,"event_name":"Shining Light","floor":5,"gold_loss":0,"cards_upgraded":["Deep Breath","Dualcast"]},{"damage_healed":0,"gold_gain":0,"player_choice":"Fled","damage_taken":0,"max_hp_gain":0,"max_hp_loss":0,"event_name":"Scrap Ooze","floor":11,"gold_loss":0}],"is_beta":false,"boss_relics":[],"items_purged_floors":[14],"is_endless":false,"potions_floor_spawned":[1,3,4,13],"killed_by":"Hexaghost","ascension_level":15}}