{"host":"xgnmnr8f8w1a0eo3","time":1612569050,"event":{"mods":["BaseMod","Downfall","Highlight Path","Minty Spire (QoL Compilation)","Permanent Neow","Relic Stats","StSLib","everything is the same but u backflip on backflip"],"gold_per_floor":[199,212,224,239,254,254,254,280,36,51,65,65,94,114,128,128,128,128],"floor_reached":16,"language":"ENG","playtime":811,"items_purged":["downfall:Icky"],"score":116,"play_id":"56a1e87d-d20b-4214-9719-27a7d35abab7","local_time":"20210205155050","is_ascension_mode":false,"campfire_choices":[{"data":"champ:Execute","floor":1,"key":"SMITH"},{"floor":12,"key":"REST"}],"circlet_count":0,"master_deck":["champ:Strike","champ:Strike","champ:Strike","champ:Strike","champ:Defend","champ:Defend","champ:Defend","champ:Defend","champ:Execute+1","champ:Taunt","champ:CrownThrow","champ:PerfectedStrike","champ:EndlessRage","champ:CrownThrow","champ:PerfectedStrike","champ:AdrenalArmor","champ:EnragedBash","champ:FocusedBerserking","champ:Encircle","champ:BerserkersShout","champ:BerserkersShout"],"relics":["champ:ChampionCrown","Darkstone Periapt","InkBottle","Anchor"],"acts_visited":["Exordium"],"potions_floor_usage":[10,13,16],"damage_taken":[{"damage":2,"enemies":"2 Louse","floor":2,"turns":2},{"damage":11,"enemies":"Cultist","floor":3,"turns":4},{"damage":5,"enemies":"Small Slimes","floor":4,"turns":4},{"damage":27,"enemies":"Gremlin Gang","floor":5,"turns":4},{"damage":46,"enemies":"Lagavulin","floor":8,"turns":5},{"damage":0,"enemies":"downfall:FleeingMerchant","floor":9,"turns":4},{"damage":12,"enemies":"Blue Slaver","floor":10,"turns":2},{"damage":10,"enemies":"3 Louse","floor":11,"turns":2},{"damage":43,"enemies":"Gremlin Nob","floor":13,"turns":4},{"damage":18,"enemies":"2 Fungi Beasts","floor":14,"turns":3},{"damage":18,"enemies":"Red Slaver","floor":15,"turns":2},{"damage":53,"enemies":"DF_ARCHETYPE_STREAMLINE","floor":16,"turns":9}],"seed_played":"-4856427562969732581","potions_obtained":[{"floor":2,"key":"champ:OpenerPotion"},{"floor":5,"key":"SteroidPotion"},{"floor":8,"key":"Guardian:BlockOnCardUsePotion"},{"floor":10,"key":"Fire Potion"},{"floor":13,"key":"SkillPotion"}],"is_trial":false,"path_per_floor":["R","M","M","M","M","?","T","E","$","M","M","R","E","M","M","B"],"character_chosen":"THE_CHAMP","items_purchased":["champ:FocusedBerserking","champ:Encircle"],"campfire_rested":1,"item_purchase_floors":[9,9],"current_hp_per_floor":[90,88,87,82,55,55,61,35,35,33,33,61,33,25,22,0,0,0],"gold":128,"neow_bonus":"HUNDRED_GOLD","is_daily":false,"chose_seed":false,"campfire_upgraded":1,"win_rate":0.0,"timestamp":1612569050,"path_taken":["R","M","M","M","M","?","T","E","$","M","M","R","E","M","M","BOSS"],"items_purchased_type":["Card","Card"],"build_version":"2020-12-22","purchased_purges":1,"victory":false,"max_hp_per_floor":[90,90,90,90,90,90,96,96,96,96,96,96,96,96,96,96,96,96],"relic_stats":{"Darkstone Periapt":0,"counters":[12,45],"obtain_stats":[{"Darkstone Periapt":7,"Anchor":13,"champ:ChampionCrown":0,"InkBottle":8},{"Darkstone Periapt":4,"Anchor":9,"champ:ChampionCrown":0,"InkBottle":5},{"Darkstone Periapt":14,"Anchor":31,"champ:ChampionCrown":0,"InkBottle":19}],"InkBottle":[7]},"card_choices":[{"not_picked":["champ:PreemptiveStrike","champ:TornadoPunch","champ:GutPunch"],"picked":"SKIP","floor":2},{"not_picked":["champ:PreciseThrust","champ:Circumvent"],"picked":"champ:CrownThrow","floor":3},{"not_picked":["champ:BerserkersShout","champ:StanceDance"],"picked":"champ:PerfectedStrike","floor":4},{"not_picked":["champ:RapidStrikes","champ:CheapShot"],"picked":"champ:EndlessRage","floor":5},{"not_picked":["champ:PreciseThrust","champ:DeathBlow"],"picked":"champ:AdrenalArmor","floor":8},{"not_picked":["champ:Shatter","champ:Haymaker"],"picked":"champ:EnragedBash","floor":9},{"not_picked":["champ:PreciseThrust","champ:PerfectedStrike"],"picked":"champ:BerserkersShout","floor":10},{"not_picked":["champ:PreemptiveStrike","champ:Backstep","champ:DefensiveShout"],"picked":"SKIP","floor":11},{"not_picked":["champ:TornadoPunch","champ:FlashCut","champ:EnGarde"],"picked":"SKIP","floor":13},{"not_picked":["champ:SetATrap","champ:MurderStrike","champ:RecklessLeap"],"picked":"SKIP","floor":14},{"not_picked":["champ:PreemptiveStrike","champ:GutPunch"],"picked":"champ:BerserkersShout","floor":15}],"player_experience":1242603,"relics_obtained":[{"floor":7,"key":"Darkstone Periapt"},{"floor":8,"key":"InkBottle"},{"floor":13,"key":"Anchor"}],"event_choices":[],"is_beta":false,"boss_relics":[],"items_purged_floors":[9],"is_endless":false,"potions_floor_spawned":[2,5,8,10,13,15],"killed_by":"DF_ARCHETYPE_STREAMLINE","ascension_level":0}}