{"host":"uhnh33uh34qot0et","time":1612484457,"event":{"mods":["BaseMod","Colored Map","Downfall","Hermit","Marisa????????","Minty Spire (QoL Compilation)","StSLib","The Bug Knight","The Cursed","The Servant 0.9.4"],"gold_per_floor":[99,116,131,150,166,177,250,150,170,190,206,226,126,138,154,154,154,154],"floor_reached":16,"language":"ENG","playtime":956,"items_purged":[],"score":127,"play_id":"365ee3be-381e-4d70-b5c0-ad61c42f2f1d","local_time":"20210205012057","is_ascension_mode":false,"campfire_choices":[{"data":"champ:Taunt","floor":1,"key":"SMITH"},{"floor":8,"key":"RECALL"},{"floor":13,"key":"REST"}],"circlet_count":0,"master_deck":["champ:Strike","champ:Strike","champ:Strike","champ:Strike","champ:Defend","champ:Defend","champ:Defend","champ:Defend","champ:Execute","champ:Taunt+1","champ:BringItOn","champ:PreciseThrust","champ:RisingSlash","champ:GutPunch","champ:Endure","champ:DeathBlow","champ:EndlessRage","champ:EnragedBash","champ:Encircle","champ:FlashCut","champ:RapidStrikes"],"relics":["champ:ChampionCrown","downfall:HeartBlessingBlue","downfall:HeartBlessingRed"],"acts_visited":["Exordium"],"potions_floor_usage":[16,16],"damage_taken":[{"damage":10,"enemies":"Cultist","floor":2,"turns":4},{"damage":14,"enemies":"Small Slimes","floor":3,"turns":3},{"damage":7,"enemies":"Jaw Worm","floor":4,"turns":3},{"damage":6,"enemies":"3 Louse","floor":5,"turns":4},{"damage":10,"enemies":"Exordium Wildlife","floor":6,"turns":5},{"damage":24,"enemies":"Red Slaver","floor":9,"turns":4},{"damage":41,"enemies":"2 Fungi Beasts","floor":10,"turns":3},{"damage":45,"enemies":"Exordium Thugs","floor":11,"turns":5},{"damage":29,"enemies":"3 Louse","floor":12,"turns":4},{"damage":50,"enemies":"Exordium Wildlife","floor":14,"turns":4},{"damage":17,"enemies":"Red Slaver","floor":15,"turns":3},{"damage":85,"enemies":"WA_ARCHETYPE_RETAIN","floor":16,"turns":10}],"seed_played":"8391174879733488992","potions_obtained":[{"floor":2,"key":"PowerPotion"},{"floor":4,"key":"Guardian:BlockOnCardUsePotion"},{"floor":5,"key":"sneckomod:MuddlingPotion"}],"is_trial":false,"path_per_floor":["R","M","M","M","M","M","T","R","M","M","M","M","R","M","M","B"],"character_chosen":"THE_CHAMP","items_purchased":[],"campfire_rested":1,"item_purchase_floors":[],"current_hp_per_floor":[99,99,95,88,87,87,87,97,93,77,52,43,75,50,43,0,0,0],"gold":154,"neow_bonus":"TEN_PERCENT_HP_BONUS","is_daily":false,"chose_seed":false,"campfire_upgraded":1,"win_rate":0.0,"timestamp":1612484457,"path_taken":["R","M","?","M","M","M","T","R","M","M","M","?","R","M","M","BOSS"],"items_purchased_type":[],"build_version":"2020-12-22","purchased_purges":0,"victory":false,"max_hp_per_floor":[99,99,99,99,99,99,99,109,109,109,109,109,109,109,109,109,109,109],"card_choices":[{"not_picked":["champ:CrownThrow","champ:AdrenalArmor"],"picked":"champ:BringItOn","floor":2},{"not_picked":["champ:DefensiveShout","champ:Shatter"],"picked":"champ:PreciseThrust","floor":3},{"not_picked":["champ:Endure","champ:CheapShot"],"picked":"champ:RisingSlash","floor":4},{"not_picked":["champ:CrownThrow","champ:Backstep"],"picked":"champ:GutPunch","floor":5},{"not_picked":["champ:EndlessRage","champ:Circumvent"],"picked":"champ:Endure","floor":6},{"not_picked":["champ:TornadoPunch","champ:StanceDance"],"picked":"champ:DeathBlow","floor":9},{"not_picked":["champ:Shatter","champ:AdrenalArmor"],"picked":"champ:EndlessRage","floor":10},{"not_picked":["champ:PreciseThrust","champ:BringItOn"],"picked":"champ:EnragedBash","floor":11},{"not_picked":["champ:GutPunch","champ:RapidStrikes"],"picked":"champ:Encircle","floor":12},{"not_picked":["champ:GutPunch","champ:TornadoPunch"],"picked":"champ:FlashCut","floor":14},{"not_picked":["champ:AdrenalArmor","champ:BringItOn"],"picked":"champ:RapidStrikes","floor":15}],"player_experience":4369,"relics_obtained":[],"event_choices":[],"is_beta":false,"boss_relics":[],"items_purged_floors":[],"is_endless":false,"potions_floor_spawned":[2,4,5,12,14],"killed_by":"WA_ARCHETYPE_RETAIN","ascension_level":0}}