{"host":"gknpnudn4hog7rzv","time":1612558960,"event":{"mods":["BaseMod","BetterRewards","Downfall","Hermit","Minty Spire (QoL Compilation)","Robot Space Explorer","StSLib","The Bug Knight"],"gold_per_floor":[115,115,115,115,135,135,149,149,149,149,149,160,11,11,11,115,115,125,125,125,135,38,38,48,48,48,48,48,61,71,19,19,115,165,184,184,198,123,141,141,156,11,35,35,35,85,113,130,130,130],"floor_reached":51,"language":"ENG","playtime":5157,"items_purged":["Shame"],"score":694,"play_id":"40659daf-07e6-4aa1-8499-ab9b095a4164","local_time":"20210205140240","is_ascension_mode":true,"campfire_choices":[{"data":"RobotSpaceExplorer:LuckyStrike","floor":6,"key":"SMITH"},{"data":"RobotSpaceExplorer:Blaster","floor":8,"key":"SMITH"},{"data":"RobotSpaceExplorer:Probe","floor":10,"key":"SMITH"},{"data":"RobotSpaceExplorer:MiniLasers","floor":15,"key":"SMITH"},{"data":"RobotSpaceExplorer:Autoloader","floor":23,"key":"SMITH"},{"floor":25,"key":"REST"},{"floor":32,"key":"REST"},{"floor":40,"key":"REST"},{"floor":44,"key":"REST"},{"floor":49,"key":"REST"}],"circlet_count":0,"master_deck":["RobotSpaceExplorer:Strike+1","RobotSpaceExplorer:Strike+1","RobotSpaceExplorer:Strike+1","RobotSpaceExplorer:Defend+1","RobotSpaceExplorer:Defend+1","RobotSpaceExplorer:Defend+1","RobotSpaceExplorer:Defend+1","RobotSpaceExplorer:Scan+1","RobotSpaceExplorer:MiniLasers+1","RobotSpaceExplorer:Blaster+1","RobotSpaceExplorer:LuckyStrike+1","RobotSpaceExplorer:ShovelStrike","RobotSpaceExplorer:Probe+1","RobotSpaceExplorer:Autoloader+1","RobotSpaceExplorer:Counterblock","RobotSpaceExplorer:BigMissile","RobotSpaceExplorer:Pulsar+1","RobotSpaceExplorer:ShovelStrike+1","Writhe","RobotSpaceExplorer:Probe","RobotSpaceExplorer:LuckyStrike+1","RobotSpaceExplorer:MiniLasers+1","Writhe","RobotSpaceExplorer:Probe","RobotSpaceExplorer:ScrapMissile+1","RobotSpaceExplorer:Probe+1"],"relics":["RobotSpaceExplorer:RoboCore","Mango","Juzu Bracelet","Vajra","Black Star","StrikeDummy","Ornamental Fan","Thread and Needle","Tiny House","DollysMirror","RobotSpaceExplorer:FoglandsKnife","RobotSpaceExplorer:RingOfTheNewt","Anchor","Bottled Flame"],"acts_visited":["Exordium","TheCity","TheBeyond"],"potions_floor_usage":[5,7,12,18,24,24,24,29,30,33,35,46,47],"damage_taken":[{"damage":5,"enemies":"2 Louse","floor":1,"turns":2},{"damage":1,"enemies":"Jaw Worm","floor":5,"turns":3},{"damage":0,"enemies":"Small Slimes","floor":7,"turns":1},{"damage":0,"enemies":"Exordium Thugs","floor":12,"turns":3},{"damage":30,"enemies":"The Guardian","floor":16,"turns":9},{"damage":7,"enemies":"Shell Parasite","floor":18,"turns":3},{"damage":10,"enemies":"Chosen","floor":21,"turns":3},{"damage":19,"enemies":"Snecko","floor":24,"turns":4},{"damage":12,"enemies":"Cultist and Chosen","floor":29,"turns":5},{"damage":8,"enemies":"Shelled Parasite and Fungi","floor":30,"turns":4},{"damage":51,"enemies":"Automaton","floor":33,"turns":10},{"damage":35,"enemies":"3 Darklings","floor":35,"turns":6},{"damage":0,"enemies":"Orb Walker","floor":37,"turns":2},{"damage":31,"enemies":"4 Shapes","floor":39,"turns":4},{"damage":24,"enemies":"Spire Growth","floor":41,"turns":5},{"damage":0,"enemies":"Mind Bloom Boss Battle","floor":46,"turns":5},{"damage":9,"enemies":"Giant Head","floor":47,"turns":5},{"damage":10,"enemies":"Transient","floor":48,"turns":5},{"damage":65,"enemies":"Time Eater","floor":50,"turns":10}],"seed_played":"6107338726629391815","potions_obtained":[{"floor":1,"key":"BlessingOfTheForge"},{"floor":4,"key":"Explosive Potion"},{"floor":4,"key":"Slimebound:ThreeZeroPotion"},{"floor":12,"key":"sneckomod:MuddlingPotion"},{"floor":21,"key":"EntropicBrew"},{"floor":24,"key":"champ:CounterPotion"},{"floor":34,"key":"BlessingOfTheForge"},{"floor":41,"key":"Fruit Juice"},{"floor":46,"key":"FearPotion"}],"is_trial":false,"path_per_floor":["M","?","?","?","M","R","M","R","T","R","?","M","$","$","R","B",null,"M","?","?","M","$","R","M","R","T","?","?","M","M","$","R","B",null,"M","?","M","$","M","R","M","$","T","R","?","?","E","M","R","B",null],"character_chosen":"RobotSpaceExplorer","items_purchased":["Vajra","RobotSpaceExplorer:BigMissile","RobotSpaceExplorer:Pulsar","RobotSpaceExplorer:RecyclePotion","DollysMirror"],"campfire_rested":5,"item_purchase_floors":[13,22,22,31,42],"current_hp_per_floor":[70,63,70,70,69,69,69,69,69,69,69,69,69,69,69,39,89,82,82,82,72,72,72,53,79,79,79,79,67,59,59,85,34,94,59,59,59,59,28,56,32,32,32,60,84,89,80,70,99,34],"gold":130,"neow_bonus":"ONE_RANDOM_RARE_CARD","is_daily":false,"chose_seed":false,"campfire_upgraded":5,"win_rate":0.0,"timestamp":1612558960,"path_taken":["M","?","?","?","M","R","?","R","T","R","?","M","?","$","R","BOSS","M","?","?","M","$","R","M","R","T","?","?","M","M","$","R","BOSS","M","?","M","?","M","R","M","$","T","R","?","?","E","M","R","BOSS"],"items_purchased_type":["Relic","Card","Card","Potion","Relic"],"build_version":"2020-12-22","purchased_purges":1,"victory":true,"max_hp_per_floor":[75,75,89,89,89,89,89,89,89,89,89,89,89,89,89,89,89,89,89,89,89,89,89,89,89,89,89,89,89,89,89,89,89,94,94,94,94,94,94,94,94,94,94,94,94,99,99,99,99,99],"card_choices":[{"not_picked":["RobotSpaceExplorer:DoubleBlock","RobotSpaceExplorer:SurgingStrike"],"picked":"RobotSpaceExplorer:LuckyStrike","floor":1},{"not_picked":["RobotSpaceExplorer:SlimeMissile","RobotSpaceExplorer:MiniBoosters"],"picked":"RobotSpaceExplorer:ShovelStrike","floor":5},{"not_picked":["RobotSpaceExplorer:IronShell","RobotSpaceExplorer:Pulsar"],"picked":"RobotSpaceExplorer:Probe","floor":7},{"not_picked":["RobotSpaceExplorer:Electropulse","RobotSpaceExplorer:Electroshield","RobotSpaceExplorer:Blitz"],"picked":"SKIP","floor":12},{"not_picked":["RobotSpaceExplorer:HighVoltage","RobotSpaceExplorer:Accelerator"],"picked":"RobotSpaceExplorer:Autoloader","floor":16},{"not_picked":["RobotSpaceExplorer:FrostMissile","RobotSpaceExplorer:SlimeMissile+1","RobotSpaceExplorer:Pulsar"],"picked":"SKIP","floor":18},{"not_picked":["RobotSpaceExplorer:FreezingShield","RobotSpaceExplorer:DoubleBlock","RobotSpaceExplorer:JunkDive"],"picked":"SKIP","floor":21},{"not_picked":["RobotSpaceExplorer:Pulsar","RobotSpaceExplorer:Ammunition"],"picked":"RobotSpaceExplorer:ShovelStrike+1","floor":24},{"not_picked":["RobotSpaceExplorer:Electropulse+1","RobotSpaceExplorer:Reload","RobotSpaceExplorer:GlueShot"],"picked":"SKIP","floor":29},{"not_picked":["RobotSpaceExplorer:GlueShot","RobotSpaceExplorer:StunGrenade","RobotSpaceExplorer:SurgingShield"],"picked":"SKIP","floor":30},{"not_picked":["RobotSpaceExplorer:FranticSearch","RobotSpaceExplorer:SurgingShield+1"],"picked":"RobotSpaceExplorer:Probe","floor":34},{"not_picked":["RobotSpaceExplorer:Smokescreen","RobotSpaceExplorer:Jetpack+1","RobotSpaceExplorer:MakeshiftVolley"],"picked":"SKIP","floor":35},{"not_picked":["RobotSpaceExplorer:Blitz+1","RobotSpaceExplorer:SwiftStep","RobotSpaceExplorer:SurgingStrike+1"],"picked":"SKIP","floor":37},{"not_picked":["RobotSpaceExplorer:DualCore","RobotSpaceExplorer:DoubleBlock","RobotSpaceExplorer:Discharger"],"picked":"SKIP","floor":39},{"not_picked":["RobotSpaceExplorer:DualCore","RobotSpaceExplorer:SlimeMissile+1"],"picked":"RobotSpaceExplorer:LuckyStrike+1","floor":41},{"not_picked":["RobotSpaceExplorer:SurgingStrike","RobotSpaceExplorer:StunGrenade"],"picked":"RobotSpaceExplorer:Probe","floor":46},{"not_picked":["RobotSpaceExplorer:StunGrenade+1","RobotSpaceExplorer:RigExplosive"],"picked":"RobotSpaceExplorer:ScrapMissile+1","floor":47},{"not_picked":["RobotSpaceExplorer:FrostMissile","RobotSpaceExplorer:Discharger+1"],"picked":"RobotSpaceExplorer:Probe+1","floor":48}],"player_experience":378271,"relics_obtained":[{"floor":9,"key":"Juzu Bracelet"},{"floor":26,"key":"StrikeDummy"},{"floor":43,"key":"RobotSpaceExplorer:FoglandsKnife"},{"floor":46,"key":"RobotSpaceExplorer:RingOfTheNewt"},{"floor":47,"key":"Anchor"},{"floor":47,"key":"Bottled Flame"}],"event_choices":[{"cards_removed":["RobotSpaceExplorer:Strike"],"damage_healed":0,"gold_gain":0,"player_choice":"Card Removal","damage_taken":7,"max_hp_gain":0,"max_hp_loss":0,"event_name":"Golden Wing","floor":2,"gold_loss":0},{"damage_healed":0,"gold_gain":0,"player_choice":"Success","damage_taken":7,"relics_obtained":["Mango"],"max_hp_gain":0,"max_hp_loss":0,"event_name":"Scrap Ooze","floor":3,"gold_loss":0},{"damage_healed":0,"gold_gain":0,"player_choice":"Got Potions","damage_taken":0,"max_hp_gain":0,"max_hp_loss":0,"event_name":"Lab","floor":4,"gold_loss":0},{"damage_healed":0,"gold_gain":0,"player_choice":"Grow","damage_taken":0,"max_hp_gain":0,"max_hp_loss":0,"event_name":"Living Wall","floor":11,"gold_loss":0,"cards_upgraded":["RobotSpaceExplorer:Scan"]},{"damage_healed":0,"gold_gain":0,"player_choice":"Simplicity","damage_taken":0,"max_hp_gain":0,"max_hp_loss":0,"event_name":"Back to Basics","floor":19,"gold_loss":0,"cards_upgraded":["RobotSpaceExplorer:Strike","RobotSpaceExplorer:Strike","RobotSpaceExplorer:Strike","RobotSpaceExplorer:Defend","RobotSpaceExplorer:Defend","RobotSpaceExplorer:Defend","RobotSpaceExplorer:Defend"]},{"damage_healed":0,"gold_gain":0,"player_choice":"1 cards matched","damage_taken":0,"max_hp_gain":0,"max_hp_loss":0,"event_name":"Match and Keep!","floor":20,"gold_loss":0,"cards_obtained":["RobotSpaceExplorer:Counterblock"]},{"damage_healed":0,"gold_gain":0,"player_choice":"Stole Relic","damage_taken":0,"relics_obtained":["Ornamental Fan"],"max_hp_gain":0,"max_hp_loss":0,"event_name":"Addict","floor":27,"gold_loss":0,"cards_obtained":["Shame"]},{"damage_healed":0,"gold_gain":0,"player_choice":"Opened","damage_taken":0,"relics_obtained":["Thread and Needle"],"max_hp_gain":0,"max_hp_loss":0,"event_name":"The Mausoleum","floor":28,"gold_loss":0,"cards_obtained":["Writhe"]},{"damage_healed":0,"gold_gain":0,"player_choice":"Ignored","damage_taken":0,"max_hp_gain":0,"max_hp_loss":0,"event_name":"Transmorgrifier","floor":36,"gold_loss":0},{"damage_healed":24,"gold_gain":0,"player_choice":"Writhe","damage_taken":0,"max_hp_gain":0,"max_hp_loss":0,"event_name":"Winding Halls","floor":45,"gold_loss":0,"cards_obtained":["Writhe"]},{"damage_healed":0,"gold_gain":0,"player_choice":"Fight","damage_taken":0,"max_hp_gain":0,"max_hp_loss":0,"event_name":"MindBloom","floor":46,"gold_loss":0}],"is_beta":false,"boss_relics":[{"not_picked":["Ectoplasm","Fusion Hammer"],"picked":"Black Star"},{"not_picked":["SacredBark","Runic Dome"],"picked":"Tiny House"}],"items_purged_floors":[38],"is_endless":false,"potions_floor_spawned":[1,12,21,24,41,46],"ascension_level":1}}