{"host":"mp3zbolja7t2zuvr","time":1612485605,"event":{"mods":["AchievementEnabler","BaseMod","Curses Come First","Minty Spire (QoL Compilation)","Permanent Neow","Relic Stats","StSLib","Synergy Search","Uncapped"],"gold_per_floor":[113,113,125,43,62,62,87,87,114,142,153,153,187,187,187,288,288,300,310,310,330,18,48,48,81,81,94,94,112,147,166,166,266,266,278,278,298,35,35,35,82,113,113,142,0,0,0,28,28,28,28,28,28,62,62,62],"floor_reached":55,"language":"ENG","playtime":3122,"items_purged":["Pain"],"score":1252,"play_id":"8e3eec96-3e29-45af-9471-1ba68d3e005f","local_time":"20210204194005","is_ascension_mode":true,"campfire_choices":[{"data":"Defragment","floor":6,"key":"SMITH"},{"data":"Defragment","floor":8,"key":"SMITH"},{"data":"Conserve Battery","floor":12,"key":"SMITH"},{"floor":15,"key":"REST"},{"floor":24,"key":"REST"},{"floor":28,"key":"REST"},{"floor":32,"key":"RECALL"},{"floor":40,"key":"REST"},{"floor":46,"key":"REST"},{"floor":49,"key":"REST"},{"floor":52,"key":"REST"}],"circlet_count":0,"master_deck":["Strike_B","Strike_B","Strike_B","Defend_B","Defend_B","Defend_B","Defend_B","Zap","Dualcast","Defragment+1","Scrape","Doom and Gloom","Defragment+1","Cold Snap","Conserve Battery+1","Coolheaded","Barrage","Buffer","Gash+1","Force Field","Heatsinks","Defragment+1","Chill+1","FTL","Coolheaded+1","Genetic Algorithm","Undo+1","Seek","Glacier+1","Compile Driver+1","Hologram+1","Force Field+1"],"relics":["Nuclear Battery","Bag of Preparation","Regal Pillow","The Courier","Mango","Sundial","Fusion Hammer","Frozen Egg 2","Bronze Scales","Nunchaku","Bird Faced Urn","Anchor","Black Star","WarpedTongs","Mummified Hand","Thread and Needle","Du-Vu Doll","Happy Flower","Lizard Tail","Toxic Egg 2","Red Mask","CaptainsWheel","Smiling Mask","Eternal Feather","Calipers"],"acts_visited":["Exordium","TheCity","TheBeyond","TheEnding"],"potions_floor_usage":[19,19,30,41,48],"damage_taken":[{"damage":9,"enemies":"Jaw Worm","floor":1,"turns":4},{"damage":3,"enemies":"2 Louse","floor":3,"turns":3},{"damage":0,"enemies":"Cultist","floor":5,"turns":3},{"damage":24,"enemies":"Gremlin Nob","floor":7,"turns":4},{"damage":7,"enemies":"3 Sentries","floor":10,"turns":7},{"damage":0,"enemies":"2 Fungi Beasts","floor":11,"turns":4},{"damage":1,"enemies":"Gremlin Nob","floor":13,"turns":4},{"damage":17,"enemies":"Hexaghost","floor":16,"turns":9},{"damage":2,"enemies":"Chosen","floor":18,"turns":6},{"damage":0,"enemies":"Shell Parasite","floor":19,"turns":5},{"damage":13,"enemies":"Chosen and Byrds","floor":21,"turns":7},{"damage":12,"enemies":"Book of Stabbing","floor":23,"turns":7},{"damage":77,"enemies":"Gremlin Leader","floor":25,"turns":11},{"damage":0,"enemies":"3 Cultists","floor":27,"turns":5},{"damage":0,"enemies":"Cultist and Chosen","floor":29,"turns":5},{"damage":0,"enemies":"Book of Stabbing","floor":30,"turns":6},{"damage":0,"enemies":"Sentry and Sphere","floor":31,"turns":5},{"damage":41,"enemies":"Collector","floor":33,"turns":12},{"damage":0,"enemies":"Orb Walker","floor":35,"turns":5},{"damage":0,"enemies":"3 Shapes","floor":37,"turns":8},{"damage":11,"enemies":"2 Orb Walkers","floor":41,"turns":6},{"damage":3,"enemies":"Nemesis","floor":42,"turns":7},{"damage":0,"enemies":"Reptomancer","floor":44,"turns":9},{"damage":87,"enemies":"Giant Head","floor":48,"turns":13},{"damage":36,"enemies":"Awakened One","floor":50,"turns":21},{"damage":122,"enemies":"Shield and Spear","floor":54,"turns":15},{"damage":125,"enemies":"The Heart","floor":55,"turns":14}],"seed_played":"-5495353334397721378","potions_obtained":[{"floor":3,"key":"GamblersBrew"},{"floor":10,"key":"FairyPotion"},{"floor":13,"key":"Swift Potion"},{"floor":21,"key":"FearPotion"},{"floor":25,"key":"Block Potion"},{"floor":33,"key":"Weak Potion"},{"floor":41,"key":"LiquidMemories"}],"is_trial":false,"path_per_floor":["M","?","M","$","M","R","E","R","T","E","M","R","E","?","R","B",null,"M","M","?","M","$","E","R","E","T","M","R","M","E","M","R","B",null,"M","?","M","$","?","R","?","E","T","E","?","R","$","E","R","B",null,"R","$","E","B"],"character_chosen":"DEFECT","items_purchased":["Defragment","Heatsinks","Frozen Egg 2","Defragment+1","Mummified Hand"],"campfire_rested":7,"item_purchase_floors":[4,22,22,22,38],"current_hp_per_floor":[59,59,56,56,56,56,32,32,32,25,25,25,38,20,61,44,78,76,76,64,51,51,39,80,3,3,13,54,64,74,84,84,52,80,89,89,89,89,89,89,81,88,88,89,89,89,89,2,43,15,71,89,89,6,0,0],"gold":62,"neow_bonus":"BOSS_RELIC","is_daily":false,"chose_seed":false,"campfire_upgraded":3,"win_rate":0.0,"timestamp":1612485605,"path_taken":["M","?","M","$","M","R","E","R","T","E","M","R","E","?","R","BOSS","M","M","?","M","$","E","R","E","T","M","R","?","E","M","R","BOSS","M","?","?","$","?","R","?","E","T","E","?","R","$","E","R","BOSS","R","$","E","BOSS"],"items_purchased_type":["Card","Card","Relic","Card","Relic"],"build_version":"2020-12-22","purchased_purges":1,"victory":false,"max_hp_per_floor":[75,75,75,75,75,75,75,75,75,75,75,75,89,89,89,89,89,89,89,89,89,89,89,89,89,89,89,89,89,89,89,89,89,89,89,89,89,89,89,89,89,89,89,89,89,89,89,89,89,89,89,89,89,89,89,89],"relic_stats":{"Regal Pillow":60,"Happy Flower":[24],"counters":[27,205],"Eternal Feather":0,"Bag of Preparation":[46],"Smiling Mask":0,"WarpedTongs":[84],"Nunchaku":[27],"Lizard Tail":44,"Sundial":[28],"Mummified Hand":[43],"Bronze Scales":[701],"Bird Faced Urn":[96],"Black Star":4,"obtain_stats":[{"Regal Pillow":9,"Calipers":54,"Mango":13,"Bag of Preparation":7,"Smiling Mask":48,"Nunchaku":25,"Lizard Tail":44,"Sundial":14,"Mummified Hand":38,"Fusion Hammer":17,"Red Mask":45,"Toxic Egg 2":44,"Cracked Core":0,"Happy Flower":42,"Thread and Needle":41,"Eternal Feather":54,"The Courier":10,"Frozen Egg 2":22,"Nuclear Battery":0,"WarpedTongs":36,"Du-Vu Doll":42,"Anchor":30,"CaptainsWheel":48,"Bronze Scales":23,"Bird Faced Urn":26,"Black Star":34},{"Regal Pillow":4,"Calipers":26,"Mango":7,"Bag of Preparation":4,"Smiling Mask":24,"Nunchaku":13,"Lizard Tail":23,"Sundial":7,"Mummified Hand":20,"Fusion Hammer":8,"Red Mask":23,"Toxic Egg 2":23,"Cracked Core":0,"Happy Flower":22,"Thread and Needle":21,"Eternal Feather":26,"The Courier":5,"Frozen Egg 2":11,"Nuclear Battery":0,"WarpedTongs":19,"Du-Vu Doll":22,"Anchor":16,"CaptainsWheel":24,"Bronze Scales":12,"Bird Faced Urn":13,"Black Star":18},{"Regal Pillow":14,"Calipers":191,"Mango":29,"Bag of Preparation":14,"Smiling Mask":155,"Nunchaku":74,"Lizard Tail":142,"Sundial":29,"Mummified Hand":120,"Fusion Hammer":38,"Red Mask":142,"Toxic Egg 2":142,"Cracked Core":0,"Happy Flower":133,"Thread and Needle":126,"Eternal Feather":191,"The Courier":21,"Frozen Egg 2":56,"Nuclear Battery":0,"WarpedTongs":112,"Du-Vu Doll":133,"Anchor":90,"CaptainsWheel":155,"Bronze Scales":63,"Bird Faced Urn":74,"Black Star":107}]},"card_choices":[{"not_picked":["Barrage","Stack"],"picked":"Defragment","floor":1},{"not_picked":["Chaos","Barrage"],"picked":"Doom and Gloom","floor":3},{"not_picked":["White Noise","Barrage"],"picked":"Cold Snap","floor":5},{"not_picked":["Blizzard","Heatsinks"],"picked":"Conserve Battery","floor":7},{"not_picked":["Compile Driver","Rebound"],"picked":"Coolheaded","floor":10},{"not_picked":["Streamline","Compile Driver"],"picked":"Barrage","floor":11},{"not_picked":["Barrage","Turbo","Rip and Tear"],"picked":"SKIP","floor":13},{"not_picked":["All For One","Multi-Cast"],"picked":"Buffer","floor":16},{"not_picked":["Steam","Ball Lightning","Conserve Battery"],"picked":"SKIP","floor":18},{"not_picked":["Double Energy","Beam Cell"],"picked":"Gash+1","floor":19},{"not_picked":["Sweeping Beam","Barrage"],"picked":"Force Field","floor":21},{"not_picked":["Turbo","Redo"],"picked":"Chill+1","floor":23},{"not_picked":["Hello World+1","Thunder Strike"],"picked":"FTL","floor":25},{"not_picked":["Cold Snap","Gash"],"picked":"Coolheaded+1","floor":27},{"not_picked":["Stack","Barrage","Hello World+1"],"picked":"SKIP","floor":29},{"not_picked":["Streamline","Ball Lightning"],"picked":"Genetic Algorithm","floor":30},{"not_picked":["Coolheaded","Steam"],"picked":"Undo+1","floor":31},{"not_picked":["Fission","Multi-Cast"],"picked":"Seek","floor":33},{"not_picked":["Steam+1","Stack+1"],"picked":"Glacier+1","floor":35},{"not_picked":["Glacier+1","Go for the Eyes+1"],"picked":"Compile Driver+1","floor":37},{"not_picked":["Hologram","Beam Cell+1","Redo+1"],"picked":"SKIP","floor":42},{"not_picked":["Self Repair+1","Double Energy+1"],"picked":"Hologram+1","floor":44},{"not_picked":["Beam Cell","Hyperbeam"],"picked":"Force Field+1","floor":48},{"not_picked":["All For One","Tempest+1","Rebound"],"picked":"SKIP","floor":54}],"player_experience":129278,"relics_obtained":[{"floor":7,"key":"Bag of Preparation"},{"floor":9,"key":"Regal Pillow"},{"floor":10,"key":"The Courier"},{"floor":13,"key":"Mango"},{"floor":23,"key":"Bronze Scales"},{"floor":25,"key":"Nunchaku"},{"floor":26,"key":"Bird Faced Urn"},{"floor":30,"key":"Anchor"},{"floor":41,"key":"Thread and Needle"},{"floor":42,"key":"Du-Vu Doll"},{"floor":42,"key":"Happy Flower"},{"floor":44,"key":"Lizard Tail"},{"floor":44,"key":"Toxic Egg 2"},{"floor":48,"key":"CaptainsWheel"},{"floor":48,"key":"Smiling Mask"},{"floor":54,"key":"Eternal Feather"},{"floor":54,"key":"Calipers"}],"event_choices":[{"damage_healed":0,"gold_gain":0,"cards_transformed":["Strike_B"],"player_choice":"Change","damage_taken":0,"max_hp_gain":0,"max_hp_loss":0,"event_name":"Living Wall","floor":2,"gold_loss":0,"cards_obtained":["Scrape"]},{"damage_healed":0,"gold_gain":0,"player_choice":"Success","damage_taken":18,"relics_obtained":["Sundial"],"max_hp_gain":0,"max_hp_loss":0,"event_name":"Scrap Ooze","floor":14,"gold_loss":0},{"damage_healed":0,"gold_gain":0,"player_choice":"POTION ","damage_taken":12,"max_hp_gain":0,"max_hp_loss":0,"event_name":"Knowing Skull","floor":20,"potions_obtained":["FairyPotion"],"gold_loss":0,"cards_obtained":[]},{"damage_healed":0,"gold_gain":0,"player_choice":"Rummage","damage_taken":0,"relics_obtained":["WarpedTongs"],"max_hp_gain":0,"max_hp_loss":0,"event_name":"Accursed Blacksmith","floor":36,"gold_loss":0,"cards_obtained":["Pain"]},{"damage_healed":0,"gold_gain":0,"player_choice":"Memory 1","damage_taken":0,"max_hp_gain":0,"max_hp_loss":0,"event_name":"SensoryStone","floor":39,"gold_loss":0},{"damage_healed":0,"gold_gain":0,"player_choice":"Fight","damage_taken":0,"max_hp_gain":0,"max_hp_loss":0,"event_name":"Mysterious Sphere","floor":41,"gold_loss":0},{"damage_healed":0,"gold_gain":0,"player_choice":"Paid","damage_taken":0,"relics_obtained":["Red Mask"],"max_hp_gain":0,"max_hp_loss":0,"event_name":"Tomb of Lord Red Mask","floor":45,"gold_loss":142}],"is_beta":false,"boss_relics":[{"not_picked":["Astrolabe","Tiny House"],"picked":"Fusion Hammer"},{"not_picked":["Calling Bell","SacredBark"],"picked":"Black Star"}],"items_purged_floors":[38],"is_endless":false,"potions_floor_spawned":[3,10,13,18,21,25,33,41,42],"killed_by":"The Heart","ascension_level":9}}