{"host":"gaqyve1328ta0etl","time":1612519314,"event":{"mods":["BaseMod","Colored Map","Colored Powertips","Duelist Mod","Googly Eyes","Hero for Fun","Minty Spire (QoL Compilation)","Shop Mod","StSLib","SuperFastMode","The Hierophant","The Runesmith"],"gold_per_floor":[118,135,135,135,151,151,181,181,181,181,195,195,195,212,212,312,312,322,322,237,237,336,336,661,641,641,641,667,681,694,694,694,694,694],"floor_reached":33,"language":"ENG","playtime":1041,"items_purged":[],"score":450,"play_id":"0c89686d-8aef-471c-ace4-7a42a69c9dee","local_time":"20210205020154","is_ascension_mode":true,"campfire_choices":[{"data":"Neutralize","floor":6,"key":"SMITH"},{"floor":8,"key":"REST"},{"floor":13,"key":"REST"},{"data":"Phantasmal Killer","floor":15,"key":"SMITH"},{"floor":23,"key":"REST"},{"floor":27,"key":"REST"},{"floor":32,"key":"REST"}],"circlet_count":0,"master_deck":["AscendersBane","Strike_G","Strike_G","Strike_G","Strike_G","Defend_G","Defend_G","Defend_G","Defend_G+1","Defend_G+1","Survivor","Neutralize+1","Finisher","Quick Slash","Slice","Footwork","Phantasmal Killer+1","Corpse Explosion","CurseOfTheBell","Cloak And Dagger"],"relics":["Ring of the Snake","Mummified Hand","War Paint","StrikeDummy","Regal Pillow","Calling Bell","Orichalcum","Ninja Scroll","Dead Branch","Art of War","Old Coin","Lizard Tail","HornCleat"],"acts_visited":["Exordium","TheCity"],"potions_floor_usage":[7,28],"damage_taken":[{"damage":0,"enemies":"2 Louse","floor":1,"turns":5},{"damage":0,"enemies":"Small Slimes","floor":2,"turns":3},{"damage":1,"enemies":"Cultist","floor":5,"turns":4},{"damage":38,"enemies":"Lagavulin","floor":7,"turns":7},{"damage":0,"enemies":"Looter","floor":11,"turns":2},{"damage":3,"enemies":"Exordium Wildlife","floor":14,"turns":4},{"damage":54,"enemies":"Hexaghost","floor":16,"turns":12},{"damage":16,"enemies":"Shell Parasite","floor":18,"turns":6},{"damage":25,"enemies":"theDuelist:KaibaA2","floor":24,"turns":8},{"damage":27,"enemies":"Slavers","floor":28,"turns":5},{"damage":0,"enemies":"Spheric Guardian","floor":29,"turns":4},{"damage":5,"enemies":"Snake Plant","floor":30,"turns":6},{"damage":146,"enemies":"Automaton","floor":33,"turns":12}],"seed_played":"-2986109127772051179","potions_obtained":[{"floor":2,"key":"GamblersBrew"},{"floor":11,"key":"Poison Potion"},{"floor":16,"key":"FearPotion"},{"floor":25,"key":"GamblersBrew"},{"floor":28,"key":"Dexterity Potion"}],"is_trial":false,"path_per_floor":["M","M","?","?","M","R","E","R","T","?","M","?","R","M","R","B",null,"M","?","?","?","?","R","E","?","T","R","E","M","M","?","R","B"],"character_chosen":"THE_SILENT","items_purchased":[],"campfire_rested":5,"item_purchase_floors":[],"current_hp_per_floor":[70,70,63,63,62,62,24,47,47,47,47,47,77,74,74,20,63,47,47,47,47,47,77,52,52,52,77,50,50,45,45,77,0,0],"gold":694,"neow_bonus":"TEN_PERCENT_HP_BONUS","is_daily":false,"chose_seed":false,"campfire_upgraded":2,"win_rate":0.0,"timestamp":1612519314,"path_taken":["M","M","?","?","M","R","E","R","T","?","M","?","R","?","R","BOSS","M","?","?","?","?","R","E","?","T","R","E","?","M","?","R","BOSS"],"items_purchased_type":[],"build_version":"2020-12-22","purchased_purges":0,"victory":false,"max_hp_per_floor":[77,77,77,77,77,77,77,77,77,77,77,77,77,77,77,77,77,77,77,77,77,77,77,77,77,77,77,77,77,77,77,77,77,77],"card_choices":[{"not_picked":["Deflect","PiercingWail"],"picked":"Finisher","floor":1},{"not_picked":["Prepared","Acrobatics"],"picked":"Quick Slash","floor":2},{"not_picked":["Deadly Poison","Sucker Punch"],"picked":"Slice","floor":5},{"not_picked":["Distraction","Eviscerate","Calculated Gamble"],"picked":"SKIP","floor":7},{"not_picked":["Accuracy","Dagger Throw"],"picked":"Footwork","floor":11},{"not_picked":["Dagger Throw","Bane"],"picked":"Phantasmal Killer","floor":14},{"not_picked":["Unload","Phantasmal Killer"],"picked":"Corpse Explosion","floor":16},{"not_picked":["Bane","Dagger Spray","Outmaneuver"],"picked":"SKIP","floor":18},{"not_picked":["Poisoned Stab","Skewer"],"picked":"Cloak And Dagger","floor":24},{"not_picked":["Unload","Dodge and Roll","Quick Slash"],"picked":"SKIP","floor":28},{"not_picked":["Masterful Stab+1","Flechettes","Dagger Spray"],"picked":"SKIP","floor":29},{"not_picked":["Cloak And Dagger","Deflect","Flying Knee"],"picked":"SKIP","floor":30}],"player_experience":2076347,"relics_obtained":[{"floor":7,"key":"War Paint"},{"floor":9,"key":"StrikeDummy"},{"floor":17,"key":"Orichalcum"},{"floor":17,"key":"Ninja Scroll"},{"floor":17,"key":"Dead Branch"},{"floor":24,"key":"Old Coin"},{"floor":26,"key":"Lizard Tail"},{"floor":28,"key":"HornCleat"}],"event_choices":[{"damage_healed":0,"gold_gain":0,"player_choice":"Success","damage_taken":7,"relics_obtained":["Mummified Hand"],"max_hp_gain":0,"max_hp_loss":0,"event_name":"Scrap Ooze","floor":3,"gold_loss":0},{"damage_healed":0,"gold_gain":0,"player_choice":"Ignored","damage_taken":0,"max_hp_gain":0,"max_hp_loss":0,"event_name":"Liars Game","floor":4,"gold_loss":0},{"cards_removed":["Strike_G"],"damage_healed":0,"gold_gain":0,"player_choice":"Forget","damage_taken":0,"max_hp_gain":0,"max_hp_loss":0,"event_name":"Living Wall","floor":10,"gold_loss":0},{"damage_healed":0,"gold_gain":0,"player_choice":"Gave Potion","damage_taken":0,"relics_obtained":["Regal Pillow"],"max_hp_gain":0,"max_hp_loss":0,"event_name":"WeMeetAgain","floor":12,"gold_loss":0},{"damage_healed":0,"gold_gain":0,"player_choice":"Ignored","damage_taken":0,"max_hp_gain":0,"max_hp_loss":0,"event_name":"The Mausoleum","floor":19,"gold_loss":0},{"damage_healed":0,"gold_gain":0,"player_choice":"Obtained Relic","damage_taken":0,"relics_obtained":["Art of War"],"max_hp_gain":0,"max_hp_loss":0,"event_name":"Addict","floor":20,"gold_loss":85},{"damage_healed":0,"gold_gain":0,"player_choice":"Ignored","damage_taken":0,"max_hp_gain":0,"max_hp_loss":0,"event_name":"Vampires","floor":21,"gold_loss":0},{"damage_healed":0,"gold_gain":99,"player_choice":"Stole From Cult","damage_taken":0,"max_hp_gain":0,"max_hp_loss":0,"event_name":"Nest","floor":22,"gold_loss":0},{"damage_healed":0,"gold_gain":0,"player_choice":"Bought 1 Potion","damage_taken":0,"max_hp_gain":0,"max_hp_loss":0,"event_name":"The Woman in Blue","floor":25,"gold_loss":0},{"damage_healed":0,"gold_gain":0,"player_choice":"Ignored","damage_taken":0,"max_hp_gain":0,"max_hp_loss":0,"event_name":"Cursed Tome","floor":31,"gold_loss":0}],"is_beta":false,"boss_relics":[{"not_picked":["Ring of the Serpent","Runic Dome"],"picked":"Calling Bell"}],"items_purged_floors":[],"is_endless":false,"potions_floor_spawned":[2,11,16,28,29],"killed_by":"Automaton","ascension_level":12}}