{"host":"sc0o2qwpf9j16a4i","time":1612548168,"event":{"mods":["AchievementEnabler","BaseMod","BetterRewards","Block Reminder","Colored Map","Colored Powertips","Custom Start","Highlight Path","Minty Spire (QoL Compilation)","Relic Stats"],"gold_per_floor":[113,128,148,163,179,179,212,270,349,378,398,398,416,436,436,533,533,547,564,564,489,502,532,550,179,228,228,18,18,47,66,66,165,165,185,201,212,229,244,277,296,324,324,324,324,351,57,0,0,0],"floor_reached":51,"language":"ENG","playtime":1957,"items_purged":["Strike_G","Strike_G"],"score":943,"play_id":"ab2ac528-9397-4c76-9380-64eff3aa3799","local_time":"20210205200248","daily_mods":["Allstar","Diverse","Lethality"],"is_ascension_mode":false,"campfire_choices":[{"data":"Mayhem","floor":6,"key":"SMITH"},{"data":"Combust","floor":12,"key":"SMITH"},{"floor":15,"key":"REST"},{"floor":29,"key":"REST"},{"floor":32,"key":"REST"},{"data":"Wraith Form v2","floor":44,"key":"SMITH"},{"data":"1","floor":49,"key":"LIFT"}],"circlet_count":0,"master_deck":["Strike_G","Strike_G","Strike_G","Defend_G","Defend_G","Defend_G+1","Defend_G","Defend_G+1","Survivor","Neutralize","Forethought","Mayhem+1","Panacea","Madness","The Bomb","FollowUp","Blade Dance","Combust+1","Reinforced Body","Evaluate","Pommel Strike","FollowUp","CutThroughFate","Dash","Predator","White Noise","DevaForm","CurseOfTheBell","Well Laid Plans","Skewer","Infinite Blades+1","Worship","Feel No Pain","Infernal Blade","Flying Knee","Worship+1","Wraith Form v2+1","Armaments","Wallop","Protect+1","Ragnarok","Skewer","Backflip+1","Night Terror","Madness","Madness","Establishment"],"relics":["Ring of the Snake","War Paint","FossilizedHelix","Question Card","Oddly Smooth Stone","Calling Bell","Centennial Puzzle","Mummified Hand","Bird Faced Urn","Akabeko","Boot","Medical Kit","Happy Flower","PreservedInsect","Girya","Sozu","Peace Pipe","Pantograph","Sundial","Eternal Feather","Ice Cream","Red Mask"],"acts_visited":["Exordium","TheCity","TheBeyond"],"potions_floor_usage":[8,8,10,13,16,19,23,31,31,33],"damage_taken":[{"damage":0,"enemies":"Cultist","floor":1,"turns":3},{"damage":16,"enemies":"Small Slimes","floor":2,"turns":4},{"damage":0,"enemies":"2 Louse","floor":3,"turns":2},{"damage":2,"enemies":"Large Slime","floor":4,"turns":4},{"damage":10,"enemies":"Exordium Wildlife","floor":5,"turns":6},{"damage":12,"enemies":"3 Sentries","floor":7,"turns":6},{"damage":0,"enemies":"Gremlin Nob","floor":8,"turns":3},{"damage":0,"enemies":"Gremlin Nob","floor":10,"turns":2},{"damage":0,"enemies":"Red Slaver","floor":11,"turns":1},{"damage":2,"enemies":"Large Slime","floor":13,"turns":4},{"damage":0,"enemies":"Looter","floor":14,"turns":2},{"damage":0,"enemies":"Slime Boss","floor":16,"turns":5},{"damage":11,"enemies":"2 Thieves","floor":18,"turns":5},{"damage":4,"enemies":"Shell Parasite","floor":19,"turns":4},{"damage":1,"enemies":"Snecko","floor":22,"turns":4},{"damage":24,"enemies":"Slavers","floor":23,"turns":5},{"damage":10,"enemies":"Snake Plant","floor":24,"turns":3},{"damage":29,"enemies":"Book of Stabbing","floor":30,"turns":4},{"damage":19,"enemies":"3 Cultists","floor":31,"turns":5},{"damage":32,"enemies":"Collector","floor":33,"turns":6},{"damage":1,"enemies":"3 Shapes","floor":35,"turns":4},{"damage":2,"enemies":"Orb Walker","floor":36,"turns":3},{"damage":11,"enemies":"4 Shapes","floor":37,"turns":6},{"damage":13,"enemies":"Jaw Worm Horde","floor":38,"turns":5},{"damage":9,"enemies":"Maw","floor":39,"turns":5},{"damage":0,"enemies":"Reptomancer","floor":40,"turns":5},{"damage":1,"enemies":"Spire Growth","floor":41,"turns":4},{"damage":0,"enemies":"Giant Head","floor":42,"turns":6},{"damage":12,"enemies":"Reptomancer","floor":46,"turns":5},{"damage":29,"enemies":"Donu and Deca","floor":50,"turns":8}],"seed_played":"615179211419287853","potions_obtained":[{"floor":1,"key":"FairyPotion"},{"floor":3,"key":"Weak Potion"},{"floor":7,"key":"AttackPotion"},{"floor":8,"key":"CunningPotion"},{"floor":11,"key":"Swift Potion"},{"floor":14,"key":"PowerPotion"},{"floor":16,"key":"PowerPotion"},{"floor":18,"key":"Weak Potion"},{"floor":23,"key":"LiquidMemories"},{"floor":30,"key":"BlessingOfTheForge"},{"floor":31,"key":"Block Potion"}],"is_trial":true,"path_per_floor":["M","M","M","M","M","R","E","?","T","E","M","R","M","M","R","B",null,"M","M","?","?","M","E","M","$","T","?","$","R","E","M","R","B",null,"M","M","M","M","M","E","M","E","T","R","?","E","$","?","R","B",null],"character_chosen":"THE_SILENT","items_purchased":["Medical Kit","Happy Flower","Feel No Pain","Infernal Blade","Ice Cream"],"campfire_rested":3,"item_purchase_floors":[25,25,28,28,47],"current_hp_per_floor":[70,54,54,52,42,42,30,30,30,30,30,30,28,28,49,49,70,65,66,66,66,69,52,48,48,48,48,48,69,45,38,59,39,70,69,68,60,59,64,70,69,70,70,70,61,57,57,57,70,57],"gold":0,"neow_bonus":"","is_daily":false,"chose_seed":false,"campfire_upgraded":3,"win_rate":0.0,"timestamp":1612548168,"path_taken":["M","M","M","M","M","R","E","?","T","E","M","R","M","M","R","BOSS","M","M","?","?","M","E","M","?","T","?","$","R","E","M","R","BOSS","M","M","M","M","M","E","M","E","T","R","?","E","$","?","R","BOSS"],"items_purchased_type":["Relic","Relic","Card","Card","Relic"],"build_version":"2020-12-22","purchased_purges":2,"victory":true,"max_hp_per_floor":[70,70,70,70,70,70,70,70,70,70,70,70,70,70,70,70,70,70,70,70,70,70,70,70,70,70,70,70,70,70,70,70,70,70,70,70,70,70,70,70,70,70,70,70,70,70,70,70,70,70],"relic_stats":{"Happy Flower":[22],"counters":[30,129],"Eternal Feather":13,"PreservedInsect":286,"War Paint":["Defend_G","Defend_G"],"Question Card":23,"Boot":[19],"Medical Kit":[2],"Sozu":5,"Peace Pipe":0,"Centennial Puzzle":[48],"Mummified Hand":[117],"Sundial":[0],"Bird Faced Urn":[118],"Pantograph":0,"obtain_stats":[{"Ice Cream":47,"Girya":30,"Happy Flower":25,"Oddly Smooth Stone":10,"Eternal Feather":46,"PreservedInsect":26,"War Paint":7,"Question Card":9,"Boot":23,"Medical Kit":25,"Akabeko":20,"Calling Bell":17,"Sozu":34,"Peace Pipe":40,"Centennial Puzzle":17,"Mummified Hand":17,"Sundial":43,"Bird Faced Urn":17,"Pantograph":42,"Red Mask":48,"FossilizedHelix":8,"Ring of the Snake":0},{"Ice Cream":29,"Girya":18,"Happy Flower":17,"Oddly Smooth Stone":8,"Eternal Feather":29,"PreservedInsect":17,"War Paint":6,"Question Card":7,"Boot":16,"Medical Kit":17,"Akabeko":14,"Calling Bell":12,"Sozu":20,"Peace Pipe":26,"Centennial Puzzle":12,"Mummified Hand":12,"Sundial":28,"Bird Faced Urn":12,"Pantograph":28,"Red Mask":29,"FossilizedHelix":7,"Ring of the Snake":0},{"Ice Cream":121,"Girya":67,"Happy Flower":63,"Oddly Smooth Stone":30,"Eternal Feather":121,"PreservedInsect":63,"War Paint":25,"Question Card":28,"Boot":60,"Medical Kit":63,"Akabeko":51,"Calling Bell":42,"Sozu":78,"Peace Pipe":106,"Centennial Puzzle":42,"Mummified Hand":42,"Sundial":116,"Bird Faced Urn":42,"Pantograph":116,"Red Mask":121,"FossilizedHelix":28,"Ring of the Snake":0}],"Ring of the Snake":[60]},"card_choices":[{"not_picked":["Protect","Clothesline"],"picked":"FollowUp","floor":1},{"not_picked":["Seeing Red","Rampage"],"picked":"Blade Dance","floor":2},{"not_picked":["Cleave","Pommel Strike"],"picked":"Combust","floor":3},{"not_picked":["Tactician","Redo"],"picked":"Reinforced Body","floor":4},{"not_picked":["Stack","Skim"],"picked":"Evaluate","floor":5},{"not_picked":["Shrug It Off","Backflip"],"picked":"Pommel Strike","floor":7},{"not_picked":["Deflect","Sword Boomerang"],"picked":"FollowUp","floor":8},{"not_picked":["Hello World","True Grit","Fasting2"],"picked":"CutThroughFate","floor":10},{"not_picked":["Compile Driver","ConjureBlade","Iron Wave"],"picked":"Dash","floor":11},{"not_picked":["Pummel","Anger","Second Wind"],"picked":"Predator","floor":13},{"not_picked":["Ball Lightning","FlurryOfBlows","EmptyMind"],"picked":"White Noise","floor":14},{"not_picked":["Judgement","Blasphemy","Multi-Cast"],"picked":"DevaForm","floor":16},{"not_picked":["Predator","CarveReality","Finisher+1","Body Slam"],"picked":"SKIP","floor":18},{"not_picked":["Spot Weakness","LikeWater+1","Heavy Blade+1"],"picked":"Well Laid Plans","floor":19},{"not_picked":["Conclude","Redo","Twin Strike+1"],"picked":"Skewer","floor":22},{"not_picked":["Offering","Warcry+1","Infernal Blade+1"],"picked":"Infinite Blades+1","floor":23},{"not_picked":["Coolheaded","Flame Barrier","Melter"],"picked":"Worship","floor":24},{"not_picked":["Cleave","Blade Dance","Hello World+1"],"picked":"Flying Knee","floor":30},{"not_picked":["BowlingBash","Tactician","Bane"],"picked":"Worship+1","floor":31},{"not_picked":["Berserk","Machine Learning","Wish"],"picked":"Wraith Form v2","floor":33},{"not_picked":["SignatureMove+1","Streamline","Choke"],"picked":"Armaments","floor":35},{"not_picked":["Leg Sweep","ClearTheMind+1","Fusion"],"picked":"Wallop","floor":36},{"not_picked":["Coolheaded+1","Clash","Hello World"],"picked":"Protect+1","floor":37},{"not_picked":["Ball Lightning","Perfected Strike","Chaos+1"],"picked":"Ragnarok","floor":38},{"not_picked":["Wild Strike+1","Recycle","Prostrate"],"picked":"Skewer","floor":39},{"not_picked":["Thunder Strike","Redo","Gash+1","Distraction"],"picked":"SKIP","floor":40},{"not_picked":["Blade Dance","Worship","Self Repair+1"],"picked":"Backflip+1","floor":41},{"not_picked":["Eviscerate+1","FlyingSleeves","Turbo+1"],"picked":"Night Terror","floor":42},{"not_picked":["Stack","Havoc","Dodge and Roll"],"picked":"Establishment","floor":46}],"player_experience":1213012,"relics_obtained":[{"floor":7,"key":"War Paint"},{"floor":8,"key":"FossilizedHelix"},{"floor":9,"key":"Question Card"},{"floor":10,"key":"Oddly Smooth Stone"},{"floor":17,"key":"Centennial Puzzle"},{"floor":17,"key":"Mummified Hand"},{"floor":17,"key":"Bird Faced Urn"},{"floor":23,"key":"Boot"},{"floor":26,"key":"PreservedInsect"},{"floor":30,"key":"Girya"},{"floor":40,"key":"Peace Pipe"},{"floor":42,"key":"Pantograph"},{"floor":43,"key":"Sundial"},{"floor":46,"key":"Eternal Feather"}],"event_choices":[{"damage_healed":0,"gold_gain":0,"player_choice":"Searched \u00271\u0027 times","damage_taken":0,"max_hp_gain":0,"max_hp_loss":0,"event_name":"Dead Adventurer","floor":8,"gold_loss":0},{"damage_healed":0,"gold_gain":0,"player_choice":"Opened","damage_taken":0,"relics_obtained":["Akabeko"],"max_hp_gain":0,"max_hp_loss":0,"event_name":"The Mausoleum","floor":20,"gold_loss":0,"cards_obtained":["Writhe"]},{"cards_removed":["Writhe"],"damage_healed":0,"gold_gain":0,"player_choice":"Gave Gold","damage_taken":0,"max_hp_gain":0,"max_hp_loss":0,"event_name":"Beggar","floor":21,"gold_loss":75},{"damage_healed":0,"gold_gain":0,"player_choice":"Ignored","damage_taken":0,"max_hp_gain":0,"max_hp_loss":0,"event_name":"Vampires","floor":27,"gold_loss":0},{"damage_healed":0,"gold_gain":0,"player_choice":"Embrace Madness","damage_taken":9,"max_hp_gain":0,"max_hp_loss":0,"event_name":"Winding Halls","floor":45,"gold_loss":0,"cards_obtained":["Madness","Madness"]},{"damage_healed":0,"gold_gain":0,"player_choice":"Paid","damage_taken":0,"relics_obtained":["Red Mask"],"max_hp_gain":0,"max_hp_loss":0,"event_name":"Tomb of Lord Red Mask","floor":48,"gold_loss":57}],"is_beta":false,"boss_relics":[{"not_picked":["Philosopher\u0027s Stone","Coffee Dripper"],"picked":"Calling Bell"},{"not_picked":["Astrolabe","SlaversCollar"],"picked":"Sozu"}],"items_purged_floors":[25,28],"is_endless":false,"potions_floor_spawned":[1,3,7,8,11,14,16,18,23,30,31,35,37,38,41,42],"ascension_level":0}}