{"host":"bx8ylsmj2ob6hd5u","time":1612541000,"event":{"mods":["AchievementEnabler","Act Like it!","Aspiration","BaseMod","Colored Map","Downfall","Duelist Mod","Friendly Minions","Gensokyo","GifTheSpireLib","Hallownest","Hermit","HololiveMod","Hubris","Infinite Spire","Jorbs\u0027s Wanderer Trilogy","KinomotoSakuraMod(????)","Kiyohime????","Koishi","KomeijiMod","Lobotomy","LobotomyExtend","Marisa????????","Minty Spire (QoL Compilation)","Prisma Mod","Rare Cards Sparkle","Reimu??????","Remilia??????","Replay The Spire","StSLib","Td1madao Mod","The Administrix","The Animator","The Bug Knight","The Construct","The Cursed","The Disciple","The Hierophant","The Necromancer","The Poker Player","The Runesmith","The Senshi","The Servant 0.9.4","WarShipGirlsR/????R mod"],"gold_per_floor":[117,117,117,135,0,0,12,12,81,81,44,44,60,83,83,184,184,199,214,237,237,237,237,259,220,220,220,220,220,175,198,198,302,302,319,139,160,160,179,179,179,179,225,245,258,280,280,299,299,306],"floor_reached":51,"language":"ENG","playtime":3535,"items_purged":[],"score":743,"play_id":"0dcd2569-eeb8-4757-9510-d486b6ec461d","local_time":"20210205180319","is_ascension_mode":false,"campfire_choices":[{"data":"hermit:Combo","floor":6.0,"key":"SMITH"},{"data":"hermit:Virtue","floor":8.0,"key":"SMITH"},{"data":"hermit:CursedWeapon","floor":15.0,"key":"SMITH"},{"data":"hermit:Brawl","floor":23.0,"key":"SMITH"},{"floor":27.0,"key":"REST"},{"data":"infinitespire:SevenWalls","floor":32.0,"key":"SMITH"},{"data":"hermit:Dissolve","floor":40.0,"key":"SMITH"},{"data":"hermit:Scavenge","floor":42.0,"key":"SMITH"},{"floor":47,"key":"REST"},{"data":"hermit:Determination","floor":49,"key":"SMITH"}],"circlet_count":0,"master_deck":["hermit:Strike_Hermit","hermit:Strike_Hermit","hermit:Strike_Hermit","hermit:Strike_Hermit","hermit:Defend_Hermit","hermit:Defend_Hermit","hermit:Defend_Hermit","hermit:Defend_Hermit","hermit:Snapshot","hermit:Covet","hermit:Brawl+1","hermit:Combo+1","hermit:Virtue+1","hermit:Scavenge+1","hermit:Glare","hermit:CursedWeapon+1","hermit:Dive","hermit:LuckOfTheDraw+1","hermit:HoleUp+1","hermit:Dive","hermit:LoneWolf+1","infinitespire:SevenWalls+1","Hallownest:pwrSporeShroom","hubris:NaturalOne","hermit:ItchyTrigger+1","hermit:Dissolve+1","hermit:Quickdraw+1","hermit:Feint+1","hermit:Grudge+1","hermit:GoldenBullet+1","hermit:Brawl+1","hermit:Enervate+1","hermit:Determination+1"],"relics":["hermit:Momento","Replay:Wax Seal","LetterFromLob","hubris:Icosahedron","Hallownest:DreamNailRelic","RuthlessExorcism:ReiMu","hermit:Horseshoe","Sozu","Onion Ring","hermit:ClaspedLocket","infinitespire:ShieldingShard","infinitespire:Cupcake","Hallownest:StagBellRelic1","infinitespire:Beetle Shell"],"acts_visited":["Exordium","Hallownest:Greenpath","Hallownest:CityofTears"],"potions_floor_usage":[],"damage_taken":[{"damage":2.0,"enemies":"Hallownest:2_MossCreeps","floor":1.0,"turns":6.0},{"damage":4.0,"enemies":"Hallownest:2_Baldur","floor":4.0,"turns":4.0},{"damage":5.0,"enemies":"Hallownest:monsterHuskGuard","floor":7.0,"turns":5.0},{"damage":11.0,"enemies":"Hallownest:Wandering_and_Horned","floor":11.0,"turns":5.0},{"damage":3.0,"enemies":"Hallownest:MossCreep_and_Mosskin","floor":13.0,"turns":6.0},{"damage":12.0,"enemies":"Hallownest:Guard_and_Warrior","floor":14.0,"turns":6.0},{"damage":4.0,"enemies":"Hallownest:BossBrokenVessel","floor":16.0,"turns":5.0},{"damage":29.0,"enemies":"Hallownest:2_Mistakes","floor":18.0,"turns":7.0},{"damage":3.0,"enemies":"Hallownest:Guard_and_Sentry","floor":19.0,"turns":3.0},{"damage":3.0,"enemies":"Hallownest:monsterMisterMushroom","floor":20.0,"turns":6.0},{"damage":21.0,"enemies":"Hallownest:Master_and_Novice","floor":24.0,"turns":4.0},{"damage":6.0,"enemies":"Hallownest:monsterShrumalOgre","floor":25.0,"turns":4.0},{"damage":27.0,"enemies":"Hallownest:2_Flukemon","floor":31.0,"turns":7.0},{"damage":3.0,"enemies":"Hallownest:BossGrimm","floor":33.0,"turns":10.0},{"damage":1.0,"enemies":"Hallownest:3_Siblings","floor":35.0,"turns":6.0},{"damage":0.0,"enemies":"Hallownest:Shield_Heavy","floor":37.0,"turns":3.0},{"damage":8.0,"enemies":"Hallownest:2_Soldiers_and_1_Guardian","floor":39.0,"turns":8.0},{"damage":0,"enemies":"Hallownest:2_Wandering_and_1_Horned","floor":44,"turns":6},{"damage":19,"enemies":"Hallownest:Slobbering_and_Violent","floor":45,"turns":8},{"damage":3,"enemies":"Hallownest:Shield_Sturdy","floor":46,"turns":8},{"damage":0,"enemies":"Hallownest:monsterPrimalAspid","floor":48,"turns":4},{"damage":5,"enemies":"Hallownest:Radiance","floor":50,"turns":7}],"seed_played":"-7166530954914368600","potions_obtained":[{"floor":7.0,"key":"CultistPotion"},{"floor":14.0,"key":"Regen Potion"},{"floor":16.0,"key":"Reflective Coating"}],"is_trial":false,"path_per_floor":["M","?","?","M","?","R","M","R","T","?","M","M","M","M","R","B",null,"M","M","M","?","?","R","M","M","T","R","AVR","?","?","M","R","B",null,"M","?","M","?","M","R","?","R","T","M","M","M","R","M","R","B",null],"character_chosen":"HERMIT","items_purchased":[],"campfire_rested":2,"item_purchase_floors":[],"current_hp_per_floor":[73,73,73,69,69,69,64,64,64,72,61,61,58,46,46,42,75,61,58,55,75,75,75,54,48,48,70,70,70,70,45,45,44,75,74,74,74,75,67,67,67,67,67,69,50,47,68,68,68,63],"gold":306,"neow_bonus":"RANDOM_COMMON_RELIC","is_daily":false,"chose_seed":false,"campfire_upgraded":8,"win_rate":0.0,"timestamp":1612540999,"path_taken":["M","?","?","?","?","R","M","R","T","?","M","?","M","M","R","BOSS","M","M","M","?","?","R","M","?","T","R","AVR","?","?","M","R","BOSS","M","?","M","?","?","R","?","R","T","M","M","M","R","M","R","BOSS"],"items_purchased_type":[],"build_version":"2020-12-22","purchased_purges":0,"victory":true,"max_hp_per_floor":[75,75,75,75,75,75,75,75,75,75,75,75,75,75,75,75,75,75,75,75,75,75,75,75,75,75,75,75,75,75,75,75,75,75,75,75,75,75,75,75,70,70,70,70,70,70,70,70,70,70],"card_choices":[{"not_picked":["hermit:LowProfile","hermit:HoleUp"],"picked":"hermit:Brawl","floor":1.0},{"not_picked":["hermit:Desperado","hermit:Headshot"],"picked":"hermit:Combo","floor":4.0},{"not_picked":["hermit:Vantage","hermit:HoleUp"],"picked":"hermit:Virtue","floor":7.0},{"not_picked":["hermit:LuckOfTheDraw","hermit:ItchyTrigger"],"picked":"hermit:Scavenge","floor":11.0},{"not_picked":["hermit:Midnight","hermit:TrackingShot"],"picked":"hermit:Glare","floor":13.0},{"not_picked":["hermit:Headshot","hermit:Shortfuse"],"picked":"hermit:CursedWeapon","floor":14.0},{"not_picked":["hermit:Adapt","hermit:HeroicBravado"],"picked":"hermit:RoundhouseKick","floor":16.0},{"not_picked":["hermit:SprayPray+1","hermit:WideOpen"],"picked":"hermit:Dive","floor":18.0},{"not_picked":["hermit:Coalescence","hermit:Snipe"],"picked":"hermit:LuckOfTheDraw+1","floor":19.0},{"not_picked":["hermit:Cheat+1","hermit:Scavenge"],"picked":"hermit:HoleUp+1","floor":20.0},{"not_picked":["hermit:Midnight","hermit:Snipe"],"picked":"hermit:Dive","floor":24.0},{"not_picked":["hermit:NoHoldsBarred","hermit:Deadeye"],"picked":"hermit:LoneWolf+1","floor":25.0},{"not_picked":["hermit:LowProfile","hermit:Ricochet+1"],"picked":"hermit:ItchyTrigger+1","floor":31.0},{"not_picked":["hermit:FinalCanter","hermit:Purgatory"],"picked":"hermit:Dissolve","floor":33.0},{"not_picked":["hermit:LoneWolf","hermit:NoHoldsBarred+1"],"picked":"hermit:Quickdraw+1","floor":35.0},{"not_picked":["hermit:Coalescence","hermit:Misfire"],"picked":"hermit:Feint+1","floor":37.0},{"not_picked":["hermit:Snipe","hermit:FullyLoaded+1"],"picked":"hermit:Grudge+1","floor":39.0},{"not_picked":["hermit:Malice+1","hermit:LoneWolf"],"picked":"hermit:GoldenBullet+1","floor":44},{"not_picked":["hermit:Scavenge+1","hermit:LowProfile"],"picked":"hermit:Brawl+1","floor":45},{"not_picked":["hermit:SprayPray+1","hermit:Shortfuse"],"picked":"hermit:Enervate+1","floor":46},{"not_picked":["hermit:Enervate+1","hermit:ItchyTrigger"],"picked":"hermit:Determination","floor":48}],"player_experience":1548016,"relics_obtained":[{"floor":1.0,"key":"LetterFromLob"},{"floor":9.0,"key":"hermit:Horseshoe"},{"floor":26.0,"key":"Onion Ring"},{"floor":43.0,"key":"infinitespire:Beetle Shell"}],"event_choices":[],"is_beta":false,"boss_relics":[{"not_picked":["Runic Dome","Velvet Choker"],"picked":"Sozu"},{"not_picked":["Philosopher\u0027s Stone","RedLine:ReiMu"],"picked":"infinitespire:Cupcake"}],"items_purged_floors":[],"is_endless":false,"potions_floor_spawned":[7,14,16,18,20,31,33,35,39,46],"ascension_level":0}}