{"host":"9e8t9l667fx7pth6","time":1612502209,"event":{"mods":["2.2 Compatiblity","AchievementEnabler","AlwaysNeverKeys","Aspiration","BaseMod","BetterRewards","Custom Start","Dark Map","Halation","Minty Spire (QoL Compilation)","Morshu Shopkeeper - ENHANCED","StSLib","The Blue Laboratory"],"gold_per_floor":[114,125,200,350,350,350,379,394,417,342,362,362,372,391,391,470,470,490,490,64,75,75,108,108,126,126,126,140,156,186,186,186,264,264,281,300,310,330,341,374,394,394,394,419,419,450,7,21,21,21,21],"floor_reached":52,"language":"ENG","playtime":1069,"items_purged":[],"score":3047,"play_id":"c8cd46cb-6778-4af0-ad25-23407ffacc97","local_time":"20210205001649","daily_mods":["Draft","Hoarder","Cursed Run"],"is_ascension_mode":true,"campfire_choices":[{"data":"Heavy Blade","floor":6.0,"key":"SMITH"},{"data":"Heavy Blade","floor":15,"key":"SMITH"},{"floor":24,"key":"REST"},{"floor":27,"key":"REST"},{"floor":32,"key":"REST"},{"floor":42,"key":"REST"},{"floor":49,"key":"REST"}],"circlet_count":0,"master_deck":["AscendersBane","Cleave","Cleave","Cleave","Rage","Rage","Rage","Armaments","Armaments","Armaments","Flex+1","Flex","Flex","Fire Breathing","Fire Breathing","Fire Breathing","Anger","Anger","Anger","Shrug It Off","Shrug It Off","Shrug It Off+1","Battle Trance","Battle Trance","Battle Trance","Heavy Blade","Heavy Blade","Heavy Blade","Cleave","Cleave","Cleave","Iron Wave","Iron Wave","Iron Wave","Heavy Blade+1","Heavy Blade+1","Flex","Flex","Flex","Pommel Strike","Pommel Strike","Pommel Strike","Iron Wave","Iron Wave+1","Iron Wave","Combust","Combust","Combust","Hemokinesis","Hemokinesis","Hemokinesis","Doubt","Doubt","Doubt","Pain","Pain","Pain","Flame Barrier","Flame Barrier","Flame Barrier","Headbutt","Headbutt","Headbutt","Shame","Shame","Shame","Pommel Strike","Pommel Strike","Pommel Strike+1","Fiend Fire","Fiend Fire","Fiend Fire","Sword Boomerang","Sword Boomerang","Sword Boomerang","Shame","Shame","Shame","Immolate","Immolate","Immolate","Whirlwind","Whirlwind","Whirlwind","Flash of Steel","Flash of Steel","Flash of Steel","Pommel Strike+1","Pommel Strike+1","Pommel Strike+1","Shame","Shame","Shame","Cleave","Cleave","Cleave","Twin Strike","Twin Strike","Twin Strike","Parasite","Parasite","Parasite","Pommel Strike+1","Pommel Strike+1","Pommel Strike+1","Shrug It Off","Shrug It Off","Shrug It Off","Fire Breathing","Fire Breathing","Fire Breathing","Parasite","Parasite","Parasite","Feed","Feed","Feed","Havoc+1","Havoc+1","Havoc+1","Havoc","Havoc","Havoc","Pommel Strike","Pommel Strike","Pommel Strike","Sword Boomerang","Sword Boomerang","Sword Boomerang","Uppercut+1","Uppercut+1","Uppercut+1","Clothesline+1","Clothesline+1","Clothesline+1","Havoc+1","Havoc+1","Havoc+1","Parasite","Parasite","Parasite","Blood for Blood+1","Blood for Blood+1","Blood for Blood+1","Pommel Strike","Pommel Strike","Pommel Strike","Intimidate","Intimidate","Intimidate","Flex","Flex","Flex","Armaments","Armaments","Armaments","Pain","Pain","Pain","Pain","Pain","Pain"],"relics":["Cursed Key","Darkstone Periapt","Du-Vu Doll","War Paint","Boot","Pen Nib","Fusion Hammer","HandDrill","Lantern","Vajra","The Courier","Strawberry","halation:StarCompass","aspiration:PoetsPen","aspiration:HiddenCompartment","Bottled Flame","halation:WeightlessCrab","aspiration:StickyExplosives","Sling","aspiration:FetidBarrel"],"acts_visited":["Exordium","TheCity","TheBeyond"],"potions_floor_usage":[41],"damage_taken":[{"damage":0.0,"enemies":"Cultist","floor":1.0,"turns":2.0},{"damage":1.0,"enemies":"Small Slimes","floor":2.0,"turns":2.0},{"damage":0,"enemies":"Gremlin Nob","floor":7,"turns":2},{"damage":0,"enemies":"Jaw Worm","floor":8,"turns":1},{"damage":0,"enemies":"Looter","floor":11,"turns":1},{"damage":0,"enemies":"3 Louse","floor":13,"turns":1},{"damage":0,"enemies":"Gremlin Gang","floor":14,"turns":1},{"damage":33,"enemies":"The Guardian","floor":16,"turns":4},{"damage":0,"enemies":"Shell Parasite","floor":18,"turns":1},{"damage":0,"enemies":"Chosen","floor":21,"turns":1},{"damage":45,"enemies":"Slavers","floor":23,"turns":3},{"damage":3,"enemies":"Centurion and Healer","floor":25,"turns":2},{"damage":0,"enemies":"Snecko","floor":28,"turns":1},{"damage":0,"enemies":"Sentry and Sphere","floor":29,"turns":2},{"damage":18,"enemies":"Gremlin Leader","floor":30,"turns":2},{"damage":4,"enemies":"Automaton","floor":33,"turns":3},{"damage":0,"enemies":"3 Shapes","floor":35,"turns":1},{"damage":0,"enemies":"Orb Walker","floor":36,"turns":1},{"damage":0,"enemies":"Maw","floor":37,"turns":1},{"damage":2,"enemies":"Jaw Worm Horde","floor":38,"turns":1},{"damage":15,"enemies":"4 Shapes","floor":39,"turns":1},{"damage":4,"enemies":"Giant Head","floor":40,"turns":2},{"damage":0,"enemies":"Writhing Mass","floor":41,"turns":1},{"damage":2,"enemies":"Reptomancer","floor":44,"turns":1},{"damage":0,"enemies":"Nemesis","floor":46,"turns":1},{"damage":2,"enemies":"Jaw Worm Horde","floor":48,"turns":1},{"damage":2,"enemies":"Donu and Deca","floor":50,"turns":2},{"damage":0,"enemies":"Time Eater","floor":51,"turns":2}],"seed_played":"-472356629885687964","potions_obtained":[{"floor":7,"key":"Strength Potion"},{"floor":11,"key":"SteroidPotion"},{"floor":14,"key":"DuplicationPotion"},{"floor":30,"key":"blueLaboratory:RecallPotion"},{"floor":36,"key":"LiquidBronze"},{"floor":44,"key":"blueLaboratory:HummingbirdPotion"}],"is_trial":true,"path_per_floor":["M","M","?","?","T","R","E","M","T","?","M","?","M","M","R","B",null,"M","?","$","M","?","E","R","M","T","R","M","M","E","?","R","B",null,"M","M","M","M","M","E","M","R","T","E","?","E","$","M","R","B","B",null],"character_chosen":"IRONCLAD","items_purchased":["HandDrill","Lantern","Flash of Steel","Sling","aspiration:FetidBarrel","Intimidate","Flex"],"campfire_rested":5,"item_purchase_floors":[20,20,20,47,47,47,47],"current_hp_per_floor":[68,67,56,74,92,92,92,92,110,110,110,71,71,71,71,56,124,124,124,124,124,142,97,146,143,161,183,183,183,172,172,190,204,207,210,210,210,208,193,189,189,211,229,227,229,229,229,227,229,245,263],"gold":21,"neow_bonus":"","is_daily":false,"chose_seed":false,"campfire_upgraded":2,"win_rate":0.0,"timestamp":1612502209,"path_taken":["M","?","?","?","?","R","E","M","T","?","M","?","M","M","R","BOSS","M","?","$","M","?","E","R","M","T","R","M","?","E","?","R","BOSS","M","M","M","M","M","E","M","R","T","E","?","E","$","M","R","BOSS","BOSS"],"items_purchased_type":["Relic","Relic","Card","Relic","Relic","Card","Card"],"build_version":"2020-12-22","purchased_purges":0,"victory":true,"max_hp_per_floor":[75,75,75,93,111,111,111,111,129,129,129,129,129,129,129,147,147,147,147,147,147,165,165,165,165,183,183,183,183,190,190,190,208,208,211,211,211,211,211,211,211,211,229,229,229,229,229,229,229,247,265],"card_choices":[{"not_picked":["Clothesline","Flex"],"picked":"Cleave","floor":0.0},{"not_picked":["Body Slam","Evolve"],"picked":"Rage","floor":0.0},{"not_picked":["Flex","Inflame"],"picked":"Armaments","floor":0.0},{"not_picked":["Reckless Charge","Armaments"],"picked":"Flex","floor":0.0},{"not_picked":["Warcry","Dual Wield"],"picked":"Fire Breathing","floor":0.0},{"not_picked":["Clothesline","Dual Wield"],"picked":"Anger","floor":0.0},{"not_picked":["Headbutt","Clash"],"picked":"Shrug It Off","floor":0.0},{"not_picked":["Flex","Clothesline"],"picked":"Battle Trance","floor":0.0},{"not_picked":["Armaments","Sword Boomerang"],"picked":"Heavy Blade","floor":0.0},{"not_picked":["Body Slam","Clothesline"],"picked":"Cleave","floor":0.0},{"not_picked":["Cleave","Pommel Strike"],"picked":"Iron Wave","floor":0.0},{"not_picked":["Inflame","Pommel Strike"],"picked":"Heavy Blade","floor":0.0},{"not_picked":["Whirlwind","Headbutt"],"picked":"Flex","floor":0.0},{"not_picked":["Wild Strike","Sentinel"],"picked":"Pommel Strike","floor":0.0},{"not_picked":["Havoc","Carnage"],"picked":"Iron Wave","floor":0.0},{"not_picked":["Whirlwind","Wild Strike"],"picked":"Combust","floor":1.0},{"not_picked":["Reckless Charge","Searing Blow"],"picked":"Hemokinesis","floor":2.0},{"not_picked":["Inflame","Wild Strike"],"picked":"Flame Barrier","floor":7},{"not_picked":["Second Wind","Thunderclap"],"picked":"Headbutt","floor":8},{"not_picked":["Dark Embrace","Flex"],"picked":"Pommel Strike","floor":11},{"not_picked":["Iron Wave","Wild Strike"],"picked":"Fiend Fire","floor":13},{"not_picked":["Body Slam","Iron Wave"],"picked":"Sword Boomerang","floor":14},{"not_picked":["Bludgeon","Berserk"],"picked":"Immolate","floor":16},{"not_picked":["Shockwave","True Grit+1"],"picked":"Whirlwind","floor":18},{"not_picked":["Feel No Pain","Havoc"],"picked":"Pommel Strike+1","floor":21},{"not_picked":["Second Wind","Impervious"],"picked":"Cleave","floor":23},{"not_picked":["Body Slam","Second Wind"],"picked":"Twin Strike","floor":25},{"not_picked":["Warcry+1","Armaments"],"picked":"Pommel Strike+1","floor":28},{"not_picked":["Havoc","Headbutt"],"picked":"Shrug It Off","floor":29},{"not_picked":["Battle Trance","Thunderclap"],"picked":"Fire Breathing","floor":30},{"not_picked":["Fiend Fire","Limit Break"],"picked":"Feed","floor":33},{"not_picked":["Flame Barrier","Iron Wave"],"picked":"Havoc+1","floor":35},{"not_picked":["Blood for Blood","Sever Soul"],"picked":"Havoc","floor":36},{"not_picked":["Twin Strike","Spot Weakness"],"picked":"Pommel Strike","floor":37},{"not_picked":["Anger","Brutality"],"picked":"Sword Boomerang","floor":38},{"not_picked":["Sword Boomerang+1","Armaments"],"picked":"Uppercut+1","floor":39},{"not_picked":["Warcry","Body Slam"],"picked":"Clothesline+1","floor":40},{"not_picked":["Anger","Sword Boomerang"],"picked":"Havoc+1","floor":41},{"not_picked":["Havoc","Uppercut+1"],"picked":"Blood for Blood+1","floor":44},{"not_picked":["Shrug It Off","Clothesline"],"picked":"Pommel Strike","floor":46},{"not_picked":["Searing Blow","Brutality"],"picked":"Armaments","floor":48}],"player_experience":1013058,"relics_obtained":[{"floor":5.0,"key":"War Paint"},{"floor":7,"key":"Boot"},{"floor":9,"key":"Pen Nib"},{"floor":23,"key":"Vajra"},{"floor":26,"key":"The Courier"},{"floor":30,"key":"Strawberry"},{"floor":40,"key":"aspiration:HiddenCompartment"},{"floor":43,"key":"Bottled Flame"},{"floor":44,"key":"halation:WeightlessCrab"},{"floor":46,"key":"aspiration:StickyExplosives"}],"event_choices":[{"damage_healed":0.0,"max_hp_gain":0.0,"max_hp_loss":0.0,"gold_gain":75.0,"event_name":"World of Goop","player_choice":"Gather Gold","floor":3.0,"gold_loss":0.0,"damage_taken":11.0},{"damage_healed":0.0,"max_hp_gain":0.0,"max_hp_loss":0.0,"gold_gain":150.0,"event_name":"Liars Game","player_choice":"AGREE","floor":4.0,"gold_loss":0.0,"damage_taken":0.0,"cards_obtained":["Doubt"]},{"cards_removed":["Heavy Blade"],"damage_healed":0,"gold_gain":0,"player_choice":"Card Removal","damage_taken":0,"max_hp_gain":0,"max_hp_loss":0,"event_name":"The Cleric","floor":10,"gold_loss":75},{"damage_healed":0,"gold_gain":0,"player_choice":"Entered Light","damage_taken":39,"max_hp_gain":0,"max_hp_loss":0,"event_name":"Shining Light","floor":12,"gold_loss":0,"cards_upgraded":["Pommel Strike","Iron Wave"]},{"damage_healed":0,"gold_gain":0,"player_choice":"Ignored","damage_taken":0,"max_hp_gain":0,"max_hp_loss":0,"event_name":"Vampires","floor":19,"gold_loss":0},{"damage_healed":0,"gold_gain":0,"player_choice":"Copied","damage_taken":0,"max_hp_gain":0,"max_hp_loss":0,"event_name":"Duplicator","floor":22,"gold_loss":0,"cards_obtained":["Shame"]},{"damage_healed":2,"gold_gain":0,"player_choice":"Full Heal","damage_taken":0,"max_hp_gain":0,"max_hp_loss":0,"event_name":"Wheel of Change","floor":45,"gold_loss":0}],"is_beta":false,"boss_relics":[{"not_picked":["halation:PlatinumPhoenix","halation:LoveArrow"],"picked":"Fusion Hammer"},{"not_picked":["Velvet Choker","halation:MonkeysPaw"],"picked":"aspiration:PoetsPen"}],"items_purged_floors":[],"is_endless":false,"potions_floor_spawned":[7,11,13,14,16,21,25,29,30,36,37,44,46,48],"ascension_level":20}}