{"host":"2qyxu97h6u4ukicb","time":1612568861,"event":{"mods":["AchievementEnabler","BaseMod","BetterRewards","Colored Map","Colored Powertips","Minty Spire (QoL Compilation)","Replay The Spire","Shop Mod","StSLib"],"gold_per_floor":[115,85,101,176,176,176,211,211,280,292,324,324,340,340,340,340,340],"floor_reached":16,"language":"ENG","playtime":765,"items_purged":[],"score":158,"play_id":"48bf4dc7-44cb-496e-bee5-bae081d031ad","local_time":"20210205174741","is_ascension_mode":false,"campfire_choices":[{"data":"Deadly Poison","floor":6,"key":"SMITH"},{"floor":8,"key":"RECALL"},{"data":"Venomology","floor":12,"key":"SMITH"},{"floor":15,"key":"REST"}],"circlet_count":0,"master_deck":["Strike_G","Strike_G","Strike_G","Strike_G","Strike_G","Defend_G","Defend_G","Defend_G","Defend_G","Defend_G","Survivor","Neutralize","Deadly Poison+1","Slice+1","Venomology+1"],"relics":["Ring of the Snake","NeowsBlessing","Torii","Divine Protection","Paper Crane"],"acts_visited":["Exordium"],"potions_floor_usage":[11,11,11,13,16,16],"damage_taken":[{"damage":0,"enemies":"2 Louse","floor":1,"turns":1},{"damage":0,"enemies":"Cultist","floor":3,"turns":1},{"damage":0,"enemies":"Replay:BlueRogue","floor":7,"turns":1},{"damage":0,"enemies":"Jaw Worm","floor":10,"turns":3},{"damage":0,"enemies":"Lagavulin","floor":11,"turns":4},{"damage":2,"enemies":"3 Louse","floor":13,"turns":4},{"damage":71,"enemies":"Slime Boss","floor":16,"turns":11}],"seed_played":"4261939010121720884","potions_obtained":[{"floor":1,"key":"BlessingOfTheForge"},{"floor":2,"key":"Poison Potion"},{"floor":2,"key":"BlessingOfTheForge"},{"floor":11,"key":"Milkshake"}],"is_trial":false,"path_per_floor":["M","?","M","?","$","R","E","R","T","M","E","R","M","?","R","B"],"character_chosen":"THE_SILENT","items_purchased":[],"campfire_rested":1,"item_purchase_floors":[],"current_hp_per_floor":[70,70,70,59,59,59,59,59,59,59,59,59,57,57,70,0,0],"gold":340,"neow_bonus":"THREE_ENEMY_KILL","is_daily":false,"chose_seed":false,"campfire_upgraded":2,"win_rate":0.0,"timestamp":1612568861,"path_taken":["M","?","?","?","$","R","E","R","T","M","E","R","M","?","R","BOSS"],"items_purchased_type":[],"build_version":"2020-12-22","purchased_purges":0,"victory":false,"max_hp_per_floor":[70,70,70,70,70,70,70,70,70,70,70,70,70,70,70,70,70],"card_choices":[{"not_picked":["ReplayTheSpireMod:Shiv Toss","Acrobatics","Distraction"],"picked":"SKIP","floor":1},{"not_picked":["PiercingWail","Crippling Poison"],"picked":"Deadly Poison","floor":3},{"not_picked":["Cloak And Dagger","Masterful Stab","Tactician"],"picked":"SKIP","floor":7},{"not_picked":["Blade Dance","Well Laid Plans"],"picked":"Slice","floor":10},{"not_picked":["Prepared","PiercingWail"],"picked":"Venomology","floor":11},{"not_picked":["Dagger Spray","ReplayTheSpireMod:Exploit Weakness","Outmaneuver"],"picked":"SKIP","floor":13}],"player_experience":786615,"relics_obtained":[{"floor":7,"key":"Torii"},{"floor":9,"key":"Divine Protection"},{"floor":11,"key":"Paper Crane"}],"event_choices":[{"damage_healed":0,"gold_gain":0,"player_choice":"Bought 2 Potions","damage_taken":0,"max_hp_gain":0,"max_hp_loss":0,"event_name":"The Woman in Blue","floor":2,"gold_loss":0},{"damage_healed":0,"gold_gain":75,"player_choice":"Gather Gold","damage_taken":11,"max_hp_gain":0,"max_hp_loss":0,"event_name":"World of Goop","floor":4,"gold_loss":0},{"damage_healed":0,"gold_gain":0,"player_choice":"Upgraded","damage_taken":0,"max_hp_gain":0,"max_hp_loss":0,"event_name":"Upgrade Shrine","floor":14,"gold_loss":0,"cards_upgraded":["Slice"]}],"is_beta":false,"boss_relics":[],"items_purged_floors":[],"is_endless":false,"potions_floor_spawned":[1,10,11],"killed_by":"Slime Boss","ascension_level":0}}