{"host":"1gxyv4nzk9y6vrq3","time":1612563268,"event":{"mods":["Bartender","BaseMod","Downfall","Duelist Mod","Jorbs\u0027s Wanderer Trilogy","Marisa????????","Minty Spire (QoL Compilation)","Relic Stats","StSLib","The Disciple","The Mystic","The Servant 0.9.4"],"gold_per_floor":[119,119,119,137,137,171,171,214,214,228,228,228,77,93,93,219,219,232,85,85,85,85,114,114,158,211,211,226,226,241,281,281,281,281],"floor_reached":33,"language":"ENG","playtime":3028,"items_purged":[],"score":316,"play_id":"d500f6b8-b0c2-41f1-aea1-c161492ec8be","local_time":"20210205141428","is_ascension_mode":false,"campfire_choices":[{"data":"stsjorbsmod:ArcaneForm","floor":7,"key":"SMITH"},{"floor":11,"key":"REST"},{"data":"stsjorbsmod:EyeOfTheStorm","floor":15,"key":"SMITH"},{"floor":24,"key":"REST"},{"floor":29,"key":"REST"},{"floor":32,"key":"RECALL"}],"circlet_count":0,"master_deck":["stsjorbsmod:ForbiddenGrimoire+1","stsjorbsmod:Strike_Wanderer","stsjorbsmod:Strike_Wanderer","stsjorbsmod:Strike_Wanderer","stsjorbsmod:Strike_Wanderer","stsjorbsmod:Defend_Wanderer","stsjorbsmod:Defend_Wanderer","stsjorbsmod:Defend_Wanderer","stsjorbsmod:Defend_Wanderer","stsjorbsmod:FreshAdventure+1","stsjorbsmod:EyeOfTheStorm+1","stsjorbsmod:Materialize","stsjorbsmod:Firebolt+1","stsjorbsmod:ArcaneForm+1","stsjorbsmod:ChatteringStrike+1","stsjorbsmod:Withdraw","stsjorbsmod:ChatteringStrike+1","stsjorbsmod:Prepare+1","stsjorbsmod:TollTheDead+1","stsjorbsmod:Thorns","stsjorbsmod:RefuseToForget","stsjorbsmod:Counterspell","stsjorbsmod:LocateObject+1","stsjorbsmod:FranticSearch","stsjorbsmod:TrueStrike+1","stsjorbsmod:TinyHut","Impatience","stsjorbsmod:ChainLightning+1","stsjorbsmod:Hibernate"],"relics":["stsjorbsmod:GrimoireRelic","Molten Egg 2","Golden Idol","Mummified Hand","Sundial","Darkstone Periapt","Lee\u0027s Waffle","Snecko Eye","Orrery","InkBottle","stsjorbsmod:BottledMemoryRelic","Cleaning_Rag"],"acts_visited":["Exordium","TheCity"],"potions_floor_usage":[6,25,33],"damage_taken":[{"damage":8,"enemies":"Small Slimes","floor":1,"turns":4},{"damage":0,"enemies":"Jaw Worm","floor":4,"turns":4},{"damage":18,"enemies":"3 Sentries","floor":6,"turns":7},{"damage":33,"enemies":"Gremlin Nob","floor":8,"turns":6},{"damage":0,"enemies":"2 Louse","floor":10,"turns":2},{"damage":13,"enemies":"Looter","floor":14,"turns":2},{"damage":23,"enemies":"Hexaghost","floor":16,"turns":8},{"damage":10,"enemies":"2 Thieves","floor":18,"turns":4},{"damage":10,"enemies":"Spheric Guardian","floor":23,"turns":4},{"damage":0,"enemies":"Slavers","floor":25,"turns":5},{"damage":13,"enemies":"Cultist and Chosen","floor":28,"turns":6},{"damage":9,"enemies":"Shelled Parasite and Fungi","floor":30,"turns":5},{"damage":7,"enemies":"Gremlin Leader","floor":31,"turns":5},{"damage":85,"enemies":"Automaton","floor":33,"turns":6}],"seed_played":"1527075898178948867","potions_obtained":[{"floor":1,"key":"SkillPotion"},{"floor":18,"key":"Block Potion"},{"floor":28,"key":"PowerPotion"}],"is_trial":false,"path_per_floor":["M","?","?","M","?","E","R","E","T","M","R","T","$","M","R","B",null,"M","$","?","?","?","M","R","E","T","?","M","R","M","E","R","B"],"character_chosen":"WANDERER","items_purchased":["Lee\u0027s Waffle","Orrery"],"campfire_rested":3,"item_purchase_floors":[13,19],"current_hp_per_floor":[68,56,56,58,58,42,42,14,14,15,35,35,76,64,64,41,76,74,74,74,74,74,69,80,80,80,80,69,80,76,76,76,0,0],"gold":281,"neow_bonus":"TEN_PERCENT_HP_BONUS","is_daily":false,"chose_seed":false,"campfire_upgraded":2,"win_rate":0.0,"timestamp":1612563268,"path_taken":["M","?","?","M","?","E","R","E","T","M","R","?","?","M","R","BOSS","M","$","?","?","?","M","R","E","T","?","?","R","M","E","R","BOSS"],"items_purchased_type":["Relic","Relic"],"build_version":"2020-12-22","purchased_purges":0,"victory":false,"max_hp_per_floor":[74,74,69,69,69,69,69,69,69,69,69,69,76,76,76,76,76,80,80,80,80,80,80,80,80,80,80,80,80,80,80,80,80,80],"relic_stats":{"Darkstone Periapt":0,"Lee\u0027s Waffle":41,"counters":[14,68],"Golden Idol":79,"Mummified Hand":[24],"Sundial":[6],"Snecko Eye":[59,61,87,77],"obtain_stats":[{"Darkstone Periapt":12,"Lee\u0027s Waffle":13,"stsjorbsmod:BottledMemoryRelic":26,"Golden Idol":3,"Mummified Hand":6,"Sundial":8,"Snecko Eye":17,"Orrery":19,"stsjorbsmod:GrimoireRelic":0,"Molten Egg 2":2,"InkBottle":25,"Cleaning_Rag":31},{"Darkstone Periapt":5,"Lee\u0027s Waffle":5,"stsjorbsmod:BottledMemoryRelic":10,"Golden Idol":1,"Mummified Hand":3,"Sundial":4,"Snecko Eye":7,"Orrery":8,"stsjorbsmod:GrimoireRelic":0,"Molten Egg 2":1,"InkBottle":10,"Cleaning_Rag":13},{"Darkstone Periapt":23,"Lee\u0027s Waffle":23,"stsjorbsmod:BottledMemoryRelic":46,"Golden Idol":4,"Mummified Hand":15,"Sundial":21,"Snecko Eye":33,"Orrery":37,"stsjorbsmod:GrimoireRelic":0,"Molten Egg 2":4,"InkBottle":46,"Cleaning_Rag":62}],"InkBottle":[10]},"card_choices":[{"not_picked":["stsjorbsmod:FaerieFire","stsjorbsmod:Introspection"],"picked":"stsjorbsmod:Materialize","floor":1},{"not_picked":["stsjorbsmod:BurningFlask","stsjorbsmod:BlackTentacles+1"],"picked":"stsjorbsmod:Firebolt+1","floor":4},{"not_picked":["stsjorbsmod:ArcaneWeapon","stsjorbsmod:WeightOfMemory+1"],"picked":"stsjorbsmod:ArcaneForm","floor":6},{"not_picked":["stsjorbsmod:Rest","stsjorbsmod:Hibernate"],"picked":"stsjorbsmod:ChatteringStrike+1","floor":8},{"not_picked":["stsjorbsmod:Thorns","stsjorbsmod:Counterspell"],"picked":"stsjorbsmod:Withdraw","floor":10},{"not_picked":["stsjorbsmod:UnseenServant","stsjorbsmod:ArcaneWeapon"],"picked":"stsjorbsmod:ChatteringStrike+1","floor":14},{"not_picked":["stsjorbsmod:DoubleCheck+1","stsjorbsmod:LocateObject"],"picked":"stsjorbsmod:Prepare+1","floor":18},{"not_picked":["stsjorbsmod:AnimateObjects","stsjorbsmod:DisguiseSelf+1"],"picked":"stsjorbsmod:TollTheDead+1","floor":19},{"not_picked":["stsjorbsmod:Stalwart","stsjorbsmod:ColorSpray+1"],"picked":"stsjorbsmod:Thorns","floor":19},{"not_picked":["stsjorbsmod:Prestidigitation","stsjorbsmod:MagicMirror"],"picked":"stsjorbsmod:RefuseToForget","floor":19},{"not_picked":["stsjorbsmod:FracturedMind+1","stsjorbsmod:AnimateObjects"],"picked":"stsjorbsmod:Counterspell","floor":19},{"not_picked":["stsjorbsmod:ArcaneWeapon","stsjorbsmod:Rest"],"picked":"stsjorbsmod:LocateObject+1","floor":19},{"not_picked":["stsjorbsmod:DoubleCheck","stsjorbsmod:Will+1"],"picked":"stsjorbsmod:TrueStrike+1","floor":23},{"not_picked":["stsjorbsmod:ChatteringStrike+1","stsjorbsmod:DisguiseSelf"],"picked":"stsjorbsmod:TinyHut","floor":25},{"not_picked":["stsjorbsmod:Firebolt+1","stsjorbsmod:UnseenServant","stsjorbsmod:Counterspell"],"picked":"SKIP","floor":28},{"not_picked":["stsjorbsmod:TrueStrike+1","stsjorbsmod:IvoryTower"],"picked":"stsjorbsmod:ChainLightning+1","floor":30},{"not_picked":["stsjorbsmod:DisguiseSelf+1","stsjorbsmod:Counterspell"],"picked":"stsjorbsmod:Hibernate","floor":31}],"player_experience":61154,"relics_obtained":[{"floor":6,"key":"Mummified Hand"},{"floor":8,"key":"Sundial"},{"floor":12,"key":"Darkstone Periapt"},{"floor":25,"key":"InkBottle"},{"floor":26,"key":"stsjorbsmod:BottledMemoryRelic"},{"floor":31,"key":"Cleaning_Rag"}],"event_choices":[{"damage_healed":0,"gold_gain":0,"player_choice":"Success","damage_taken":12,"relics_obtained":["Molten Egg 2"],"max_hp_gain":0,"max_hp_loss":0,"event_name":"Scrap Ooze","floor":2,"gold_loss":0},{"damage_healed":0,"gold_gain":0,"player_choice":"Lose Max HP","damage_taken":0,"relics_obtained":["Golden Idol"],"max_hp_gain":0,"max_hp_loss":5,"event_name":"Golden Idol","floor":3,"gold_loss":0},{"damage_healed":0,"gold_gain":0,"player_choice":"Grow","damage_taken":0,"max_hp_gain":0,"max_hp_loss":0,"event_name":"Living Wall","floor":5,"gold_loss":0,"cards_upgraded":["stsjorbsmod:FreshAdventure"]},{"damage_healed":0,"gold_gain":0,"player_choice":"Ignored","damage_taken":0,"max_hp_gain":0,"max_hp_loss":0,"event_name":"Ghosts","floor":20,"gold_loss":0},{"damage_healed":0,"gold_gain":0,"player_choice":"Read","damage_taken":0,"max_hp_gain":0,"max_hp_loss":0,"event_name":"The Library","floor":21,"gold_loss":0,"cards_obtained":["stsjorbsmod:FranticSearch"]},{"damage_healed":0,"gold_gain":0,"player_choice":"Ignored","damage_taken":0,"max_hp_gain":0,"max_hp_loss":0,"event_name":"Vampires","floor":22,"gold_loss":0},{"damage_healed":0,"gold_gain":0,"player_choice":"1 cards matched","damage_taken":0,"max_hp_gain":0,"max_hp_loss":0,"event_name":"Match and Keep!","floor":27,"gold_loss":0,"cards_obtained":["Impatience"]}],"is_beta":false,"boss_relics":[{"not_picked":["Tiny House","Empty Cage"],"picked":"Snecko Eye"}],"items_purged_floors":[],"is_endless":false,"potions_floor_spawned":[1,18,28],"killed_by":"Automaton","ascension_level":0}}