{"host":"uceopoba4zvqsgiy","time":1612536489,"event":{"mods":["2.2 Compatiblity","Act Like it!","BaseMod","Better Skull","Better Third Choice","Elementarium","Evolution","GifTheSpireLib","Hermit","Humility","Infinite Spire","Jorbs\u0027s Wanderer Trilogy","Marked Mod","Minty Spire (QoL Compilation)","Potionbrewer","Reliquary","Replay The Spire","Robot Space Explorer","Shade Mod","Spicy Shops","StS++","StSLib","Stuff the Spire","The Blue Laboratory","The Caster","The Cursed","The Dragon Tamer","The Hierophant","The Judge","The Jungle","TheSurvivalist","Wandering Minibosses"],"gold_per_floor":[116,135,135,135,17,192,228,228,228,252,252,252,252,252],"floor_reached":13,"language":"ENG","playtime":628,"items_purged":[],"score":121,"play_id":"289c3c2a-a12f-4b1b-995c-d20d8729d9d4","local_time":"20210206011809","is_ascension_mode":true,"campfire_choices":[{"data":"SandsOfTime","floor":8,"key":"SMITH"},{"data":"MentalFortress","floor":11,"key":"SMITH"}],"circlet_count":0,"master_deck":["Strike_P","Strike_P","Strike_P","Strike_P","Defend_P","Defend_P","Defend_P","Defend_P","Eruption","Vigilance","Consecrate","TalkToTheHand","Regret","Doubt","SandsOfTime+1","MentalFortress+1"],"relics":["PureWater","EVO:Axolotl","NeowsBlessing","Golden Idol","Blood Vial","Lizard Tail","StuffTheSpire:SapphireSignet","Chameleon Ring","Spirit Poop"],"acts_visited":["Exordium"],"potions_floor_usage":[13],"damage_taken":[{"damage":0,"enemies":"2 Louse","floor":1,"turns":1},{"damage":0,"enemies":"Jaw Worm","floor":2,"turns":1},{"damage":0,"enemies":"Replay:BlueRogue","floor":7,"turns":1},{"damage":4,"enemies":"Cultist","floor":10,"turns":3},{"damage":53,"enemies":"3 Sentries","floor":13,"turns":5}],"seed_played":"9128087651092967466","potions_obtained":[{"floor":1,"key":"MarkedMod:BlackLotusJuice"},{"floor":7,"key":"StSpp:InhibitionPotion"}],"is_trial":false,"path_per_floor":["M","M","?","?","$","?","E","R","T","M","R","?","E"],"character_chosen":"WATCHER","items_purchased":["Lizard Tail"],"campfire_rested":0,"item_purchase_floors":[5],"current_hp_per_floor":[72,72,54,54,54,54,56,56,56,54,54,54,3,3],"gold":252,"neow_bonus":"THREE_ENEMY_KILL","is_daily":false,"chose_seed":false,"campfire_upgraded":2,"win_rate":0.0,"timestamp":1612536489,"path_taken":["M","M","?","?","$","?","E","R","T","M","R","?","E"],"items_purchased_type":["Relic"],"build_version":"2020-12-22","purchased_purges":0,"victory":false,"max_hp_per_floor":[72,72,72,72,72,72,72,72,72,72,72,72,72,72],"card_choices":[{"not_picked":["FollowUp","Crescendo"],"picked":"Consecrate","floor":1},{"not_picked":["Swivel","MarkedMod:Acupuncture"],"picked":"TalkToTheHand","floor":2},{"not_picked":["Tantrum","BowlingBash"],"picked":"SandsOfTime","floor":7},{"not_picked":["BowlingBash","MarkedMod:Acupuncture"],"picked":"MentalFortress","floor":10}],"player_experience":1768860,"relics_obtained":[{"floor":7,"key":"StuffTheSpire:SapphireSignet"},{"floor":9,"key":"Chameleon Ring"}],"event_choices":[{"damage_healed":0,"gold_gain":0,"player_choice":"Take Damage","damage_taken":18,"relics_obtained":["Golden Idol"],"max_hp_gain":0,"max_hp_loss":0,"event_name":"Golden Idol","floor":3,"gold_loss":0},{"damage_healed":0,"gold_gain":0,"player_choice":"Box","damage_taken":0,"relics_obtained":["Blood Vial"],"max_hp_gain":0,"max_hp_loss":0,"event_name":"Big Fish","floor":4,"gold_loss":0,"cards_obtained":["Regret"]},{"damage_healed":0,"gold_gain":175,"player_choice":"AGREE","damage_taken":17,"max_hp_gain":0,"max_hp_loss":0,"event_name":"betterThird:BetterSerpent","floor":6,"gold_loss":0},{"cards_removed":["Regret"],"damage_healed":0,"gold_gain":0,"player_choice":"Offered Curse","damage_taken":0,"relics_obtained":["Spirit Poop"],"max_hp_gain":0,"max_hp_loss":0,"event_name":"Bonfire Elementals","floor":12,"gold_loss":0}],"is_beta":false,"boss_relics":[],"items_purged_floors":[],"is_endless":false,"potions_floor_spawned":[1,7],"killed_by":"3 Sentries","ascension_level":3,"is_humility":true}}