{"host":"oehe2dxjvdgux73m","time":1612541251,"event":{"mods":["AchievementEnabler","BaseMod","Colored Map","Colored Powertips","DeckTracker","Keyboard Shortcuts","Minty Spire (QoL Compilation)","Permanent Neow","Quick Restart","StSLib","SuperFastMode"],"gold_per_floor":[15,15,165,13,13,13,13],"floor_reached":6,"language":"KOR","playtime":99,"items_purged":["Doubt"],"score":64,"play_id":"d9f28767-e313-4edf-84cc-c33ff2d3cab6","local_time":"20210206010731","is_ascension_mode":true,"campfire_choices":[],"circlet_count":0,"master_deck":["AscendersBane","Strike_G","Strike_G","Strike_G","Strike_G","Defend_G","Defend_G","Defend_G","Defend_G","Defend_G","Survivor","Neutralize","Corpse Explosion","PiercingWail","Masterful Stab"],"relics":["Ring of the Snake","Golden Idol"],"acts_visited":["Exordium"],"potions_floor_usage":[],"damage_taken":[{"damage":1,"enemies":"Cultist","floor":1,"turns":4},{"damage":38,"enemies":"Gremlin Nob","floor":6,"turns":4}],"seed_played":"344432925468303426","potions_obtained":[],"is_trial":false,"path_per_floor":["M","?","?","$","?","E"],"character_chosen":"THE_SILENT","items_purchased":["Masterful Stab"],"campfire_rested":0,"item_purchase_floors":[4],"current_hp_per_floor":[58,58,58,58,58,20,20],"gold":13,"neow_bonus":"THREE_RARE_CARDS","is_daily":false,"chose_seed":false,"campfire_upgraded":0,"win_rate":0.0,"timestamp":1612541251,"path_taken":["M","?","?","$","?","E"],"items_purchased_type":["Card"],"build_version":"2020-12-22","purchased_purges":1,"victory":false,"max_hp_per_floor":[66,66,66,66,60,60,60],"card_choices":[{"not_picked":["Adrenaline","Malaise"],"picked":"Corpse Explosion","floor":0},{"not_picked":["Slice","Bane"],"picked":"PiercingWail","floor":1}],"player_experience":380968,"relics_obtained":[],"event_choices":[{"cards_removed":["Strike_G"],"damage_healed":0,"gold_gain":0,"player_choice":"Forget","damage_taken":0,"max_hp_gain":0,"max_hp_loss":0,"event_name":"Living Wall","floor":2,"gold_loss":0},{"damage_healed":0,"gold_gain":150,"player_choice":"AGREE","damage_taken":0,"max_hp_gain":0,"max_hp_loss":0,"event_name":"Liars Game","floor":3,"gold_loss":0,"cards_obtained":["Doubt"]},{"damage_healed":0,"gold_gain":0,"player_choice":"Lose Max HP","damage_taken":0,"relics_obtained":["Golden Idol"],"max_hp_gain":0,"max_hp_loss":6,"event_name":"Golden Idol","floor":5,"gold_loss":0}],"is_beta":false,"boss_relics":[],"items_purged_floors":[4],"is_endless":false,"potions_floor_spawned":[],"killed_by":"Gremlin Nob","ascension_level":20}}