{"host":"lxihx0b6awoz2w1j","time":1612568477,"event":{"mods":["BaseMod","Better Third Choice","BetterRewards","CapriCore","Colored Powertips","Conspire","Downfall","Fox Events","Hubris","Infinite Spire","Melee Mod","Minty Spire (QoL Compilation)","Permanent Neow","Quick Restart","Relic Stats","Reliquary","Replay The Spire","Spicy Shops","StSLib","The Alterego","The Blue Laboratory","The Death Knight","The Forsaken","The Jungle","Waifu the Spire"],"gold_per_floor":[114,114,114,128,141,141,141],"floor_reached":6,"language":"ENG","playtime":691,"items_purged":[],"score":36,"play_id":"3ed67c01-bf4b-4c75-a050-d54026355a2d","local_time":"20210206004117","is_ascension_mode":false,"campfire_choices":[],"circlet_count":0,"master_deck":["DeathKnight:Strike_DeathKnight","DeathKnight:Strike_DeathKnight","DeathKnight:Strike_DeathKnight","DeathKnight:Strike_DeathKnight","DeathKnight:Strike_DeathKnight","DeathKnight:Defend_DeathKnight","DeathKnight:Defend_DeathKnight","DeathKnight:Defend_DeathKnight","DeathKnight:Defend_DeathKnight","DeathKnight:Defend_DeathKnight","DeathKnight:RuneTap","DeathKnight:RuneStrike","DeathKnight:DeathCoil","DeathKnight:BloodPact","DeathKnight:BoneShield","DeathKnight:BoneShield","DeathKnight:FrosPresence","DeathKnight:FrostStrike","DeathKnight:DarkSuccor"],"relics":["DeathKnight:BrokenRuneblade","Blood Vial","hubris:Icosahedron"],"acts_visited":["Exordium"],"potions_floor_usage":[],"damage_taken":[{"damage":1.0,"enemies":"Cultist","floor":1.0,"turns":3.0},{"damage":0,"enemies":"Small Slimes","floor":4,"turns":3},{"damage":7,"enemies":"Jaw Worm","floor":5,"turns":6},{"damage":29,"enemies":"3 Sentries","floor":6,"turns":12}],"seed_played":"-6479803255008184206","potions_obtained":[{"floor":5,"key":"SteroidPotion"}],"is_trial":false,"path_per_floor":["M","?","?","M","M","E"],"character_chosen":"DEATH_KNIGHT","items_purchased":["DeathKnight:DeathCoil","reliquary:FerryPass","Blood Vial","DeathKnight:BloodPact","DeathKnight:BoneShield"],"campfire_rested":0,"item_purchase_floors":[0,0,0,0,0],"current_hp_per_floor":[68,68,68,70,65,38,38],"gold":141,"neow_bonus":"","is_daily":false,"chose_seed":false,"campfire_upgraded":0,"win_rate":0.0,"timestamp":1612568477,"path_taken":["M","?","?","?","M","E"],"items_purchased_type":["Card","Relic","Relic","Card","Card"],"build_version":"2020-12-22","purchased_purges":0,"victory":false,"max_hp_per_floor":[75,75,75,75,75,75,75],"relic_stats":{"Blood Vial":8,"counters":[15,63],"obtain_stats":[{"Du-Vu Doll":3,"Blood Vial":0,"Pondfish Scales":0,"hubris:Icosahedron":2,"Golden Idol":4,"DeathKnight:TomeOfBloodSpecialization":7,"Guide Book":0,"DeathKnight:ScourgePlagueSample":9,"DeathKnight:BrokenRuneblade":0,"Meat on the Bone":13,"reliquary:FerryPass":0},{"Du-Vu Doll":6,"Blood Vial":11,"Pondfish Scales":4,"hubris:Icosahedron":12,"Golden Idol":2,"DeathKnight:TomeOfBloodSpecialization":8,"Guide Book":4,"DeathKnight:ScourgePlagueSample":8,"DeathKnight:BrokenRuneblade":0,"Meat on the Bone":9,"reliquary:FerryPass":11},{"Du-Vu Doll":20,"Blood Vial":39,"Pondfish Scales":11,"hubris:Icosahedron":42,"Golden Idol":7,"DeathKnight:TomeOfBloodSpecialization":30,"Guide Book":11,"DeathKnight:ScourgePlagueSample":30,"DeathKnight:BrokenRuneblade":0,"Meat on the Bone":35,"reliquary:FerryPass":39}]},"card_choices":[{"not_picked":["DeathKnight:DreadStrike","DeathKnight:PathOfFrost"],"picked":"DeathKnight:FrosPresence","floor":1.0},{"not_picked":["DeathKnight:Pestilence","DeathKnight:Runeguard"],"picked":"DeathKnight:FrostStrike","floor":4},{"not_picked":["DeathKnight:Marrowrend","DeathKnight:BladedArmor"],"picked":"DeathKnight:DarkSuccor","floor":5}],"player_experience":610519,"relics_obtained":[],"event_choices":[],"is_beta":false,"boss_relics":[],"items_purged_floors":[],"is_endless":false,"potions_floor_spawned":[5],"killed_by":"3 Sentries","ascension_level":0}}