{"host":"2i1rjl87isetstuj","time":1612539875,"event":{"mods":["BaseMod","Better Vampires","Challenge The Spire","Lobotomy","LobotomyExtend","Marked Mod","Minty Spire (QoL Compilation)","Quick Restart","Shop Mod","StSLib","Waifu the Spire","óô»ðÖ¸ÄÏ"],"gold_per_floor":[114,189,199,199,217,217,248,248,248,4760,4775,4775,4794,4869,4869,4869,4869],"floor_reached":16,"language":"ZHS","playtime":690,"items_purged":[],"score":177,"play_id":"e52417b5-8e44-41e9-9b9d-f20264da1616","local_time":"20210205234435","is_ascension_mode":false,"campfire_choices":[],"circlet_count":0,"master_deck":["SpecialBullet","SpecialBullet","SpecialBullet","InformationCode","SecurityCode","TrainingCode","OldLady","Wingbeat","Scorched","DaCapo","UniverseFragment","GrinderMk4","Mercenary","FourthMatchFlame","DisciplinaryCode","WristCuter","LifeForTheDareDevil+1","CherryBlossom+1","RedEyes"],"relics":["CogitoBucket","NeowsBlessing","LetterFromLob","WingedGreaves","Turnip","Omamori","Frozen Egg 2","Chemical X","BehaviorAdjustment"],"acts_visited":["Exordium"],"potions_floor_usage":[],"damage_taken":[{"damage":0.0,"enemies":"Small Slimes","floor":1.0,"turns":1.0},{"damage":0.0,"enemies":"Jaw Worm","floor":3.0,"turns":1.0},{"damage":0.0,"enemies":"Cultist","floor":4.0,"turns":1.0},{"damage":12.0,"enemies":"Blue Slaver","floor":5.0,"turns":2.0},{"damage":19.0,"enemies":"3 Sentries","floor":7.0,"turns":5.0},{"damage":6.0,"enemies":"Red Slaver","floor":11.0,"turns":3.0},{"damage":0.0,"enemies":"Lots of Slimes","floor":13.0,"turns":3.0}],"seed_played":"-758726107115608331","potions_obtained":[{"floor":1.0,"key":"Energy Potion"},{"floor":3.0,"key":"Fire Potion"},{"floor":5.0,"key":"Explosive Potion"},{"floor":13.0,"key":"EssenceOfSteel"}],"is_trial":false,"path_per_floor":["M","?","M","M","M","R","E","R","T","$","M","R","M","?","R","B"],"character_chosen":"Angela","items_purchased":["Omamori","WristCuter","Frozen Egg 2","Chemical X","LifeForTheDareDevil+1"],"campfire_rested":0,"item_purchase_floors":[10,10,10,10,10],"current_hp_per_floor":[70,59,67,70,66,66,55,55,55,55,49,49,57,50,50,0,0],"gold":4869,"neow_bonus":"THREE_ENEMY_KILL","is_daily":false,"chose_seed":false,"campfire_upgraded":0,"win_rate":0.0,"timestamp":1612539875,"path_taken":["M","?","M","M","M","R","E","R","T","$","M","R","M","?","R","BOSS"],"items_purchased_type":["Relic","Card","Relic","Relic","Card"],"build_version":"2020-12-22","purchased_purges":0,"victory":false,"max_hp_per_floor":[70,70,70,70,70,70,70,70,70,70,70,70,70,70,70,70,70],"card_choices":[{"not_picked":["FairyFestival","MeatLantern"],"picked":"OldLady","floor":1.0},{"not_picked":["InTheNameOfLoveAndHate"],"picked":"Wingbeat","floor":1.0},{"not_picked":["FieryBird","UniverseFragment"],"picked":"Scorched","floor":3.0},{"not_picked":["TodaysExpression"],"picked":"DaCapo","floor":3.0},{"not_picked":["Christmas","Soda"],"picked":"SKIP","floor":4.0},{"not_picked":["GreedKing","MHz"],"picked":"UniverseFragment","floor":5.0},{"not_picked":["Lantern"],"picked":"GrinderMk4","floor":5.0},{"not_picked":["MeatLantern","MHz"],"picked":"Mercenary","floor":7.0},{"not_picked":["Loneliness"],"picked":"FourthMatchFlame","floor":7.0},{"not_picked":["Soda+1"],"picked":"CherryBlossom+1","floor":11.0},{"not_picked":["CUTE"],"picked":"RedEyes","floor":13.0}],"player_experience":130963,"relics_obtained":[{"floor":1.0,"key":"LetterFromLob"},{"floor":7.0,"key":"WingedGreaves"},{"floor":9.0,"key":"Turnip"}],"event_choices":[{"damage_healed":0.0,"max_hp_gain":0.0,"max_hp_loss":0.0,"gold_gain":75.0,"event_name":"World of Goop","player_choice":"Gather Gold","floor":2.0,"gold_loss":0.0,"damage_taken":11.0},{"damage_healed":0,"gold_gain":75,"player_choice":"Touch","damage_taken":7,"max_hp_gain":0,"max_hp_loss":0,"event_name":"FaceTrader","floor":14,"gold_loss":0}],"is_beta":false,"boss_relics":[],"items_purged_floors":[],"is_endless":false,"potions_floor_spawned":[1,3,5,13],"killed_by":"The Guardian","ascension_level":0}}