{"host":"9ywz5nv8iwwl28k0","time":1612507669,"event":{"mods":["BaseMod","Jorbs\u0027s Wanderer Trilogy","Minty Spire (QoL Compilation)","Relic Stats","StSLib"],"gold_per_floor":[109,138,118,138,155,183,198,227,308,338,373,405,184,184,184,315,315,344,363,363,393,412,452,452,503,527,527,545,591,591,516,516,649,649,678,1011,498,773,597,631,684,684,708,726,757,803,845,862,862,877,877,877,340,398,403],"floor_reached":56,"language":"ENG","playtime":3487,"items_purged":["stsjorbsmod:Strike_Wanderer","stsjorbsmod:Defend_Wanderer","Regret","stsjorbsmod:Strike_Wanderer"],"score":1643,"play_id":"84f740ca-b3ac-45a8-9f9b-951c7c9b8eb9","local_time":"20210205074749","is_ascension_mode":true,"campfire_choices":[{"data":"stsjorbsmod:OldPocket","floor":15,"key":"SMITH"},{"data":"stsjorbsmod:FindFamiliar","floor":24,"key":"SMITH"},{"data":"stsjorbsmod:Aid","floor":27,"key":"SMITH"},{"floor":30,"key":"RECALL"},{"data":"stsjorbsmod:Message","floor":32,"key":"SMITH"},{"data":"stsjorbsmod:UnseenServant","floor":42,"key":"SMITH"},{"data":"stsjorbsmod:SiphonEnergy","floor":49,"key":"SMITH"},{"data":"stsjorbsmod:Message","floor":52,"key":"SMITH"}],"circlet_count":0,"master_deck":["stsjorbsmod:ForbiddenGrimoire+1","stsjorbsmod:Strike_Wanderer","stsjorbsmod:Strike_Wanderer","stsjorbsmod:Defend_Wanderer+1","stsjorbsmod:Defend_Wanderer","stsjorbsmod:FreshAdventure","stsjorbsmod:EyeOfTheStorm+1","stsjorbsmod:FindFamiliar+1","stsjorbsmod:FaerieFire+1","stsjorbsmod:Aid+1","stsjorbsmod:ColorSpray+1","stsjorbsmod:TrueStrike+1","stsjorbsmod:Channel","stsjorbsmod:WanderingMind","stsjorbsmod:MistyStep","stsjorbsmod:ChatteringStrike+1","stsjorbsmod:Message+1","stsjorbsmod:OldPocket+1","stsjorbsmod:Entangle+1","stsjorbsmod:RefuseToForget+1","stsjorbsmod:DeathThroes","stsjorbsmod:Message+1","stsjorbsmod:Prestidigitation+1","stsjorbsmod:MistyStep+1","stsjorbsmod:MagicMirror+1","stsjorbsmod:MistyStep+1","stsjorbsmod:DeathThroes","stsjorbsmod:SiphonEnergy+1","stsjorbsmod:Rediscovery","stsjorbsmod:UnseenServant+1","stsjorbsmod:Withdraw+1","stsjorbsmod:WeightOfMemory+1","Panacea"],"relics":["stsjorbsmod:GrimoireRelic","Anchor","Shuriken","Gambling Chip","Nunchaku","Orrery","Runic Pyramid","Nloth\u0027s Gift","Lantern","Bottled Tornado","Tiny Chest","Ancient Tea Set","Busted Crown","Kunai","Centennial Puzzle","Bag of Preparation","Akabeko","Lizard Tail","CaptainsWheel","Membership Card","Ginger","stsjorbsmod:BottledMemoryRelic","War Paint"],"acts_visited":["Exordium","TheCity","TheBeyond","TheEnding"],"potions_floor_usage":[8,10,16,23,45,55,55,55],"damage_taken":[{"damage":0,"enemies":"2 Louse","floor":1,"turns":5},{"damage":3,"enemies":"Cultist","floor":2,"turns":5},{"damage":1,"enemies":"Small Slimes","floor":4,"turns":6},{"damage":0,"enemies":"3 Louse","floor":5,"turns":7},{"damage":12,"enemies":"Gremlin Nob","floor":6,"turns":4},{"damage":0,"enemies":"Large Slime","floor":7,"turns":5},{"damage":3,"enemies":"Lagavulin","floor":8,"turns":7},{"damage":1,"enemies":"3 Sentries","floor":10,"turns":6},{"damage":1,"enemies":"Exordium Thugs","floor":11,"turns":7},{"damage":26,"enemies":"Lagavulin","floor":12,"turns":6},{"damage":25,"enemies":"Slime Boss","floor":16,"turns":8},{"damage":12,"enemies":"Shell Parasite","floor":18,"turns":4},{"damage":3,"enemies":"2 Thieves","floor":19,"turns":5},{"damage":25,"enemies":"Snake Plant","floor":21,"turns":5},{"damage":0,"enemies":"Snecko","floor":22,"turns":4},{"damage":0,"enemies":"Gremlin Leader","floor":23,"turns":7},{"damage":9,"enemies":"Book of Stabbing","floor":25,"turns":7},{"damage":11,"enemies":"Centurion and Healer","floor":28,"turns":5},{"damage":6,"enemies":"Gremlin Leader","floor":29,"turns":4},{"damage":8,"enemies":"Automaton","floor":33,"turns":7},{"damage":1,"enemies":"Orb Walker","floor":35,"turns":3},{"damage":0,"enemies":"Giant Head","floor":40,"turns":5},{"damage":0,"enemies":"3 Darklings","floor":44,"turns":4},{"damage":11,"enemies":"Nemesis","floor":45,"turns":4},{"damage":3,"enemies":"2 Orb Walkers","floor":46,"turns":2},{"damage":0,"enemies":"Reptomancer","floor":47,"turns":5},{"damage":0,"enemies":"Jaw Worm Horde","floor":48,"turns":2},{"damage":15,"enemies":"Awakened One","floor":50,"turns":6},{"damage":1,"enemies":"Shield and Spear","floor":54,"turns":3},{"damage":43,"enemies":"The Heart","floor":55,"turns":6}],"seed_played":"-1554281308852625728","potions_obtained":[{"floor":2,"key":"SkillPotion"},{"floor":3,"key":"Swift Potion"},{"floor":5,"key":"Ancient Potion"},{"floor":8,"key":"PowerPotion"},{"floor":16,"key":"Regen Potion"},{"floor":21,"key":"Strength Potion"},{"floor":23,"key":"BlessingOfTheForge"},{"floor":25,"key":"PowerPotion"},{"floor":44,"key":"SkillPotion"},{"floor":45,"key":"Ancient Potion"}],"is_trial":false,"path_per_floor":["M","M","?","M","M","E","M","E","T","E","M","E","$","?","R","B",null,"M","M","?","M","M","E","R","E","T","R","M","E","R","?","R","B",null,"M","?","$","?","$","E","T","R","T","M","E","?","E","M","R","B",null,"R","$","E","B",null],"character_chosen":"WANDERER","items_purchased":["Orrery","Kunai","stsjorbsmod:Rediscovery","stsjorbsmod:UnseenServant","Membership Card","Ginger","stsjorbsmod:BottledMemoryRelic","SteroidPotion","Panacea"],"campfire_rested":0,"item_purchase_floors":[13,37,37,39,53,53,53,53,53],"current_hp_per_floor":[74,74,74,74,74,63,64,65,65,79,80,58,58,38,38,18,80,70,72,72,52,53,76,76,71,71,71,65,63,63,63,63,62,86,86,86,86,86,86,88,88,88,88,88,82,80,86,88,88,84,90,90,90,92,59],"gold":403,"neow_bonus":"TEN_PERCENT_HP_BONUS","is_daily":false,"chose_seed":false,"campfire_upgraded":7,"win_rate":0.0,"timestamp":1612507669,"path_taken":["M","M","?","?","M","E","M","E","T","E","M","E","$","?","R","BOSS","M","M","?","?","M","E","R","E","T","R","M","E","R","?","R","BOSS","M","?","$","?","$","E","?","R","T","M","E","?","E","M","R","BOSS","R","$","E","BOSS"],"items_purchased_type":["Relic","Relic","Card","Card","Relic","Relic","Relic","Potion","Card"],"build_version":"2020-12-22","purchased_purges":4,"victory":true,"max_hp_per_floor":[74,74,74,74,74,74,74,74,74,80,80,80,80,80,80,80,80,80,82,82,82,82,84,84,84,84,84,84,84,84,84,84,86,86,86,86,86,86,86,88,88,88,88,88,88,88,88,88,88,90,90,90,90,92,94],"relic_stats":{"counters":[30,154],"Bag of Preparation":[16],"Ginger":[2],"War Paint":["stsjorbsmod:Withdraw","stsjorbsmod:RefuseToForget"],"Nunchaku":[19],"Centennial Puzzle":[15],"Lizard Tail":0,"Busted Crown":16,"Shuriken":[40],"Gambling Chip":[31],"Tiny Chest":1,"Nloth\u0027s Gift":3,"Kunai":[19],"obtain_stats":[{"Lantern":23,"Bag of Preparation":43,"Ginger":53,"Bottled Tornado":25,"Ancient Tea Set":29,"Nunchaku":12,"Centennial Puzzle":40,"Lizard Tail":46,"Gambling Chip":10,"Tiny Chest":26,"Kunai":37,"Runic Pyramid":17,"stsjorbsmod:BottledMemoryRelic":53,"Golden Idol":14,"stsjorbsmod:GrimoireRelic":0,"War Paint":54,"Akabeko":45,"Anchor":6,"CaptainsWheel":47,"Busted Crown":34,"Shuriken":9,"Orrery":13,"Nloth\u0027s Gift":20,"Membership Card":53,"Toy Ornithopter":8},{"Lantern":16,"Bag of Preparation":22,"Ginger":28,"Bottled Tornado":17,"Ancient Tea Set":19,"Nunchaku":10,"Centennial Puzzle":22,"Lizard Tail":25,"Gambling Chip":8,"Tiny Chest":17,"Kunai":21,"Runic Pyramid":11,"stsjorbsmod:BottledMemoryRelic":28,"Golden Idol":10,"stsjorbsmod:GrimoireRelic":0,"War Paint":29,"Akabeko":24,"Anchor":5,"CaptainsWheel":26,"Busted Crown":20,"Shuriken":7,"Orrery":10,"Nloth\u0027s Gift":13,"Membership Card":28,"Toy Ornithopter":7},{"Lantern":91,"Bag of Preparation":122,"Ginger":145,"Bottled Tornado":98,"Ancient Tea Set":107,"Nunchaku":58,"Centennial Puzzle":122,"Lizard Tail":132,"Gambling Chip":45,"Tiny Chest":98,"Kunai":117,"Runic Pyramid":66,"stsjorbsmod:BottledMemoryRelic":145,"Golden Idol":58,"stsjorbsmod:GrimoireRelic":0,"War Paint":148,"Akabeko":130,"Anchor":27,"CaptainsWheel":137,"Busted Crown":114,"Shuriken":39,"Orrery":58,"Nloth\u0027s Gift":75,"Membership Card":145,"Toy Ornithopter":39}]},"card_choices":[{"not_picked":["stsjorbsmod:Will","stsjorbsmod:ParryingBlow"],"picked":"stsjorbsmod:FindFamiliar","floor":1},{"not_picked":["stsjorbsmod:Patron","stsjorbsmod:Mindworm"],"picked":"stsjorbsmod:FaerieFire","floor":2},{"not_picked":["stsjorbsmod:BurningFlask","stsjorbsmod:Prepare"],"picked":"stsjorbsmod:Aid","floor":4},{"not_picked":["stsjorbsmod:Inferno","stsjorbsmod:BurningFlask"],"picked":"stsjorbsmod:ColorSpray","floor":5},{"not_picked":["stsjorbsmod:Introspection","stsjorbsmod:Mindworm"],"picked":"stsjorbsmod:TrueStrike","floor":6},{"not_picked":["stsjorbsmod:FindFamiliar","stsjorbsmod:UnseenServant"],"picked":"stsjorbsmod:Channel","floor":7},{"not_picked":["stsjorbsmod:MirrorImage","stsjorbsmod:FindFamiliar"],"picked":"stsjorbsmod:WanderingMind","floor":8},{"not_picked":["stsjorbsmod:Hibernate","stsjorbsmod:BurningFlask"],"picked":"stsjorbsmod:MistyStep","floor":10},{"not_picked":["stsjorbsmod:Materialize","stsjorbsmod:ParryingBlow"],"picked":"stsjorbsmod:ChatteringStrike","floor":11},{"not_picked":["stsjorbsmod:UnseenServant","stsjorbsmod:Will","stsjorbsmod:FaerieFire"],"picked":"SKIP","floor":12},{"not_picked":["stsjorbsmod:LoseGrip","stsjorbsmod:TollTheDead"],"picked":"stsjorbsmod:Message","floor":13},{"not_picked":["stsjorbsmod:ArcaneWeapon","stsjorbsmod:Channel"],"picked":"stsjorbsmod:OldPocket","floor":13},{"not_picked":["stsjorbsmod:MageArmor","stsjorbsmod:UnseenServant"],"picked":"stsjorbsmod:Entangle","floor":13},{"not_picked":["stsjorbsmod:Aid","stsjorbsmod:Hibernate"],"picked":"stsjorbsmod:RefuseToForget","floor":13},{"not_picked":["stsjorbsmod:ArcaneForm","stsjorbsmod:MirrorImage"],"picked":"stsjorbsmod:DeathThroes","floor":16},{"not_picked":["stsjorbsmod:WanderingMind","stsjorbsmod:ParryingBlow+1","stsjorbsmod:Message"],"picked":"SKIP","floor":18},{"not_picked":["stsjorbsmod:WanderingMind","stsjorbsmod:ParryingBlow+1"],"picked":"stsjorbsmod:Message","floor":18},{"not_picked":["stsjorbsmod:FracturedMind+1","stsjorbsmod:Counterspell"],"picked":"stsjorbsmod:Prestidigitation+1","floor":19},{"not_picked":["stsjorbsmod:Stalwart","stsjorbsmod:SmithingStrike","stsjorbsmod:RayOfFrost"],"picked":"SKIP","floor":21},{"not_picked":["stsjorbsmod:WeightOfMemory","stsjorbsmod:Aid"],"picked":"stsjorbsmod:MistyStep+1","floor":22},{"not_picked":["stsjorbsmod:Trauma","stsjorbsmod:Mindworm"],"picked":"stsjorbsmod:MagicMirror+1","floor":23},{"not_picked":["stsjorbsmod:Prestidigitation","stsjorbsmod:Hibernate","stsjorbsmod:Prepare"],"picked":"SKIP","floor":25},{"not_picked":["stsjorbsmod:RayOfFrost","stsjorbsmod:Channel+1"],"picked":"stsjorbsmod:MistyStep","floor":28},{"not_picked":["stsjorbsmod:ParryingBlow+1","stsjorbsmod:RayOfFrost+1"],"picked":"stsjorbsmod:DeathThroes","floor":29},{"not_picked":["stsjorbsmod:Pyromancy","stsjorbsmod:HoldMonster"],"picked":"stsjorbsmod:SiphonEnergy","floor":33},{"not_picked":["stsjorbsmod:RayOfFrost+1"],"picked":"SKIP","floor":35},{"not_picked":[],"picked":"stsjorbsmod:Withdraw","floor":40},{"not_picked":["stsjorbsmod:Index+1"],"picked":"SKIP","floor":44},{"not_picked":["stsjorbsmod:HedgeWizard"],"picked":"SKIP","floor":45},{"not_picked":[],"picked":"stsjorbsmod:WeightOfMemory+1","floor":47},{"not_picked":["stsjorbsmod:Firebolt+1"],"picked":"SKIP","floor":48},{"not_picked":["stsjorbsmod:FindFamiliar"],"picked":"SKIP","floor":54}],"player_experience":1377688,"relics_obtained":[{"floor":6,"key":"Anchor"},{"floor":8,"key":"Toy Ornithopter"},{"floor":9,"key":"Shuriken"},{"floor":10,"key":"Gambling Chip"},{"floor":12,"key":"Nunchaku"},{"floor":23,"key":"Lantern"},{"floor":25,"key":"Bottled Tornado"},{"floor":26,"key":"Tiny Chest"},{"floor":29,"key":"Ancient Tea Set"},{"floor":40,"key":"Centennial Puzzle"},{"floor":43,"key":"Bag of Preparation"},{"floor":45,"key":"Akabeko"},{"floor":46,"key":"Lizard Tail"},{"floor":47,"key":"CaptainsWheel"},{"floor":54,"key":"War Paint"}],"event_choices":[{"damage_healed":0,"gold_gain":0,"player_choice":"Bought 1 Potion","damage_taken":0,"max_hp_gain":0,"max_hp_loss":0,"event_name":"The Woman in Blue","floor":3,"gold_loss":0},{"damage_healed":0,"gold_gain":0,"player_choice":"Take Damage","damage_taken":20,"relics_obtained":["Golden Idol"],"max_hp_gain":0,"max_hp_loss":0,"event_name":"Golden Idol","floor":14,"gold_loss":0},{"damage_healed":0,"gold_gain":0,"player_choice":"Traded Relic","damage_taken":0,"relics_obtained":["Nloth\u0027s Gift"],"max_hp_gain":0,"max_hp_loss":0,"event_name":"N\u0027loth","floor":20,"relics_lost":["Toy Ornithopter"],"gold_loss":0},{"cards_removed":["stsjorbsmod:Defend_Wanderer"],"damage_healed":0,"gold_gain":0,"player_choice":"Gave Gold","damage_taken":0,"max_hp_gain":0,"max_hp_loss":0,"event_name":"Beggar","floor":31,"gold_loss":75},{"damage_healed":0,"gold_gain":333,"player_choice":"Gave Idol","damage_taken":0,"max_hp_gain":0,"max_hp_loss":0,"event_name":"The Moai Head","floor":36,"relics_lost":["Golden Idol"],"gold_loss":0},{"damage_healed":0,"gold_gain":275,"player_choice":"Desecrate","damage_taken":0,"max_hp_gain":0,"max_hp_loss":0,"event_name":"Golden Shrine","floor":38,"gold_loss":0,"cards_obtained":["Regret"]},{"damage_healed":0,"gold_gain":0,"player_choice":"Fight","damage_taken":0,"max_hp_gain":0,"max_hp_loss":0,"event_name":"Mysterious Sphere","floor":46,"gold_loss":0}],"is_beta":false,"boss_relics":[{"not_picked":["Snecko Eye","Runic Dome"],"picked":"Runic Pyramid"},{"not_picked":["Velvet Choker","Black Star"],"picked":"Busted Crown"}],"items_purged_floors":[13,37,39,53],"is_endless":false,"potions_floor_spawned":[2,5,6,8,16,21,23,25,28,35,44,45,47],"ascension_level":4}}