{"host":"3ghcx3e93lhog3cp","time":1612493361,"event":{"mods":["AchievementEnabler","BaseMod","Downfall","Minty Spire (QoL Compilation)","Replay The Spire","StSLib"],"gold_per_floor":[109,122,297,372,382,392,424,424,424,424,424,459,459,469,469,469,469],"floor_reached":16,"language":"ENG","playtime":546,"items_purged":[],"score":127,"play_id":"3e57131d-ba5d-4e9a-ace3-23a614aff603","local_time":"20210204184921","is_ascension_mode":true,"campfire_choices":[{"floor":8,"key":"REST"},{"data":"Whirlwind","floor":10,"key":"SMITH"},{"data":"Barricade","floor":15,"key":"SMITH"}],"circlet_count":0,"master_deck":["Strike_R","Strike_R","Strike_R","Strike_R","Strike_R","Defend_R","Defend_R","Defend_R","Defend_R","Bash","ReplayTheSpireMod:Stacked","Ghostly Armor","Whirlwind+1","True Grit","Barricade+1"],"relics":["Sozu","Mirror","Du-Vu Doll","Dead Branch"],"acts_visited":["Exordium"],"potions_floor_usage":[],"damage_taken":[{"damage":7,"enemies":"Jaw Worm","floor":1,"turns":3},{"damage":13,"enemies":"Small Slimes","floor":2,"turns":4},{"damage":6,"enemies":"2 Louse","floor":5,"turns":3},{"damage":1,"enemies":"Looter","floor":6,"turns":3},{"damage":35,"enemies":"3 Sentries","floor":7,"turns":11},{"damage":4,"enemies":"Lagavulin","floor":12,"turns":5},{"damage":5,"enemies":"Gremlin Gang","floor":14,"turns":2},{"damage":24,"enemies":"The Guardian","floor":16,"turns":5}],"seed_played":"6102626280073886161","potions_obtained":[],"is_trial":false,"path_per_floor":["M","M","?","?","M","M","E","R","T","R","?","E","?","M","R","B"],"character_chosen":"IRONCLAD","items_purchased":[],"campfire_rested":1,"item_purchase_floors":[],"current_hp_per_floor":[73,60,60,49,43,42,7,31,31,31,31,27,27,22,22,0,0],"gold":469,"neow_bonus":"BOSS_RELIC","is_daily":false,"chose_seed":false,"campfire_upgraded":2,"win_rate":0.0,"timestamp":1612493361,"path_taken":["M","M","?","?","M","M","E","R","T","R","?","E","?","M","R","BOSS"],"items_purchased_type":[],"build_version":"2020-12-22","purchased_purges":0,"victory":false,"max_hp_per_floor":[80,80,80,80,80,80,80,80,80,80,80,80,80,80,80,80,80],"card_choices":[{"not_picked":["Run Through","Abandon"],"picked":"ReplayTheSpireMod:Stacked","floor":1},{"not_picked":["Anger","Flex"],"picked":"Ghostly Armor","floor":2},{"not_picked":["Heavy Blade","Spot Weakness"],"picked":"Whirlwind","floor":5},{"not_picked":["ReplayTheSpireMod:LeadingStrike","Perfected Strike","Sword Boomerang"],"picked":"SKIP","floor":6},{"not_picked":["Fire Breathing","Second Wind"],"picked":"True Grit","floor":7},{"not_picked":["Blood for Blood","ReplayTheSpireMod:Strike From Hell","Twin Strike"],"picked":"SKIP","floor":12},{"not_picked":["Havoc","Burning Pact"],"picked":"Barricade","floor":14}],"player_experience":260394,"relics_obtained":[{"floor":7,"key":"Mirror"},{"floor":9,"key":"Du-Vu Doll"},{"floor":12,"key":"Dead Branch"}],"event_choices":[{"damage_healed":0,"gold_gain":175,"player_choice":"AGREE","damage_taken":0,"max_hp_gain":0,"max_hp_loss":0,"event_name":"Liars Game","floor":3,"gold_loss":0,"cards_obtained":["Doubt"]},{"damage_healed":0,"gold_gain":75,"player_choice":"Gather Gold","damage_taken":11,"max_hp_gain":0,"max_hp_loss":0,"event_name":"World of Goop","floor":4,"gold_loss":0},{"cards_removed":["Doubt"],"damage_healed":0,"gold_gain":0,"player_choice":"Forget","damage_taken":0,"max_hp_gain":0,"max_hp_loss":0,"event_name":"Living Wall","floor":11,"gold_loss":0},{"damage_healed":0,"gold_gain":0,"player_choice":"Got Potions","damage_taken":0,"max_hp_gain":0,"max_hp_loss":0,"event_name":"Lab","floor":13,"gold_loss":0}],"is_beta":false,"boss_relics":[],"items_purged_floors":[],"is_endless":false,"potions_floor_spawned":[2,6,14],"killed_by":"The Guardian","ascension_level":3}}