{"host":"22ezjknwheybwqtz","time":1612554932,"event":{"mods":["BaseMod","Downfall","Minty Spire (QoL Compilation)","Replay The Spire","Shop Mod","StSLib"],"gold_per_floor":[99,118,118,144,144,158,212,12,25,56,56,41,141,152,171,171,171,171],"floor_reached":16,"language":"ENG","playtime":718,"items_purged":[],"score":100,"play_id":"891c863b-eca9-4658-ba76-fe4429262dc8","local_time":"20210206035532","is_ascension_mode":false,"campfire_choices":[{"floor":1,"key":"RECALL"},{"data":"bronze:DelayedSlice","floor":8,"key":"SMITH"},{"data":"bronze:Replicate","floor":11,"key":"SMITH"}],"circlet_count":0,"master_deck":["bronze:Strike","bronze:Strike","bronze:Strike","bronze:Strike","bronze:Defend","bronze:Defend","bronze:Defend","bronze:Defend","bronze:Replicate+1","bronze:Goto","Jack Of All Trades","bronze:ItsAFeature","CurseOfTheBell","CurseOfTheBell","bronze:BurnOut","bronze:DelayedSlice+1","bronze:OilSpill","bronze:Fortify","bronze:Allocate"],"relics":["bronze:BronzeCore","downfall:ExtraCursedBell","Bronze Scales","Meat on the Bone","TungstenRod","Juzu Bracelet","downfall:HeartBlessingBlue","downfall:HeartBlessingRed","Replay:Bottled Snecko","downfall:GremlinWheel"],"acts_visited":["Exordium"],"potions_floor_usage":[10,13,13],"damage_taken":[{"damage":0,"enemies":"Jaw Worm","floor":2,"turns":4},{"damage":6,"enemies":"2 Louse","floor":6,"turns":5},{"damage":4,"enemies":"Small Slimes","floor":9,"turns":2},{"damage":39,"enemies":"3 Sentries","floor":10,"turns":5},{"damage":2,"enemies":"downfall:FleeingMerchant","floor":12,"turns":4},{"damage":26,"enemies":"downfall:FleeingMerchant","floor":13,"turns":3},{"damage":12,"enemies":"Gremlin Gang","floor":14,"turns":5},{"damage":10,"enemies":"3 Louse","floor":15,"turns":3},{"damage":30,"enemies":"WA_ARCHETYPE_RETAIN","floor":16,"turns":4}],"seed_played":"-4067623481598319579","potions_obtained":[{"floor":2,"key":"Elixir"},{"floor":6,"key":"Regen Potion"},{"floor":9,"key":"Strength Potion"}],"is_trial":false,"path_per_floor":["R","M","?","T","?","M","T","R","M","E","R","$","?","M","M","B"],"character_chosen":"THE_AUTOMATON","items_purchased":[],"campfire_rested":0,"item_purchase_floors":[],"current_hp_per_floor":[70,70,70,70,70,64,64,74,70,43,43,41,27,27,29,0,0,0],"gold":171,"neow_bonus":"RANDOM_COLORLESS","is_daily":false,"chose_seed":false,"campfire_upgraded":2,"win_rate":0.0,"timestamp":1612554932,"path_taken":["R","M","?","?","?","M","T","R","M","E","R","$","?","M","M","BOSS"],"items_purchased_type":[],"build_version":"2020-12-22","purchased_purges":0,"victory":false,"max_hp_per_floor":[70,70,70,70,70,70,70,80,80,80,80,80,80,80,80,80,80,80],"card_choices":[{"not_picked":["Impatience","Enlightenment"],"picked":"Jack Of All Trades","floor":0},{"not_picked":["bronze:DelayedGuard","bronze:BitShift"],"picked":"bronze:ItsAFeature","floor":2},{"not_picked":["bronze:BitShift","bronze:OilSpill"],"picked":"bronze:DelayedSlice","floor":6},{"not_picked":["bronze:Branch","bronze:Deprecate"],"picked":"bronze:OilSpill","floor":9},{"not_picked":["bronze:BuggyMess","bronze:Turbo","bronze:ForLoop"],"picked":"SKIP","floor":10},{"not_picked":["bronze:Deprecate","bronze:Frontload"],"picked":"bronze:Fortify","floor":12},{"not_picked":["bronze:Iterate","bronze:ForLoop","bronze:Branch"],"picked":"SKIP","floor":14},{"not_picked":["bronze:Overheat","bronze:NullPointer"],"picked":"bronze:Allocate","floor":15}],"player_experience":96752,"relics_obtained":[{"floor":3,"key":"Bronze Scales"},{"floor":3,"key":"Meat on the Bone"},{"floor":3,"key":"TungstenRod"},{"floor":7,"key":"Juzu Bracelet"},{"floor":10,"key":"Replay:Bottled Snecko"},{"floor":13,"key":"downfall:GremlinWheel"}],"event_choices":[{"cards_removed":["ReplayTheSpireMod:Restless Dread"],"damage_healed":0,"gold_gain":0,"player_choice":"Card Removal","damage_taken":0,"max_hp_gain":0,"max_hp_loss":0,"event_name":"The Cleric","floor":5,"gold_loss":0}],"is_beta":false,"boss_relics":[],"items_purged_floors":[],"is_endless":false,"potions_floor_spawned":[2,6,9],"killed_by":"WA_ARCHETYPE_RETAIN","ascension_level":0}}