{"host":"sygfylmorsvdndbx","time":1612496221,"event":{"mods":["AchievementEnabler","BaseMod","Bestiary","Highlight Path","Minty Spire (QoL Compilation)","Permanent Neow","Quick Restart","Relic Stats"],"gold_per_floor":[114,130,149,165,179,179,22,48,48,78,78,98,110,122,122,219,219,237,197,212,212,229,229,258,258,258,290,113,113,113,113,113,213,263,276,286,286,84,103,103,122,122,122,149,181,210,210,245,245,245,245,245,43,74,74],"floor_reached":56,"language":"ENG","playtime":6355,"items_purged":["Pain","Strike_R"],"score":1747,"play_id":"69dbde2d-e1d1-44bb-9a7a-16067d391511","local_time":"20210204223701","is_ascension_mode":true,"campfire_choices":[{"data":"Headbutt","floor":6.0,"key":"SMITH"},{"data":"True Grit","floor":11.0,"key":"SMITH"},{"data":"Wild Strike","floor":15.0,"key":"SMITH"},{"data":"Pommel Strike","floor":23.0,"key":"SMITH"},{"data":"Feel No Pain","floor":25.0,"key":"SMITH"},{"data":"Disarm","floor":29.0,"key":"SMITH"},{"data":"Shockwave","floor":30.0,"key":"SMITH"},{"floor":32.0,"key":"REST"},{"data":"Impervious","floor":40.0,"key":"SMITH"},{"data":"Second Wind","floor":42.0,"key":"SMITH"},{"floor":47.0,"key":"RECALL"},{"data":"Barricade","floor":49.0,"key":"SMITH"},{"data":"Entrench","floor":52,"key":"SMITH"}],"circlet_count":0,"master_deck":["Strike_R","Strike_R","Strike_R","Strike_R","Defend_R","Defend_R","Defend_R","Defend_R","Bash","Headbutt+1","Pommel Strike+1","Second Wind+1","Disarm+1","True Grit+1","Wild Strike+1","Shrug It Off","Thunderclap+1","Reaper","Shrug It Off+1","Feel No Pain+1","Shockwave+1","Exhume","Impervious+1","Pummel+1","Flash of Steel","Flash of Steel","Secret Weapon","Dropkick+1","Headbutt+1","Feel No Pain+1","Barricade+1","Entrench+1","Shrug It Off"],"relics":["Mark of Pain","Anchor","Potion Belt","Shuriken","WingedGreaves","Philosopher\u0027s Stone","WarpedTongs","The Courier","Self Forming Clay","Oddly Smooth Stone","Medical Kit","Tiny House","Pen Nib","Dream Catcher","Orichalcum","Pantograph","Bottled Lightning","Pear","Blue Candle"],"acts_visited":["Exordium","TheCity","TheBeyond","TheEnding"],"potions_floor_usage":[54,55,55,55,55,55],"damage_taken":[{"damage":4.0,"enemies":"Small Slimes","floor":1.0,"turns":4.0},{"damage":1.0,"enemies":"Cultist","floor":2.0,"turns":3.0},{"damage":7.0,"enemies":"2 Louse","floor":3.0,"turns":2.0},{"damage":11.0,"enemies":"Lots of Slimes","floor":4.0,"turns":5.0},{"damage":8.0,"enemies":"Blue Slaver","floor":5.0,"turns":2.0},{"damage":15.0,"enemies":"Gremlin Nob","floor":8.0,"turns":4.0},{"damage":3.0,"enemies":"3 Sentries","floor":10.0,"turns":5.0},{"damage":4.0,"enemies":"Large Slime","floor":12.0,"turns":5.0},{"damage":2.0,"enemies":"Exordium Thugs","floor":13.0,"turns":4.0},{"damage":0.0,"enemies":"Looter","floor":14.0,"turns":2.0},{"damage":19.0,"enemies":"The Guardian","floor":16.0,"turns":10.0},{"damage":6.0,"enemies":"Chosen","floor":18.0,"turns":4.0},{"damage":5.0,"enemies":"3 Byrds","floor":20.0,"turns":6.0},{"damage":1.0,"enemies":"Cultist and Chosen","floor":22.0,"turns":5.0},{"damage":30.0,"enemies":"Book of Stabbing","floor":24.0,"turns":5.0},{"damage":13.0,"enemies":"Gremlin Leader","floor":27.0,"turns":6.0},{"damage":75.0,"enemies":"Champ","floor":33.0,"turns":13.0},{"damage":9.0,"enemies":"3 Shapes","floor":35.0,"turns":4.0},{"damage":0.0,"enemies":"Orb Walker","floor":36.0,"turns":4.0},{"damage":16.0,"enemies":"3 Darklings","floor":39.0,"turns":5.0},{"damage":16.0,"enemies":"Spire Growth","floor":41.0,"turns":7.0},{"damage":10.0,"enemies":"Giant Head","floor":44.0,"turns":7.0},{"damage":39.0,"enemies":"Nemesis","floor":45.0,"turns":5.0},{"damage":0.0,"enemies":"Reptomancer","floor":46.0,"turns":6.0},{"damage":37.0,"enemies":"Nemesis","floor":48.0,"turns":10.0},{"damage":1,"enemies":"Awakened One","floor":50,"turns":14},{"damage":21,"enemies":"Shield and Spear","floor":54,"turns":9},{"damage":83,"enemies":"The Heart","floor":55,"turns":14}],"seed_played":"-351203682991002454","potions_obtained":[{"floor":2.0,"key":"HeartOfIron"},{"floor":5.0,"key":"AttackPotion"},{"floor":8.0,"key":"Swift Potion"},{"floor":10.0,"key":"Regen Potion"},{"floor":19.0,"key":"AttackPotion"},{"floor":19.0,"key":"ElixirPotion"},{"floor":19.0,"key":"ColorlessPotion"},{"floor":20.0,"key":"BloodPotion"},{"floor":24.0,"key":"Explosive Potion"},{"floor":33.0,"key":"AttackPotion"},{"floor":34.0,"key":"LiquidMemories"},{"floor":41.0,"key":"SpeedPotion"},{"floor":44.0,"key":"Energy Potion"},{"floor":48.0,"key":"SpeedPotion"},{"floor":54,"key":"SkillPotion"}],"is_trial":false,"path_per_floor":["M","M","M","M","M","R","$","E","T","E","R","M","M","M","R","B",null,"M","?","M","?","M","R","E","R","T","E","$","R","R","?","R","B",null,"M","M","?","$","M","R","M","R","T","E","E","E","R","E","R","B",null,"R","$","E","B",null],"character_chosen":"IRONCLAD","items_purchased":["Anchor","Medical Kit","Pen Nib","Pear"],"campfire_rested":1,"item_purchase_floors":[7,28,38,53],"current_hp_per_floor":[68,67,60,49,41,41,41,26,26,23,23,19,17,17,17,13,63,57,57,58,58,64,64,43,43,43,41,41,41,41,26,51,3,70,88,88,78,78,90,90,83,83,83,80,51,86,86,77,77,90,90,90,100,100,30],"gold":74,"neow_bonus":"BOSS_RELIC","is_daily":false,"chose_seed":false,"campfire_upgraded":11,"win_rate":0.0,"timestamp":1612496221,"path_taken":["M","M","M","M","M","R","$","E","T","E","R","M","M","M","R","BOSS","M","?","?","?","?","R","E","R","T","E","$","R","R","?","R","BOSS","M","M","?","$","M","R","M","R","T","E","E","E","R","E","R","BOSS","R","$","E","BOSS"],"items_purchased_type":["Relic","Relic","Relic","Relic"],"build_version":"2020-12-22","purchased_purges":2,"victory":true,"max_hp_per_floor":[80,80,80,80,80,80,80,80,80,80,80,80,80,80,80,80,80,80,80,80,80,80,80,80,80,80,80,80,80,80,85,85,85,90,90,90,90,90,90,90,90,90,90,90,90,90,90,90,90,90,90,90,100,100,100],"relic_stats":{"Dream Catcher":0,"counters":[28,170],"Shuriken":[73],"Self Forming Clay":[105],"Pantograph":13,"Blue Candle":[0],"Pen Nib":[20],"Orichalcum":[0],"Medical Kit":[42],"obtain_stats":[{"Potion Belt":8,"Tiny House":34,"Pear":53,"Self Forming Clay":26,"Blue Candle":54,"Oddly Smooth Stone":27,"The Courier":24,"Pen Nib":38,"Orichalcum":45,"Medical Kit":28,"Burning Blood":0,"WarpedTongs":21,"Anchor":7,"Dream Catcher":44,"Shuriken":9,"Pantograph":46,"Philosopher\u0027s Stone":17,"Mark of Pain":0,"WingedGreaves":10,"Bottled Lightning":48},{"Potion Belt":6,"Tiny House":17,"Pear":26,"Self Forming Clay":15,"Blue Candle":27,"Oddly Smooth Stone":16,"The Courier":15,"Pen Nib":19,"Orichalcum":23,"Medical Kit":16,"Burning Blood":0,"WarpedTongs":13,"Anchor":5,"Dream Catcher":22,"Shuriken":6,"Pantograph":24,"Philosopher\u0027s Stone":11,"Mark of Pain":0,"WingedGreaves":7,"Bottled Lightning":25},{"Potion Belt":20,"Tiny House":85,"Pear":147,"Self Forming Clay":66,"Blue Candle":156,"Oddly Smooth Stone":72,"The Courier":66,"Pen Nib":93,"Orichalcum":117,"Medical Kit":72,"Burning Blood":0,"WarpedTongs":56,"Anchor":16,"Dream Catcher":112,"Shuriken":20,"Pantograph":123,"Philosopher\u0027s Stone":46,"Mark of Pain":0,"WingedGreaves":25,"Bottled Lightning":133}],"WarpedTongs":[105]},"card_choices":[{"not_picked":["Perfected Strike","Body Slam","Entrench"],"picked":"SKIP","floor":1.0},{"not_picked":["Battle Trance","Clash"],"picked":"Headbutt","floor":2.0},{"not_picked":["Flex","Searing Blow"],"picked":"Pommel Strike","floor":3.0},{"not_picked":["Sword Boomerang","Armaments"],"picked":"Second Wind","floor":4.0},{"not_picked":["Iron Wave","Sword Boomerang","Heavy Blade"],"picked":"SKIP","floor":5.0},{"not_picked":["Iron Wave","Sword Boomerang","Heavy Blade"],"picked":"SKIP","floor":5.0},{"not_picked":["Heavy Blade","Uppercut"],"picked":"Disarm","floor":8.0},{"not_picked":["Sever Soul","Bludgeon"],"picked":"True Grit","floor":10.0},{"not_picked":["Warcry","Clash"],"picked":"Wild Strike","floor":12.0},{"not_picked":["Metallicize","Armaments"],"picked":"Shrug It Off","floor":13.0},{"not_picked":["Pommel Strike","Body Slam"],"picked":"Thunderclap","floor":14.0},{"not_picked":["Immolate","Berserk"],"picked":"Reaper","floor":16.0},{"not_picked":["Twin Strike","Pommel Strike"],"picked":"Shrug It Off+1","floor":18.0},{"not_picked":["True Grit","Combust","Havoc"],"picked":"SKIP","floor":20.0},{"not_picked":["Perfected Strike","Armaments+1"],"picked":"Feel No Pain","floor":22.0},{"not_picked":["Wild Strike","Armaments+1"],"picked":"Shockwave","floor":24.0},{"not_picked":["Infernal Blade","Sentinel+1"],"picked":"Exhume","floor":27.0},{"not_picked":["Berserk","Offering"],"picked":"Impervious","floor":33.0},{"not_picked":["Rupture+1","Rage","Anger+1"],"picked":"SKIP","floor":35.0},{"not_picked":["Burning Pact+1","Perfected Strike"],"picked":"Pummel+1","floor":36.0},{"not_picked":["Enlightenment","Swift Strike"],"picked":"Flash of Steel","floor":37.0},{"not_picked":["Madness","Panache"],"picked":"Flash of Steel","floor":37.0},{"not_picked":["Sadistic Nature","Transmutation"],"picked":"Secret Weapon","floor":37.0},{"not_picked":["Warcry","Battle Trance+1","Shockwave"],"picked":"SKIP","floor":39.0},{"not_picked":["Havoc+1","Armaments"],"picked":"Dropkick+1","floor":41.0},{"not_picked":["Warcry+1","Flex+1"],"picked":"Headbutt+1","floor":44.0},{"not_picked":["Pommel Strike+1","Flex+1"],"picked":"Feel No Pain+1","floor":45.0},{"not_picked":["Thunderclap","Reckless Charge"],"picked":"Barricade","floor":46.0},{"not_picked":["Clash","Flex+1"],"picked":"Entrench","floor":48.0},{"not_picked":["Battle Trance","Flex+1"],"picked":"Shrug It Off","floor":54}],"player_experience":416324,"relics_obtained":[{"floor":8.0,"key":"Potion Belt"},{"floor":9.0,"key":"Shuriken"},{"floor":10.0,"key":"WingedGreaves"},{"floor":24.0,"key":"The Courier"},{"floor":26.0,"key":"Self Forming Clay"},{"floor":27.0,"key":"Oddly Smooth Stone"},{"floor":44.0,"key":"Dream Catcher"},{"floor":45.0,"key":"Orichalcum"},{"floor":46.0,"key":"Pantograph"},{"floor":48.0,"key":"Bottled Lightning"},{"floor":54,"key":"Blue Candle"}],"event_choices":[{"damage_healed":0.0,"max_hp_gain":0.0,"max_hp_loss":0.0,"gold_gain":0.0,"event_name":"The Woman in Blue","player_choice":"Bought 3 Potions","floor":19.0,"gold_loss":0.0,"damage_taken":0.0},{"damage_healed":0.0,"max_hp_gain":0.0,"max_hp_loss":0.0,"gold_gain":0.0,"event_name":"Accursed Blacksmith","player_choice":"Rummage","floor":21.0,"gold_loss":0.0,"damage_taken":0.0,"relics_obtained":["WarpedTongs"],"cards_obtained":["Pain"]},{"damage_healed":0.0,"max_hp_gain":5.0,"max_hp_loss":0.0,"gold_gain":0.0,"event_name":"Forgotten Altar","player_choice":"Shed Blood","floor":31.0,"gold_loss":0.0,"damage_taken":20.0},{"damage_healed":0.0,"max_hp_gain":0.0,"max_hp_loss":0.0,"gold_gain":0.0,"event_name":"SensoryStone","player_choice":"Memory 3","floor":37.0,"gold_loss":0.0,"damage_taken":10.0}],"is_beta":false,"boss_relics":[{"not_picked":["Ectoplasm","Runic Cube"],"picked":"Philosopher\u0027s Stone"},{"not_picked":["Busted Crown","Snecko Eye"],"picked":"Tiny House"}],"items_purged_floors":[28,38],"is_endless":false,"potions_floor_spawned":[2,5,8,10,20,22,24,33,41,44,48,54],"ascension_level":9}}