{"host":"rsbhidffjle4v6w5","time":1612533419,"event":{"mods":["Act Like it!","Ascension Reborn","BaseMod","Better Note","Better Third Choice","BetterRewards","Block Reminder","Colored Map","Minty Spire (QoL Compilation)","Quick Restart","Replay The Spire","StSLib"],"gold_per_floor":[121,451,131,144,144,179,179,211,243,243,267,267,285,313,313,435,435,448,474,400,413,425,462,462,504,546,560,587,618,632,668,682,822,836,864,895,925,959,415,434,287,329,329,256,256,256,256,332,332,332,332,332,332,3,39,39,39],"floor_reached":56,"language":"ENG","playtime":2962,"items_purged":["Regret"],"score":979,"play_id":"53745af4-d40b-4d16-81f2-2d4a978d14d8","local_time":"20210205165659","is_ascension_mode":true,"campfire_choices":[{"floor":7.0,"key":"REST"},{"data":"A Thousand Cuts","floor":10.0,"key":"SMITH"},{"floor":15.0,"key":"RECALL"},{"floor":24.0,"key":"REST"},{"floor":30.0,"key":"REST"},{"floor":32.0,"key":"REST"},{"data":"Catalyst","floor":46.0,"key":"SMITH"},{"data":"Malaise","floor":49.0,"key":"SMITH"},{"data":"Poison Darts","floor":53,"key":"SMITH"}],"circlet_count":0,"master_deck":["Strike_G+1","Strike_G+1","Strike_G+1","Strike_G+1","Defend_G+2","Defend_G+1","Defend_G+2","Defend_G+1","Defend_G+1","Survivor+1","Neutralize+1","AscMod:ascendersbane","Poisoned Stab","Flash of Steel+1","Riddle With Holes","A Thousand Cuts+1","All Out Attack","All Out Attack","Poisoned Stab","Replay:Poison Smokescreen","Poison Darts+1","Acrobatics","Well Laid Plans","Dash","Dash","Catalyst+1","Malaise+1","Deadly Poison","Acrobatics","Venomology+1","Prepared","Prepared+1","Predator","Expertise","Fluid Movement+1","Acrobatics+1","Crippling Poison"],"relics":["Ring of the Snake","TwistedFunnel","Lizard Tail","Replay:WaspNest","Snake Skull","Blood Vial","Vajra","Toy Ornithopter","Smiling Mask","Painkiller Herb","Bronze Scales","MawBank","Tiny Chest","Ancient Tea Set","ChewingGum","Kunai","Bottled Lightning","ReplayFunnel","Omamori","Happy Flower","Mummified Hand","Simple Rune","Guide Book","Onion Ring"],"acts_visited":["Exordium","TheCity","TheBeyond","TheEnding"],"potions_floor_usage":[50,51,51,51,56,56],"damage_taken":[{"damage":0.0,"enemies":"Jaw Worm","floor":1.0,"turns":4.0},{"damage":0.0,"enemies":"Cultist","floor":4.0,"turns":2.0},{"damage":0.0,"enemies":"Replay:BlueRogue","floor":6.0,"turns":7.0},{"damage":4.0,"enemies":"Lagavulin","floor":8.0,"turns":5.0},{"damage":0.0,"enemies":"2 Louse","floor":11.0,"turns":2.0},{"damage":0.0,"enemies":"Red Slaver","floor":13.0,"turns":2.0},{"damage":0.0,"enemies":"Looter","floor":14.0,"turns":2.0},{"damage":44.0,"enemies":"Fading Forest","floor":16.0,"turns":11.0},{"damage":0.0,"enemies":"Spheric Guardian","floor":18.0,"turns":3.0},{"damage":8.0,"enemies":"2 Thieves","floor":19.0,"turns":3.0},{"damage":2.0,"enemies":"3 Cultists","floor":21.0,"turns":4.0},{"damage":13.0,"enemies":"Chosen and Byrds","floor":22.0,"turns":4.0},{"damage":37.0,"enemies":"Slavers","floor":23.0,"turns":4.0},{"damage":18.0,"enemies":"Replay:Snechameleon","floor":25.0,"turns":4.0},{"damage":15.0,"enemies":"Snecko","floor":28.0,"turns":3.0},{"damage":15.0,"enemies":"Shelled Parasite and Fungi","floor":29.0,"turns":3.0},{"damage":0.0,"enemies":"Snake Plant","floor":31.0,"turns":2.0},{"damage":53.0,"enemies":"Champ","floor":33.0,"turns":10.0},{"damage":0.0,"enemies":"3 Shapes","floor":35.0,"turns":3.0},{"damage":29.0,"enemies":"3 Darklings","floor":36.0,"turns":3.0},{"damage":2.0,"enemies":"Writhing Mass","floor":37.0,"turns":5.0},{"damage":14.0,"enemies":"Maw","floor":38.0,"turns":6.0},{"damage":2.0,"enemies":"Sphere and 2 Shapes","floor":40.0,"turns":3.0},{"damage":17.0,"enemies":"Giant Head","floor":42.0,"turns":8.0},{"damage":30,"enemies":"Time Eater","floor":50,"turns":11},{"damage":0,"enemies":"Replay:Hell Engine","floor":51,"turns":12},{"damage":45,"enemies":"Shield and Spear","floor":55,"turns":6},{"damage":46,"enemies":"The Heart","floor":56,"turns":3}],"seed_played":"1584417568578479156","potions_obtained":[{"floor":1.0,"key":"LifebloodPotion"},{"floor":11.0,"key":"PowerPotion"},{"floor":21.0,"key":"FearPotion"},{"floor":25.0,"key":"EssenceOfSteel"},{"floor":28.0,"key":"Elixir"},{"floor":29.0,"key":"Poison Potion"},{"floor":35.0,"key":"ColorlessPotion"},{"floor":38.0,"key":"Strength Potion"},{"floor":40.0,"key":"Dexterity Potion"},{"floor":48.0,"key":"Toxic Potion"},{"floor":48.0,"key":"Dexterity Potion"}],"is_trial":false,"path_per_floor":["M","?","$","M","?","E","R","E","T","R","M","?","M","M","R","B",null,"?","?","T","?","?","E","T","E","T","T","?","?","T","?","T","B",null,"?","?","?","?","T","?","T","E","T","T","?","T","?","?","T","B","B",null,"T","T","E","B"],"character_chosen":"THE_SILENT","items_purchased":["TwistedFunnel","Replay:WaspNest","Snake Skull","Blood Vial","Flash of Steel","Well Laid Plans","Kunai","Fluid Movement+1","Bottled Lightning","ReplayFunnel","Ancient Potion","Simple Rune","Guide Book","Acrobatics+1"],"campfire_rested":4,"item_purchase_floors":[0,0,0,3,3,20,39,39,39,41,44,54,54,54],"current_hp_per_floor":[33,33,33,35,35,37,55,53,53,53,55,55,57,59,59,34,78,78,70,70,70,59,32,50,34,34,34,21,12,30,32,50,10,41,41,16,20,12,12,16,16,9,9,9,9,9,36,36,36,9,26,44,44,44,18,0,0],"gold":39,"neow_bonus":"","is_daily":false,"chose_seed":false,"campfire_upgraded":4,"win_rate":0.0,"timestamp":1612533419,"path_taken":["M","?","?","M","?","E","R","E","T","R","?","?","?","M","R","BOSS","?","?","T","?","?","E","T","E","T","T","?","?","T","?","T","BOSS","?","?","?","?","T","?","T","E","T","T","?","T","?","?","T","BOSS","BOSS","T","T","E","BOSS"],"items_purchased_type":["Relic","Relic","Relic","Relic","Card","Card","Relic","Card","Relic","Relic","Potion","Relic","Relic","Card"],"build_version":"2020-12-22","purchased_purges":1,"victory":false,"max_hp_per_floor":[74,74,74,74,74,74,74,74,74,74,74,74,74,74,74,78,78,78,78,78,78,78,78,78,78,78,78,78,78,78,78,78,82,41,41,41,41,41,41,41,41,41,41,41,41,41,36,36,36,40,44,44,44,44,44,44,44],"card_choices":[{"not_picked":["Riddle With Holes","Finisher"],"picked":"Poisoned Stab","floor":1.0},{"not_picked":["Caltrops","Endless Agony"],"picked":"Riddle With Holes","floor":4.0},{"not_picked":["ReplayTheSpireMod:Shiv Toss","Choke"],"picked":"All Out Attack","floor":6.0},{"not_picked":["Deflect","Riddle With Holes"],"picked":"All Out Attack","floor":8.0},{"not_picked":["Blade Dance","ReplayTheSpireMod:Exploit Weakness"],"picked":"Poisoned Stab","floor":11.0},{"not_picked":["Slice","ReplayTheSpireMod:Shiv Toss"],"picked":"Replay:Poison Smokescreen","floor":13.0},{"not_picked":["Underhanded Strike","Deflect","Bane"],"picked":"SKIP","floor":14.0},{"not_picked":["Venomology","ReplayTheSpireMod:Necrosis"],"picked":"Poison Darts","floor":16.0},{"not_picked":["Setup","Deflect"],"picked":"Acrobatics","floor":18.0},{"not_picked":["Backstab","Slice","Heel Hook"],"picked":"SKIP","floor":19.0},{"not_picked":["Bouncing Flask","Deflect"],"picked":"Dash","floor":21.0},{"not_picked":["PiercingWail","ReplayTheSpireMod:Tripwire"],"picked":"Dash","floor":22.0},{"not_picked":["Expertise","Underhanded Strike","Deflect"],"picked":"SKIP","floor":23.0},{"not_picked":["Terror","PiercingWail+1"],"picked":"Catalyst","floor":25.0},{"not_picked":["Sneak Up","Well Laid Plans"],"picked":"Malaise","floor":28.0},{"not_picked":["Caltrops","Outmaneuver"],"picked":"Deadly Poison","floor":29.0},{"not_picked":["Outmaneuver","Flying Knee"],"picked":"Acrobatics","floor":31.0},{"not_picked":["Die Die Die","Doppelganger"],"picked":"Venomology","floor":33.0},{"not_picked":["Deadly Poison","Flying Knee+1"],"picked":"Prepared","floor":35.0},{"not_picked":["Slice+1","Dodge and Roll"],"picked":"Prepared+1","floor":36.0},{"not_picked":["Dagger Spray","Deflect+1"],"picked":"Predator","floor":37.0},{"not_picked":["Caltrops","A Thousand Cuts"],"picked":"Expertise","floor":38.0},{"not_picked":["Underhanded Strike","Prepared","Sucker Punch+1"],"picked":"SKIP","floor":40.0},{"not_picked":["ReplayTheSpireMod:Exploit Weakness+1","Dagger Spray","Fluid Movement"],"picked":"SKIP","floor":42.0},{"not_picked":["Sucker Punch","Caltrops"],"picked":"Crippling Poison","floor":55}],"player_experience":1122037,"relics_obtained":[{"floor":6.0,"key":"Vajra"},{"floor":8.0,"key":"Toy Ornithopter"},{"floor":9.0,"key":"Smiling Mask"},{"floor":23.0,"key":"Bronze Scales"},{"floor":25.0,"key":"MawBank"},{"floor":26.0,"key":"Tiny Chest"},{"floor":26.0,"key":"Ancient Tea Set"},{"floor":42.0,"key":"Omamori"},{"floor":43.0,"key":"Happy Flower"},{"floor":43.0,"key":"Mummified Hand"},{"floor":55,"key":"Onion Ring"}],"event_choices":[{"damage_healed":0.0,"max_hp_gain":0.0,"max_hp_loss":0.0,"gold_gain":275.0,"event_name":"Golden Shrine","player_choice":"Desecrate","floor":2.0,"gold_loss":0.0,"damage_taken":0.0,"cards_obtained":["Regret"]},{"damage_healed":0.0,"max_hp_gain":0.0,"max_hp_loss":0.0,"gold_gain":0.0,"event_name":"Match and Keep!","player_choice":"1 cards matched","floor":5.0,"gold_loss":0.0,"damage_taken":0.0,"cards_obtained":["A Thousand Cuts"]},{"damage_healed":0.0,"max_hp_gain":0.0,"max_hp_loss":0.0,"gold_gain":0.0,"event_name":"Transmorgrifier","player_choice":"Ignored","floor":12.0,"gold_loss":0.0,"damage_taken":0.0},{"damage_healed":0.0,"max_hp_gain":0.0,"max_hp_loss":0.0,"gold_gain":0.0,"event_name":"SensoryStone","player_choice":"Memory 1","floor":45.0,"gold_loss":0.0,"damage_taken":0.0},{"damage_healed":36.0,"max_hp_gain":0.0,"max_hp_loss":5.0,"gold_gain":0.0,"event_name":"The Moai Head","player_choice":"Heal","floor":47.0,"gold_loss":0.0,"damage_taken":0.0}],"is_beta":false,"boss_relics":[{"not_picked":["Accursed"],"picked":"Scatterbrain"},{"not_picked":["Accursed"],"picked":"Scatterbrain"},{"not_picked":["Snecko Heart","Ring of the Serpent"],"picked":"Painkiller Herb"},{"not_picked":["MetallicRebirth"],"picked":"BlightedDurian"},{"not_picked":["MetallicRebirth"],"picked":"BlightedDurian"},{"not_picked":["Runic Pyramid","Replay:Ancient Bell"],"picked":"ChewingGum"}],"items_purged_floors":[3],"is_endless":false,"potions_floor_spawned":[1,11,21,22,25,28,29,35,38,40],"killed_by":"The Heart","ascension_level":0}}