{"host":"9rexl4trwadr43zo","time":1612491689,"event":{"mods":["BaseMod","Colored Map","Minty Spire (QoL Compilation)"],"gold_per_floor":[17,34,34,54,54,54,54,65,65,65,95,95,106,164,164,265,265,281,281,371,384,395,395,425,425,425,436,436,468,480,395,395,395,395],"floor_reached":33,"language":"ENG","playtime":1420,"items_purged":[],"score":501,"play_id":"869a3553-fe62-44e4-a4f5-7e68ae2076d9","local_time":"20210205022129","is_ascension_mode":true,"campfire_choices":[{"data":"Thunderclap","floor":6,"key":"SMITH"},{"data":"Bash","floor":10,"key":"SMITH"},{"data":"Flex","floor":12,"key":"SMITH"},{"data":"Spot Weakness","floor":15,"key":"SMITH"},{"floor":23,"key":"REST"},{"data":"Ghostly Armor","floor":25,"key":"SMITH"},{"floor":28,"key":"REST"},{"floor":32,"key":"REST"}],"circlet_count":0,"master_deck":["Strike_R","Strike_R","Strike_R","Defend_R","Defend_R+1","Defend_R","Defend_R","Bash+1","Shrug It Off+1","Thunderclap+1","Iron Wave+1","Heavy Blade","Flex+1","Spot Weakness+1","Body Slam+1","Ghostly Armor+1","Sword Boomerang+1","Dropkick+1","Shrug It Off+1","Pummel"],"relics":["Burning Blood","Ginger","Ornamental Fan","Mummified Hand","Sozu","Prayer Wheel","Mercury Hourglass","Frozen Egg 2","Girya"],"acts_visited":["Exordium","TheCity"],"potions_floor_usage":[33],"damage_taken":[{"damage":1,"enemies":"Cultist","floor":1,"turns":3},{"damage":3,"enemies":"Jaw Worm","floor":2,"turns":5},{"damage":0,"enemies":"Small Slimes","floor":4,"turns":3},{"damage":2,"enemies":"2 Fungi Beasts","floor":8,"turns":3},{"damage":24,"enemies":"Gremlin Nob","floor":11,"turns":5},{"damage":2,"enemies":"Exordium Wildlife","floor":13,"turns":4},{"damage":40,"enemies":"The Guardian","floor":16,"turns":13},{"damage":33,"enemies":"3 Byrds","floor":18,"turns":5},{"damage":18,"enemies":"Shell Parasite","floor":21,"turns":5},{"damage":0,"enemies":"3 Cultists","floor":22,"turns":5},{"damage":18,"enemies":"Gremlin Leader","floor":24,"turns":3},{"damage":10,"enemies":"Snake Plant","floor":27,"turns":3},{"damage":38,"enemies":"Slavers","floor":29,"turns":6},{"damage":0,"enemies":"Centurion and Healer","floor":30,"turns":4},{"damage":79,"enemies":"Champ","floor":33,"turns":8}],"seed_played":"-8055598764819698272","potions_obtained":[{"floor":1,"key":"ElixirPotion"},{"floor":2,"key":"CultistPotion"},{"floor":13,"key":"HeartOfIron"}],"is_trial":false,"path_per_floor":["M","M","?","M","?","R","?","M","T","R","E","R","M","?","R","B",null,"M","?","?","M","M","R","E","R","T","M","R","E","M","?","R","B"],"character_chosen":"IRONCLAD","items_purchased":[],"campfire_rested":3,"item_purchase_floors":[],"current_hp_per_floor":[77,80,80,80,64,64,64,68,68,68,50,50,54,54,54,20,65,38,64,52,40,46,70,58,58,58,54,78,46,52,52,76,0,0],"gold":395,"neow_bonus":"REMOVE_TWO","is_daily":false,"chose_seed":false,"campfire_upgraded":5,"win_rate":0.0,"timestamp":1612491689,"path_taken":["M","M","?","M","?","R","?","M","T","R","E","R","M","?","R","BOSS","M","?","?","M","?","R","E","R","T","M","R","E","M","?","R","BOSS"],"items_purchased_type":[],"build_version":"2020-12-22","purchased_purges":0,"victory":false,"max_hp_per_floor":[80,80,80,80,80,80,80,80,80,80,80,80,80,80,80,80,80,80,80,80,80,80,80,80,80,80,80,80,80,80,80,80,80,80],"card_choices":[{"not_picked":["Feel No Pain","Second Wind"],"picked":"Shrug It Off","floor":1},{"not_picked":["Flex","Heavy Blade"],"picked":"Thunderclap","floor":2},{"not_picked":["Flex","True Grit"],"picked":"Iron Wave","floor":4},{"not_picked":["True Grit","Perfected Strike"],"picked":"Heavy Blade","floor":8},{"not_picked":["Headbutt","Perfected Strike"],"picked":"Flex","floor":11},{"not_picked":["Dropkick","Entrench"],"picked":"Spot Weakness","floor":13},{"not_picked":["Entrench","Perfected Strike"],"picked":"Body Slam+1","floor":18},{"not_picked":["Burning Pact","Perfected Strike"],"picked":"Ghostly Armor","floor":21},{"not_picked":["Ghostly Armor","Perfected Strike"],"picked":"Sword Boomerang+1","floor":22},{"not_picked":["Uppercut","Flex"],"picked":"Dropkick+1","floor":24},{"not_picked":["Seeing Red","Burning Pact+1"],"picked":"Shrug It Off+1","floor":27},{"not_picked":["Anger+1","Burning Pact+1","Rupture+1"],"picked":"SKIP","floor":27},{"not_picked":["Sword Boomerang","Wild Strike","Iron Wave"],"picked":"SKIP","floor":29},{"not_picked":["Bludgeon","Fire Breathing+1"],"picked":"Pummel","floor":30},{"not_picked":["Twin Strike","Armaments","True Grit"],"picked":"SKIP","floor":30},{"not_picked":["Twin Strike","Armaments","True Grit"],"picked":"SKIP","floor":30}],"player_experience":310992,"relics_obtained":[{"floor":9,"key":"Ornamental Fan"},{"floor":11,"key":"Mummified Hand"},{"floor":24,"key":"Prayer Wheel"},{"floor":26,"key":"Mercury Hourglass"},{"floor":29,"key":"Frozen Egg 2"}],"event_choices":[{"damage_healed":0,"gold_gain":0,"player_choice":"Grow","damage_taken":0,"max_hp_gain":0,"max_hp_loss":0,"event_name":"Living Wall","floor":3,"gold_loss":0,"cards_upgraded":["Shrug It Off"]},{"damage_healed":0,"gold_gain":0,"player_choice":"Entered Light","damage_taken":16,"max_hp_gain":0,"max_hp_loss":0,"event_name":"Shining Light","floor":5,"gold_loss":0,"cards_upgraded":["Iron Wave","Defend_R"]},{"damage_healed":0,"gold_gain":0,"player_choice":"Searched \u00272\u0027 times","damage_taken":0,"relics_obtained":["Ginger"],"max_hp_gain":0,"max_hp_loss":0,"event_name":"Dead Adventurer","floor":7,"gold_loss":0},{"damage_healed":0,"gold_gain":58,"player_choice":"Gained Gold","damage_taken":0,"max_hp_gain":0,"max_hp_loss":0,"event_name":"Golden Wing","floor":14,"gold_loss":0},{"damage_healed":26,"gold_gain":0,"player_choice":"Heal","damage_taken":0,"max_hp_gain":0,"max_hp_loss":0,"event_name":"The Library","floor":19,"gold_loss":0},{"damage_healed":0,"gold_gain":90,"player_choice":"GOLD ","damage_taken":12,"max_hp_gain":0,"max_hp_loss":0,"event_name":"Knowing Skull","floor":20,"potions_obtained":[],"gold_loss":0,"cards_obtained":[]},{"damage_healed":0,"gold_gain":0,"player_choice":"Obtained Relic","damage_taken":0,"relics_obtained":["Girya"],"max_hp_gain":0,"max_hp_loss":0,"event_name":"Addict","floor":31,"gold_loss":85}],"is_beta":false,"boss_relics":[{"not_picked":["Cursed Key","Runic Cube"],"picked":"Sozu"}],"items_purged_floors":[],"is_endless":false,"potions_floor_spawned":[1,2,13,22,29],"killed_by":"Champ","ascension_level":6}}