{"host":"52lujqhsyicpcskq","time":1612532493,"event":{"mods":["BaseMod","Colored Map","Minty Spire (QoL Compilation)","Permanent Neow","StSLib","SuperFastMode","everything is the same but u backflip on backflip"],"gold_per_floor":[20,32,43,43,57,57,97,97,145,145,145,183,206,221,221,314,314,329,343,248,263,317,355,379,379,379,77,77,102,102,135,135,135,135],"floor_reached":33,"language":"KOR","playtime":1503,"items_purged":["Defend_G"],"score":490,"play_id":"447b7fca-892d-49ef-b082-1796a79fb15a","local_time":"20210205224133","is_ascension_mode":true,"campfire_choices":[{"data":"Poisoned Stab","floor":6,"key":"SMITH"},{"data":"Neutralize","floor":10,"key":"SMITH"},{"floor":15,"key":"REST"},{"floor":25,"key":"REST"},{"floor":28,"key":"REST"},{"data":"A Thousand Cuts","floor":30,"key":"SMITH"},{"floor":32,"key":"REST"}],"circlet_count":0,"master_deck":["AscendersBane","Strike_G","Strike_G","Strike_G","Strike_G","Strike_G","Defend_G","Defend_G","Defend_G","Defend_G","Survivor","Neutralize+1","Catalyst","Poisoned Stab+1","Cloak And Dagger","Leg Sweep","Endless Agony","A Thousand Cuts+1","Dark Shackles","Leg Sweep","Sucker Punch","Footwork","Adrenaline","Quick Slash","Bane","Blade Dance","Slice","After Image","PiercingWail","Slice","Heel Hook","Leg Sweep+1"],"relics":["Ring of the Snake","Torii","Golden Idol","Pear","Lantern","Tiny Chest","StrikeDummy","WristBlade","Snake Skull","Ninja Scroll","Smiling Mask","Toxic Egg 2","Juzu Bracelet"],"acts_visited":["Exordium","TheCity"],"potions_floor_usage":[5,7,7,16,18,23,24],"damage_taken":[{"damage":4,"enemies":"Jaw Worm","floor":1,"turns":8},{"damage":0,"enemies":"2 Louse","floor":2,"turns":4},{"damage":1,"enemies":"Cultist","floor":3,"turns":4},{"damage":2,"enemies":"Gremlin Gang","floor":5,"turns":6},{"damage":18,"enemies":"Gremlin Nob","floor":7,"turns":4},{"damage":13,"enemies":"Lagavulin","floor":12,"turns":7},{"damage":10,"enemies":"Large Slime","floor":13,"turns":5},{"damage":8,"enemies":"Blue Slaver","floor":14,"turns":4},{"damage":24,"enemies":"Slime Boss","floor":16,"turns":10},{"damage":2,"enemies":"Chosen","floor":18,"turns":7},{"damage":2,"enemies":"Shell Parasite","floor":19,"turns":6},{"damage":18,"enemies":"Chosen and Byrds","floor":21,"turns":7},{"damage":28,"enemies":"Gremlin Leader","floor":23,"turns":5},{"damage":1,"enemies":"Snecko","floor":24,"turns":5},{"damage":0,"enemies":"Centurion and Healer","floor":29,"turns":5},{"damage":1,"enemies":"Slavers","floor":31,"turns":6},{"damage":74,"enemies":"Collector","floor":33,"turns":5}],"seed_played":"-8803282823904775813","potions_obtained":[{"floor":1,"key":"BlessingOfTheForge"},{"floor":3,"key":"SteroidPotion"},{"floor":5,"key":"DuplicationPotion"},{"floor":7,"key":"GamblersBrew"},{"floor":12,"key":"PowerPotion"},{"floor":18,"key":"Weak Potion"},{"floor":23,"key":"Swift Potion"},{"floor":24,"key":"GamblersBrew"}],"is_trial":false,"path_per_floor":["M","M","M","?","M","R","E","?","T","R","?","E","M","M","R","B",null,"M","M","$","M","T","E","M","R","T","$","R","M","R","E","R","B"],"character_chosen":"THE_SILENT","items_purchased":["Blade Dance","Slice","Toxic Egg 2"],"campfire_rested":4,"item_purchase_floors":[20,20,27],"current_hp_per_floor":[59,59,58,58,56,56,48,45,45,45,45,32,22,14,36,12,59,57,55,55,37,37,9,8,30,30,30,52,52,52,51,73,0,0],"gold":135,"neow_bonus":"ONE_RARE_RELIC","is_daily":false,"chose_seed":false,"campfire_upgraded":3,"win_rate":0.0,"timestamp":1612532493,"path_taken":["M","M","M","?","M","R","E","?","T","R","?","E","?","M","R","BOSS","M","?","$","M","?","E","M","R","T","$","R","M","R","E","R","BOSS"],"items_purchased_type":["Card","Card","Relic"],"build_version":"2020-12-22","purchased_purges":1,"victory":false,"max_hp_per_floor":[70,70,70,65,65,65,75,75,75,75,75,75,75,75,75,75,75,75,75,75,75,75,75,75,75,75,75,75,75,75,75,75,75,75],"card_choices":[{"not_picked":["Bane","Acrobatics"],"picked":"Catalyst","floor":1},{"not_picked":["Escape Plan","Outmaneuver"],"picked":"Poisoned Stab","floor":2},{"not_picked":["Finisher","Calculated Gamble"],"picked":"Cloak And Dagger","floor":3},{"not_picked":["Deflect","Riddle With Holes"],"picked":"Leg Sweep","floor":5},{"not_picked":["Dagger Throw","Wraith Form v2"],"picked":"Endless Agony","floor":7},{"not_picked":["Acrobatics","Caltrops"],"picked":"Leg Sweep","floor":12},{"not_picked":["Outmaneuver","Reflex"],"picked":"Sucker Punch","floor":13},{"not_picked":["Distraction","Dodge and Roll"],"picked":"Footwork","floor":14},{"not_picked":["Doppelganger","Bullet Time"],"picked":"Adrenaline","floor":16},{"not_picked":["Prepared","Acrobatics"],"picked":"Quick Slash","floor":18},{"not_picked":["Underhanded Strike","Dagger Throw"],"picked":"Bane","floor":19},{"not_picked":["Deadly Poison","Prepared"],"picked":"After Image","floor":21},{"not_picked":["Calculated Gamble","Deadly Poison+1"],"picked":"PiercingWail","floor":23},{"not_picked":["Wraith Form v2","Riddle With Holes"],"picked":"Slice","floor":24},{"not_picked":["Tactician+1","Sucker Punch"],"picked":"Heel Hook","floor":29},{"not_picked":["Reflex+1","Bane"],"picked":"Leg Sweep+1","floor":31}],"player_experience":758755,"relics_obtained":[{"floor":7,"key":"Pear"},{"floor":9,"key":"Tiny Chest"},{"floor":12,"key":"StrikeDummy"},{"floor":22,"key":"Snake Skull"},{"floor":23,"key":"Ninja Scroll"},{"floor":26,"key":"Smiling Mask"},{"floor":31,"key":"Juzu Bracelet"}],"event_choices":[{"damage_healed":0,"gold_gain":0,"player_choice":"Lose Max HP","damage_taken":0,"relics_obtained":["Golden Idol"],"max_hp_gain":0,"max_hp_loss":5,"event_name":"Golden Idol","floor":4,"gold_loss":0},{"damage_healed":0,"gold_gain":0,"player_choice":"Success","damage_taken":3,"relics_obtained":["Lantern"],"max_hp_gain":0,"max_hp_loss":0,"event_name":"Scrap Ooze","floor":8,"gold_loss":0},{"damage_healed":0,"gold_gain":0,"player_choice":"2 cards matched","damage_taken":0,"max_hp_gain":0,"max_hp_loss":0,"event_name":"Match and Keep!","floor":11,"gold_loss":0,"cards_obtained":["A Thousand Cuts","Dark Shackles"]}],"is_beta":false,"boss_relics":[{"not_picked":["Pandora\u0027s Box","Philosopher\u0027s Stone"],"picked":"WristBlade"}],"items_purged_floors":[27],"is_endless":false,"potions_floor_spawned":[1,3,5,7,12,14,18,23,24],"killed_by":"Collector","ascension_level":13}}