{"host":"s5d39dhq0ddhxhke","time":1612566135,"event":{"mods":["AchievementEnabler","BaseMod","Colored Map","Minty Spire (QoL Compilation)","Smile Girya","SuperFastMode"],"gold_per_floor":[118,118,43,55,67,67,79,95,95,110,110,68,143,174,174,251,251,270,270,287,21,40,40,59,59,83,0,31,43,43,53,53,125,125,137,151,167,178,193,193,193,193,193,193,211,227,242,29,29,29],"floor_reached":51,"language":"ENG","playtime":2295,"items_purged":["Strike_R","Writhe"],"score":1385,"play_id":"1bd945b5-d127-41aa-89b0-662c637e7a67","local_time":"20210206010215","is_ascension_mode":true,"campfire_choices":[{"floor":6.0,"key":"DIG"},{"floor":11.0,"key":"DIG"},{"floor":15.0,"key":"DIG"},{"floor":23.0,"key":"DIG"},{"floor":25.0,"key":"DIG"},{"floor":30.0,"key":"DIG"},{"floor":32.0,"key":"REST"},{"floor":40.0,"key":"REST"},{"floor":42.0,"key":"DIG"},{"floor":44.0,"key":"DIG"},{"floor":49.0,"key":"REST"}],"circlet_count":0,"master_deck":["AscendersBane","Strike_R","Strike_R","Strike_R","Strike_R","Defend_R","Defend_R","Defend_R","Defend_R","Bash+1","Flame Barrier","Rupture","Limit Break","Combust","Hemokinesis","Impervious","Anger","Armaments+1","Shrug It Off","Intimidate","Feed","Pummel+1","Shockwave","True Grit+1","Whirlwind+1"],"relics":["Burning Blood","Shovel","Red Skull","Gremlin Horn","Incense Burner","Unceasing Top","FossilizedHelix","Dream Catcher","Omamori","Oddly Smooth Stone","Gambling Chip","Bronze Scales","Boot","Pen Nib","Cursed Key","PreservedInsect","InkBottle","Vajra","Whetstone"],"acts_visited":["Exordium","TheCity","TheBeyond"],"potions_floor_usage":[50],"damage_taken":[{"damage":18.0,"enemies":"Small Slimes","floor":1.0,"turns":5.0},{"damage":2.0,"enemies":"Cultist","floor":4.0,"turns":4.0},{"damage":7.0,"enemies":"Jaw Worm","floor":5.0,"turns":5.0},{"damage":4.0,"enemies":"Exordium Wildlife","floor":7.0,"turns":4.0},{"damage":11.0,"enemies":"2 Fungi Beasts","floor":8.0,"turns":6.0},{"damage":10.0,"enemies":"Lots of Slimes","floor":10.0,"turns":5.0},{"damage":34.0,"enemies":"Gremlin Nob","floor":14.0,"turns":4.0},{"damage":17.0,"enemies":"Hexaghost","floor":16.0,"turns":7.0},{"damage":29.0,"enemies":"Chosen","floor":18.0,"turns":4.0},{"damage":16.0,"enemies":"Spheric Guardian","floor":20.0,"turns":4.0},{"damage":5.0,"enemies":"Snecko","floor":22.0,"turns":9.0},{"damage":7.0,"enemies":"3 Cultists","floor":24.0,"turns":5.0},{"damage":5.0,"enemies":"Gremlin Leader","floor":28.0,"turns":5.0},{"damage":11.0,"enemies":"Cultist and Chosen","floor":29.0,"turns":7.0},{"damage":3.0,"enemies":"Shelled Parasite and Fungi","floor":31.0,"turns":6.0},{"damage":43.0,"enemies":"Collector","floor":33.0,"turns":10.0},{"damage":8.0,"enemies":"Orb Walker","floor":35.0,"turns":3.0},{"damage":8.0,"enemies":"3 Shapes","floor":36.0,"turns":8.0},{"damage":37.0,"enemies":"Maw","floor":37.0,"turns":8.0},{"damage":21.0,"enemies":"Transient","floor":38.0,"turns":6.0},{"damage":13.0,"enemies":"Spire Growth","floor":39.0,"turns":7.0},{"damage":43.0,"enemies":"Maw","floor":45.0,"turns":8.0},{"damage":26.0,"enemies":"Writhing Mass","floor":46.0,"turns":7.0},{"damage":14.0,"enemies":"Spire Growth","floor":47.0,"turns":5.0},{"damage":43,"enemies":"Awakened One","floor":50,"turns":9}],"seed_played":"4530734804571485936","potions_obtained":[{"floor":1.0,"key":"SkillPotion"},{"floor":7.0,"key":"PowerPotion"},{"floor":14.0,"key":"SmokeBomb"},{"floor":20.0,"key":"Swift Potion"},{"floor":29.0,"key":"SteroidPotion"},{"floor":31.0,"key":"AttackPotion"},{"floor":33.0,"key":"SteroidPotion"},{"floor":35.0,"key":"Block Potion"},{"floor":37.0,"key":"FearPotion"},{"floor":45.0,"key":"SkillPotion"},{"floor":46.0,"key":"BlessingOfTheForge"}],"is_trial":false,"path_per_floor":["M","?","$","M","M","R","M","M","T","M","R","$","?","E","R","B",null,"M","?","M","$","M","R","M","R","T","?","E","M","R","M","R","B",null,"M","M","M","M","M","R","?","R","T","R","M","M","M","$","R","B",null],"character_chosen":"IRONCLAD","items_purchased":["Combust","Omamori","BloodPotion","Whetstone"],"campfire_rested":3,"item_purchase_floors":[12,21,48,48],"current_hp_per_floor":[38,75,75,75,74,74,75,70,70,66,66,66,55,27,27,16,60,37,37,27,27,28,28,27,27,27,27,28,23,23,26,48,11,59,60,62,31,16,9,33,82,82,82,82,45,25,17,17,41,20],"gold":29,"neow_bonus":"ONE_RARE_RELIC","is_daily":false,"chose_seed":false,"campfire_upgraded":0,"win_rate":0.0,"timestamp":1612566135,"path_taken":["M","?","$","M","M","R","M","?","T","?","R","?","?","E","R","BOSS","M","?","M","$","M","R","M","R","T","?","E","M","R","M","R","BOSS","M","M","M","M","M","R","?","R","T","R","M","M","M","$","R","BOSS"],"items_purchased_type":["Card","Relic","Potion","Relic"],"build_version":"2020-12-22","purchased_purges":2,"victory":true,"max_hp_per_floor":[75,75,75,75,75,75,75,75,75,75,75,75,75,75,75,75,75,75,75,75,75,75,75,75,75,75,75,75,75,75,75,75,75,75,78,82,82,82,82,82,82,82,82,82,82,82,82,82,82,82],"card_choices":[{"not_picked":["Dual Wield","Pummel"],"picked":"Whirlwind","floor":1.0},{"not_picked":["Bloodletting","Havoc"],"picked":"Flame Barrier","floor":4.0},{"not_picked":["Reckless Charge","Heavy Blade","Body Slam"],"picked":"SKIP","floor":5.0},{"not_picked":["Power Through","Flex","Anger"],"picked":"SKIP","floor":7.0},{"not_picked":["Thunderclap","Pummel"],"picked":"Rupture","floor":8.0},{"not_picked":["Second Wind","Warcry"],"picked":"Limit Break","floor":10.0},{"not_picked":["Headbutt","Perfected Strike"],"picked":"Hemokinesis","floor":14.0},{"not_picked":["Exhume","Juggernaut"],"picked":"Impervious","floor":16.0},{"not_picked":["Body Slam","Spot Weakness"],"picked":"Anger","floor":18.0},{"not_picked":["Iron Wave","Wild Strike"],"picked":"Armaments+1","floor":20.0},{"not_picked":["Twin Strike","Pommel Strike","Body Slam"],"picked":"SKIP","floor":22.0},{"not_picked":["Perfected Strike","Infernal Blade","Thunderclap"],"picked":"SKIP","floor":24.0},{"not_picked":["Rampage","Body Slam+1","Anger"],"picked":"SKIP","floor":28.0},{"not_picked":["Second Wind","Dropkick","Fire Breathing+1"],"picked":"SKIP","floor":29.0},{"not_picked":["Twin Strike","Ghostly Armor"],"picked":"Shrug It Off","floor":31.0},{"not_picked":["Fire Breathing+1","Pommel Strike"],"picked":"Intimidate","floor":32.0},{"not_picked":["Limit Break","Reaper"],"picked":"Feed","floor":33.0},{"not_picked":["Pommel Strike","Entrench"],"picked":"Pummel","floor":35.0},{"not_picked":["True Grit","Dropkick+1","Carnage"],"picked":"SKIP","floor":36.0},{"not_picked":["Clash","Iron Wave"],"picked":"Shockwave","floor":37.0},{"not_picked":["Cleave+1","Perfected Strike","Spot Weakness"],"picked":"SKIP","floor":38.0},{"not_picked":["Shockwave+1","Flame Barrier+1"],"picked":"True Grit+1","floor":39.0},{"not_picked":["Headbutt","True Grit","Intimidate"],"picked":"SKIP","floor":45.0},{"not_picked":["Wild Strike","Anger","Clash"],"picked":"SKIP","floor":46.0},{"not_picked":["Headbutt","Evolve","Wild Strike"],"picked":"SKIP","floor":47.0},{"not_picked":["Shrug It Off","Seeing Red"],"picked":"Whirlwind+1","floor":49.0}],"player_experience":477519,"relics_obtained":[{"floor":6.0,"key":"Red Skull"},{"floor":9.0,"key":"Gremlin Horn"},{"floor":11.0,"key":"Incense Burner"},{"floor":14.0,"key":"Unceasing Top"},{"floor":15.0,"key":"FossilizedHelix"},{"floor":23.0,"key":"Oddly Smooth Stone"},{"floor":25.0,"key":"Gambling Chip"},{"floor":26.0,"key":"Bronze Scales"},{"floor":28.0,"key":"Boot"},{"floor":30.0,"key":"Pen Nib"},{"floor":42.0,"key":"PreservedInsect"},{"floor":43.0,"key":"InkBottle"},{"floor":44.0,"key":"Vajra"}],"event_choices":[{"cards_removed":["Whirlwind"],"damage_healed":37.0,"max_hp_gain":0.0,"max_hp_loss":0.0,"gold_gain":0.0,"event_name":"Bonfire Elementals","player_choice":"Offered Uncommon","floor":2.0,"gold_loss":0.0,"damage_taken":0.0},{"damage_healed":0.0,"max_hp_gain":0.0,"max_hp_loss":0.0,"gold_gain":75.0,"event_name":"World of Goop","player_choice":"Gather Gold","floor":13.0,"gold_loss":0.0,"damage_taken":11.0},{"damage_healed":0.0,"max_hp_gain":0.0,"max_hp_loss":0.0,"gold_gain":0.0,"event_name":"The Mausoleum","player_choice":"Opened","floor":19.0,"gold_loss":0.0,"damage_taken":0.0,"relics_obtained":["Dream Catcher"],"cards_obtained":["Writhe"]},{"damage_healed":0.0,"max_hp_gain":0.0,"max_hp_loss":0.0,"gold_gain":0.0,"event_name":"Masked Bandits","player_choice":"Paid Fearfully","floor":27.0,"gold_loss":83.0,"damage_taken":0.0},{"damage_healed":49.0,"max_hp_gain":0.0,"max_hp_loss":0.0,"gold_gain":0.0,"event_name":"Wheel of Change","player_choice":"Full Heal","floor":41.0,"gold_loss":0.0,"damage_taken":0.0}],"is_beta":false,"boss_relics":[{"not_picked":["Philosopher\u0027s Stone","Snecko Eye","Runic Dome"]},{"not_picked":["Astrolabe","Tiny House"],"picked":"Cursed Key"}],"items_purged_floors":[3,21],"is_endless":false,"potions_floor_spawned":[1,7,14,20,29,31,33,35,37,45,46],"ascension_level":18}}