{"host":"dscols65uipasqd2","time":1612498516,"event":{"mods":["2.2 Compatiblity","AchievementEnabler","Aspiration","BaseMod","Colored Powertips","Downfall","Energized Spire","GifTheSpireLib","Hermit","Hubris","Infinite Spire","JesterMod","Jorbs\u0027s Wanderer Trilogy","Marisa????????","Minty Spire (QoL Compilation)","Rare Cards Sparkle","Replay The Spire","StSLib","Stuff the Spire","The Cursed","The Disciple","The Hierophant","The Judge","The Jungle","The Runesmith","TheFirefly"],"gold_per_floor":[99,119,569,569,554,569,569,597,497,530,530,530,17,27,47,143,193,193,205,225,225,175,175,175,175,75,8,35,135,168,185,205,314,314,214,225,246,264,282,282,282,282],"floor_reached":40,"language":"ENG","playtime":2071,"items_purged":[],"score":582,"play_id":"e0f8443b-268b-4322-8c80-2e99c329aab5","local_time":"20210204231516","is_ascension_mode":true,"campfire_choices":[{"floor":1,"key":"RECALL"},{"floor":9,"key":"REST"},{"floor":11,"key":"REST"},{"data":"downfall:Icky","floor":18,"key":"PURGE"},{"data":"ReplayTheSpireMod:Chaos Vortex","floor":26,"key":"SMITH"}],"circlet_count":0,"master_deck":["bronze:Strike","bronze:Strike","bronze:Strike","bronze:Strike","bronze:Defend","bronze:Defend","bronze:Defend","bronze:Defend","bronze:Replicate","bronze:Goto","bronze:Flail","downfall:Icky","downfall:Icky","bronze:Replicate","bronze:Separator","bronze:Optimize","bronze:Repulsor","bronze:Mutator","bronze:Iterate+1","bronze:DarkDash","bronze:WhirlingStrike","bronze:SpaghettiCode","bronze:ChosenStrike","bronze:Frontload","bronze:Optimize+1","ReplayTheSpireMod:Chaos Vortex+1","bronze:GetLatest","hermit:ItchyTrigger","Replay:SS_forest_2+1","bronze:DonuBeam","bronze:DecaBeam","sneckomod:UnknownClassDEFAULT_GRAY_COLOR","Guardian:TimeSifter","hermit:Scavenge+1","Runesmith:Grindstone+1","Slimebound:PrepareCrush+1","ReplayTheSpireMod:Restless Dread","Guardian:Clone+1","TheCursedMod:Torture+1","Rebound","PowerUp+1"],"relics":["bronze:BronzeCore","aspiration:StickyExplosives_weak","Replay:Multitool","downfall:HeartBlessingRed","Replay:Mystery Machine","Replay:WaspNest","Replay:Rubber Ducky","hubris:EmptyBottle","Oddly Smooth Stone","Tiny House","PrismaticShard","aspiration:IroncladSkillbook","bronze:BottledCode","downfall:HeartBlessingBlue","TungstenRod","infinitespire:Beetle Shell","hubris:VirtuousBlindfold","downfall:HeartBlessingGreen"],"acts_visited":["Exordium","TheCity","TheBeyond"],"potions_floor_usage":[8,10,14,16,16,16,20,20,27,27,28,28,29,29,30,30,33,37,37,37,39,39],"damage_taken":[{"damage":0,"enemies":"Cultist","floor":2,"turns":4},{"damage":10,"enemies":"downfall:FleeingMerchant","floor":5,"turns":4},{"damage":0,"enemies":"2 Louse","floor":6,"turns":2},{"damage":21,"enemies":"Gremlin Nob","floor":8,"turns":4},{"damage":9,"enemies":"3 Sentries","floor":10,"turns":2},{"damage":9,"enemies":"downfall:FleeingMerchant","floor":13,"turns":4},{"damage":0,"enemies":"Jaw Worm","floor":14,"turns":1},{"damage":13,"enemies":"Blue Slaver","floor":15,"turns":2},{"damage":0,"enemies":"IC_STATUS_ARCHETYPE","floor":16,"turns":2},{"damage":12,"enemies":"Chosen","floor":19,"turns":3},{"damage":4,"enemies":"Shell Parasite","floor":20,"turns":5},{"damage":0,"enemies":"downfall:FleeingMerchant","floor":27,"turns":4},{"damage":3,"enemies":"Gremlin Leader","floor":28,"turns":5},{"damage":24,"enemies":"Gremlin Leader","floor":29,"turns":6},{"damage":25,"enemies":"Slavers","floor":30,"turns":4},{"damage":10,"enemies":"Cultist and Chosen","floor":31,"turns":2},{"damage":16,"enemies":"Snake Plant","floor":32,"turns":3},{"damage":10,"enemies":"SI_MIRROR_ARCHETYPE","floor":33,"turns":10},{"damage":22,"enemies":"3 Shapes","floor":36,"turns":3},{"damage":26,"enemies":"3 Darklings","floor":37,"turns":4},{"damage":0,"enemies":"Spire Growth","floor":38,"turns":6},{"damage":16,"enemies":"Maw","floor":39,"turns":6},{"damage":30,"enemies":"Writhing Mass","floor":40,"turns":2}],"seed_played":"-123345415824115205","potions_obtained":[{"floor":0,"key":"infinitespire:BlackPotion"},{"floor":0,"key":"Flashbang"},{"floor":0,"key":"PowerPotion"},{"floor":10,"key":"champ:CounterPotion"},{"floor":14,"key":"Energy Potion"},{"floor":17,"key":"SpeedPotion"},{"floor":28,"key":"Swift Potion"},{"floor":29,"key":"bronze:BuildAFunctionPotion"},{"floor":30,"key":"Doom Potion"},{"floor":33,"key":"LiquidMemories"},{"floor":36,"key":"AttackPotion"},{"floor":38,"key":"Languid Potion"}],"is_trial":false,"path_per_floor":["R","M","?","?","$","M","T","E","R","E","R","T","$","M","M","B",null,"R","M","M","AVR","?","?","T","?","R","$","E","?","E","M","M","B",null,"R","M","M","M","M","M"],"character_chosen":"THE_AUTOMATON","items_purchased":["Replay:Rubber Ducky","hubris:EmptyBottle","Oddly Smooth Stone","AttackPotion","SkillPotion"],"campfire_rested":2,"item_purchase_floors":[13,13,13,13,27],"current_hp_per_floor":[70,70,70,70,60,60,60,39,60,51,70,70,61,61,48,48,75,75,63,59,59,75,65,65,65,75,75,75,55,34,28,16,10,75,75,57,35,39,27,0,0,0],"gold":282,"neow_bonus":"THREE_SMALL_POTIONS","is_daily":false,"chose_seed":false,"campfire_upgraded":1,"win_rate":0.0,"timestamp":1612498516,"path_taken":["R","?","?","?","$","?","T","E","R","E","R","?","$","M","M","BOSS","R","M","M","AVR","?","?","T","?","R","$","E","?","E","?","M","BOSS","R","M","M","M","M","M"],"items_purchased_type":["Relic","Relic","Relic","Potion","Potion"],"build_version":"2020-12-22","purchased_purges":0,"victory":false,"max_hp_per_floor":[70,70,70,70,70,70,70,70,70,70,70,70,70,70,70,70,75,75,75,75,75,75,65,65,65,75,75,75,75,75,75,75,75,75,75,75,75,75,75,75,75,75],"card_choices":[{"not_picked":["bronze:ChildClass","bronze:Backtrace"],"picked":"bronze:Flail","floor":2},{"not_picked":["bronze:Invalidate","bronze:Frontload"],"picked":"bronze:Separator","floor":5},{"not_picked":["bronze:Separator","bronze:Overload"],"picked":"bronze:Optimize","floor":6},{"not_picked":["bronze:Shield","bronze:Frontload"],"picked":"bronze:Repulsor","floor":8},{"not_picked":["bronze:FollowUp","bronze:DelayedSlice"],"picked":"bronze:Mutator","floor":10},{"not_picked":["bronze:DelayedGuard","bronze:BitShift"],"picked":"bronze:Iterate","floor":13},{"not_picked":["bronze:GetLatest","bronze:Invalidate"],"picked":"bronze:DarkDash","floor":14},{"not_picked":["bronze:WildBeam","bronze:BuggyMess"],"picked":"bronze:WhirlingStrike","floor":15},{"not_picked":["bronze:BurnOut","bronze:TinkerersToolbox"],"picked":"bronze:SpaghettiCode","floor":16},{"not_picked":["bronze:WhirlingStrike","bronze:InfiniteBeams"],"picked":"bronze:ChosenStrike","floor":17},{"not_picked":["bronze:ChosenStrike","bronze:ItsAFeature"],"picked":"bronze:Frontload","floor":19},{"not_picked":["bronze:Constructor","bronze:Boost"],"picked":"bronze:Optimize+1","floor":20},{"not_picked":["stsjorbsmod:Clarify","jesterMod:Unleash","StuffTheSpire:RagingBull"],"picked":"hermit:ItchyTrigger","floor":27},{"not_picked":["champ:StanceDance+1","Brutality","Hologram"],"picked":"Replay:SS_forest_2","floor":28},{"not_picked":[],"picked":"bronze:DonuBeam","floor":29},{"not_picked":[],"picked":"bronze:DecaBeam","floor":29},{"not_picked":["GrandCross","stsjorbsmod:SchoolsOfMagic","hierophant:Doubloon+1"],"picked":"sneckomod:UnknownClassDEFAULT_GRAY_COLOR","floor":29},{"not_picked":["thefirefly:AccountUncertainty","Concentrate","sneckomod:MixItUp"],"picked":"Guardian:TimeSifter","floor":30},{"not_picked":["hermit:WideOpen","WitchOfGreed+1","hermit:Coalescence"],"picked":"hermit:Scavenge+1","floor":31},{"not_picked":["Doom and Gloom+1","sneckomod:UnknownClassRED","Bane"],"picked":"Runesmith:Grindstone+1","floor":32},{"not_picked":["Judgement","infinitespire:Neurotoxin","sneckomod:UnknownRareAttack"],"picked":"Slimebound:PrepareCrush","floor":33},{"not_picked":["bronze:WildBeam","Analog+1","OpenUniverse+1"],"picked":"Guardian:Clone+1","floor":36},{"not_picked":["ReplayTheSpireMod:Strike From Hell","sneckomod:UnknownBlock","Runesmith:FrozenChisel"],"picked":"TheCursedMod:Torture+1","floor":37},{"not_picked":["jesterMod:BouncingKnife","Singularity","Replay:BluntJabs"],"picked":"Rebound","floor":38},{"not_picked":["stsjorbsmod:SilverStrike+1","thefirefly:AutoTargeting","Seeing Red"],"picked":"PowerUp+1","floor":39}],"player_experience":590206,"relics_obtained":[{"floor":7,"key":"aspiration:StickyExplosives_weak"},{"floor":8,"key":"Replay:Multitool"},{"floor":10,"key":"Replay:Mystery Machine"},{"floor":12,"key":"Replay:WaspNest"},{"floor":28,"key":"TungstenRod"},{"floor":30,"key":"infinitespire:Beetle Shell"}],"event_choices":[{"damage_healed":0,"gold_gain":0,"player_choice":"Read","damage_taken":0,"max_hp_gain":0,"max_hp_loss":0,"event_name":"The Library","floor":25,"gold_loss":0,"cards_obtained":["bronze:GetLatest"]}],"is_beta":false,"boss_relics":[{"not_picked":["hubris:HollowSoul","Coffee Dripper"],"picked":"Tiny House"},{"not_picked":["Kintsugi","Sozu"],"picked":"hubris:VirtuousBlindfold"}],"items_purged_floors":[],"is_endless":false,"potions_floor_spawned":[6,10,14,15,28,29,30,33,36,38],"killed_by":"Writhing Mass","ascension_level":2}}