{"host":"bakf0s4odzu8z5xt","time":1612490927,"event":{"mods":["2.2 Compatiblity","BaseMod","Downfall","Friendly Minions","Minty Spire (QoL Compilation)","StSLib"],"gold_per_floor":[99,112,112,130,140,155,155,171,171,55,66,83,83,98,110,214,214,114,125,145,158,43,43,121,146,93,43,60,60,72,72,72,72],"floor_reached":31,"language":"ENG","playtime":2422,"items_purged":["hexamod:Strike","hexamod:Strike"],"score":253,"play_id":"0a32f9ec-1580-42a2-abaa-8d7e6bbe5614","local_time":"20210204200847","is_ascension_mode":false,"campfire_choices":[{"floor":1,"key":"RECALL"},{"data":"hexamod:FastForward","floor":9,"key":"SMITH"},{"data":"hexamod:Float","floor":13,"key":"SMITH"},{"data":"hexamod:Rewind","floor":18,"key":"SMITH"},{"data":"hexamod:GhostOfSpireFuture","floor":29,"key":"SMITH"}],"circlet_count":0,"master_deck":["hexamod:Strike","hexamod:Strike","hexamod:Defend","hexamod:Defend","hexamod:Defend","hexamod:Defend","hexamod:Sear","hexamod:Float+1","hexamod:RadiantFlame+1","hexamod:SpectersWail","hexamod:HeatMetal","hexamod:ShieldOfDarkness","hexamod:FastForward+1","hexamod:ApocalypseNow","hexamod:SwordOfDarkness","hexamod:InspiringFlames","hexamod:Rewind+1","hexamod:HeatCrush","hexamod:TimeWarp","hexamod:SpectralAdrenaline+1","hexamod:ExtraCrispy","hexamod:FastForward+1","hexamod:CatchUp","hexamod:RecurringNightmare","hexamod:FastForward+1","hexamod:GhostOfSpireFuture+1"],"relics":["hexamod:UnbrokenSoul","Toy Ornithopter","bronze:BronzeIdol","downfall:HeartBlessingRed","Eternal Feather","Shuriken"],"acts_visited":["Exordium","TheCity"],"potions_floor_usage":[11,14,25,25,30],"damage_taken":[{"damage":1,"enemies":"Jaw Worm","floor":2,"turns":3},{"damage":2,"enemies":"Small Slimes","floor":4,"turns":3},{"damage":0,"enemies":"Cultist","floor":5,"turns":3},{"damage":7,"enemies":"Blue Slaver","floor":6,"turns":3},{"damage":0,"enemies":"3 Louse","floor":8,"turns":2},{"damage":0,"enemies":"downfall:FleeingMerchant","floor":10,"turns":4},{"damage":8,"enemies":"Lots of Slimes","floor":11,"turns":2},{"damage":7,"enemies":"3 Louse","floor":12,"turns":3},{"damage":3,"enemies":"2 Fungi Beasts","floor":14,"turns":4},{"damage":9,"enemies":"Blue Slaver","floor":15,"turns":4},{"damage":7,"enemies":"SI_SHIV_ARCHETYPE","floor":16,"turns":9},{"damage":5,"enemies":"3 Byrds","floor":19,"turns":4},{"damage":5,"enemies":"Chosen","floor":20,"turns":3},{"damage":21,"enemies":"Centurion and Healer","floor":21,"turns":5},{"damage":0,"enemies":"downfall:FleeingMerchant","floor":22,"turns":4},{"damage":38,"enemies":"Slavers","floor":25,"turns":6},{"damage":15,"enemies":"downfall:FleeingMerchant","floor":26,"turns":4},{"damage":6,"enemies":"Snake Plant","floor":28,"turns":3},{"damage":36,"enemies":"Shelled Parasite and Fungi","floor":30,"turns":5},{"damage":10,"enemies":"Chosen and Byrds","floor":31,"turns":1}],"seed_played":"-1037593792441442222","potions_obtained":[{"floor":4,"key":"sneckomod:MuddlingPotion"},{"floor":5,"key":"hexamod:DoubleChargePotion"},{"floor":12,"key":"FearPotion"},{"floor":14,"key":"FairyPotion"},{"floor":15,"key":"DuplicationPotion"},{"floor":20,"key":"Swift Potion"},{"floor":28,"key":"PowerPotion"},{"floor":30,"key":"Weak Potion"}],"is_trial":false,"path_per_floor":["R","M","?","M","M","M","T","M","R","$","M","M","R","M","M","B",null,"R","M","M","M","$","?","T","E","$","?","M","R","M","M"],"character_chosen":"THE_SPIRIT","items_purchased":["hexamod:SwordOfDarkness","hexamod:GhostOfSpireFuture"],"campfire_rested":0,"item_purchase_floors":[10,26],"current_hp_per_floor":[70,69,74,72,72,65,65,65,65,65,62,55,55,57,48,41,75,75,70,65,44,44,44,44,16,1,30,24,39,8,0,0,0],"gold":72,"neow_bonus":"RANDOM_COMMON_RELIC","is_daily":false,"chose_seed":false,"campfire_upgraded":4,"win_rate":0.0,"timestamp":1612490927,"path_taken":["R","M","?","M","M","M","T","M","R","$","M","M","R","M","M","BOSS","R","M","M","M","$","?","T","E","?","?","M","R","M","M"],"items_purchased_type":["Card","Card"],"build_version":"2020-12-22","purchased_purges":2,"victory":false,"max_hp_per_floor":[70,70,75,75,75,75,75,75,75,75,75,75,75,75,75,75,75,75,75,75,75,75,75,75,75,75,75,75,75,75,75,75,75],"card_choices":[{"not_picked":["hexamod:Hexaguard","hexamod:ShieldOfDarkness"],"picked":"hexamod:RadiantFlame","floor":2},{"not_picked":["hexamod:SpectralSpark","hexamod:NightmareGuise"],"picked":"hexamod:SpectersWail","floor":4},{"not_picked":["hexamod:NightmareStrike","hexamod:RecurringNightmare"],"picked":"hexamod:HeatMetal","floor":5},{"not_picked":["hexamod:AdvancingGuard","hexamod:NightmareGuise"],"picked":"hexamod:ShieldOfDarkness","floor":6},{"not_picked":["hexamod:FlamesFromBeyond","hexamod:RetreatToShadows"],"picked":"hexamod:FastForward","floor":8},{"not_picked":["hexamod:Haunt","hexamod:BacktrackSmack"],"picked":"hexamod:ApocalypseNow","floor":10},{"not_picked":["hexamod:GhostShield","hexamod:Firestarter"],"picked":"hexamod:InspiringFlames","floor":11},{"not_picked":["hexamod:FourthSeal","hexamod:SpectersWail","hexamod:Firestarter"],"picked":"SKIP","floor":12},{"not_picked":["hexamod:FlamesFromBeyond","hexamod:RecurringNightmare"],"picked":"hexamod:Rewind","floor":14},{"not_picked":["hexamod:RetreatToShadows","hexamod:Haunt"],"picked":"hexamod:HeatCrush","floor":15},{"not_picked":["hexamod:FifthSeal","hexamod:UnlimitedPower"],"picked":"hexamod:TimeWarp","floor":16},{"not_picked":["hexamod:ShieldOfDarkness","hexamod:FlamesFromBeyond"],"picked":"hexamod:SpectralAdrenaline+1","floor":19},{"not_picked":["hexamod:HauntingEcho+1","hexamod:Rewind+1"],"picked":"hexamod:ExtraCrispy","floor":20},{"not_picked":["hexamod:ThermalTransfer","hexamod:RainOfEmbers+1"],"picked":"hexamod:FastForward+1","floor":21},{"not_picked":["hexamod:GhostLash","hexamod:GhostOfSpirePresent"],"picked":"hexamod:CatchUp","floor":22},{"not_picked":["hexamod:SecondSeal","hexamod:SkipABeat"],"picked":"hexamod:RecurringNightmare","floor":25},{"not_picked":["hexamod:Toasty","hexamod:BacktrackSmack+1"],"picked":"hexamod:FastForward+1","floor":26},{"not_picked":["hexamod:PowerFromBeyond","hexamod:BacktrackSmack","hexamod:SpectersWail+1"],"picked":"SKIP","floor":28},{"not_picked":["hexamod:FlamesFromBeyond","hexamod:SuperheatedStrike","hexamod:HeatMetal"],"picked":"SKIP","floor":30}],"player_experience":2078176,"relics_obtained":[{"floor":7,"key":"bronze:BronzeIdol"},{"floor":24,"key":"Eternal Feather"},{"floor":25,"key":"Shuriken"}],"event_choices":[{"damage_healed":0,"gold_gain":0,"player_choice":"Donut","damage_taken":0,"max_hp_gain":5,"max_hp_loss":0,"event_name":"Big Fish","floor":3,"gold_loss":0}],"is_beta":false,"boss_relics":[{"not_picked":["sneckomod:SneckoTalon","SlaversCollar"],"picked":"hexamod:UnbrokenSoul"}],"items_purged_floors":[10,22],"is_endless":false,"potions_floor_spawned":[4,5,12,14,15,20,21,28,30],"killed_by":"Chosen and Byrds","ascension_level":0}}