{"host":"og21o26alpnbwmz8","time":1612486245,"event":{"mods":["Act Like it!","Aspiration","BaseMod","Conspire","Downfall","Halation","Hallownest","Hubris","Jedi Mod","Mimic Mod","Minty Spire (QoL Compilation)","Pale of the Ancients","Reliquary","Replay The Spire","Shop Mod","Spikes Relics","StSLib","The Alterego","The Blackbeard","The Blue Laboratory","The Death Knight","The Runesmith","Waifu the Spire"],"gold_per_floor":[99,151,151,151,22,33,33,33,65,65,85,70,70,70,90,187,187,87,97,97,114,2,2,27,59,59,44,44,44,44,44],"floor_reached":29,"language":"ENG","playtime":1418,"items_purged":["Guardian:Strike_Guardian"],"score":260,"play_id":"2b6ae880-50b3-44b9-9c2c-ff671d104abd","local_time":"20210204195045","is_ascension_mode":false,"campfire_choices":[{"floor":1,"key":"RECALL"},{"data":"Guardian:ShieldCharger","floor":8,"key":"SMITH"},{"data":"Guardian:Defend_Guardian","floor":10,"key":"SMITH"},{"data":"Guardian:ShieldSpikes","floor":13,"key":"SMITH"},{"floor":18,"key":"REST"},{"floor":28,"key":"REST"}],"circlet_count":0,"master_deck":["Guardian:Defend_Guardian+1","Guardian:Defend_Guardian+1","Guardian:Defend_Guardian","Guardian:Defend_Guardian","Guardian:CurlUp","Guardian:TwinSlam+1","Guardian:SpikerProtocol","Guardian:ShieldCharger+1","Guardian:EvasiveProtocol","Guardian:ShieldSpikes+1","Guardian:ConstructionForm","Guardian:ShieldCharger","Guardian:EvasiveProtocol+1","expansioncontent:Hexaburn","Guardian:ArmoredProtocol+1","Guardian:RollAttack","Atom Bomb","ShadowRift","Dash","Guardian:ConstructionForm"],"relics":["Guardian:ModeShifter","RetroEgg","jedi:arcanewood","halation:Trompette","reliquary:Aerogel","Fusion Hammer","downfall:HeartBlessingRed","Replay:Kaleidoscope"],"acts_visited":["Exordium","Hallownest:Greenpath"],"potions_floor_usage":[29,29],"damage_taken":[{"damage":0,"enemies":"downfall:FleeingMerchant","floor":5,"turns":4},{"damage":0,"enemies":"Hallownest:monsterHuskGuard","floor":6,"turns":5},{"damage":12,"enemies":"Hallownest:eliteCrystalGuardian","floor":9,"turns":7},{"damage":0,"enemies":"Hallownest:2_Baldur","floor":11,"turns":4},{"damage":0,"enemies":"downfall:FleeingMerchant","floor":12,"turns":4},{"damage":0,"enemies":"2_ Uuma","floor":15,"turns":6},{"damage":8,"enemies":"SI_SHIV_ARCHETYPE","floor":16,"turns":12},{"damage":1,"enemies":"Hallownest:3_Youths","floor":19,"turns":10},{"damage":0,"enemies":"Hallownest:Guard_and_Sentry","floor":21,"turns":7},{"damage":0,"enemies":"downfall:FleeingMerchant","floor":22,"turns":4},{"damage":0,"enemies":"Hallownest:monsterMisterMushroom","floor":23,"turns":9},{"damage":0,"enemies":"Hallownest:Nosk","floor":25,"turns":14},{"damage":7,"enemies":"downfall:FleeingMerchant","floor":27,"turns":4},{"damage":0,"enemies":"Hallownest:eliteWatcherKnight","floor":29,"turns":8}],"seed_played":"2680667278518575118","potions_obtained":[{"floor":2,"key":"Dexterity Potion"},{"floor":6,"key":"EssenceOfSteel"},{"floor":11,"key":"Block Potion"}],"is_trial":false,"path_per_floor":["R","?","?","?","$","M","T","R","E","R","M","$","R","T","M","B",null,"R","M","?","M","$","M","T","E","?","$","R","E"],"character_chosen":"GUARDIAN","items_purchased":["Guardian:SpikerProtocol","expansioncontent:Hexaburn"],"campfire_rested":2,"item_purchase_floors":[5,22],"current_hp_per_floor":[80,48,48,48,48,48,48,48,36,36,36,36,36,36,36,28,80,80,79,79,79,79,79,79,79,79,72,80,80,80,80],"gold":44,"neow_bonus":"UPGRADE_CARD","is_daily":false,"chose_seed":false,"campfire_upgraded":3,"win_rate":0.0,"timestamp":1612486245,"path_taken":["R","?","?","?","$","M","T","R","E","R","M","$","R","?","M","BOSS","R","M","?","?","$","M","T","E","?","$","R","E"],"items_purchased_type":["Card","Card"],"build_version":"2020-12-22","purchased_purges":1,"victory":false,"max_hp_per_floor":[80,80,80,80,80,80,80,80,80,80,80,80,80,80,80,80,80,80,80,80,80,80,80,80,80,80,80,80,80,80,80],"card_choices":[{"not_picked":["Guardian:PiercingHide","Guardian:Gem_Green"],"picked":"Guardian:Gem_Cyan","floor":2},{"not_picked":["Guardian:Recover","Guardian:SpikerProtocol"],"picked":"Guardian:Gem_Lightblue","floor":5},{"not_picked":["Guardian:ChargeCore","Guardian:TemporalStrike"],"picked":"Guardian:ShieldCharger","floor":6},{"not_picked":["Guardian:PrimingBeam","Guardian:Gem_Red","Guardian:BronzeOrb"],"picked":"SKIP","floor":9},{"not_picked":["Guardian:Gem_Red","Guardian:Incinerate"],"picked":"Guardian:EvasiveProtocol","floor":11},{"not_picked":["Guardian:Gem_Crimson","Guardian:Emergency"],"picked":"Guardian:ShieldSpikes","floor":12},{"not_picked":["Guardian:CrystalBeam","Guardian:Incinerate","Guardian:Clone"],"picked":"SKIP","floor":15},{"not_picked":["Guardian:ExploitGems","Guardian:Gem_Synthetic"],"picked":"Guardian:ConstructionForm","floor":16},{"not_picked":["Guardian:Gem_Red","Guardian:TimeCapacitor+1"],"picked":"Guardian:ShieldCharger","floor":19},{"not_picked":["Guardian:PolyBeam","Guardian:Reroute+1","Guardian:RollAttack"],"picked":"SKIP","floor":21},{"not_picked":["Guardian:Recover","Guardian:SpikerProtocol"],"picked":"Guardian:EvasiveProtocol+1","floor":22},{"not_picked":["Guardian:Reroute","Guardian:BronzeOrb"],"picked":"Guardian:ArmoredProtocol+1","floor":23},{"not_picked":["Guardian:Planning+1","Guardian:BronzeArmor"],"picked":"Guardian:RollAttack","floor":25},{"not_picked":["Guardian:PrimingBeam","Guardian:Orbwalk"],"picked":"Guardian:ConstructionForm","floor":27}],"player_experience":223036,"relics_obtained":[{"floor":2,"key":"RetroEgg"},{"floor":7,"key":"jedi:arcanewood"},{"floor":9,"key":"halation:Trompette"},{"floor":14,"key":"reliquary:Aerogel"},{"floor":25,"key":"Replay:Kaleidoscope"}],"event_choices":[],"is_beta":false,"boss_relics":[{"not_picked":["jedi:battlestandard","aspiration:PoetsPen_weak"],"picked":"Fusion Hammer"}],"items_purged_floors":[5],"is_endless":false,"potions_floor_spawned":[6,11,15,19,21,25],"killed_by":"Hallownest:eliteWatcherKnight","ascension_level":0}}