{"host":"8is2j71l4wmybkoi","time":1612506548,"event":{"mods":["AchievementEnabler","BaseMod","Colored Map","Minty Spire (QoL Compilation)","Rare Cards Sparkle","StSLib","SuperFastMode"],"gold_per_floor":[117,133,133,147,166,201,201,236,236,268,45,45,64,64,64,135,135,150,150,166,91,101,113,37,54,54,54,0,0,0],"floor_reached":29,"language":"KOR","playtime":695,"items_purged":["Strike_R"],"score":516,"play_id":"f710dba9-837b-43ad-af2d-2d0551541d1a","local_time":"20210205152908","is_ascension_mode":true,"campfire_choices":[{"data":"Armaments","floor":7.0,"key":"SMITH"},{"floor":12.0,"key":"REST"},{"data":"Inflame","floor":15.0,"key":"SMITH"},{"floor":27,"key":"REST"}],"circlet_count":0,"master_deck":["AscendersBane","Strike_R","Defend_R","Defend_R","Defend_R","Defend_R","Bash","Cleave","Inflame+1","Sword Boomerang","Reckless Charge+1","Armaments+1","Twin Strike","Fire Breathing+1","Twin Strike","Limit Break","Shockwave+1","Evolve","Pommel Strike","Shrug It Off","Flex"],"relics":["Burning Blood","Pear","Boot","StrikeDummy","Bottled Tornado","ClockworkSouvenir","Mark of Pain","GremlinMask","Bag of Marbles"],"acts_visited":["Exordium","TheCity"],"potions_floor_usage":[25],"damage_taken":[{"damage":14.0,"enemies":"Jaw Worm","floor":1.0,"turns":3.0},{"damage":6.0,"enemies":"Cultist","floor":2.0,"turns":3.0},{"damage":7.0,"enemies":"Small Slimes","floor":4.0,"turns":3.0},{"damage":18.0,"enemies":"3 Louse","floor":5.0,"turns":3.0},{"damage":18.0,"enemies":"Gremlin Nob","floor":6.0,"turns":4.0},{"damage":30.0,"enemies":"Lagavulin","floor":8.0,"turns":7.0},{"damage":16.0,"enemies":"Gremlin Nob","floor":10.0,"turns":4.0},{"damage":0.0,"enemies":"Red Slaver","floor":13.0,"turns":1.0},{"damage":0.0,"enemies":"Slime Boss","floor":16.0,"turns":5.0},{"damage":13.0,"enemies":"Shell Parasite","floor":18.0,"turns":3.0},{"damage":8.0,"enemies":"Chosen","floor":20.0,"turns":3.0},{"damage":13.0,"enemies":"Snecko","floor":22.0,"turns":3.0},{"damage":27.0,"enemies":"Centurion and Healer","floor":23.0,"turns":3.0},{"damage":23,"enemies":"Shelled Parasite and Fungi","floor":25,"turns":3},{"damage":45,"enemies":"Slavers","floor":29,"turns":3}],"seed_played":"3501024546745859648","potions_obtained":[{"floor":4.0,"key":"Weak Potion"},{"floor":6.0,"key":"GamblersBrew"},{"floor":10.0,"key":"PowerPotion"},{"floor":13.0,"key":"SkillPotion"},{"floor":16.0,"key":"SpeedPotion"},{"floor":25,"key":"FearPotion"}],"is_trial":false,"path_per_floor":["M","M","?","M","M","E","R","E","T","E","$","R","M","?","R","B",null,"M","?","M","?","M","M","$","M","T","R","?","E"],"character_chosen":"IRONCLAD","items_purchased":["ClockworkSouvenir","Shrug It Off","Flex"],"campfire_rested":2,"item_purchase_floors":[11,24,24],"current_hp_per_floor":[60,60,60,59,47,45,45,21,21,11,11,36,42,16,16,22,69,62,62,60,60,53,32,32,15,15,40,40,0,0],"gold":0,"neow_bonus":"TRANSFORM_CARD","is_daily":false,"chose_seed":false,"campfire_upgraded":2,"win_rate":0.0,"timestamp":1612506548,"path_taken":["M","M","?","M","?","E","R","E","T","E","$","R","M","?","R","BOSS","M","?","?","?","M","M","?","M","T","R","?","E"],"items_purchased_type":["Relic","Card","Card"],"build_version":"2020-12-22","purchased_purges":1,"victory":false,"max_hp_per_floor":[75,75,75,75,75,85,85,85,85,85,85,85,85,85,85,85,85,85,85,85,85,85,85,85,85,85,85,85,85,85],"card_choices":[{"not_picked":["Headbutt","Entrench"],"picked":"Inflame","floor":1.0},{"not_picked":["Warcry","Pommel Strike"],"picked":"Sword Boomerang","floor":2.0},{"not_picked":["Shrug It Off","Perfected Strike"],"picked":"Reckless Charge","floor":4.0},{"not_picked":["Sentinel","Pummel"],"picked":"Armaments","floor":5.0},{"not_picked":["Body Slam","Sword Boomerang"],"picked":"Twin Strike","floor":6.0},{"not_picked":["Brutality","Carnage"],"picked":"Fire Breathing","floor":8.0},{"not_picked":["Warcry","Iron Wave"],"picked":"Twin Strike","floor":10.0},{"not_picked":["Iron Wave","Twin Strike","Cleave"],"picked":"SKIP","floor":13.0},{"not_picked":["Barricade","Juggernaut"],"picked":"Limit Break","floor":16.0},{"not_picked":["Clothesline","Sword Boomerang+1"],"picked":"Shockwave+1","floor":18.0},{"not_picked":["Clash","Wild Strike","Pummel"],"picked":"SKIP","floor":20.0},{"not_picked":["Havoc","Perfected Strike"],"picked":"Evolve","floor":22.0},{"not_picked":["Headbutt","Anger"],"picked":"Pommel Strike","floor":23.0},{"not_picked":["Armaments","Thunderclap","Pommel Strike"],"picked":"SKIP","floor":25}],"player_experience":976037,"relics_obtained":[{"floor":6.0,"key":"Pear"},{"floor":8.0,"key":"Boot"},{"floor":9.0,"key":"StrikeDummy"},{"floor":10.0,"key":"Bottled Tornado"},{"floor":26,"key":"Bag of Marbles"}],"event_choices":[{"cards_removed":["Strike_R"],"damage_healed":0.0,"max_hp_gain":0.0,"max_hp_loss":0.0,"gold_gain":0.0,"event_name":"Bonfire Elementals","player_choice":"Offered Basic","floor":3.0,"gold_loss":0.0,"damage_taken":0.0},{"damage_healed":0.0,"max_hp_gain":0.0,"max_hp_loss":0.0,"gold_gain":0.0,"event_name":"Shining Light","player_choice":"Entered Light","floor":14.0,"gold_loss":0.0,"damage_taken":26.0,"cards_upgraded":["Fire Breathing","Reckless Charge"]},{"damage_healed":0.0,"max_hp_gain":0.0,"max_hp_loss":0.0,"gold_gain":0.0,"event_name":"FaceTrader","player_choice":"Trade","floor":19.0,"gold_loss":0.0,"damage_taken":0.0,"relics_obtained":["GremlinMask"]},{"cards_removed":["Strike_R"],"damage_healed":0.0,"max_hp_gain":0.0,"max_hp_loss":0.0,"gold_gain":0.0,"event_name":"Beggar","player_choice":"Gave Gold","floor":21.0,"gold_loss":75.0,"damage_taken":0.0},{"damage_healed":0,"gold_gain":0,"player_choice":"Paid Fearfully","damage_taken":0,"max_hp_gain":0,"max_hp_loss":0,"event_name":"Masked Bandits","floor":28,"gold_loss":54}],"is_beta":false,"boss_relics":[{"not_picked":["Black Blood","SacredBark"],"picked":"Mark of Pain"}],"items_purged_floors":[11],"is_endless":false,"potions_floor_spawned":[4,6,10,13,16,25],"killed_by":"Slavers","ascension_level":15}}