{"host":"r467eaow51f8xuje","time":1612484905,"event":{"mods":["A Magickal Journey","Aspiration","Astrologer","BaseMod","Downfall","Hermit","Marisa????????","Minty Spire (QoL Compilation)","Quick Restart","READ ME - Guardian Mod","StSLib","The Cursed","The Disciple"],"gold_per_floor":[99,99,99,99,99,99,175,75,92,192,205,231,231,257,274,274,274,274],"floor_reached":16,"language":"ENG","playtime":777,"items_purged":[],"score":96,"play_id":"82608d8e-8fff-47b0-9ab6-4ed6fccfc9f6","local_time":"20210204182825","is_ascension_mode":false,"campfire_choices":[{"floor":1,"key":"RECALL"},{"data":"Slimebound:BestDefense","floor":8,"key":"SMITH"},{"floor":13,"key":"REST"}],"circlet_count":0,"master_deck":["Slimebound:Strike_Slimebound","Slimebound:Strike_Slimebound","Slimebound:Tackle","Slimebound:Defend_Slimebound","Slimebound:Defend_Slimebound","Slimebound:Defend_Slimebound","Slimebound:Defend_Slimebound","Slimebound:Split","Slimebound:CorrosiveSpit","Slimebound:BestDefense+1","Slimebound:GoopTackle","Slimebound:GoopSpray","Regret","Slimebound:Prepare","Slimebound:GoopTackle","Slimebound:RollThrough","Slimebound:GoopTackle"],"relics":["Slimebound:AbsorbEndCombat","downfall:HeartsMalice","Centennial Puzzle","Ornamental Fan","downfall:HeartBlessingRed","Happy Flower","Odd Mushroom"],"acts_visited":["Exordium"],"potions_floor_usage":[16,16],"damage_taken":[{"damage":0,"enemies":"Small Slimes","floor":2,"turns":1},{"damage":0,"enemies":"2 Louse","floor":3,"turns":1},{"damage":0,"enemies":"Cultist","floor":5,"turns":1},{"damage":19,"enemies":"Large Slime","floor":9,"turns":3},{"damage":14,"enemies":"3 Louse","floor":11,"turns":2},{"damage":34,"enemies":"3 Sentries","floor":12,"turns":6},{"damage":12,"enemies":"The Mushroom Lair","floor":14,"turns":4},{"damage":13,"enemies":"Gremlin Gang","floor":15,"turns":3},{"damage":13,"enemies":"IC_STATUS_ARCHETYPE","floor":16,"turns":4}],"seed_played":"-5603410226428505795","potions_obtained":[{"floor":9,"key":"Block Potion"},{"floor":15,"key":"LiquidBronze"}],"is_trial":false,"path_per_floor":["R","M","M","?","M","?","T","R","M","?","M","E","R","?","M","B"],"character_chosen":"SLIMEBOUND","items_purchased":[],"campfire_rested":1,"item_purchase_floors":[],"current_hp_per_floor":[65,65,65,65,65,65,65,65,50,50,42,8,27,21,16,5,5,5],"gold":274,"neow_bonus":"THREE_ENEMY_KILL","is_daily":false,"chose_seed":false,"campfire_upgraded":1,"win_rate":0.0,"timestamp":1612484905,"path_taken":["R","M","M","?","M","?","T","R","M","?","?","E","R","?","M","BOSS"],"items_purchased_type":[],"build_version":"2020-12-22","purchased_purges":0,"victory":false,"max_hp_per_floor":[65,65,65,65,65,65,65,65,65,65,65,65,65,65,65,65,65,65],"card_choices":[{"not_picked":["Slimebound:Prepare","Slimebound:ProtectTheBoss"],"picked":"Slimebound:BestDefense","floor":2},{"not_picked":["Slimebound:RainOfGoop","Slimebound:SplitAcid"],"picked":"Slimebound:GoopTackle","floor":3},{"not_picked":["Slimebound:LeechEnergy","Slimebound:LivingWall"],"picked":"Slimebound:GoopSpray","floor":5},{"not_picked":["Slimebound:LivingWall","Slimebound:TongueLash"],"picked":"Slimebound:Prepare","floor":9},{"not_picked":["Slimebound:LeechEnergy","Slimebound:SplitMire"],"picked":"Slimebound:GoopTackle","floor":11},{"not_picked":["Slimebound:TongueLash","Slimebound:DivideAndConquer","Slimebound:FormOfPuddle"],"picked":"SKIP","floor":12},{"not_picked":["Slimebound:SplitBruiser","Slimebound:ComboTackle"],"picked":"Slimebound:RollThrough","floor":14},{"not_picked":["Slimebound:LeechEnergy","Slimebound:OneTwoCombo"],"picked":"Slimebound:GoopTackle","floor":15}],"player_experience":606012,"relics_obtained":[{"floor":7,"key":"Ornamental Fan"},{"floor":12,"key":"Happy Flower"},{"floor":14,"key":"Odd Mushroom"}],"event_choices":[{"damage_healed":0,"gold_gain":0,"player_choice":"Box","damage_taken":0,"relics_obtained":["Centennial Puzzle"],"max_hp_gain":0,"max_hp_loss":0,"event_name":"Big Fish","floor":6,"gold_loss":0,"cards_obtained":["Regret"]},{"damage_healed":0,"gold_gain":0,"player_choice":"Fought Mushrooms","damage_taken":0,"max_hp_gain":0,"max_hp_loss":0,"event_name":"Mushrooms","floor":14,"gold_loss":0}],"is_beta":false,"boss_relics":[],"items_purged_floors":[],"is_endless":false,"potions_floor_spawned":[9,15],"killed_by":"IC_STATUS_ARCHETYPE","ascension_level":0}}