{"host":"yrtk68ixj64vhhh3","time":1612526273,"event":{"mods":["AchievementEnabler","Aspiration","BaseMod","Better Altar","Better Match","Better Silent Start","Colored Map","Colored Powertips","Conspire","Dio Mod","Downfall","Energized Spire","Hubris","Infinite Spire","Minty Spire (QoL Compilation)","Prisma Mod","RNG Fix","StSLib","Steal the Spire","Td1madao Mod","The Animator","The Poker Player","The Wild Card","TheBandit","TheHero"],"gold_per_floor":[118,155,155,155,165,165,179,193,268,299,312,312,323,339,339,442,442,452,377,377,377,104,104,120,146,146,146,162,162,182,200,200,297,347,357,357,357],"floor_reached":36,"language":"ENG","playtime":2370,"items_purged":[],"score":450,"play_id":"b40a6a13-74d5-40b9-b860-9fad65f1d360","local_time":"20210206005753","is_ascension_mode":true,"campfire_choices":[{"floor":6,"key":"RECALL"},{"floor":12,"key":"REST"},{"floor":15,"key":"REST"},{"data":"Bane","floor":23,"key":"SMITH"},{"floor":27,"key":"DIG"},{"floor":29,"key":"DIG"},{"floor":32,"key":"REST"}],"circlet_count":0,"master_deck":["Strike_G","Strike_G","Defend_G","Defend_G","Defend_G","Defend_G","Survivor","Neutralize","Flying Knee","Bane+1","Injury","Deadly Poison+1","conspire:PoisonWeapons+1","Poisoned Stab","Slice","Poisoned Stab","Terror+1","Dodge and Roll+1","Envenom+1","Outmaneuver+1","CurseOfTheBell","Phantasmal Killer+1","Poisoned Stab+1","Metamorphosis+1","Footwork+1","Outmaneuver+1","Cloak And Dagger+1","Calculated Gamble+1","Accuracy+1","Riddle With Holes+1","Bouncing Flask+1","Doppelganger+1","Backflip+1","Footwork+1"],"relics":["Ring of the Snake","aspiration:Nostalgia","sneckomod:SneckoSoul","infinitespire:CheckeredPen","WarpedTongs","Toxic Egg 2","Frozen Egg 2","conspire:TopHat","aspiration:RitualDagger","Calling Bell","aspiration:Lifesprig","Pear","Shovel","aspiration:TomeofQuesting","aspiration:FetidBarrel","Torii","Tiny House"],"acts_visited":["Exordium","TheCity","TheBeyond"],"potions_floor_usage":[10,16,16,25,35,36,36],"damage_taken":[{"damage":6,"enemies":"Small Slimes","floor":1,"turns":6},{"damage":9,"enemies":"conspire:MimicChest","floor":2,"turns":6},{"damage":1,"enemies":"Jaw Worm","floor":5,"turns":3},{"damage":3,"enemies":"Cultist","floor":7,"turns":3},{"damage":8,"enemies":"Blue Slaver","floor":8,"turns":3},{"damage":40,"enemies":"Gremlin Nob","floor":10,"turns":5},{"damage":0,"enemies":"2 Fungi Beasts","floor":11,"turns":2},{"damage":21,"enemies":"Exordium Wildlife","floor":13,"turns":3},{"damage":2,"enemies":"Blue Slaver","floor":14,"turns":2},{"damage":5,"enemies":"Hexaghost","floor":16,"turns":7},{"damage":17,"enemies":"Chosen","floor":18,"turns":4},{"damage":33,"enemies":"Shell Parasite","floor":24,"turns":4},{"damage":31,"enemies":"Gremlin Leader","floor":25,"turns":5},{"damage":40,"enemies":"Chosen and Byrds","floor":28,"turns":5},{"damage":34,"enemies":"Snecko","floor":30,"turns":5},{"damage":31,"enemies":"Centurion and Healer","floor":31,"turns":4},{"damage":19,"enemies":"conspire:MysteriousRune","floor":33,"turns":6},{"damage":13,"enemies":"Orb Walker","floor":35,"turns":4},{"damage":86,"enemies":"infinitespire:Three Voidlings","floor":36,"turns":5},{"damage":30,"enemies":"Nightmare_Alpha","floor":36,"turns":3}],"seed_played":"-6388160409329069294","potions_obtained":[{"floor":5,"key":"Guardian:BlockOnCardUsePotion"},{"floor":11,"key":"Strength Potion"},{"floor":13,"key":"PowerPotion"},{"floor":16,"key":"Guardian:BlockOnCardUsePotion"},{"floor":24,"key":"AttackPotion"},{"floor":28,"key":"champ:CounterPotion"},{"floor":33,"key":"GamblersBrew"},{"floor":34,"key":"DistilledChaos"}],"is_trial":false,"path_per_floor":["M","?","?","?","M","R","M","M","T","E","M","R","M","M","R","B",null,"M","?","AVR","?","$","R","M","E","T","R","M","R","M","M","R","B",null,"M","?"],"character_chosen":"THE_SILENT","items_purchased":["Metamorphosis+1","Footwork+1","Outmaneuver+1"],"campfire_rested":3,"item_purchase_floors":[22,22,22],"current_hp_per_floor":[64,55,55,55,54,54,51,43,43,3,3,24,3,1,22,17,70,53,53,63,63,63,63,30,80,80,80,52,52,30,16,40,51,85,83,0,0],"gold":357,"neow_bonus":"NOSTALGIA","is_daily":false,"chose_seed":false,"campfire_upgraded":1,"win_rate":0.0,"timestamp":1612526273,"path_taken":["M","?","?","?","M","R","M","M","T","E","M","R","M","?","R","BOSS","M","?","AVR","?","?","R","M","E","T","R","?","R","M","M","R","BOSS","M","?"],"items_purchased_type":["Card","Card","Card"],"build_version":"2020-12-22","purchased_purges":0,"victory":false,"max_hp_per_floor":[70,70,70,70,70,70,70,70,70,70,70,70,70,70,70,70,70,70,70,80,80,80,80,80,80,80,80,80,80,80,80,80,80,85,85,85,85],"card_choices":[{"not_picked":["Skewer","Acrobatics"],"picked":"Flying Knee","floor":1},{"not_picked":["hubris:SlightOfHand","Quick Slash"],"picked":"Bane","floor":2},{"not_picked":["Prepared+1","Outmaneuver+1"],"picked":"Deadly Poison+1","floor":5},{"not_picked":["Dash","Cloak And Dagger+1"],"picked":"conspire:PoisonWeapons+1","floor":7},{"not_picked":["Acrobatics+1","Bane"],"picked":"Poisoned Stab","floor":8},{"not_picked":["Prepared+1","aspiration:Lunge"],"picked":"Slice","floor":10},{"not_picked":["Slice","Bane"],"picked":"Poisoned Stab","floor":11},{"not_picked":["Setup+1","Dagger Spray"],"picked":"Terror+1","floor":13},{"not_picked":["Quick Slash","Dagger Throw"],"picked":"Dodge and Roll+1","floor":14},{"not_picked":["Tools of the Trade+1","Doppelganger+1"],"picked":"Envenom+1","floor":16},{"not_picked":["Slice","Poisoned Stab"],"picked":"Outmaneuver+1","floor":18},{"not_picked":["Backflip+1","Night Terror+1"],"picked":"Cloak And Dagger+1","floor":24},{"not_picked":["Predator","Choke"],"picked":"Calculated Gamble+1","floor":25},{"not_picked":["PiercingWail+1","Prepared+1"],"picked":"Accuracy+1","floor":28},{"not_picked":["Dagger Spray","Flying Knee+1"],"picked":"Riddle With Holes+1","floor":30},{"not_picked":["Endless Agony","Bane"],"picked":"Bouncing Flask+1","floor":31},{"not_picked":["Malaise+1","aspiration:Lunge"],"picked":"Doppelganger+1","floor":33},{"not_picked":["Flying Knee","Slice"],"picked":"Backflip+1","floor":34},{"not_picked":["Flechettes+1","Outmaneuver+1"],"picked":"Footwork+1","floor":35}],"player_experience":704484,"relics_obtained":[{"floor":2,"key":"infinitespire:CheckeredPen"},{"floor":9,"key":"Frozen Egg 2"},{"floor":10,"key":"conspire:TopHat"},{"floor":20,"key":"aspiration:Lifesprig"},{"floor":20,"key":"Pear"},{"floor":20,"key":"Shovel"},{"floor":25,"key":"aspiration:TomeofQuesting"},{"floor":27,"key":"aspiration:FetidBarrel"},{"floor":29,"key":"Torii"}],"event_choices":[{"damage_healed":0,"gold_gain":0,"player_choice":"Rummage","damage_taken":0,"relics_obtained":["WarpedTongs"],"max_hp_gain":0,"max_hp_loss":0,"event_name":"Accursed Blacksmith","floor":3,"gold_loss":0,"cards_obtained":["Pain"]},{"cards_removed":["Pain"],"damage_healed":0,"gold_gain":0,"player_choice":"Gave Gold","damage_taken":0,"max_hp_gain":0,"max_hp_loss":0,"event_name":"Beggar","floor":19,"gold_loss":75},{"damage_healed":0,"gold_gain":0,"cards_transformed":["Strike_G","Strike_G"],"player_choice":"Became Test Subject","damage_taken":0,"max_hp_gain":0,"max_hp_loss":0,"event_name":"Drug Dealer","floor":21,"gold_loss":0,"cards_obtained":["Phantasmal Killer","Poisoned Stab"]}],"is_beta":false,"boss_relics":[{"not_picked":["aspiration:PoetsPen_weak","hubris:ScarierMask"],"picked":"aspiration:RitualDagger"},{"not_picked":["energizedSpire:HighHeels","Cursed Key"],"picked":"Tiny House"}],"items_purged_floors":[],"is_endless":false,"potions_floor_spawned":[5,11,13,16,24,28,33,36],"killed_by":"Nightmare_Alpha","ascension_level":2}}