{"host":"jegehu1t82aiec5j","time":1612529534,"event":{"mods":["BaseMod","Colored Map","Minty Spire (QoL Compilation)","Relic Stats","StSLib"],"gold_per_floor":[114,114,138,159,159,199,199,240,240,271,292,310,310,325,325,415,415,438,353,353,378,402,402,174,174,174,205,205,248,248,268,268,363,363,381,404,431,431,431],"floor_reached":38,"language":"ENG","playtime":1661,"items_purged":["Decay"],"score":785,"play_id":"325f4c7b-915c-4f6c-a3a4-10006abf39ef","local_time":"20210205075214","is_ascension_mode":true,"campfire_choices":[{"data":"Hologram","floor":7,"key":"SMITH"},{"data":"Reprogram","floor":13,"key":"SMITH"},{"data":"Go for the Eyes","floor":15,"key":"SMITH"},{"data":"Echo Form","floor":23,"key":"SMITH"},{"data":"Genetic Algorithm","floor":25,"key":"SMITH"},{"data":"Bite","floor":28,"key":"SMITH"},{"data":"Bite","floor":32,"key":"SMITH"}],"circlet_count":0,"master_deck":["AscendersBane","Defend_B","Defend_B","Defend_B","Defend_B","Zap","Dualcast","Reprogram+1","Bite+1","Bite+1","Bite+1","Bite+1","Bite+1","Cold Snap","Hologram+1","Go for the Eyes+1","Reprogram+1","Genetic Algorithm+1","Echo Form+1","Recycle+1"],"relics":["Coffee Dripper","WarpedTongs","Golden Idol","Art of War","Mummified Hand","Toy Ornithopter","Whetstone","Busted Crown","Lantern","Anchor","Ornamental Fan","Matryoshka","InkBottle","Runic Dome","Juzu Bracelet","Happy Flower"],"acts_visited":["Exordium","TheCity","TheBeyond"],"potions_floor_usage":[16,21,29],"damage_taken":[{"damage":5,"enemies":"Small Slimes","floor":1,"turns":3},{"damage":0,"enemies":"2 Louse","floor":3,"turns":3},{"damage":12,"enemies":"Jaw Worm","floor":4,"turns":3},{"damage":16,"enemies":"Gremlin Nob","floor":6,"turns":4},{"damage":20,"enemies":"Lagavulin","floor":8,"turns":7},{"damage":42,"enemies":"Gremlin Nob","floor":10,"turns":5},{"damage":12,"enemies":"2 Fungi Beasts","floor":11,"turns":3},{"damage":4,"enemies":"Red Slaver","floor":12,"turns":3},{"damage":15,"enemies":"Exordium Wildlife","floor":14,"turns":4},{"damage":17,"enemies":"Slime Boss","floor":16,"turns":12},{"damage":9,"enemies":"Spheric Guardian","floor":18,"turns":4},{"damage":19,"enemies":"2 Thieves","floor":21,"turns":5},{"damage":1,"enemies":"Centurion and Healer","floor":22,"turns":7},{"damage":11,"enemies":"Book of Stabbing","floor":27,"turns":6},{"damage":44,"enemies":"Slavers","floor":29,"turns":8},{"damage":9,"enemies":"Snake Plant","floor":31,"turns":5},{"damage":32,"enemies":"Collector","floor":33,"turns":12},{"damage":17,"enemies":"3 Darklings","floor":35,"turns":8},{"damage":23,"enemies":"3 Shapes","floor":36,"turns":8},{"damage":83,"enemies":"Transient","floor":38,"turns":4}],"seed_played":"-9109187969451421067","potions_obtained":[{"floor":3,"key":"BlessingOfTheForge"},{"floor":6,"key":"Regen Potion"},{"floor":11,"key":"DistilledChaos"},{"floor":22,"key":"Weak Potion"},{"floor":27,"key":"SneckoOil"},{"floor":31,"key":"SteroidPotion"},{"floor":33,"key":"SpeedPotion"}],"is_trial":false,"path_per_floor":["M","?","M","M","?","E","R","E","T","E","M","M","R","M","R","B",null,"M","?","?","M","M","R","$","R","T","E","R","E","?","M","R","B",null,"M","M","T","M"],"character_chosen":"DEFECT","items_purchased":["Anchor"],"campfire_rested":0,"item_purchase_floors":[24],"current_hp_per_floor":[71,47,57,55,55,58,58,58,58,31,32,40,40,43,43,71,71,67,67,67,71,71,71,71,71,71,71,71,57,57,71,71,71,71,71,71,71,0,0],"gold":431,"neow_bonus":"BOSS_RELIC","is_daily":false,"chose_seed":false,"campfire_upgraded":7,"win_rate":0.0,"timestamp":1612529534,"path_taken":["M","?","M","M","?","E","R","E","T","E","M","M","R","M","R","BOSS","M","?","?","?","M","R","$","R","T","E","R","E","?","M","R","BOSS","M","?","?","M"],"items_purchased_type":["Relic"],"build_version":"2020-12-22","purchased_purges":1,"victory":false,"max_hp_per_floor":[71,71,71,71,71,71,71,71,71,71,71,71,71,71,71,71,71,71,71,71,71,71,71,71,71,71,71,71,71,71,71,71,71,71,71,71,71,71,71],"relic_stats":{"Happy Flower":[1],"counters":[20,114],"Golden Idol":122,"Juzu Bracelet":0,"Whetstone":["Bite","Bite"],"WarpedTongs":[102],"Busted Crown":18,"Mummified Hand":[9],"Ornamental Fan":[72],"Art of War":[6],"obtain_stats":[{"Lantern":19,"Happy Flower":37,"Golden Idol":2,"Juzu Bracelet":37,"Whetstone":10,"WarpedTongs":0,"Runic Dome":34,"Anchor":24,"Busted Crown":17,"Matryoshka":27,"Mummified Hand":8,"Ornamental Fan":26,"Coffee Dripper":0,"Art of War":6,"Cracked Core":0,"Toy Ornithopter":9,"InkBottle":29},{"Lantern":11,"Happy Flower":19,"Golden Idol":1,"Juzu Bracelet":19,"Whetstone":6,"WarpedTongs":0,"Runic Dome":17,"Anchor":13,"Busted Crown":10,"Matryoshka":14,"Mummified Hand":5,"Ornamental Fan":13,"Coffee Dripper":0,"Art of War":4,"Cracked Core":0,"Toy Ornithopter":5,"InkBottle":15},{"Lantern":51,"Happy Flower":110,"Golden Idol":3,"Juzu Bracelet":110,"Whetstone":25,"WarpedTongs":0,"Runic Dome":94,"Anchor":63,"Busted Crown":47,"Matryoshka":69,"Mummified Hand":20,"Ornamental Fan":63,"Coffee Dripper":0,"Art of War":13,"Cracked Core":0,"Toy Ornithopter":20,"InkBottle":77}],"Toy Ornithopter":12,"InkBottle":[18]},"card_choices":[{"not_picked":["Blizzard","Steam"],"picked":"Cold Snap","floor":1},{"not_picked":["Streamline","Stack","Conserve Battery"],"picked":"SKIP","floor":3},{"not_picked":["Compile Driver","Hello World","Melter"],"picked":"SKIP","floor":4},{"not_picked":["Turbo","Scrape"],"picked":"Hologram","floor":6},{"not_picked":["Cold Snap","Electrodynamics"],"picked":"Go for the Eyes","floor":8},{"not_picked":["Stack","Tempest"],"picked":"Reprogram","floor":10},{"not_picked":["Fusion","Coolheaded","Cold Snap"],"picked":"SKIP","floor":11},{"not_picked":["Barrage","Conserve Battery"],"picked":"Genetic Algorithm","floor":12},{"not_picked":["Coolheaded","Storm","Hello World"],"picked":"SKIP","floor":14},{"not_picked":["Fission","Creative AI"],"picked":"Echo Form","floor":16},{"not_picked":["Stack"],"picked":"SKIP","floor":18},{"not_picked":["Turbo"],"picked":"SKIP","floor":21},{"not_picked":["Coolheaded"],"picked":"SKIP","floor":22},{"not_picked":[],"picked":"Recycle+1","floor":27},{"not_picked":["Rebound+1"],"picked":"SKIP","floor":29},{"not_picked":["Sweeping Beam"],"picked":"SKIP","floor":31},{"not_picked":["Blizzard+1"],"picked":"SKIP","floor":35},{"not_picked":["Steam"],"picked":"SKIP","floor":36}],"player_experience":2582086,"relics_obtained":[{"floor":6,"key":"Art of War"},{"floor":8,"key":"Mummified Hand"},{"floor":9,"key":"Toy Ornithopter"},{"floor":10,"key":"Whetstone"},{"floor":26,"key":"Ornamental Fan"},{"floor":27,"key":"Matryoshka"},{"floor":29,"key":"InkBottle"},{"floor":37,"key":"Juzu Bracelet"},{"floor":37,"key":"Happy Flower"}],"event_choices":[{"damage_healed":0,"gold_gain":0,"player_choice":"Take Damage","damage_taken":24,"relics_obtained":["Golden Idol"],"max_hp_gain":0,"max_hp_loss":0,"event_name":"Golden Idol","floor":2,"gold_loss":0},{"damage_healed":0,"gold_gain":0,"player_choice":"Grow","damage_taken":0,"max_hp_gain":0,"max_hp_loss":0,"event_name":"Living Wall","floor":5,"gold_loss":0,"cards_upgraded":["Reprogram"]},{"damage_healed":0,"gold_gain":0,"player_choice":"Obtained Relic","damage_taken":0,"relics_obtained":["Lantern"],"max_hp_gain":0,"max_hp_loss":0,"event_name":"Addict","floor":19,"gold_loss":85},{"damage_healed":0,"gold_gain":0,"player_choice":"Cursed","damage_taken":0,"max_hp_gain":0,"max_hp_loss":0,"event_name":"Wheel of Change","floor":20,"gold_loss":0,"cards_obtained":["Decay"]},{"damage_healed":0,"gold_gain":0,"player_choice":"Forge","damage_taken":0,"max_hp_gain":0,"max_hp_loss":0,"event_name":"Accursed Blacksmith","floor":30,"gold_loss":0,"cards_upgraded":["Bite"]}],"is_beta":false,"boss_relics":[{"not_picked":["Inserter","Pandora\u0027s Box"],"picked":"Busted Crown"},{"not_picked":["Snecko Eye","SacredBark"],"picked":"Runic Dome"}],"items_purged_floors":[24],"is_endless":false,"potions_floor_spawned":[3,6,8,11,14,22,27,31,33],"killed_by":"Transient","ascension_level":15}}