{"host":"bxdue9bkfm2khp2x","time":1612511304,"event":{"mods":["ATMod(阿瑾Mod)","Arknights","Aspiration","BaseMod","Better Vampires","Challenge The Spire","Colored Map","Colored Powertips","Conspire","Decade(王小明)","Dota2Spire","Highlight Path","Minty Spire (QoL Compilation)","MostiFishMod","Reliquary","Remilia（蕾米莉亚）","Replay The Spire","RumiaBox-露米娅的神秘盒子","Ryuuou龙王","Spicy Shops","StSLib","Td1madao Mod","The Alterego","The Bug Knight","The Cursed","The Servant 0.9.4","WarShipGirlsR/战舰少女R mod","Wide Potions","noobMod","【功能Mod】混沌之环修复补丁","【遗物卡牌】REMEMod","残留之物","篝火指南"],"gold_per_floor":[118,118,133,152,77,103,103,121,148,148,180,180,204,204,204,330,330,350,350,364,139,170,170,210,223,248,248,248],"floor_reached":27,"language":"ZHS","playtime":1636,"items_purged":["PlaceholderMod:BaseStrike","PlaceholderMod:BaseStrike","PlaceholderMod:BaseStrike"],"score":275,"play_id":"14d47a61-e38c-4ba5-882c-64e6a9d5a7cd","local_time":"20210205154824","is_ascension_mode":true,"campfire_choices":[{"data":"PlaceholderMod:SelfCoupling","floor":7,"key":"SMITH"},{"data":"PlaceholderMod:HardStinger","floor":10,"key":"SMITH"},{"data":"PlaceholderMod:ParasiteChange","floor":12,"key":"SMITH"},{"data":"PlaceholderMod:TriggerStrike","floor":15,"key":"SMITH"},{"data":"PlaceholderMod:DiffusionPoison","floor":23,"key":"SMITH"}],"circlet_count":0,"master_deck":["PlaceholderMod:BaseStrike","PlaceholderMod:BaseDefend","PlaceholderMod:BaseDefend","PlaceholderMod:BaseDefend","PlaceholderMod:BaseDefend","PlaceholderMod:BaseDefend","PlaceholderMod:Crystal","PlaceholderMod:PoisonWhip","Fluid Movement+1","PlaceholderMod:ParasiteChange+1","PlaceholderMod:SelfCoupling+1","PlaceholderMod:HardStinger+1","PlaceholderMod:TriggerStrike+1","PlaceholderMod:DiffusionPoison+1","PlaceholderMod:PoisonAbsorb","PlaceholderMod:DiffusionPoison","PlaceholderMod:HardStrike+1","PlaceholderMod:ParasiteChange"],"relics":["PlaceholderMod:Tancle","DaveBox","REME_ComplimentaryCards","ice","AT_ATBox","xbg","NeowsBlessing","SynthV:TestCard","Boot","Bag of Preparation","Replay:Accelerometer","Odd Mushroom","Golden Idol","Red Mask","Blue Doll","Dota2Spire:LotusOrb"],"acts_visited":["Exordium","TheCity"],"potions_floor_usage":[16,16,16,20],"damage_taken":[{"damage":0,"enemies":"2 Louse","floor":1,"turns":1},{"damage":0,"enemies":"Cultist","floor":3,"turns":1},{"damage":0,"enemies":"Jaw Worm","floor":4,"turns":1},{"damage":21,"enemies":"Lagavulin","floor":6,"turns":8},{"damage":2,"enemies":"3 Louse","floor":8,"turns":6},{"damage":16,"enemies":"Gremlin Nob","floor":11,"turns":4},{"damage":15,"enemies":"The Mushroom Lair","floor":13,"turns":7},{"damage":15,"enemies":"Slime Boss","floor":16,"turns":13},{"damage":0,"enemies":"Chosen","floor":18,"turns":4},{"damage":1,"enemies":"Shell Parasite","floor":20,"turns":4},{"damage":50,"enemies":"Masked Bandits","floor":22,"turns":4},{"damage":18,"enemies":"Gremlin Leader","floor":24,"turns":6},{"damage":0,"enemies":"Snecko","floor":25,"turns":5},{"damage":9,"enemies":"Shelled Parasite and Fungi","floor":27,"turns":2}],"seed_played":"-3703524675550194772","potions_obtained":[{"floor":1,"key":"LiquidMemories"},{"floor":6,"key":"Elixir"},{"floor":11,"key":"PowerPotion"},{"floor":18,"key":"Block Potion"},{"floor":22,"key":"Dexterity Potion"}],"is_trial":false,"path_per_floor":["M","?","M","M","$","E","R","M","T","R","E","R","?","?","R","B",null,"M","?","M","$","?","R","E","M","T","M"],"character_chosen":"THE_PLACEHOLDER","items_purchased":[],"campfire_rested":0,"item_purchase_floors":[],"current_hp_per_floor":[78,78,78,78,78,57,57,55,55,55,39,39,24,24,24,9,72,72,72,71,71,21,21,3,72,72,63,63],"gold":248,"neow_bonus":"THREE_ENEMY_KILL","is_daily":false,"chose_seed":false,"campfire_upgraded":5,"win_rate":0.0,"timestamp":1612511304,"path_taken":["M","?","?","M","$","E","R","M","T","R","E","R","?","?","R","BOSS","M","?","M","$","?","R","E","M","T","M"],"items_purchased_type":[],"build_version":"2020-12-22","purchased_purges":3,"victory":false,"max_hp_per_floor":[78,78,78,78,78,78,78,78,78,78,78,78,78,72,72,72,72,72,72,72,72,72,72,72,74,74,78,78],"card_choices":[{"not_picked":["PlaceholderMod:SelectReaction","PlaceholderMod:SpinBlade","PlaceholderMod:ConsolidateHit"],"picked":"SKIP","floor":1},{"not_picked":["PlaceholderMod:SevereHeat","PlaceholderMod:Polyp","PlaceholderMod:DissolvingSpikes","PlaceholderMod:Turn"],"picked":"PlaceholderMod:ParasiteChange","floor":3},{"not_picked":["PlaceholderMod:SeverePoisonStrike","PlaceholderMod:SubstitutionNucleophilic1","PlaceholderMod:Polyp","PlaceholderMod:PoisonExcitation","PlaceholderMod:StrongAcid"],"picked":"SKIP","floor":4},{"not_picked":["PlaceholderMod:ParasiteChange","PlaceholderMod:CycleAttack","PlaceholderMod:DirectingGroup","PlaceholderMod:ConsolidateHit"],"picked":"PlaceholderMod:SelfCoupling","floor":6},{"not_picked":["PlaceholderMod:Stratification","PlaceholderMod:HighConcentration","PlaceholderMod:ThreeBenzyolStart","PlaceholderMod:StressReaction"],"picked":"PlaceholderMod:HardStinger","floor":8},{"not_picked":["PlaceholderMod:HornyBlast","PlaceholderMod:FastReaction","PlaceholderMod:NearChange","PlaceholderMod:HornyCollision","PlaceholderMod:Break"],"picked":"SKIP","floor":11},{"not_picked":["PlaceholderMod:DirectingGroup","PlaceholderMod:ChainPoly","PlaceholderMod:Package","PlaceholderMod:StressReaction"],"picked":"PlaceholderMod:TriggerStrike","floor":13},{"not_picked":["PlaceholderMod:Eat","PlaceholderMod:ReactionCatalyze","PlaceholderMod:BlastSpray","PlaceholderMod:FinalSpray"],"picked":"PlaceholderMod:DiffusionPoison","floor":16},{"not_picked":["PlaceholderMod:SelectReaction+1","PlaceholderMod:Sweep+1","PlaceholderMod:ComplexForm+1","PlaceholderMod:DirectingGroup"],"picked":"PlaceholderMod:PoisonAbsorb","floor":18},{"not_picked":["PlaceholderMod:UnpureUse+1","PlaceholderMod:AttackAsDefend","PlaceholderMod:SprayAttack","PlaceholderMod:ParasiteChange"],"picked":"PlaceholderMod:DiffusionPoison","floor":20},{"not_picked":["PlaceholderMod:Polyp","PlaceholderMod:ParasiteChange","PlaceholderMod:Internalization+1","PlaceholderMod:Sweep"],"picked":"PlaceholderMod:HardStrike+1","floor":22},{"not_picked":["PlaceholderMod:SeverePoisonStrike","PlaceholderMod:ReactionCatalyze","PlaceholderMod:SubstitutionNucleophilic1","PlaceholderMod:PoisonBlast"],"picked":"PlaceholderMod:ParasiteChange","floor":24},{"not_picked":["PlaceholderMod:ParasiteChange","PlaceholderMod:AngryAttack","PlaceholderMod:StressReaction+1","PlaceholderMod:StrongAcid","PlaceholderMod:Internalization+1"],"picked":"SKIP","floor":25}],"player_experience":1438908,"relics_obtained":[{"floor":1,"key":"SynthV:TestCard"},{"floor":6,"key":"Boot"},{"floor":9,"key":"Bag of Preparation"},{"floor":11,"key":"Replay:Accelerometer"},{"floor":13,"key":"Odd Mushroom"},{"floor":22,"key":"Red Mask"},{"floor":24,"key":"Blue Doll"},{"floor":26,"key":"Dota2Spire:LotusOrb"}],"event_choices":[{"damage_healed":0,"gold_gain":0,"player_choice":"Upgraded","damage_taken":0,"max_hp_gain":0,"max_hp_loss":0,"event_name":"Upgrade Shrine","floor":2,"gold_loss":0,"cards_upgraded":["Fluid Movement"]},{"damage_healed":0,"gold_gain":0,"player_choice":"Fought Mushrooms","damage_taken":0,"max_hp_gain":0,"max_hp_loss":0,"event_name":"Mushrooms","floor":13,"gold_loss":0},{"damage_healed":0,"gold_gain":0,"player_choice":"Lose Max HP","damage_taken":0,"relics_obtained":["Golden Idol"],"max_hp_gain":0,"max_hp_loss":6,"event_name":"Golden Idol","floor":14,"gold_loss":0},{"cards_removed":["PlaceholderMod:BaseStrike"],"damage_healed":0,"gold_gain":0,"player_choice":"Elegance","damage_taken":0,"max_hp_gain":0,"max_hp_loss":0,"event_name":"Back to Basics","floor":19,"gold_loss":0},{"damage_healed":0,"gold_gain":0,"player_choice":"Fought Bandits","damage_taken":0,"max_hp_gain":0,"max_hp_loss":0,"event_name":"Masked Bandits","floor":22,"gold_loss":0}],"is_beta":false,"boss_relics":[{"not_picked":["conspire:SlowCooker","reliquary:RedPaperclip","OneHitWonderSystem"]}],"items_purged_floors":[5,21,21],"is_endless":false,"potions_floor_spawned":[1,6,11,18,22],"killed_by":"Shelled Parasite and Fungi","ascension_level":3}}