{"host":"eemx8njkng76fu5x","time":1612492395,"event":{"mods":["2.2 Compatiblity","BaseMod","Colored Map","Downfall","Minty Spire (QoL Compilation)","Permanent Neow","StSLib","Unceasing Turn Reminder","Unknown Chances"],"gold_per_floor":[99,117,217,236,249,149,149,174,4,4,24,56,56,73,84,179,179,79,92,92,2,14,14,14,14,32,60,75,108,108,143,158,262,262,162,176,166,166,12,39,65,77,104,148,7,57,57,69,83,83,83,109,41,41,41,41],"floor_reached":57,"language":"ENG","playtime":3869,"items_purged":["Guardian:FierceBash+1","Guardian:GatlingBeam+1"],"score":2148,"play_id":"adbb4ca7-59fe-46b1-9883-35a404befd99","local_time":"20210205103315","is_ascension_mode":true,"campfire_choices":[{"floor":1,"key":"RECALL"},{"data":"Guardian:BodySlam","floor":6,"key":"SMITH"},{"data":"Guardian:DecasProtection","floor":13,"key":"SMITH"},{"data":"Guardian:ExploitGems","floor":18,"key":"SMITH"},{"data":"Guardian:SentryBeam","floor":23,"key":"SMITH"},{"data":"Guardian:FloatingOrbs","floor":25,"key":"SMITH"},{"data":"Guardian:ShieldSpikes","floor":30,"key":"SMITH"},{"floor":35,"key":"REST"},{"floor":47,"key":"REST"},{"floor":54,"key":"REST"}],"circlet_count":0,"master_deck":["AscendersBane","Guardian:CurlUp","Guardian:TwinSlam","Guardian:BodySlam+1","Guardian:PiercingHide","Guardian:SentryBeam+1","Guardian:DecasProtection+1","Guardian:TemporalShield","Guardian:TemporalStrike","Guardian:FloatingOrbs+1","Guardian:RevengeProtocol","Guardian:ExploitGems+1","Guardian:HyperBeam_Guardian+1","Guardian:Planning","Guardian:EvasiveProtocol","Guardian:Recover","Guardian:Incinerate+1","Guardian:ArmoredProtocol","Guardian:BodySlam+1","Guardian:Harden+1","Guardian:ShieldSpikes+1","Guardian:ArmoredProtocol+1","Guardian:SphericShield","Guardian:ShieldSpikes+1","Guardian:BronzeOrb+1","Guardian:SentryBeam+1","Guardian:ConstructionForm+1"],"relics":["Guardian:ModeShifter","Oddly Smooth Stone","downfall:HeartBlessingRed","Lantern","TheAbacus","Molten Egg 2","Pandora\u0027s Box","downfall:HeartBlessingBlue","Mango","hexamod:BolsterEngine","Mercury Hourglass","Frozen Egg 2","Fusion Hammer","downfall:HeartBlessingGreen","Mummified Hand","Kunai","MawBank","champ:DeflectingBracers","Guardian:StasisUpgradeRelic","champ:DuelingGlove","Pocketwatch"],"acts_visited":["Exordium","TheCity","TheBeyond","TheEnding"],"potions_floor_usage":[8,12,29,31,32,44,56,56],"damage_taken":[{"damage":4,"enemies":"2 Louse","floor":2,"turns":4},{"damage":2,"enemies":"Cultist","floor":4,"turns":5},{"damage":4,"enemies":"Small Slimes","floor":5,"turns":5},{"damage":0,"enemies":"Lagavulin","floor":8,"turns":6},{"damage":0,"enemies":"downfall:FleeingMerchant","floor":9,"turns":4},{"damage":0,"enemies":"Blue Slaver","floor":11,"turns":4},{"damage":9,"enemies":"3 Sentries","floor":12,"turns":6},{"damage":0,"enemies":"2 Fungi Beasts","floor":14,"turns":4},{"damage":5,"enemies":"3 Louse","floor":15,"turns":4},{"damage":2,"enemies":"SI_SHIV_ARCHETYPE","floor":16,"turns":10},{"damage":0,"enemies":"Chosen","floor":19,"turns":3},{"damage":5,"enemies":"downfall:FleeingMerchant","floor":21,"turns":4},{"damage":2,"enemies":"3 Byrds","floor":22,"turns":3},{"damage":2,"enemies":"Centurion and Healer","floor":26,"turns":4},{"damage":23,"enemies":"Book of Stabbing","floor":27,"turns":6},{"damage":14,"enemies":"Snecko","floor":28,"turns":5},{"damage":8,"enemies":"Slavers","floor":29,"turns":5},{"damage":3,"enemies":"Book of Stabbing","floor":31,"turns":4},{"damage":0,"enemies":"Shelled Parasite and Fungi","floor":32,"turns":4},{"damage":12,"enemies":"IC_MUSHROOM_ARCHETYPE","floor":33,"turns":7},{"damage":0,"enemies":"3 Darklings","floor":36,"turns":3},{"damage":0,"enemies":"downfall:FleeingMerchant","floor":37,"turns":3},{"damage":6,"enemies":"Reptomancer","floor":40,"turns":6},{"damage":0,"enemies":"3 Shapes","floor":43,"turns":3},{"damage":0,"enemies":"Nemesis","floor":44,"turns":7},{"damage":10,"enemies":"Nemesis","floor":46,"turns":3},{"damage":0,"enemies":"Transient","floor":48,"turns":5},{"damage":0,"enemies":"3 Darklings","floor":49,"turns":2},{"damage":0,"enemies":"WA_ARCHETYPE_DIVINITY","floor":50,"turns":6},{"damage":0,"enemies":"downfall:CharBossMerchant","floor":52,"turns":6},{"damage":3,"enemies":"downfall:NeowBoss","floor":55,"turns":9},{"damage":0,"enemies":"downfall:NeowBossFinal","floor":56,"turns":7}],"seed_played":"-3504823985807197773","potions_obtained":[{"floor":2,"key":"Guardian:StasisDiscoveryPotion"},{"floor":5,"key":"LiquidMemories"},{"floor":12,"key":"Dexterity Potion"},{"floor":16,"key":"Regen Potion"},{"floor":29,"key":"SteroidPotion"},{"floor":31,"key":"Swift Potion"},{"floor":36,"key":"Strength Potion"},{"floor":48,"key":"bronze:BurnAndBuffPotion"},{"floor":49,"key":"Guardian:StasisDiscoveryPotion"}],"is_trial":false,"path_per_floor":["R","M","?","M","M","R","T","E","$","?","M","E","R","M","M","B",null,"R","M","?","$","M","R","T","R","M","E","M","E","R","E","M","B",null,"R","M","?","?","$","E","T","?","M","E","$","?","R","M","M","B",null,"E","$","R","B","B",null],"character_chosen":"GUARDIAN","items_purchased":["TheAbacus","Mummified Hand","Guardian:Gem_White","Guardian:BronzeOrb+1","Guardian:StasisUpgradeRelic","Guardian:Gem_Red","Guardian:Gem_Lightblue"],"campfire_rested":3,"item_purchase_floors":[9,37,39,39,45,53,53],"current_hp_per_floor":[72,68,68,66,62,62,62,62,62,62,62,53,53,53,48,46,72,82,82,82,77,75,75,89,89,87,64,50,57,57,54,54,42,89,104,104,104,104,104,98,98,98,98,98,98,88,104,104,104,104,104,104,104,104,101,101],"gold":41,"neow_bonus":"RANDOM_COMMON_RELIC","is_daily":false,"chose_seed":false,"campfire_upgraded":6,"win_rate":0.0,"timestamp":1612492395,"path_taken":["R","M","?","M","M","R","T","E","$","?","M","E","R","M","M","BOSS","R","M","?","$","M","R","T","R","M","E","M","E","R","E","M","BOSS","R","M","?","?","?","E","T","?","M","E","$","?","R","M","M","BOSS","E","$","R","BOSS","BOSS"],"items_purchased_type":["Relic","Relic","Card","Card","Relic","Card","Card"],"build_version":"2020-12-22","purchased_purges":2,"victory":true,"max_hp_per_floor":[80,80,80,80,80,80,80,80,80,80,80,80,80,80,80,80,80,90,90,90,90,90,90,104,104,104,104,104,104,104,104,104,104,104,104,104,104,104,104,104,104,104,104,104,104,104,104,104,104,104,104,104,104,104,104,104],"card_choices":[{"not_picked":["Guardian:PiercingHide","Guardian:Suspension"],"picked":"Guardian:BodySlam","floor":2},{"not_picked":["Guardian:RollAttack","Guardian:Reroute"],"picked":"Guardian:PiercingHide","floor":4},{"not_picked":["Guardian:Preprogram","Guardian:FuturePlans"],"picked":"Guardian:SentryBeam","floor":5},{"not_picked":["Guardian:RollAttack","Guardian:BronzeArmor"],"picked":"Guardian:DecasProtection","floor":8},{"not_picked":["Guardian:SpikerProtocol","Guardian:WalkerClaw"],"picked":"Guardian:TemporalShield","floor":9},{"not_picked":["Guardian:ShieldCharger","Guardian:Reroute"],"picked":"Guardian:TemporalStrike","floor":11},{"not_picked":["Guardian:PiercingHide","Guardian:FloatingOrbs"],"picked":"Guardian:Gem_Green","floor":12},{"not_picked":["Guardian:PrimingBeam+1","Guardian:Repulse"],"picked":"Guardian:FloatingOrbs","floor":14},{"not_picked":["Guardian:VentSteam","Guardian:Gem_Crimson"],"picked":"Guardian:Gem_Orange","floor":15},{"not_picked":["Guardian:Gem_Synthetic","Guardian:HyperBeam_Guardian+1"],"picked":"Guardian:RevengeProtocol","floor":16},{"not_picked":["Guardian:BronzeArmor","Guardian:PrimingBeam+1"],"picked":"Guardian:Recover","floor":19},{"not_picked":["Guardian:TimeCapacitor","Guardian:WalkerClaw+1"],"picked":"Guardian:Incinerate+1","floor":21},{"not_picked":["Guardian:CrystalBeam+1","Guardian:WalkerClaw+1"],"picked":"Guardian:ArmoredProtocol","floor":22},{"not_picked":["Guardian:DecasProtection","Guardian:PrismaticBarrier"],"picked":"Guardian:BodySlam+1","floor":26},{"not_picked":["Guardian:TemporalStrike+1","Guardian:Planning"],"picked":"Guardian:Harden+1","floor":27},{"not_picked":["Guardian:Reroute+1","Guardian:RefractedBeam+1","Guardian:CrystalBeam+1"],"picked":"SKIP","floor":28},{"not_picked":["Guardian:ArmoredProtocol","Guardian:BodySlam+1"],"picked":"Guardian:ShieldSpikes","floor":29},{"not_picked":["Guardian:Reroute+1","Guardian:Gem_Cyan"],"picked":"Guardian:ArmoredProtocol+1","floor":31},{"not_picked":["Guardian:StasisStrike+1","Guardian:TemporalStrike+1"],"picked":"Guardian:Gem_Cyan","floor":32},{"not_picked":["Guardian:GatlingBeam+1","Guardian:Gem_Synthetic"],"picked":"Guardian:SphericShield","floor":33},{"not_picked":["Guardian:FuturePlans+1","Guardian:TemporalStrike+1"],"picked":"Guardian:Gem_Crimson","floor":36},{"not_picked":["Guardian:Gem_Lightblue","Guardian:GuardianWhirl+1"],"picked":"Guardian:ShieldSpikes+1","floor":37},{"not_picked":["Guardian:PiercingHide","Guardian:ChargeCore+1"],"picked":"Guardian:Gem_Blue","floor":40},{"not_picked":["Guardian:Gem_Red","Guardian:RollAttack+1"],"picked":"Guardian:SentryBeam+1","floor":43},{"not_picked":["Guardian:Gem_Red","Guardian:Gem_Lightblue","Guardian:WalkerClaw+1"],"picked":"SKIP","floor":44},{"not_picked":["Guardian:TemporalStrike+1","Guardian:ShieldCharger"],"picked":"Guardian:ConstructionForm+1","floor":48},{"not_picked":["Guardian:WalkerClaw+1","Guardian:EvasiveProtocol+1","Guardian:Orbwalk+1"],"picked":"SKIP","floor":49},{"not_picked":["Guardian:TemporalStrike+1","Guardian:RollAttack+1","Guardian:Incinerate+1"],"picked":"SKIP","floor":52}],"player_experience":553526,"relics_obtained":[{"floor":8,"key":"Lantern"},{"floor":12,"key":"Molten Egg 2"},{"floor":24,"key":"Mango"},{"floor":27,"key":"hexamod:BolsterEngine"},{"floor":29,"key":"Mercury Hourglass"},{"floor":31,"key":"Frozen Egg 2"},{"floor":40,"key":"Kunai"},{"floor":41,"key":"MawBank"},{"floor":44,"key":"champ:DeflectingBracers"},{"floor":46,"key":"champ:DuelingGlove"},{"floor":52,"key":"Pocketwatch"}],"event_choices":[{"damage_healed":0,"gold_gain":0,"player_choice":"Ignored","damage_taken":0,"max_hp_gain":0,"max_hp_loss":0,"event_name":"Ghosts","floor":20,"gold_loss":0}],"is_beta":false,"boss_relics":[{"not_picked":["Busted Crown","SacredBark"],"picked":"Pandora\u0027s Box"},{"not_picked":["Snecko Eye","Calling Bell"],"picked":"Fusion Hammer"}],"items_purged_floors":[21,37],"is_endless":false,"potions_floor_spawned":[2,5,12,16,22,26,29,31,36,43,48,49],"ascension_level":12}}