{"host":"188x3om7sf6mgxv1","time":1612542476,"event":{"mods":["BaseMod","Downfall","Minty Spire (QoL Compilation)","Relic Stats","StSLib"],"gold_per_floor":[110,124,134,134,24,54,74,74,74,106,118,118,146,221,221,316,316,328,328,83,96,46,79,98,127,203,203,221,63,81,109,121,232,244,275,303,330,190,207,207,237,257,257,292,292,54,86,101,101,101,101,101,65,94,94],"floor_reached":56,"language":"ENG","playtime":3416,"items_purged":["Strike_R","Strike_R","downfall:Malfunctioning","Injury","Strike_R+1"],"score":1420,"play_id":"0d8ffcef-7910-4256-97a9-00967653ca37","local_time":"20210205112756","is_ascension_mode":true,"campfire_choices":[{"data":"Demon Form","floor":8.0,"key":"SMITH"},{"data":"Flame Barrier","floor":15.0,"key":"SMITH"},{"data":"Shockwave","floor":27.0,"key":"SMITH"},{"data":"Sword Boomerang","floor":32.0,"key":"SMITH"},{"floor":40.0,"key":"RECALL"},{"data":"Feel No Pain","floor":45,"key":"SMITH"},{"data":"Whirlwind","floor":49,"key":"SMITH"},{"data":"True Grit","floor":52,"key":"SMITH"}],"circlet_count":0,"master_deck":["Strike_R+1","Defend_R","Defend_R","Defend_R","Defend_R","Bash","Pommel Strike","Demon Form+1","Flame Barrier+1","Feel No Pain+1","Limit Break","True Grit+1","Shockwave+1","Reaper","Shrug It Off+1","Flex","Apotheosis","Sword Boomerang+1","Corruption","Searing Blow+1","Flex+1","Metallicize+1","Disarm","Dual Wield+1","Shrug It Off","Disarm+1","Limit Break","Whirlwind+1","Flex+1"],"relics":["Velvet Choker","Bronze Scales","Matryoshka","Calipers","Whetstone","Runic Pyramid","downfall:ExtraCursedKey","Membership Card","Potion Belt","MealTicket","Nunchaku","MawBank","Astrolabe","Frozen Eye","Vajra","Letter Opener","ClockworkSouvenir","Bag of Preparation","Pocketwatch"],"acts_visited":["Exordium","TheCity","TheBeyond","TheEnding"],"potions_floor_usage":[55,55,55],"damage_taken":[{"damage":6.0,"enemies":"Cultist","floor":1.0,"turns":3.0},{"damage":0.0,"enemies":"Small Slimes","floor":2.0,"turns":3.0},{"damage":2.0,"enemies":"2 Louse","floor":3.0,"turns":2.0},{"damage":14.0,"enemies":"Lagavulin","floor":6.0,"turns":5.0},{"damage":0.0,"enemies":"Looter","floor":7.0,"turns":3.0},{"damage":14.0,"enemies":"Gremlin Nob","floor":10.0,"turns":3.0},{"damage":4.0,"enemies":"Lots of Slimes","floor":11.0,"turns":2.0},{"damage":7.0,"enemies":"Lagavulin","floor":13.0,"turns":6.0},{"damage":15.0,"enemies":"The Guardian","floor":16.0,"turns":9.0},{"damage":12.0,"enemies":"2 Thieves","floor":18.0,"turns":4.0},{"damage":9.0,"enemies":"Spheric Guardian","floor":21.0,"turns":4.0},{"damage":3.0,"enemies":"Book of Stabbing","floor":23.0,"turns":4.0},{"damage":3.0,"enemies":"Snake Plant","floor":24.0,"turns":4.0},{"damage":36.0,"enemies":"Slavers","floor":25.0,"turns":5.0},{"damage":0.0,"enemies":"Centurion and Healer","floor":28.0,"turns":6.0},{"damage":10.0,"enemies":"Shelled Parasite and Fungi","floor":30.0,"turns":4.0},{"damage":25.0,"enemies":"Gremlin Leader","floor":31.0,"turns":5.0},{"damage":0.0,"enemies":"Champ","floor":33.0,"turns":8.0},{"damage":23.0,"enemies":"3 Darklings","floor":35.0,"turns":5.0},{"damage":4.0,"enemies":"3 Shapes","floor":36.0,"turns":5.0},{"damage":17.0,"enemies":"Maw","floor":37.0,"turns":5.0},{"damage":9.0,"enemies":"Transient","floor":39.0,"turns":5.0},{"damage":76.0,"enemies":"Reptomancer","floor":41.0,"turns":8.0},{"damage":21.0,"enemies":"Jaw Worm Horde","floor":42.0,"turns":6.0},{"damage":10,"enemies":"Giant Head","floor":44,"turns":6},{"damage":34,"enemies":"Reptomancer","floor":47,"turns":5},{"damage":0,"enemies":"3 Darklings","floor":48,"turns":1},{"damage":22,"enemies":"Awakened One","floor":50,"turns":9},{"damage":68,"enemies":"Shield and Spear","floor":54,"turns":6},{"damage":17,"enemies":"The Heart","floor":55,"turns":8}],"seed_played":"-7433978217791308382","potions_obtained":[{"floor":1.0,"key":"Regen Potion"},{"floor":7.0,"key":"HeartOfIron"},{"floor":10.0,"key":"ElixirPotion"},{"floor":13.0,"key":"ColorlessPotion"},{"floor":16.0,"key":"AttackPotion"},{"floor":24.0,"key":"Guardian:BlockOnCardUsePotion"},{"floor":25.0,"key":"Swift Potion"},{"floor":36.0,"key":"SpeedPotion"},{"floor":37.0,"key":"Ancient Potion"},{"floor":47,"key":"GamblersBrew"}],"is_trial":false,"path_per_floor":["M","M","M","?","$","E","M","R","T","E","M","?","E","?","R","B",null,"M","?","$","M","?","E","M","E","T","R","M","$","M","E","R","B",null,"M","M","M","$","M","R","E","M","T","E","R","$","E","M","R","B",null,"R","$","E","B",null],"character_chosen":"IRONCLAD","items_purchased":["Flame Barrier","Membership Card","Shockwave","Apotheosis","Frozen Eye","ClockworkSouvenir","Limit Break","Whirlwind","Ancient Potion"],"campfire_rested":0,"item_purchase_floors":[5,20,20,29,38,46,46,46,53],"current_hp_per_floor":[74,74,72,72,72,71,71,71,71,57,53,53,46,35,35,20,80,68,68,68,59,59,56,57,57,57,57,80,80,70,80,80,80,80,80,80,80,80,80,80,74,80,80,80,80,80,80,80,80,80,80,80,80,80,78],"gold":94,"neow_bonus":"BOSS_RELIC","is_daily":false,"chose_seed":false,"campfire_upgraded":7,"win_rate":0.0,"timestamp":1612542476,"path_taken":["M","M","?","?","?","E","M","R","T","E","M","?","E","?","R","BOSS","M","?","$","M","?","E","M","E","T","R","M","$","?","E","R","BOSS","M","M","M","$","M","R","E","M","T","E","R","$","E","M","R","BOSS","R","$","E","BOSS"],"items_purchased_type":["Card","Relic","Card","Card","Relic","Relic","Card","Card","Potion"],"build_version":"2020-12-22","purchased_purges":5,"victory":true,"max_hp_per_floor":[80,80,80,80,80,80,80,80,80,80,80,80,80,80,80,80,80,80,80,80,80,80,80,80,80,80,80,80,80,80,80,80,80,80,80,80,80,80,80,80,80,80,80,80,80,80,80,80,80,80,80,80,80,80,80],"relic_stats":{"Nunchaku":[11],"counters":[30,149],"Bronze Scales":[486],"Astrolabe":["Searing Blow","Flex","Metallicize"],"MealTicket":0,"Bag of Preparation":[8],"Whetstone":["Strike_R","Strike_R"],"Letter Opener":[93],"MawBank":84,"obtain_stats":[{"Potion Belt":23,"Calipers":10,"Astrolabe":34,"Velvet Choker":0,"Vajra":41,"Bag of Preparation":47,"Whetstone":13,"Letter Opener":44,"MawBank":31,"Burning Blood":0,"ClockworkSouvenir":46,"Frozen Eye":38,"Nunchaku":26,"Matryoshka":9,"Bronze Scales":6,"MealTicket":25,"downfall:ExtraCursedKey":19,"Membership Card":20,"Runic Pyramid":17,"Pocketwatch":54},{"Potion Belt":12,"Calipers":6,"Astrolabe":18,"Velvet Choker":0,"Vajra":23,"Bag of Preparation":26,"Whetstone":8,"Letter Opener":25,"MawBank":17,"Burning Blood":0,"ClockworkSouvenir":25,"Frozen Eye":21,"Nunchaku":14,"Matryoshka":5,"Bronze Scales":4,"MealTicket":14,"downfall:ExtraCursedKey":10,"Membership Card":10,"Runic Pyramid":9,"Pocketwatch":29},{"Potion Belt":48,"Calipers":19,"Astrolabe":80,"Velvet Choker":0,"Vajra":108,"Bag of Preparation":125,"Whetstone":27,"Letter Opener":120,"MawBank":72,"Burning Blood":0,"ClockworkSouvenir":120,"Frozen Eye":95,"Nunchaku":57,"Matryoshka":16,"Bronze Scales":13,"MealTicket":57,"downfall:ExtraCursedKey":40,"Membership Card":40,"Runic Pyramid":36,"Pocketwatch":141}],"Pocketwatch":[0]},"card_choices":[{"not_picked":["Ghostly Armor","Armaments"],"picked":"Dropkick","floor":1.0},{"not_picked":["Power Through","Flex"],"picked":"Pommel Strike","floor":2.0},{"not_picked":["Pommel Strike","Seeing Red"],"picked":"Demon Form","floor":3.0},{"not_picked":["Dark Embrace","Inflame"],"picked":"Carnage","floor":6.0},{"not_picked":["Cleave","Hemokinesis"],"picked":"Anger","floor":7.0},{"not_picked":["Headbutt","Cleave","Iron Wave"],"picked":"SKIP","floor":10.0},{"not_picked":["Dropkick","Anger","Warcry"],"picked":"SKIP","floor":11.0},{"not_picked":["Demon Form","Thunderclap"],"picked":"Feel No Pain","floor":13.0},{"not_picked":["Fiend Fire","Demon Form"],"picked":"Limit Break","floor":16.0},{"not_picked":["Battle Trance+1","Body Slam"],"picked":"True Grit","floor":18.0},{"not_picked":["Seeing Red","Reckless Charge","Carnage+1"],"picked":"SKIP","floor":21.0},{"not_picked":["Iron Wave","Heavy Blade+1"],"picked":"Reaper","floor":23.0},{"not_picked":["Anger","Infernal Blade+1","Pommel Strike"],"picked":"SKIP","floor":24.0},{"not_picked":["Rupture","Rage+1"],"picked":"Shrug It Off+1","floor":25.0},{"not_picked":["Iron Wave","Anger"],"picked":"Flex","floor":28.0},{"not_picked":["Clash","Intimidate","Seeing Red+1"],"picked":"SKIP","floor":30.0},{"not_picked":["Dark Embrace","Disarm"],"picked":"Sword Boomerang","floor":31.0},{"not_picked":["Limit Break","Bludgeon"],"picked":"Corruption","floor":33.0},{"not_picked":["Body Slam","Spot Weakness+1"],"picked":"Disarm","floor":35.0},{"not_picked":["Armaments","Inflame+1"],"picked":"Dual Wield+1","floor":36.0},{"not_picked":["Heavy Blade+1","Sword Boomerang"],"picked":"Shrug It Off","floor":37.0},{"not_picked":["Rage+1","Sword Boomerang","Intimidate+1"],"picked":"SKIP","floor":39.0},{"not_picked":["Inflame","Twin Strike+1","Headbutt+1"],"picked":"SKIP","floor":41.0},{"not_picked":["Rupture","Dark Embrace+1","Fire Breathing"],"picked":"SKIP","floor":42},{"not_picked":["True Grit+1","Sever Soul"],"picked":"Disarm+1","floor":44},{"not_picked":["Clash+1","Twin Strike"],"picked":"Flex+1","floor":47},{"not_picked":["Pommel Strike+1","Twin Strike+1","Clash"],"picked":"SKIP","floor":48},{"not_picked":["Armaments","Pommel Strike+1","Brutality"],"picked":"SKIP","floor":54}],"player_experience":30187,"relics_obtained":[{"floor":6.0,"key":"Bronze Scales"},{"floor":9.0,"key":"Matryoshka"},{"floor":10.0,"key":"Calipers"},{"floor":13.0,"key":"Whetstone"},{"floor":23.0,"key":"Potion Belt"},{"floor":25.0,"key":"MealTicket"},{"floor":26.0,"key":"Nunchaku"},{"floor":31.0,"key":"MawBank"},{"floor":41.0,"key":"Vajra"},{"floor":44,"key":"Letter Opener"},{"floor":47,"key":"Bag of Preparation"},{"floor":54,"key":"Pocketwatch"}],"event_choices":[{"cards_removed":["Strike_R"],"damage_healed":0.0,"max_hp_gain":0.0,"max_hp_loss":0.0,"gold_gain":0.0,"event_name":"Bonfire Elementals","player_choice":"Offered Basic","floor":4.0,"gold_loss":0.0,"damage_taken":0.0},{"damage_healed":0.0,"max_hp_gain":0.0,"max_hp_loss":0.0,"gold_gain":0.0,"event_name":"Liars Game","player_choice":"Ignored","floor":12.0,"gold_loss":0.0,"damage_taken":0.0},{"damage_healed":0.0,"max_hp_gain":0.0,"max_hp_loss":0.0,"gold_gain":75.0,"event_name":"World of Goop","player_choice":"Gather Gold","floor":14.0,"gold_loss":0.0,"damage_taken":11.0},{"damage_healed":0.0,"max_hp_gain":0.0,"max_hp_loss":0.0,"gold_gain":0.0,"event_name":"The Joust","player_choice":"Bet on Murderer","floor":22.0,"gold_loss":50.0,"damage_taken":0.0}],"is_beta":false,"boss_relics":[{"not_picked":["Tiny House","Runic Dome"],"picked":"Runic Pyramid"},{"not_picked":["Philosopher\u0027s Stone","bronze:MakeshiftBattery"],"picked":"Astrolabe"}],"items_purged_floors":[5,20,29,38,46],"is_endless":false,"potions_floor_spawned":[1,7,10,13,16,21,24,25,36,37,39,44,47],"ascension_level":1}}