{"host":"s3s7xsmblwiz356v","time":1612544832,"event":{"mods":["AchievementEnabler","BaseMod","Block Reminder","Colored Map","Colored Powertips","Minty Spire (QoL Compilation)"],"gold_per_floor":[114,125,144,31,50,84,84,84,108,108,133,148,173,173,173,249,249,267,300,300,65,65,95,95,95,164,193,193,204,51,63,63,140,140,160,160,179,179,179,214,214,245,269,301,314,314,57,86,86,86,86,86,3,36,36],"floor_reached":56,"language":"ENG","playtime":8572,"items_purged":["Strike_B+1","Normality"],"score":2295,"play_id":"5076949c-91df-4383-bf3e-65738b8268ad","local_time":"20210205120712","is_ascension_mode":true,"campfire_choices":[{"data":"Defragment","floor":7,"key":"SMITH"},{"floor":10,"key":"REST"},{"data":"Biased Cognition","floor":15,"key":"SMITH"},{"floor":25,"key":"REST"},{"data":"Seek","floor":32,"key":"SMITH"},{"data":"Apotheosis","floor":41,"key":"SMITH"},{"floor":46,"key":"RECALL"},{"floor":49,"key":"REST"},{"floor":52,"key":"REST"}],"circlet_count":0,"master_deck":["AscendersBane","Strike_B+1","Strike_B+1","Strike_B+1","Defend_B+1","Defend_B+1","Defend_B+1","Defend_B+1","Zap","Dualcast","Undo","White Noise","Ball Lightning","Defragment+1","FTL","Biased Cognition+1","Conserve Battery","Darkness","Echo Form","Seek+1","Coolheaded","Echo Form","Stack+1","Cold Snap","Buffer+1","Coolheaded+1","Buffer+1","Creative AI+1","Finesse","Apotheosis+1","Swift Strike","Static Discharge+1","Static Discharge+1","Defragment+1","Shame","Hologram+1","Coolheaded+1","Self Repair+1","Biased Cognition+1","Hologram+1","Go for the Eyes+1","Core Surge"],"relics":["Cracked Core","NeowsBlessing","Toy Ornithopter","Happy Flower","Blood Vial","CaptainsWheel","MealTicket","Cursed Key","Red Mask","DollysMirror","Frozen Egg 2","Letter Opener","Dream Catcher","Philosopher\u0027s Stone","Ice Cream","Oddly Smooth Stone","Torii","Bronze Scales","Art of War","Mummified Hand"],"acts_visited":["Exordium","TheCity","TheBeyond","TheEnding"],"potions_floor_usage":[6,13,16,19,23,27,33,40,45,50,55,55],"damage_taken":[{"damage":0,"enemies":"Jaw Worm","floor":1,"turns":1},{"damage":0,"enemies":"Small Slimes","floor":2,"turns":1},{"damage":0,"enemies":"2 Louse","floor":3,"turns":1},{"damage":10,"enemies":"Exordium Thugs","floor":5,"turns":5},{"damage":12,"enemies":"Lagavulin","floor":6,"turns":5},{"damage":8,"enemies":"Gremlin Nob","floor":11,"turns":3},{"damage":0,"enemies":"Large Slime","floor":12,"turns":3},{"damage":7,"enemies":"3 Sentries","floor":13,"turns":5},{"damage":19,"enemies":"The Guardian","floor":16,"turns":8},{"damage":0,"enemies":"Chosen","floor":18,"turns":3},{"damage":27,"enemies":"Masked Bandits","floor":19,"turns":6},{"damage":17,"enemies":"Slavers","floor":23,"turns":5},{"damage":22,"enemies":"Gremlin Leader","floor":27,"turns":7},{"damage":0,"enemies":"Spheric Guardian","floor":29,"turns":4},{"damage":0,"enemies":"Cultist and Chosen","floor":31,"turns":6},{"damage":0,"enemies":"Automaton","floor":33,"turns":8},{"damage":3,"enemies":"3 Shapes","floor":35,"turns":4},{"damage":24,"enemies":"3 Darklings","floor":37,"turns":7},{"damage":0,"enemies":"Nemesis","floor":40,"turns":7},{"damage":24,"enemies":"Reptomancer","floor":42,"turns":4},{"damage":0,"enemies":"Nemesis","floor":44,"turns":6},{"damage":11,"enemies":"Jaw Worm Horde","floor":45,"turns":3},{"damage":19,"enemies":"Reptomancer","floor":48,"turns":4},{"damage":42,"enemies":"Time Eater","floor":50,"turns":11},{"damage":52,"enemies":"Shield and Spear","floor":54,"turns":6},{"damage":41,"enemies":"The Heart","floor":55,"turns":9}],"seed_played":"-5688955385714450532","potions_obtained":[{"floor":3,"key":"FocusPotion"},{"floor":5,"key":"LiquidMemories"},{"floor":11,"key":"Block Potion"},{"floor":16,"key":"SkillPotion"},{"floor":19,"key":"Swift Potion"},{"floor":23,"key":"Weak Potion"},{"floor":31,"key":"LiquidBronze"},{"floor":33,"key":"AttackPotion"},{"floor":40,"key":"FocusPotion"},{"floor":45,"key":"Ancient Potion"}],"is_trial":false,"path_per_floor":["M","M","M","$","M","E","R","?","T","R","E","M","E","?","R","B",null,"M","?","?","$","?","E","?","R","T","E","?","M","$","M","R","B",null,"M","?","M","$","?","E","R","E","T","E","M","R","$","E","R","B",null,"R","$","E","B",null],"character_chosen":"DEFECT","items_purchased":["Ball Lightning","Defragment","DollysMirror","Swift Potion","Self Repair+1","Bronze Scales","Ancient Potion"],"campfire_rested":4,"item_purchase_floors":[4,4,21,30,47,47,53],"current_hp_per_floor":[64,64,64,64,54,42,42,24,24,45,39,41,41,41,41,29,61,63,43,43,58,58,48,28,50,50,35,35,37,52,54,54,61,72,71,61,39,54,54,61,61,39,39,41,37,37,52,45,66,41,64,72,72,40,21],"gold":36,"neow_bonus":"THREE_ENEMY_KILL","is_daily":false,"chose_seed":false,"campfire_upgraded":4,"win_rate":0.0,"timestamp":1612544832,"path_taken":["M","M","M","$","M","E","R","?","T","R","E","M","E","?","R","BOSS","M","?","?","$","?","E","?","R","T","E","?","M","$","?","R","BOSS","M","?","M","$","?","E","R","E","T","E","?","R","$","E","R","BOSS","R","$","E","BOSS"],"items_purchased_type":["Card","Card","Relic","Potion","Card","Relic","Potion"],"build_version":"2020-12-22","purchased_purges":2,"victory":true,"max_hp_per_floor":[71,71,71,71,71,71,71,71,71,71,71,71,71,71,71,71,71,71,71,71,71,71,71,76,76,76,76,76,76,76,76,76,76,76,76,76,76,76,72,72,72,72,72,72,72,72,72,72,72,72,72,72,72,72,72],"card_choices":[{"not_picked":["Redo","Fusion"],"picked":"Undo","floor":1},{"not_picked":["Redo","Barrage","Turbo"],"picked":"SKIP","floor":2},{"not_picked":["Aggregate","Steam Power"],"picked":"White Noise","floor":3},{"not_picked":["Barrage","White Noise"],"picked":"FTL","floor":5},{"not_picked":["All For One","Compile Driver"],"picked":"Biased Cognition","floor":6},{"not_picked":["Streamline","Stack"],"picked":"Conserve Battery","floor":11},{"not_picked":["Loop","Coolheaded"],"picked":"Darkness","floor":12},{"not_picked":["Stack","Conserve Battery"],"picked":"Echo Form","floor":13},{"not_picked":["Thunder Strike","Hyperbeam"],"picked":"Seek","floor":16},{"not_picked":["Genetic Algorithm","Sweeping Beam"],"picked":"Coolheaded","floor":18},{"not_picked":["Go for the Eyes","Beam Cell"],"picked":"Stack+1","floor":23},{"not_picked":["Melter","Auto Shields"],"picked":"Cold Snap","floor":27},{"not_picked":["Sweeping Beam","Hologram"],"picked":"Coolheaded+1","floor":29},{"not_picked":["Scrape","Redo"],"picked":"Buffer+1","floor":31},{"not_picked":["Rainbow","Meteor Strike"],"picked":"Creative AI+1","floor":33},{"not_picked":["Scrape","Ball Lightning","Stack"],"picked":"SKIP","floor":35},{"not_picked":["Scrape","Ball Lightning","Stack"],"picked":"SKIP","floor":35},{"not_picked":["Violence","Purity"],"picked":"Finesse","floor":36},{"not_picked":["Trip","Magnetism+1"],"picked":"Apotheosis","floor":36},{"not_picked":["Bandage Up","Purity"],"picked":"Swift Strike","floor":36},{"not_picked":["Gash+1","Hologram"],"picked":"Static Discharge+1","floor":37},{"not_picked":["Leap","Gash"],"picked":"Static Discharge+1","floor":40},{"not_picked":["Lockon+1","Double Energy"],"picked":"Defragment+1","floor":42},{"not_picked":["Darkness+1","Cold Snap"],"picked":"Hologram+1","floor":44},{"not_picked":["Steam Power","Turbo"],"picked":"Coolheaded+1","floor":45},{"not_picked":["Scrape","Steam"],"picked":"Biased Cognition+1","floor":48},{"not_picked":["Hello World+1","Compile Driver+1"],"picked":"Hologram+1","floor":49},{"not_picked":["Coolheaded","Hologram+1"],"picked":"Go for the Eyes+1","floor":52},{"not_picked":["Cold Snap","Amplify"],"picked":"Core Surge","floor":54}],"player_experience":554283,"relics_obtained":[{"floor":6,"key":"Toy Ornithopter"},{"floor":9,"key":"Blood Vial"},{"floor":11,"key":"CaptainsWheel"},{"floor":13,"key":"MealTicket"},{"floor":19,"key":"Red Mask"},{"floor":23,"key":"Frozen Egg 2"},{"floor":26,"key":"Letter Opener"},{"floor":27,"key":"Dream Catcher"},{"floor":40,"key":"Ice Cream"},{"floor":42,"key":"Oddly Smooth Stone"},{"floor":44,"key":"Torii"},{"floor":48,"key":"Art of War"},{"floor":54,"key":"Mummified Hand"}],"event_choices":[{"damage_healed":0,"gold_gain":0,"player_choice":"Success","damage_taken":18,"relics_obtained":["Happy Flower"],"max_hp_gain":0,"max_hp_loss":0,"event_name":"Scrap Ooze","floor":8,"gold_loss":0},{"damage_healed":0,"gold_gain":0,"player_choice":"Ignored","damage_taken":0,"max_hp_gain":0,"max_hp_loss":0,"event_name":"Shining Light","floor":14,"gold_loss":0},{"damage_healed":0,"gold_gain":0,"player_choice":"Fought Bandits","damage_taken":0,"max_hp_gain":0,"max_hp_loss":0,"event_name":"Masked Bandits","floor":19,"gold_loss":0},{"damage_healed":0,"gold_gain":0,"player_choice":"Simplicity","damage_taken":0,"max_hp_gain":0,"max_hp_loss":0,"event_name":"Back to Basics","floor":20,"gold_loss":0,"cards_upgraded":["Strike_B","Strike_B","Strike_B","Strike_B","Defend_B","Defend_B","Defend_B","Defend_B"]},{"damage_healed":0,"gold_gain":0,"player_choice":"Shed Blood","damage_taken":25,"max_hp_gain":5,"max_hp_loss":0,"event_name":"Forgotten Altar","floor":24,"gold_loss":0},{"damage_healed":0,"gold_gain":0,"player_choice":"1 cards matched","damage_taken":0,"max_hp_gain":0,"max_hp_loss":0,"event_name":"Match and Keep!","floor":28,"gold_loss":0,"cards_obtained":["Buffer"]},{"damage_healed":0,"gold_gain":0,"player_choice":"Memory 3","damage_taken":10,"max_hp_gain":0,"max_hp_loss":0,"event_name":"SensoryStone","floor":36,"gold_loss":0},{"damage_healed":0,"gold_gain":0,"player_choice":"Max HP","damage_taken":0,"max_hp_gain":0,"max_hp_loss":4,"event_name":"Winding Halls","floor":39,"gold_loss":0}],"is_beta":false,"boss_relics":[{"not_picked":["Calling Bell","FrozenCore"],"picked":"Cursed Key"},{"not_picked":["Runic Pyramid","SacredBark"],"picked":"Philosopher\u0027s Stone"}],"items_purged_floors":[21,30],"is_endless":false,"potions_floor_spawned":[3,5,11,16,19,23,31,33,40,42,45,48],"ascension_level":17}}