{"host":"1fg1a150gjswaegv","time":1612511588,"event":{"mods":["AchievementEnabler","BaseMod","Downfall","Hermit","Minty Spire (QoL Compilation)","StSLib"],"gold_per_floor":[99,115,127,144,54,65,92,126,26,52,37,137,137,122,141,242,242,242,254,270,281,299,299,299,299],"floor_reached":23,"language":"ENG","playtime":1683,"items_purged":["bronze:Defend"],"score":203,"play_id":"3443d885-4146-482d-ad6e-31f0a03dd64d","local_time":"20210205015308","is_ascension_mode":false,"campfire_choices":[{"floor":1,"key":"RECALL"},{"floor":9,"key":"REST"},{"data":"bronze:Branch","floor":13,"key":"SMITH"},{"data":"bronze:Iterate","floor":18,"key":"SMITH"}],"circlet_count":0,"master_deck":["bronze:Strike","bronze:Strike","bronze:Strike","bronze:Strike","bronze:Defend","bronze:Defend","bronze:Defend","bronze:Defend","bronze:Replicate","bronze:Goto","bronze:Branch+1","bronze:Optimize","bronze:CutThrough","bronze:Iterate+1","bronze:DelayedSlice","bronze:ChosenStrike","bronze:Deprecate","bronze:HyperBeam","bronze:OilSpill","bronze:Flail","bronze:RecursiveStrike","bronze:WhirlingStrike","bronze:OilSpill","bronze:Turbo","bronze:CloningBeam"],"relics":["bronze:BronzeCore","bronze:ProtectiveGoggles","Pen Nib","downfall:HeartBlessingRed","MealTicket","Snecko Eye"],"acts_visited":["Exordium","TheCity"],"potions_floor_usage":[16,16,20,23,23],"damage_taken":[{"damage":1,"enemies":"Cultist","floor":2,"turns":4},{"damage":6,"enemies":"Jaw Worm","floor":3,"turns":3},{"damage":5,"enemies":"Small Slimes","floor":4,"turns":3},{"damage":0,"enemies":"downfall:FleeingMerchant","floor":5,"turns":4},{"damage":3,"enemies":"Gremlin Gang","floor":6,"turns":5},{"damage":23,"enemies":"Lagavulin","floor":8,"turns":6},{"damage":4,"enemies":"3 Sentries","floor":10,"turns":4},{"damage":7,"enemies":"downfall:FleeingMerchant","floor":11,"turns":4},{"damage":0,"enemies":"downfall:FleeingMerchant","floor":14,"turns":4},{"damage":0,"enemies":"3 Louse","floor":15,"turns":3},{"damage":16,"enemies":"SI_SHIV_ARCHETYPE","floor":16,"turns":5},{"damage":0,"enemies":"3 Byrds","floor":19,"turns":2},{"damage":0,"enemies":"Chosen","floor":20,"turns":3},{"damage":30,"enemies":"Sentry and Sphere","floor":21,"turns":4},{"damage":27,"enemies":"Snake Plant","floor":22,"turns":3},{"damage":38,"enemies":"downfall:Augmenter","floor":23,"turns":4}],"seed_played":"-720871948750121122","potions_obtained":[{"floor":4,"key":"DistilledChaos"},{"floor":6,"key":"bronze:BurnAndBuffPotion"},{"floor":8,"key":"Fire Potion"},{"floor":10,"key":"Energy Potion"},{"floor":15,"key":"BlessingOfTheForge"},{"floor":16,"key":"bronze:FreeFunctionsPotion"},{"floor":22,"key":"Regen Potion"}],"is_trial":false,"path_per_floor":["R","M","M","M","$","M","T","E","R","E","$","?","R","$","M","B",null,"R","M","M","M","M","?"],"character_chosen":"THE_AUTOMATON","items_purchased":[],"campfire_rested":1,"item_purchase_floors":[],"current_hp_per_floor":[77,76,70,65,65,62,62,39,62,58,66,66,66,77,77,61,77,77,77,77,47,20,0,0,0],"gold":299,"neow_bonus":"TEN_PERCENT_HP_BONUS","is_daily":false,"chose_seed":false,"campfire_upgraded":2,"win_rate":0.0,"timestamp":1612511588,"path_taken":["R","?","M","M","$","?","T","E","R","E","$","?","R","?","M","BOSS","R","M","M","M","M","?"],"items_purchased_type":[],"build_version":"2020-12-22","purchased_purges":1,"victory":false,"max_hp_per_floor":[77,77,77,77,77,77,77,77,77,77,77,77,77,77,77,77,77,77,77,77,77,77,77,77,77],"card_choices":[{"not_picked":["bronze:GetLatest","bronze:Boost"],"picked":"bronze:Branch","floor":2},{"not_picked":["bronze:Shield","bronze:Overheat"],"picked":"bronze:Optimize","floor":3},{"not_picked":["bronze:DelayedGuard","bronze:ChosenStrike"],"picked":"bronze:CutThrough","floor":4},{"not_picked":["bronze:DelayedSlice","bronze:Shield"],"picked":"bronze:Iterate","floor":5},{"not_picked":["bronze:Invalidate","bronze:FineTuning"],"picked":"bronze:DelayedSlice","floor":6},{"not_picked":["bronze:DelayedSlice","bronze:FindAndReplace"],"picked":"bronze:ChosenStrike","floor":8},{"not_picked":["bronze:CutThrough","bronze:Turbo"],"picked":"bronze:Deprecate","floor":10},{"not_picked":["bronze:BugBarrage","bronze:DelayedGuard"],"picked":"bronze:HyperBeam","floor":11},{"not_picked":["bronze:Invalidate","bronze:Shield"],"picked":"bronze:OilSpill","floor":14},{"not_picked":["bronze:FollowUp","bronze:ChosenStrike"],"picked":"bronze:Flail","floor":15},{"not_picked":["bronze:Mutator","bronze:HyperBeam"],"picked":"bronze:RecursiveStrike","floor":16},{"not_picked":["bronze:DelayedSlice","bronze:OilSpill"],"picked":"bronze:WhirlingStrike","floor":19},{"not_picked":["bronze:Optimize+1","bronze:WhirlingStrike"],"picked":"bronze:OilSpill","floor":20},{"not_picked":["bronze:FollowUp+1","bronze:MaxOutput"],"picked":"bronze:Turbo","floor":21},{"not_picked":["bronze:DelayedSlice","bronze:Iterate+1"],"picked":"bronze:CloningBeam","floor":22}],"player_experience":46197,"relics_obtained":[{"floor":7,"key":"bronze:ProtectiveGoggles"},{"floor":8,"key":"Pen Nib"},{"floor":10,"key":"MealTicket"}],"event_choices":[],"is_beta":false,"boss_relics":[{"not_picked":["Velvet Choker","SacredBark"],"picked":"Snecko Eye"}],"items_purged_floors":[5],"is_endless":false,"potions_floor_spawned":[4,6,8,10,15,16,22],"killed_by":"downfall:Augmenter","ascension_level":0}}