{"host":"kjehzzhcyp0nyrrl","time":1612536928,"event":{"mods":["100% Spire Juice","AchievementEnabler","BaseMod","Hermit","Keyboard Shortcuts","Koishi","Minty Spire (QoL Compilation)","StSLib","SuperFastMode","The Dragon Tamer","everything is the same but u backflip on backflip"],"gold_per_floor":[110,60,135,135,152,152,152,164,164,175,200,200,211,161,161,161,161],"floor_reached":16,"language":"KOR","playtime":365,"items_purged":[],"score":140,"play_id":"a9dfb263-09e0-4d01-b97f-6d0d29b5e54f","local_time":"20210205235528","is_ascension_mode":true,"campfire_choices":[{"data":"True Grit","floor":6,"key":"SMITH"},{"data":"Offering","floor":12,"key":"SMITH"},{"data":"Evolve","floor":15,"key":"SMITH"}],"circlet_count":0,"master_deck":["Strike_R","Strike_R","Defend_R","Defend_R","Defend_R","Defend_R","Bash","Body Slam+1","True Grit+1","Sentinel","Wild Strike","Offering+1","Evolve+1"],"relics":["Burning Blood","Champion Belt","Bird Faced Urn"],"acts_visited":["Exordium"],"potions_floor_usage":[13],"damage_taken":[{"damage":6,"enemies":"Cultist","floor":1,"turns":3},{"damage":0,"enemies":"Jaw Worm","floor":5,"turns":4},{"damage":3,"enemies":"2 Louse","floor":8,"turns":5},{"damage":9,"enemies":"Red Slaver","floor":10,"turns":3},{"damage":29,"enemies":"3 Sentries","floor":11,"turns":14},{"damage":1,"enemies":"2 Fungi Beasts","floor":13,"turns":5},{"damage":34,"enemies":"Hexaghost","floor":16,"turns":10}],"seed_played":"4502759062802036126","potions_obtained":[{"floor":8,"key":"FearPotion"},{"floor":10,"key":"Block Potion"}],"is_trial":false,"path_per_floor":["M","$","?","?","M","R","?","M","T","M","E","R","M","?","R","B"],"character_chosen":"IRONCLAD","items_purchased":["True Grit"],"campfire_rested":0,"item_purchase_floors":[2],"current_hp_per_floor":[72,72,61,61,67,67,60,63,63,60,37,37,42,42,42,10,10],"gold":161,"neow_bonus":"REMOVE_CARD","is_daily":false,"chose_seed":false,"campfire_upgraded":3,"win_rate":0.0,"timestamp":1612536928,"path_taken":["M","?","?","?","?","R","?","M","T","M","E","R","M","?","R","BOSS"],"items_purchased_type":["Card"],"build_version":"2020-12-22","purchased_purges":0,"victory":false,"max_hp_per_floor":[80,80,80,80,80,80,80,80,80,80,80,80,80,80,80,80,80],"card_choices":[{"not_picked":["Warcry","Thunderclap"],"picked":"Body Slam","floor":1},{"not_picked":["Warcry","Heavy Blade"],"picked":"Sentinel","floor":5},{"not_picked":["Havoc","Shockwave"],"picked":"Wild Strike","floor":8},{"not_picked":["Clash","Cleave","Havoc"],"picked":"SKIP","floor":10},{"not_picked":["Rupture","Wild Strike"],"picked":"Offering","floor":11},{"not_picked":["Perfected Strike","True Grit"],"picked":"Evolve","floor":13}],"player_experience":394105,"relics_obtained":[{"floor":9,"key":"Champion Belt"},{"floor":11,"key":"Bird Faced Urn"}],"event_choices":[{"damage_healed":0,"gold_gain":75,"player_choice":"Gather Gold","damage_taken":11,"max_hp_gain":0,"max_hp_loss":0,"event_name":"World of Goop","floor":3,"gold_loss":0},{"damage_healed":0,"gold_gain":0,"player_choice":"Upgraded","damage_taken":0,"max_hp_gain":0,"max_hp_loss":0,"event_name":"Upgrade Shrine","floor":4,"gold_loss":0,"cards_upgraded":["Body Slam"]},{"cards_removed":["Strike_R"],"damage_healed":0,"gold_gain":0,"player_choice":"Card Removal","damage_taken":7,"max_hp_gain":0,"max_hp_loss":0,"event_name":"Golden Wing","floor":7,"gold_loss":0},{"cards_removed":["Strike_R"],"damage_healed":0,"gold_gain":0,"player_choice":"Card Removal","damage_taken":0,"max_hp_gain":0,"max_hp_loss":0,"event_name":"The Cleric","floor":14,"gold_loss":50}],"is_beta":false,"boss_relics":[],"items_purged_floors":[],"is_endless":false,"potions_floor_spawned":[8,10],"killed_by":"Hexaghost","ascension_level":8}}