{"host":"ao4lxi9bhtts409i","time":1612550614,"event":{"mods":["AchievementEnabler","BaseMod","Colored Map","Colored Powertips","Minty Spire (QoL Compilation)","SuperFastMode"],"gold_per_floor":[119,139,26,26,43,43,73,73,73,93,43,43,4,35,35,134,134,154,166,91,91,106,106,117,148,174,191,210,210,58,77,77,77,77],"floor_reached":33,"language":"ENG","playtime":1711,"items_purged":["Strike_G"],"score":372,"play_id":"bdfc405e-d77f-4940-bba6-7b73782c0555","local_time":"20210205194334","is_ascension_mode":true,"campfire_choices":[{"floor":6,"key":"REST"},{"floor":8,"key":"REST"},{"floor":12,"key":"REST"},{"data":"Caltrops","floor":15,"key":"SMITH"},{"floor":23,"key":"REST"},{"floor":32,"key":"REST"}],"circlet_count":0,"master_deck":["Defend_G","Defend_G+1","Defend_G+1","Defend_G","Defend_G","Survivor","Neutralize","Venomology","Dagger Throw","Leg Sweep","Noxious Fumes","Dagger Spray","Bullet Time","Catalyst","Caltrops+1","Backstab","Corpse Explosion","Poisoned Stab","Well Laid Plans","Backflip+1","PiercingWail","Footwork","Dodge and Roll+1","Footwork","Bite","Bite","Bite","Bite","Bite","Infinite Blades","PiercingWail"],"relics":["Ring of the Serpent","Sundial","Kunai","Ginger","Toy Ornithopter","Bag of Preparation"],"acts_visited":["Exordium","TheCity"],"potions_floor_usage":[5,7,7,10,14,14,16,19,22,22,25,25,25,27,28,28,33],"damage_taken":[{"damage":14,"enemies":"Jaw Worm","floor":1,"turns":8},{"damage":1,"enemies":"Small Slimes","floor":2,"turns":4},{"damage":0,"enemies":"2 Louse","floor":5,"turns":4},{"damage":28,"enemies":"Gremlin Nob","floor":7,"turns":4},{"damage":0,"enemies":"Looter","floor":10,"turns":3},{"damage":7,"enemies":"3 Sentries","floor":14,"turns":7},{"damage":9,"enemies":"Hexaghost","floor":16,"turns":9},{"damage":1,"enemies":"Shell Parasite","floor":18,"turns":8},{"damage":26,"enemies":"2 Thieves","floor":19,"turns":4},{"damage":18,"enemies":"Centurion and Healer","floor":22,"turns":5},{"damage":19,"enemies":"Shelled Parasite and Fungi","floor":24,"turns":6},{"damage":16,"enemies":"Gremlin Leader","floor":25,"turns":5},{"damage":12,"enemies":"Cultist and Chosen","floor":27,"turns":7},{"damage":9,"enemies":"Chosen and Byrds","floor":28,"turns":10},{"damage":18,"enemies":"Snake Plant","floor":31,"turns":5},{"damage":59,"enemies":"Automaton","floor":33,"turns":6}],"seed_played":"7624315727134063276","potions_obtained":[{"floor":1,"key":"LiquidBronze"},{"floor":10,"key":"AttackPotion"},{"floor":16,"key":"Fire Potion"},{"floor":19,"key":"SteroidPotion"},{"floor":25,"key":"BlessingOfTheForge"}],"is_trial":false,"path_per_floor":["M","M","$","?","M","R","E","R","T","M","?","R","$","E","R","B",null,"M","M","?","?","M","R","M","E","T","M","M","?","$","M","R","B"],"character_chosen":"THE_SILENT","items_purchased":["Noxious Fumes","Caltrops","Regen Potion","Infinite Blades"],"campfire_rested":5,"item_purchase_floors":[3,13,30,30],"current_hp_per_floor":[35,34,34,20,20,41,13,34,34,34,34,55,55,48,48,39,70,69,43,43,43,25,46,27,11,11,4,5,5,5,10,24,0,0],"gold":77,"neow_bonus":"THREE_RARE_CARDS","is_daily":false,"chose_seed":false,"campfire_upgraded":1,"win_rate":0.0,"timestamp":1612550614,"path_taken":["M","M","$","?","M","R","E","R","T","M","?","R","$","E","R","BOSS","M","M","?","?","M","R","M","E","T","M","M","?","?","M","R","BOSS"],"items_purchased_type":["Card","Card","Potion","Card"],"build_version":"2020-12-22","purchased_purges":1,"victory":false,"max_hp_per_floor":[70,70,70,70,70,70,70,70,70,70,70,70,70,70,70,70,70,70,70,70,70,70,70,70,70,70,70,70,49,49,49,49,49,49],"card_choices":[{"not_picked":["Unload","Tools of the Trade"],"picked":"Venomology","floor":0},{"not_picked":["Flying Knee","Deflect"],"picked":"Dagger Throw","floor":1},{"not_picked":["Dagger Throw","Escape Plan"],"picked":"Leg Sweep","floor":2},{"not_picked":["Dash","Poisoned Stab"],"picked":"Dagger Spray","floor":5},{"not_picked":["Dash","Accuracy"],"picked":"Bullet Time","floor":7},{"not_picked":["Dagger Throw","Dodge and Roll"],"picked":"Catalyst","floor":10},{"not_picked":["Flying Knee","Deadly Poison"],"picked":"Backstab","floor":14},{"not_picked":["Venomology","Storm of Steel"],"picked":"Corpse Explosion","floor":16},{"not_picked":["Finisher","Cloak And Dagger"],"picked":"Poisoned Stab","floor":18},{"not_picked":["Blur","Quick Slash"],"picked":"Well Laid Plans","floor":19},{"not_picked":["Outmaneuver+1","Cloak And Dagger"],"picked":"Backflip+1","floor":22},{"not_picked":["Crippling Poison","Prepared+1"],"picked":"PiercingWail","floor":24},{"not_picked":["Tactician+1","Expertise+1"],"picked":"Footwork","floor":25},{"not_picked":["Underhanded Strike+1","Prepared"],"picked":"Dodge and Roll+1","floor":27},{"not_picked":["Acrobatics","PiercingWail"],"picked":"Footwork","floor":28},{"not_picked":["Prepared","Blur"],"picked":"PiercingWail","floor":31}],"player_experience":257234,"relics_obtained":[{"floor":7,"key":"Sundial"},{"floor":9,"key":"Kunai"},{"floor":14,"key":"Ginger"},{"floor":25,"key":"Toy Ornithopter"},{"floor":26,"key":"Bag of Preparation"}],"event_choices":[{"damage_healed":0,"gold_gain":0,"player_choice":"Entered Light","damage_taken":14,"max_hp_gain":0,"max_hp_loss":0,"event_name":"Shining Light","floor":4,"gold_loss":0,"cards_upgraded":["Defend_G","Defend_G"]},{"cards_removed":["Strike_G"],"damage_healed":0,"gold_gain":0,"player_choice":"Card Removal","damage_taken":0,"max_hp_gain":0,"max_hp_loss":0,"event_name":"The Cleric","floor":11,"gold_loss":50},{"cards_removed":["Strike_G"],"damage_healed":0,"gold_gain":0,"player_choice":"Gave Gold","damage_taken":0,"max_hp_gain":0,"max_hp_loss":0,"event_name":"Beggar","floor":20,"gold_loss":75},{"damage_healed":0,"gold_gain":0,"player_choice":"Ignored","damage_taken":0,"max_hp_gain":0,"max_hp_loss":0,"event_name":"The Mausoleum","floor":21,"gold_loss":0},{"damage_healed":0,"gold_gain":0,"player_choice":"Became a vampire","damage_taken":0,"max_hp_gain":0,"max_hp_loss":21,"event_name":"Vampires","floor":29,"gold_loss":0,"cards_obtained":["Bite","Bite","Bite","Bite","Bite"]}],"is_beta":false,"boss_relics":[{"not_picked":["Calling Bell","Empty Cage"],"picked":"Ring of the Serpent"}],"items_purged_floors":[3],"is_endless":false,"potions_floor_spawned":[1,10,16,19,25],"killed_by":"Automaton","ascension_level":3}}