{"host":"bpdbi03e31cbjklx","time":1612565082,"event":{"mods":["BaseMod","Colored Map","Colored Powertips","Downfall","Highlight Path","Minty Spire (QoL Compilation)","StSLib","The Senshi"],"gold_per_floor":[99,119,139,139,156,176,201,201,101,117,117,134,144,171,191,294,294,194,209,223,18,18,30,55,70,70,70,97,97,128,148,164,263,263,163,163,182,209,52,52,86,105,124,18,18,49,49,68,84,84,84,127,22,22,22,22],"floor_reached":57,"language":"ENG","playtime":10625,"items_purged":["Writhe"],"score":1255,"play_id":"d55eaf78-59bd-4075-a72d-0b3feb43680c","local_time":"20210205164442","is_ascension_mode":false,"campfire_choices":[{"data":"Guardian:TwinSlam","floor":1.0,"key":"SMITH"},{"data":"Guardian:BodySlam","floor":9.0,"key":"SMITH"},{"floor":11.0,"key":"RECALL"},{"data":"Guardian:ConstructionForm","floor":18.0,"key":"SMITH"},{"data":"Guardian:Repulse","floor":26.0,"key":"SMITH"},{"data":"Guardian:TimeCapacitor","floor":35.0,"key":"SMITH"},{"data":"Guardian:ShieldCharger","floor":40.0,"key":"SMITH"},{"data":"Guardian:StasisStrike","floor":47.0,"key":"SMITH"},{"floor":54.0,"key":"REST"}],"circlet_count":0,"master_deck":["Guardian:Strike_Guardian","Guardian:Strike_Guardian+1","Guardian:Strike_Guardian+1","Guardian:Defend_Guardian","Guardian:Defend_Guardian","Guardian:Defend_Guardian","Guardian:Defend_Guardian","Guardian:CurlUp","Guardian:TwinSlam+1","Guardian:BodySlam+1","Guardian:TemporalShield","Guardian:Planning","Guardian:ChargeCore","Guardian:Preprogram","Guardian:EvasiveProtocol","Guardian:StasisStrike+1","Guardian:ShieldCharger+1","Guardian:ConstructionForm+1","Guardian:TemporalStrike+1","Guardian:SentryBeam+1","Guardian:Repulse+1","Guardian:SphericShield","Guardian:SphericShield","Guardian:RollAttack+1","Guardian:TimeCapacitor+1","Guardian:PiercingHide+1","Guardian:FastForward","Guardian:BronzeOrb+1","Guardian:Recover+1"],"relics":["Guardian:ModeShifter","MealTicket","Question Card","downfall:HeartBlessingBlue","Omamori","Cursed Key","downfall:HeartBlessingRed","Guardian:BottledStasis","Juzu Bracelet","Molten Egg 2","Kunai","Thread and Needle","Calling Bell","CeramicFish","Darkstone Periapt","CaptainsWheel","downfall:HeartBlessingGreen","Bronze Scales","Pen Nib","Gremlin Horn","Whetstone"],"acts_visited":["Exordium","TheCity","TheBeyond","TheEnding"],"potions_floor_usage":[],"damage_taken":[{"damage":10.0,"enemies":"Small Slimes","floor":2.0,"turns":4.0},{"damage":3.0,"enemies":"Jaw Worm","floor":3.0,"turns":4.0},{"damage":1.0,"enemies":"Cultist","floor":5.0,"turns":4.0},{"damage":7.0,"enemies":"Large Slime","floor":6.0,"turns":4.0},{"damage":5.0,"enemies":"Exordium Wildlife","floor":10.0,"turns":5.0},{"damage":0.0,"enemies":"3 Louse","floor":12.0,"turns":1.0},{"damage":4.0,"enemies":"Blue Slaver","floor":13.0,"turns":4.0},{"damage":2.0,"enemies":"Gremlin Nob","floor":14.0,"turns":4.0},{"damage":8.0,"enemies":"Lots of Slimes","floor":15.0,"turns":4.0},{"damage":5.0,"enemies":"SI_SHIV_ARCHETYPE","floor":16.0,"turns":9.0},{"damage":0.0,"enemies":"Spheric Guardian","floor":19.0,"turns":4.0},{"damage":20.0,"enemies":"3 Byrds","floor":20.0,"turns":5.0},{"damage":0.0,"enemies":"downfall:FleeingMerchant","floor":21.0,"turns":4.0},{"damage":0.0,"enemies":"Sentry and Sphere","floor":23.0,"turns":4.0},{"damage":10.0,"enemies":"Chosen and Byrds","floor":25.0,"turns":5.0},{"damage":13.0,"enemies":"Gremlin Leader","floor":28.0,"turns":7.0},{"damage":0.0,"enemies":"Slavers","floor":30.0,"turns":7.0},{"damage":1.0,"enemies":"Snake Plant","floor":31.0,"turns":4.0},{"damage":0.0,"enemies":"Centurion and Healer","floor":32.0,"turns":5.0},{"damage":11.0,"enemies":"IC_MUSHROOM_ARCHETYPE","floor":33.0,"turns":9.0},{"damage":0.0,"enemies":"Orb Walker","floor":37.0,"turns":3.0},{"damage":2.0,"enemies":"3 Darklings","floor":38.0,"turns":6.0},{"damage":0.0,"enemies":"downfall:FleeingMerchant","floor":39.0,"turns":4.0},{"damage":0.0,"enemies":"Sphere and 2 Shapes","floor":42.0,"turns":5.0},{"damage":20.0,"enemies":"Jaw Worm Horde","floor":43.0,"turns":4.0},{"damage":0.0,"enemies":"downfall:FleeingMerchant","floor":44.0,"turns":4.0},{"damage":0.0,"enemies":"Giant Head","floor":46.0,"turns":8.0},{"damage":0.0,"enemies":"Transient","floor":48.0,"turns":5.0},{"damage":0.0,"enemies":"3 Darklings","floor":49.0,"turns":4.0},{"damage":26.0,"enemies":"DF_ARCHETYPE_ORBS","floor":50.0,"turns":10.0},{"damage":54.0,"enemies":"downfall:CharBossMerchant","floor":52.0,"turns":9.0},{"damage":0,"enemies":"downfall:NeowBoss","floor":55,"turns":18},{"damage":54,"enemies":"downfall:NeowBossFinal","floor":56,"turns":11}],"seed_played":"-8688593728163469467","potions_obtained":[{"floor":2.0,"key":"Strength Potion"},{"floor":3.0,"key":"Explosive Potion"},{"floor":12.0,"key":"GamblersBrew"},{"floor":13.0,"key":"SkillPotion"},{"floor":15.0,"key":"BlessingOfTheForge"},{"floor":19.0,"key":"SmokeBomb"},{"floor":23.0,"key":"Explosive Potion"},{"floor":28.0,"key":"AttackPotion"},{"floor":33.0,"key":"Block Potion"},{"floor":36.0,"key":"DuplicationPotion"},{"floor":42.0,"key":"EssenceOfSteel"},{"floor":52.0,"key":"GamblersBrew"}],"is_trial":false,"path_per_floor":["R","M","M","?","M","M","T","T","R","M","R","M","M","E","M","B",null,"R","M","M","$","?","M","T","M","R","?","E","?","E","M","M","B",null,"R","?","M","M","$","R","T","M","M","$","?","E","R","M","M","B",null,"E","$","R","B","B",null],"character_chosen":"GUARDIAN","items_purchased":["Guardian:Gem_Cyan","Guardian:BottledStasis","Bronze Scales","Guardian:BronzeOrb+1","FairyPotion"],"campfire_rested":1,"item_purchase_floors":[21,21,39,44,53],"current_hp_per_floor":[88,78,75,63,62,55,55,55,65,60,60,60,56,54,46,41,98,98,98,78,93,93,93,93,83,83,83,70,70,70,69,69,58,98,98,98,98,96,98,98,104,104,84,99,99,99,99,99,99,73,104,50,65,96,96,42],"gold":22,"neow_bonus":"TEN_PERCENT_HP_BONUS","is_daily":false,"chose_seed":false,"campfire_upgraded":7,"win_rate":0.0,"timestamp":1612565082,"path_taken":["R","M","M","?","M","M","T","?","R","M","R","?","M","E","M","BOSS","R","M","M","$","?","M","T","M","R","?","E","?","E","M","M","BOSS","R","?","M","M","$","R","T","M","M","$","?","E","R","M","M","BOSS","E","$","R","BOSS","BOSS"],"items_purchased_type":["Card","Relic","Relic","Card","Potion"],"build_version":"2020-12-22","purchased_purges":1,"victory":true,"max_hp_per_floor":[88,88,88,88,88,88,88,88,98,98,98,98,98,98,98,98,98,98,98,98,98,98,98,98,98,98,98,98,98,98,98,98,98,98,98,98,98,98,98,98,104,104,104,104,104,104,104,104,104,104,104,104,104,104,104,104],"card_choices":[{"not_picked":["Guardian:ShieldSpikes","Guardian:VentSteam"],"picked":"Guardian:Gem_White","floor":2.0},{"not_picked":["Guardian:Recover","Guardian:RefractedBeam"],"picked":"Guardian:BodySlam","floor":3.0},{"not_picked":["Guardian:DonusPower","Guardian:ShieldSpikes"],"picked":"Guardian:TemporalShield","floor":5.0},{"not_picked":["Guardian:TemporalStrike","Guardian:PrimingBeam"],"picked":"Guardian:Planning","floor":6.0},{"not_picked":["Guardian:TimeBomb","Guardian:WalkerClaw","Guardian:Clone"],"picked":"Guardian:ChargeCore","floor":10.0},{"not_picked":["Guardian:PrismaticBarrier","Guardian:TemporalStrike","Guardian:ArmoredProtocol"],"picked":"Guardian:Preprogram","floor":12.0},{"not_picked":["Guardian:Clone","Guardian:ShieldSpikes","Guardian:Gem_Blue"],"picked":"Guardian:EvasiveProtocol","floor":13.0},{"not_picked":["Guardian:BaubleBeam","Guardian:Reroute","Guardian:TemporalStrike"],"picked":"Guardian:StasisStrike","floor":14.0},{"not_picked":["Guardian:Planning","Guardian:ChargeCore","Guardian:BodySlam"],"picked":"Guardian:ShieldCharger","floor":15.0},{"not_picked":["Guardian:HyperBeam_Guardian","Guardian:StasisStrike","Guardian:BaubleBeam"],"picked":"Guardian:ConstructionForm","floor":16.0},{"not_picked":["Guardian:WalkerClaw+1","Guardian:MultiBeam","Guardian:Recover"],"picked":"Guardian:Gem_Blue","floor":19.0},{"not_picked":["Guardian:RefractedBeam","Guardian:TimeBomb","Guardian:ChargeCore"],"picked":"Guardian:TemporalStrike+1","floor":20.0},{"not_picked":["Guardian:PrimingBeam","Guardian:Harden","Guardian:Gem_Green","Guardian:WalkerClaw+1"],"picked":"SKIP","floor":21.0},{"not_picked":["Guardian:TimeCapacitor","Guardian:Recover","Guardian:TimeBomb"],"picked":"Guardian:SentryBeam+1","floor":23.0},{"not_picked":["Guardian:ArmoredProtocol","Guardian:WalkerClaw","Guardian:ShieldCharger"],"picked":"Guardian:Repulse","floor":25.0},{"not_picked":["Guardian:Gem_White","Guardian:Gem_Yellow","Guardian:RollAttack+1"],"picked":"Guardian:SphericShield","floor":28.0},{"not_picked":["Guardian:Clone+1","Guardian:EvasiveProtocol","Guardian:Suspension"],"picked":"Guardian:SphericShield","floor":30.0},{"not_picked":["Guardian:Gem_Green","Guardian:Gem_Lightblue","Guardian:VentSteam"],"picked":"Guardian:RollAttack+1","floor":31.0},{"not_picked":["Guardian:TimeBomb+1","Guardian:Suspension+1","Guardian:Gem_Yellow"],"picked":"Guardian:TimeCapacitor","floor":32.0},{"not_picked":["Guardian:StasisStrike+1","Guardian:ExploitGems","Guardian:Gem_Orange"],"picked":"Guardian:Gem_Synthetic","floor":33.0},{"not_picked":["Guardian:Gem_Fragmented","Guardian:Gem_Crimson","Guardian:WalkerClaw+1"],"picked":"Guardian:PiercingHide+1","floor":37.0},{"not_picked":["Guardian:PrismaticBeam+1","Guardian:ChargeCore+1","Guardian:Suspension+1"],"picked":"Guardian:Gem_Fragmented","floor":38.0},{"not_picked":["Guardian:VentSteam+1","Guardian:Planning","Guardian:ArmoredProtocol+1"],"picked":"Guardian:Gem_Red","floor":39.0},{"not_picked":["Guardian:RefractedBeam+1","Guardian:Reroute+1","Guardian:TemporalStrike+1"],"picked":"Guardian:Gem_Cyan","floor":42.0},{"not_picked":["Guardian:PiercingHide","Guardian:EvasiveProtocol+1","Guardian:ChargeCore+1","Guardian:Gem_Red"],"picked":"SKIP","floor":43.0},{"not_picked":["Guardian:Gem_Blue","Guardian:Gem_Red","Guardian:TimeBomb"],"picked":"Guardian:FastForward","floor":44.0},{"not_picked":["Guardian:Gem_White","Guardian:Emergency+1","Guardian:RollAttack+1","Guardian:SentryBeam+1"],"picked":"SKIP","floor":46.0},{"not_picked":["Guardian:EvasiveProtocol","Guardian:SentryBeam+1","Guardian:PiercingHide","Guardian:Incinerate+1"],"picked":"SKIP","floor":48.0},{"not_picked":["Guardian:PiercingHide+1","Guardian:Gem_Cyan","Guardian:Suspension","Guardian:Reroute+1"],"picked":"SKIP","floor":49.0},{"not_picked":["Guardian:SentryBeam+1","Guardian:WalkerClaw+1","Guardian:Gem_Cyan"],"picked":"Guardian:Recover+1","floor":52.0}],"player_experience":367557,"relics_obtained":[{"floor":8.0,"key":"Question Card"},{"floor":14.0,"key":"Omamori"},{"floor":24.0,"key":"Juzu Bracelet"},{"floor":28.0,"key":"Molten Egg 2"},{"floor":30.0,"key":"Thread and Needle"},{"floor":34.0,"key":"CeramicFish"},{"floor":34.0,"key":"Darkstone Periapt"},{"floor":34.0,"key":"CaptainsWheel"},{"floor":41.0,"key":"Pen Nib"},{"floor":46.0,"key":"Gremlin Horn"},{"floor":52.0,"key":"Whetstone"}],"event_choices":[{"damage_healed":0.0,"max_hp_gain":0.0,"max_hp_loss":0.0,"gold_gain":0.0,"event_name":"Scrap Ooze","player_choice":"Success","floor":4.0,"gold_loss":0.0,"damage_taken":12.0,"relics_obtained":["MealTicket"]},{"damage_healed":0.0,"max_hp_gain":0.0,"max_hp_loss":0.0,"gold_gain":0.0,"event_name":"Lab","player_choice":"Got Potions","floor":36.0,"gold_loss":0.0,"damage_taken":0.0},{"cards_removed":["Guardian:Strike_Guardian"],"damage_healed":0.0,"max_hp_gain":0.0,"max_hp_loss":0.0,"gold_gain":0.0,"event_name":"Bonfire Elementals","player_choice":"Offered Basic","floor":45.0,"gold_loss":0.0,"damage_taken":0.0}],"is_beta":false,"boss_relics":[{"not_picked":["Fusion Hammer","Snecko Eye"],"picked":"Cursed Key"},{"not_picked":["Guardian:StasisSlotReductionRelic","Guardian:ModeShifterPlus"],"picked":"Calling Bell"}],"items_purged_floors":[44],"is_endless":false,"potions_floor_spawned":[2,3,12,13,15,19,23,28,32,33,42,43,46,52],"ascension_level":0}}