{"host":"ocll6kdfqxraqtza","time":1612545790,"event":{"mods":["2.2 Compatiblity","Act Like it!","Aspiration","BaseMod","Better Third Choice","Gensokyo","Hallownest","Hermit","Hubris","Jorbs\u0027s Wanderer Trilogy","Luminous","Marisa（霧雨　魔理沙）","Minty Spire (QoL Compilation)","Reimu（博??梦）","Replay The Spire","Shade Mod","StSLib","The Alterego","The Bug Knight","The Cursed","The Hierophant","The Marked","The Runesmith","TheBandit","Wandering Minibosses"],"gold_per_floor":[115,115,34,49,49,49,82,7,58,58,58,286,286,286,286,387,487,517,535,535,535,397,397,422,422,422,454,27,44,44,44,44,44,44],"floor_reached":33,"language":"ENG","playtime":1075,"items_purged":["stsjorbsmod:Defend_Wanderer","Pain"],"score":335,"play_id":"b1015fd9-7027-4e41-ad9b-318f00f85660","local_time":"20210206012310","is_ascension_mode":true,"campfire_choices":[{"data":"Distraction","floor":6,"key":"SMITH"},{"data":"stsjorbsmod:TollTheDead","floor":10,"key":"SMITH"},{"data":"stsjorbsmod:BlackTentacles","floor":13,"key":"SMITH"},{"data":"stsjorbsmod:Channel","floor":15,"key":"SMITH"},{"data":"stsjorbsmod:ColorSpray","floor":23,"key":"SMITH"},{"data":"stsjorbsmod:HoldMonster","floor":23,"key":"SMITH"},{"data":"Thunderclap","floor":25,"key":"SMITH"},{"data":"Riddle With Holes","floor":25,"key":"SMITH"},{"data":"Flying Knee","floor":32,"key":"SMITH"},{"data":"stsjorbsmod:EyeOfTheStorm","floor":32,"key":"SMITH"}],"circlet_count":0,"master_deck":["stsjorbsmod:ForbiddenGrimoire+1","stsjorbsmod:Strike_Wanderer","stsjorbsmod:Defend_Wanderer+1","stsjorbsmod:Defend_Wanderer+1","stsjorbsmod:FreshAdventure+1","stsjorbsmod:EyeOfTheStorm+1","stsjorbsmod:TollTheDead+1","Riddle With Holes+1","Flying Knee+1","Distraction+1","stsjorbsmod:ColorSpray+1","stsjorbsmod:Channel+1","stsjorbsmod:BlackTentacles+1","stsjorbsmod:HoldMonster+1","stsjorbsmod:ScorchingRay+1","stsjorbsmod:RayOfFrost+1","Thunderclap+1","stsjorbsmod:ScorchingRay+1","stsjorbsmod:UnseenServant+1","stsjorbsmod:Prestidigitation+1","stsjorbsmod:WeightOfMemory+1"],"relics":["stsjorbsmod:GrimoireRelic","Gensokyo:LunaticRedEyes","RuthlessExorcism:ReiMu","Tiny Chest","Gambling Chip","hubris:MysteriousPyramids","hubris:Towel","Replay:Wanted Poster","Replay:Arrowhead","aspiration:Nostalgia","hermit:Momento","Juzu Bracelet","aspiration:FrozenJewel","hubris:CrystalStatue","Membership Card","Frozen Egg 2","War Paint","Ornamental Fan"],"acts_visited":["Gensokyo:Gensokyo","Gensokyo:Gensokyoer"],"potions_floor_usage":[4],"damage_taken":[{"damage":0,"enemies":"Gensokyo:3_Fairies","floor":1,"turns":4},{"damage":12,"enemies":"Gensokyo:Gryphon","floor":4,"turns":3},{"damage":6,"enemies":"Gensokyo:Mamizou","floor":7,"turns":5},{"damage":19,"enemies":"Gensokyo:Aya","floor":12,"turns":6},{"damage":31,"enemies":"Gensokyo:Reimu","floor":16,"turns":7},{"damage":7,"enemies":"Gensokyo:3_Dogs","floor":18,"turns":3},{"damage":0,"enemies":"Gensokyo:CosmicMonolith","floor":19,"turns":2},{"damage":0,"enemies":"Gensokyo:Reisen","floor":24,"turns":3},{"damage":7,"enemies":"Gensokyo:Koishi","floor":27,"turns":3},{"damage":13,"enemies":"Gensokyo:Chomper_and_Gloop","floor":29,"turns":3},{"damage":49,"enemies":"Gensokyo:Eternal_Rivals","floor":33,"turns":4}],"seed_played":"-6437141919040463811","potions_obtained":[{"floor":1,"key":"Adrenaline Potion"},{"floor":16,"key":"ColorlessPotion"},{"floor":24,"key":"SteroidPotion"}],"is_trial":false,"path_per_floor":["M","?","COS","M","?","R","E","$","T","R","$","E","R","?","R","B",null,"M","M","T","?","COS","R","E","R","T","E","$","M","T","?","R","B"],"character_chosen":"WANDERER","items_purchased":["Membership Card","Frozen Egg 2","War Paint","stsjorbsmod:Prestidigitation+1"],"campfire_rested":0,"item_purchase_floors":[28,28,28,28],"current_hp_per_floor":[68,68,68,56,56,56,52,52,52,52,52,34,34,34,34,3,68,62,62,62,62,62,62,63,63,63,56,56,43,43,43,43,0,0],"gold":44,"neow_bonus":"UPGRADE_CARD","is_daily":false,"chose_seed":false,"campfire_upgraded":10,"win_rate":0.0,"timestamp":1612545790,"path_taken":["M","?","COS","?","?","R","E","$","T","R","?","E","R","?","R","BOSS","M","?","?","?","COS","R","E","R","T","E","$","M","?","?","R","BOSS"],"items_purchased_type":["Relic","Relic","Relic","Card"],"build_version":"2020-12-22","purchased_purges":2,"victory":false,"max_hp_per_floor":[68,68,68,68,68,68,68,68,68,68,68,68,68,68,68,68,68,68,68,68,68,68,68,68,68,68,68,68,68,68,68,68,68,68],"card_choices":[{"not_picked":["stsjorbsmod:Inferno","stsjorbsmod:FracturedMind"],"picked":"stsjorbsmod:TollTheDead","floor":1},{"not_picked":["stsjorbsmod:FlameWard","stsjorbsmod:SmithingStrike"],"picked":"stsjorbsmod:ColorSpray","floor":4},{"not_picked":["stsjorbsmod:Message","stsjorbsmod:TrueStrike"],"picked":"stsjorbsmod:Channel","floor":7},{"not_picked":["stsjorbsmod:Channel","stsjorbsmod:WeightOfMemory"],"picked":"stsjorbsmod:BlackTentacles","floor":12},{"not_picked":["stsjorbsmod:Banish","stsjorbsmod:Trauma"],"picked":"stsjorbsmod:HoldMonster","floor":16},{"not_picked":["stsjorbsmod:Index","stsjorbsmod:LoseGrip"],"picked":"stsjorbsmod:ScorchingRay+1","floor":18},{"not_picked":["stsjorbsmod:Determination","stsjorbsmod:Will"],"picked":"stsjorbsmod:RayOfFrost+1","floor":19},{"not_picked":["stsjorbsmod:Rest","stsjorbsmod:LocateObject"],"picked":"stsjorbsmod:ScorchingRay+1","floor":24},{"not_picked":["stsjorbsmod:ChainLightning","stsjorbsmod:Firebolt"],"picked":"stsjorbsmod:UnseenServant+1","floor":27},{"not_picked":["stsjorbsmod:AnimateObjects+1","stsjorbsmod:UnseenServant+1"],"picked":"stsjorbsmod:WeightOfMemory+1","floor":29}],"player_experience":491634,"relics_obtained":[{"floor":7,"key":"RuthlessExorcism:ReiMu"},{"floor":9,"key":"Tiny Chest"},{"floor":12,"key":"hubris:MysteriousPyramids"},{"floor":20,"key":"Replay:Arrowhead"},{"floor":24,"key":"Juzu Bracelet"},{"floor":26,"key":"aspiration:FrozenJewel"},{"floor":27,"key":"hubris:CrystalStatue"},{"floor":30,"key":"Ornamental Fan"}],"event_choices":[],"is_beta":false,"boss_relics":[{"not_picked":["hubris:Stopwatch","Calling Bell"],"picked":"Replay:Wanted Poster"}],"items_purged_floors":[8,28],"is_endless":false,"potions_floor_spawned":[1,16,24],"killed_by":"Gensokyo:Eternal_Rivals","ascension_level":2}}