{"host":"bpnwh7vpv9k3tssc","time":1612532478,"event":{"mods":["BaseMod","Colored Map","Colored Powertips","Curses Come First","Highlight Path","Minty Spire (QoL Compilation)","Quick Restart","Random Character Button","Relic Sorter","StSLib"],"gold_per_floor":[119,119,119,119,119,159,185,210,210,11,11,11,30,49,49,140,140,165,165,218,243,243,243],"floor_reached":22,"language":"ENG","playtime":502,"items_purged":["Anger"],"score":362,"play_id":"e2a1e538-a03e-44bb-85b8-b4906206d903","local_time":"20210205144118","is_ascension_mode":true,"campfire_choices":[{"data":"1","floor":12,"key":"LIFT"},{"data":"2","floor":15,"key":"LIFT"}],"circlet_count":0,"master_deck":["AscendersBane","Strike_R","Defend_R","Defend_R","Defend_R","Defend_R","Bash","Twin Strike","Iron Wave","Whirlwind","Sword Boomerang","Heavy Blade","Double Tap","Sword Boomerang","Twin Strike+1"],"relics":["Burning Blood","NeowsBlessing","Smiling Mask","Golden Idol","Girya","MealTicket","WingedGreaves","Membership Card","Blue Candle","Empty Cage","Toy Ornithopter"],"acts_visited":["Exordium","TheCity"],"potions_floor_usage":[16,22],"damage_taken":[{"damage":0,"enemies":"Jaw Worm","floor":1,"turns":1},{"damage":0,"enemies":"Lagavulin","floor":6,"turns":1},{"damage":0,"enemies":"Small Slimes","floor":8,"turns":1},{"damage":2,"enemies":"2 Louse","floor":13,"turns":2},{"damage":12,"enemies":"Looter","floor":14,"turns":3},{"damage":57,"enemies":"The Guardian","floor":16,"turns":14},{"damage":22,"enemies":"Spheric Guardian","floor":18,"turns":4},{"damage":25,"enemies":"Shell Parasite","floor":21,"turns":4},{"damage":35,"enemies":"Chosen and Byrds","floor":22,"turns":4}],"seed_played":"1826687075162969276","potions_obtained":[{"floor":6,"key":"Weak Potion"},{"floor":16,"key":"Energy Potion"},{"floor":18,"key":"ElixirPotion"}],"is_trial":false,"path_per_floor":["M","?","?","?","?","E","T","M","T","$","?","R","M","M","R","B",null,"M","?","T","M","M"],"character_chosen":"IRONCLAD","items_purchased":["Membership Card"],"campfire_rested":0,"item_purchase_floors":[10],"current_hp_per_floor":[74,74,79,68,40,46,46,52,52,67,67,67,71,65,65,14,64,48,48,48,29,0,0],"gold":243,"neow_bonus":"THREE_ENEMY_KILL","is_daily":false,"chose_seed":false,"campfire_upgraded":0,"win_rate":0.0,"timestamp":1612532478,"path_taken":["M","?","?","?","?","E","?","M","T","$","?","R","M","M","R","BOSS","M","?","?","M","?"],"items_purchased_type":["Relic"],"build_version":"2020-12-22","purchased_purges":1,"victory":false,"max_hp_per_floor":[75,75,80,80,80,80,80,80,80,80,80,80,80,80,80,80,80,80,80,80,80,80,80],"card_choices":[{"not_picked":["Anger","Sentinel"],"picked":"Twin Strike","floor":1},{"not_picked":["Disarm","Warcry"],"picked":"Iron Wave","floor":6},{"not_picked":["Headbutt","Clothesline"],"picked":"Whirlwind","floor":8},{"not_picked":["Clothesline","Entrench"],"picked":"Sword Boomerang","floor":13},{"not_picked":["Twin Strike","Blood for Blood"],"picked":"Heavy Blade","floor":14},{"not_picked":["Immolate","Fiend Fire"],"picked":"Double Tap","floor":16},{"not_picked":["Anger","Body Slam"],"picked":"Sword Boomerang","floor":18},{"not_picked":["Infernal Blade","Havoc"],"picked":"Twin Strike+1","floor":21}],"player_experience":357176,"relics_obtained":[{"floor":6,"key":"Girya"},{"floor":7,"key":"MealTicket"},{"floor":9,"key":"WingedGreaves"},{"floor":11,"key":"Blue Candle"},{"floor":20,"key":"Toy Ornithopter"}],"event_choices":[{"damage_healed":0,"gold_gain":0,"cards_transformed":["Strike_R"],"player_choice":"Change","damage_taken":0,"max_hp_gain":0,"max_hp_loss":0,"event_name":"Living Wall","floor":2,"gold_loss":0,"cards_obtained":["Anger"]},{"damage_healed":0,"gold_gain":0,"player_choice":"Donut","damage_taken":0,"max_hp_gain":5,"max_hp_loss":0,"event_name":"Big Fish","floor":3,"gold_loss":0},{"damage_healed":0,"gold_gain":0,"player_choice":"Success","damage_taken":11,"relics_obtained":["Smiling Mask"],"max_hp_gain":0,"max_hp_loss":0,"event_name":"Scrap Ooze","floor":4,"gold_loss":0},{"damage_healed":0,"gold_gain":0,"player_choice":"Take Damage","damage_taken":28,"relics_obtained":["Golden Idol"],"max_hp_gain":0,"max_hp_loss":0,"event_name":"Golden Idol","floor":5,"gold_loss":0},{"damage_healed":0,"gold_gain":0,"player_choice":"Relic","damage_taken":0,"max_hp_gain":0,"max_hp_loss":0,"event_name":"Wheel of Change","floor":11,"gold_loss":0},{"cards_removed":["Strike_R"],"damage_healed":0,"gold_gain":0,"player_choice":"Elegance","damage_taken":0,"max_hp_gain":0,"max_hp_loss":0,"event_name":"Back to Basics","floor":19,"gold_loss":0}],"is_beta":false,"boss_relics":[{"not_picked":["SacredBark","Black Blood"],"picked":"Empty Cage"}],"items_purged_floors":[10],"is_endless":false,"potions_floor_spawned":[6,16,18],"killed_by":"Chosen and Byrds","ascension_level":15}}