{"host":"rnjhaewkefy4rz3c","time":1612483718,"event":{"mods":["2.2 Compatiblity","AchievementEnabler","Aspiration","BaseMod","CCEM2","Colored Map","Conspire","Downfall","Halation","Hubris","Jedi Mod","Minty Spire (QoL Compilation)","Permanent Neow","Relic Filter","Relic Sorter","Reliquary","StS++","StSLib"],"gold_per_floor":[115,40,40,54,70,89,89,89,168,200,200,200,235,246,246,345,345,360,260,271,271,283,283,283,283,283,312,323,248,271,298,298,298,298],"floor_reached":33,"language":"ENG","playtime":1956,"items_purged":["theextravagant:SlyStrike","theextravagant:SlyStrike"],"score":293,"play_id":"f30c45d7-fc7f-4598-b182-147f521f40fd","local_time":"20210204200838","is_ascension_mode":false,"campfire_choices":[{"data":"theextravagant:Triumph","floor":7.0,"key":"SMITH"},{"data":"theextravagant:Cutthroat","floor":11.0,"key":"SMITH"},{"floor":15,"key":"REST"},{"data":"theextravagant:QuickAttack","floor":23,"key":"SMITH"},{"data":"theextravagant:Fence","floor":25,"key":"SMITH"},{"data":"theextravagant:Ambush","floor":32,"key":"SMITH"}],"circlet_count":0,"master_deck":["theextravagant:Fence+1","theextravagant:QuickAttack+1","theextravagant:Triumph+1","theextravagant:Cutthroat+1","theextravagant:DAMNATION","theextravagant:Ambush+1"],"relics":["theextravagant:TranslucentFeather","aspiration:StickyExplosives_weak","reliquary:TatteredRug","hubris:Towel","CCEMRelics:Apple","aspiration:IroncladSkillbook","halation:PrussianBluePaint","theextravagant:RedPhonoblaster","Bronze Scales","hubris:Potato"],"acts_visited":["Exordium","TheCity"],"potions_floor_usage":[14,16,27,27,31,33],"damage_taken":[{"damage":0.0,"enemies":"Jaw Worm","floor":1.0,"turns":4.0},{"damage":0.0,"enemies":"Small Slimes","floor":4.0,"turns":3.0},{"damage":0.0,"enemies":"2 Louse","floor":5.0,"turns":2.0},{"damage":1.0,"enemies":"2 Fungi Beasts","floor":6.0,"turns":3.0},{"damage":8.0,"enemies":"Gremlin Nob","floor":10.0,"turns":3.0},{"damage":6.0,"enemies":"Lagavulin","floor":13.0,"turns":7.0},{"damage":0,"enemies":"Large Slime","floor":14,"turns":5},{"damage":9,"enemies":"Slime Boss","floor":16,"turns":12},{"damage":5,"enemies":"2 Thieves","floor":18,"turns":4},{"damage":0,"enemies":"Shell Parasite","floor":20,"turns":4},{"damage":0,"enemies":"Centurion and Healer","floor":22,"turns":7},{"damage":16,"enemies":"conspire:SneckoGhost","floor":27,"turns":10},{"damage":4,"enemies":"Cultist and Chosen","floor":28,"turns":6},{"damage":9,"enemies":"Book of Stabbing","floor":31,"turns":4},{"damage":57,"enemies":"Automaton","floor":33,"turns":6}],"seed_played":"-7697971420855129109","potions_obtained":[{"floor":6.0,"key":"Guardian:BlockOnCardUsePotion"},{"floor":13.0,"key":"FearPotion"},{"floor":14,"key":"Energy Potion"},{"floor":20,"key":"SteroidPotion"},{"floor":22,"key":"AttackPotion"},{"floor":31,"key":"ColorlessPotion"}],"is_trial":false,"path_per_floor":["M","$","?","M","M","M","R","$","T","E","R","?","E","M","R","B",null,"M","$","M","?","M","R","?","R","T","E","M","?","T","E","R","B"],"character_chosen":"THE_EXTRAVAGANT","items_purchased":[],"campfire_rested":1,"item_purchase_floors":[],"current_hp_per_floor":[54,54,47,47,47,46,46,46,46,38,38,38,32,35,58,49,78,77,77,78,63,67,67,67,67,67,55,55,55,55,50,50,0,0],"gold":298,"neow_bonus":"REMOVE_TWO","is_daily":false,"chose_seed":false,"campfire_upgraded":5,"win_rate":0.0,"timestamp":1612483718,"path_taken":["M","$","?","M","M","M","R","$","T","E","R","?","E","M","R","BOSS","M","$","M","?","M","R","?","R","T","E","M","?","?","E","R","BOSS"],"items_purchased_type":[],"build_version":"2020-12-22","purchased_purges":2,"victory":false,"max_hp_per_floor":[75,75,75,75,75,75,75,75,75,75,75,75,75,78,78,78,78,78,78,78,83,83,83,83,83,83,83,83,83,83,83,83,83,83],"card_choices":[{"not_picked":["theextravagant:Tension","theextravagant:GlyphOfPower","theextravagant:StepBack"],"picked":"SKIP","floor":1.0},{"not_picked":["theextravagant:Drift","theextravagant:SnakeEyes"],"picked":"theextravagant:Cutthroat","floor":4.0},{"not_picked":["theextravagant:Cutthroat","theextravagant:TreasureHunt","theextravagant:Shove"],"picked":"SKIP","floor":5.0},{"not_picked":["theextravagant:Cutthroat","theextravagant:Riot","theextravagant:HeavyBlows"],"picked":"SKIP","floor":6.0},{"not_picked":["theextravagant:Masquerade","theextravagant:TwilightTone","theextravagant:Firework"],"picked":"SKIP","floor":10.0},{"not_picked":["theextravagant:Clairvoyance","theextravagant:Drift","theextravagant:Nihil"],"picked":"SKIP","floor":13.0},{"not_picked":["theextravagant:PuffUp","theextravagant:Castle","theextravagant:GlyphOfTime"],"picked":"SKIP","floor":14},{"not_picked":["jedi:fear","Heavy Blade","Wild Strike+1","theextravagant:Thrill"],"picked":"SKIP","floor":18},{"not_picked":["Sword Boomerang","Anger","theextravagant:GlyphOfChoice","Burning Pact"],"picked":"SKIP","floor":20},{"not_picked":["Disarm","theextravagant:Shake","Anger","theextravagant:SpontaneousStrike"],"picked":"SKIP","floor":22},{"not_picked":["Entrench","StSpp:Jab+1","Cleave"],"picked":"theextravagant:DAMNATION","floor":27},{"not_picked":["theextravagant:Foil+1","theextravagant:Impulse","theextravagant:Pushthrough","theextravagant:Tension"],"picked":"SKIP","floor":28},{"not_picked":["theextravagant:Twitch","theextravagant:Radiance+1","Armaments"],"picked":"theextravagant:Ambush","floor":31}],"player_experience":727130,"relics_obtained":[{"floor":9.0,"key":"aspiration:StickyExplosives_weak"},{"floor":10.0,"key":"reliquary:TatteredRug"},{"floor":13.0,"key":"CCEMRelics:Apple"},{"floor":26,"key":"halation:PrussianBluePaint"},{"floor":27,"key":"theextravagant:RedPhonoblaster"},{"floor":30,"key":"Bronze Scales"},{"floor":31,"key":"hubris:Potato"}],"event_choices":[{"cards_removed":["theextravagant:SlyStrike"],"damage_healed":0.0,"max_hp_gain":0.0,"max_hp_loss":0.0,"gold_gain":0.0,"event_name":"Golden Wing","player_choice":"Card Removal","floor":3.0,"gold_loss":0.0,"damage_taken":7.0},{"damage_healed":0,"gold_gain":0,"player_choice":"Shed Blood","damage_taken":20,"max_hp_gain":5,"max_hp_loss":0,"event_name":"Forgotten Altar","floor":21,"gold_loss":0},{"cards_removed":["theextravagant:Fence"],"damage_healed":0,"gold_gain":0,"player_choice":"Elegance","damage_taken":0,"max_hp_gain":0,"max_hp_loss":0,"event_name":"Back to Basics","floor":24,"gold_loss":0},{"cards_removed":["theextravagant:SlyStrike"],"damage_healed":0,"gold_gain":0,"player_choice":"Gave Gold","damage_taken":0,"max_hp_gain":0,"max_hp_loss":0,"event_name":"Beggar","floor":29,"gold_loss":75}],"is_beta":false,"boss_relics":[{"not_picked":["aspiration:PoetsPen_weak","bronze:MakeshiftBattery"],"picked":"aspiration:IroncladSkillbook"}],"items_purged_floors":[2,19],"is_endless":false,"potions_floor_spawned":[6,13,14,20,22,31],"killed_by":"Automaton","ascension_level":0}}