{"host":"liwj66r6jjqhm4vi","time":1612493752,"event":{"mods":["BaseMod","Colored Map","Lobotomy","Minty Spire (QoL Compilation)","StSLib"],"gold_per_floor":[119,136,136,136,136,161,161,84,134,84,101,101,114,125,125,125,125],"floor_reached":16,"language":"ENG","playtime":751,"items_purged":[],"score":100,"play_id":"ca924937-d11c-4cff-9273-47e9359a9492","local_time":"20210204215552","is_ascension_mode":false,"campfire_choices":[{"data":"Warcry","floor":7,"key":"SMITH"},{"data":"Whirlwind","floor":12,"key":"SMITH"},{"data":"Limit Break","floor":15,"key":"SMITH"}],"circlet_count":0,"master_deck":["Strike_R","Strike_R","Strike_R","Strike_R","Defend_R","Defend_R","Defend_R","Defend_R","Bash","Pommel Strike","CherryBlossoms","Sword Boomerang","Warcry+1","BigBird","Limit Break+1","Whirlwind+1","Shrug It Off","SpiderBud","Flex","PunishingBird","Cleave","Mercenary","Burning Pact"],"relics":["Burning Blood","CogitoBucket","Oddly Smooth Stone","MealTicket","Centennial Puzzle","ChangeAnything"],"acts_visited":["Exordium"],"potions_floor_usage":[6],"damage_taken":[{"damage":7,"enemies":"2 Louse","floor":1,"turns":3},{"damage":6,"enemies":"Jaw Worm","floor":2,"turns":4},{"damage":32,"enemies":"Lagavulin","floor":6,"turns":7},{"damage":1,"enemies":"Small Slimes","floor":11,"turns":3},{"damage":1,"enemies":"Blue Slaver","floor":13,"turns":4},{"damage":7,"enemies":"Looter","floor":14,"turns":2},{"damage":81,"enemies":"Hexaghost","floor":16,"turns":9}],"seed_played":"-8430670804999091273","potions_obtained":[{"floor":2,"key":"AttackPotion"},{"floor":6,"key":"BlessingOfTheForge"}],"is_trial":false,"path_per_floor":["M","M","?","?","?","E","R","$","T","$","M","R","M","M","R","B"],"character_chosen":"IRONCLAD","items_purchased":["Whirlwind","Shrug It Off"],"campfire_rested":0,"item_purchase_floors":[8,10],"current_hp_per_floor":[79,79,79,72,69,43,43,58,58,73,78,78,80,79,79,0,0],"gold":125,"neow_bonus":"","is_daily":false,"chose_seed":false,"campfire_upgraded":3,"win_rate":0.0,"timestamp":1612493752,"path_taken":["M","M","?","?","?","E","R","$","T","?","M","R","M","M","R","BOSS"],"items_purchased_type":["Card","Card"],"build_version":"2020-12-22","purchased_purges":0,"victory":false,"max_hp_per_floor":[80,80,80,80,80,80,80,80,80,80,80,80,80,80,80,80,80],"card_choices":[{"not_picked":["NakedNest","VoidDream"],"picked":"Murderer","floor":1},{"not_picked":["Anger","Armaments"],"picked":"Pommel Strike","floor":1},{"not_picked":["WhitesApple","Variant"],"picked":"CherryBlossoms","floor":2},{"not_picked":["Pummel","Cleave"],"picked":"Sword Boomerang","floor":2},{"not_picked":["BigBadWolf","CrumblingArmor"],"picked":"BigBird","floor":6},{"not_picked":["Rage","Wild Strike"],"picked":"Limit Break","floor":6},{"not_picked":["CrumblingArmor","LittleHelper"],"picked":"SpiderBud","floor":11},{"not_picked":["Pommel Strike","Dual Wield"],"picked":"Flex","floor":11},{"not_picked":["VoidDream","DreamingCurrent"],"picked":"PunishingBird","floor":13},{"not_picked":["Intimidate","Sentinel"],"picked":"Cleave","floor":13},{"not_picked":["Murderer","Variant"],"picked":"Mercenary","floor":14},{"not_picked":["Sword Boomerang","Clash"],"picked":"Burning Pact","floor":14}],"player_experience":147092,"relics_obtained":[{"floor":6,"key":"MealTicket"},{"floor":9,"key":"Centennial Puzzle"}],"event_choices":[{"damage_healed":0,"gold_gain":0,"cards_transformed":["Strike_R"],"player_choice":"Change","damage_taken":0,"max_hp_gain":0,"max_hp_loss":0,"event_name":"Living Wall","floor":3,"gold_loss":0,"cards_obtained":["Warcry"]},{"cards_removed":["Murderer"],"damage_healed":0,"gold_gain":0,"player_choice":"Card Removal","damage_taken":7,"max_hp_gain":0,"max_hp_loss":0,"event_name":"Golden Wing","floor":4,"gold_loss":0},{"damage_healed":0,"gold_gain":0,"player_choice":"Success","damage_taken":3,"relics_obtained":["Oddly Smooth Stone"],"max_hp_gain":0,"max_hp_loss":0,"event_name":"Scrap Ooze","floor":5,"gold_loss":0}],"is_beta":false,"boss_relics":[],"items_purged_floors":[],"is_endless":false,"potions_floor_spawned":[2,6],"killed_by":"Hexaghost","ascension_level":0}}