{"host":"j4g6ia6asvpyu2b0","time":1612530328,"event":{"mods":["BaseMod","Colored Map","Downfall","Minty Spire (QoL Compilation)","Permanent Neow","Quick Restart","Relic Stats","StSLib","Unceasing Turn Reminder"],"gold_per_floor":[99,114,132,146,59,509,509,544,556,571,589,489,523,698,714,714,714,714],"floor_reached":16,"language":"ENG","playtime":936,"items_purged":[],"score":146,"play_id":"79a13a94-b695-4b1d-b2fb-cc1d4d5b188c","local_time":"20210205060528","is_ascension_mode":true,"campfire_choices":[{"data":"Guardian:TwinSlam","floor":1,"key":"SMITH"},{"data":"Guardian:Suspension","floor":12,"key":"SMITH"}],"circlet_count":0,"master_deck":["Guardian:Strike_Guardian","Guardian:Strike_Guardian","Guardian:Strike_Guardian","Guardian:Strike_Guardian","Guardian:Defend_Guardian","Guardian:Defend_Guardian","Guardian:Defend_Guardian","Guardian:Defend_Guardian","Guardian:CurlUp+1","Guardian:TwinSlam+1","Guardian:FastForward+1","Guardian:TemporalStrike","Guardian:Reroute","Guardian:Suspension+1","Guardian:BronzeArmor","Guardian:ConstructionForm","downfall:Icky","downfall:Icky","downfall:Icky","Guardian:PrismaticBeam","Guardian:StasisField","Guardian:Orbwalk","Doubt","Guardian:BodySlam"],"relics":["Guardian:ModeShifter","White Beast Statue","War Paint","downfall:HeartBlessingGreen","Bag of Marbles"],"acts_visited":["Exordium"],"potions_floor_usage":[8,11,13,16,16],"damage_taken":[{"damage":5,"enemies":"Cultist","floor":2,"turns":4},{"damage":3,"enemies":"Jaw Worm","floor":3,"turns":5},{"damage":10,"enemies":"Small Slimes","floor":4,"turns":2},{"damage":0,"enemies":"downfall:FleeingMerchant","floor":5,"turns":4},{"damage":0,"enemies":"Gremlin Nob","floor":8,"turns":5},{"damage":18,"enemies":"Exordium Thugs","floor":9,"turns":6},{"damage":5,"enemies":"2 Fungi Beasts","floor":10,"turns":4},{"damage":8,"enemies":"Red Slaver","floor":11,"turns":3},{"damage":13,"enemies":"3 Sentries","floor":13,"turns":9},{"damage":11,"enemies":"Exordium Wildlife","floor":15,"turns":7},{"damage":10,"enemies":"SI_SHIV_ARCHETYPE","floor":16,"turns":13}],"seed_played":"8206353662776515973","potions_obtained":[{"floor":3,"key":"DuplicationPotion"},{"floor":4,"key":"DuplicationPotion"},{"floor":8,"key":"Dexterity Potion"},{"floor":9,"key":"SkillPotion"},{"floor":10,"key":"SkillPotion"},{"floor":11,"key":"Guardian:DefensiveModePotion"},{"floor":13,"key":"Dexterity Potion"}],"is_trial":false,"path_per_floor":["R","M","M","M","$","?","T","E","M","M","M","R","E","?","M","B"],"character_chosen":"GUARDIAN","items_purchased":["Guardian:ConstructionForm"],"campfire_rested":0,"item_purchase_floors":[5],"current_hp_per_floor":[80,75,72,62,62,62,62,62,44,39,31,31,18,18,7,0,0,0],"gold":714,"neow_bonus":"ONE_RANDOM_RARE_CARD","is_daily":false,"chose_seed":false,"campfire_upgraded":2,"win_rate":0.0,"timestamp":1612530328,"path_taken":["R","M","M","?","$","?","T","E","M","M","M","R","E","?","M","BOSS"],"items_purchased_type":["Card"],"build_version":"2020-12-22","purchased_purges":0,"victory":false,"max_hp_per_floor":[80,80,80,80,80,80,80,80,80,80,80,80,80,80,80,80,80,80],"relic_stats":{"counters":[11,62],"War Paint":["Guardian:CurlUp","Guardian:FastForward"],"obtain_stats":[{"Guardian:ModeShifter":0,"downfall:HeartBlessingGreen":12,"Bag of Marbles":13,"War Paint":8,"White Beast Statue":7},{"Guardian:ModeShifter":0,"downfall:HeartBlessingGreen":8,"Bag of Marbles":9,"War Paint":5,"White Beast Statue":4},{"Guardian:ModeShifter":0,"downfall:HeartBlessingGreen":33,"Bag of Marbles":42,"War Paint":20,"White Beast Statue":15}]},"card_choices":[{"not_picked":["Guardian:PrimingBeam","Guardian:VentSteam"],"picked":"Guardian:TemporalStrike","floor":2},{"not_picked":["Guardian:ShieldSpikes","Guardian:Incinerate"],"picked":"Guardian:Reroute","floor":3},{"not_picked":["Guardian:Recover","Guardian:PrimingBeam"],"picked":"Guardian:Suspension","floor":4},{"not_picked":["Guardian:VentSteam","Guardian:Gem_Cyan"],"picked":"Guardian:BronzeArmor","floor":5},{"not_picked":["Guardian:ShieldCharger","Guardian:PrismaticBarrier"],"picked":"Guardian:PrismaticBeam","floor":8},{"not_picked":["Guardian:Suspension","Guardian:Planning"],"picked":"Guardian:Gem_Lightblue","floor":9},{"not_picked":["Guardian:ShieldCharger","Guardian:FloatingOrbs"],"picked":"Guardian:Gem_Red","floor":10},{"not_picked":["Guardian:TemporalStrike","Guardian:ShieldCharger"],"picked":"Guardian:StasisField","floor":11},{"not_picked":["Guardian:RollAttack","Guardian:Recover"],"picked":"Guardian:Orbwalk","floor":13},{"not_picked":["Guardian:Harden","Guardian:TemporalStrike"],"picked":"Guardian:BodySlam","floor":15}],"player_experience":1164929,"relics_obtained":[{"floor":7,"key":"White Beast Statue"},{"floor":8,"key":"War Paint"},{"floor":13,"key":"Bag of Marbles"}],"event_choices":[],"is_beta":false,"boss_relics":[],"items_purged_floors":[],"is_endless":false,"potions_floor_spawned":[3,4,8,9,10,11,13,15],"killed_by":"SI_SHIV_ARCHETYPE","ascension_level":1}}