{"host":"bf5upntvbdompq33","time":1612514772,"event":{"mods":["BaseMod","Colored Map","Colored Powertips","Curses Come First","Minty Spire (QoL Compilation)","StSLib","The Dragon Tamer","The Hierophant","The Marked","The Mystic","The Servant 0.9.4"],"gold_per_floor":[110,125,125,200,215,215,249,249,249,19,19,19,58,83,83,179,179,195,208,17,35,49,49,83,83,83,83,123,123,163,186,186,186,186],"floor_reached":33,"language":"ENG","playtime":2674,"items_purged":["Strike_R","Strike_R"],"score":532,"play_id":"c4ad0de3-3844-4a07-a0c5-8dfa74d546c6","local_time":"20210205014612","is_ascension_mode":true,"campfire_choices":[{"data":"Armaments","floor":6.0,"key":"SMITH"},{"data":"Fiend Fire","floor":8.0,"key":"SMITH"},{"data":"Feel No Pain","floor":11.0,"key":"SMITH"},{"floor":15.0,"key":"REST"},{"floor":23.0,"key":"REST"},{"data":"Offering","floor":25.0,"key":"SMITH"},{"data":"Warcry","floor":27.0,"key":"SMITH"},{"floor":32.0,"key":"REST"}],"circlet_count":0,"master_deck":["AscendersBane","Strike_R","Strike_R","Strike_R","Defend_R","Defend_R","Defend_R","Defend_R+1","Bash","Armaments+1","Feel No Pain+1","Pommel Strike","Fiend Fire+1","Sever Soul","Warcry+1","Shockwave","Offering+1","True Grit","Metallicize","Dark Embrace","Second Wind+1","Regret","Ghostly Armor","Pommel Strike"],"relics":["Burning Blood","NeowsBlessing","Golden Idol","StrikeDummy","Bag of Preparation","Membership Card","Strawberry","Cursed Key","The Courier","War Paint","Kunai","Sundial"],"acts_visited":["Exordium","TheCity"],"potions_floor_usage":[33,33],"damage_taken":[{"damage":0.0,"enemies":"2 Louse","floor":1.0,"turns":1.0},{"damage":0.0,"enemies":"Jaw Worm","floor":2.0,"turns":1.0},{"damage":0.0,"enemies":"Small Slimes","floor":5.0,"turns":1.0},{"damage":4.0,"enemies":"3 Sentries","floor":7.0,"turns":11.0},{"damage":56.0,"enemies":"Lagavulin","floor":13.0,"turns":9.0},{"damage":0.0,"enemies":"Looter","floor":14.0,"turns":2.0},{"damage":34.0,"enemies":"Slime Boss","floor":16.0,"turns":12.0},{"damage":25.0,"enemies":"2 Thieves","floor":18.0,"turns":4.0},{"damage":6.0,"enemies":"Spheric Guardian","floor":19.0,"turns":3.0},{"damage":16.0,"enemies":"Shelled Parasite and Fungi","floor":21.0,"turns":5.0},{"damage":7.0,"enemies":"3 Cultists","floor":22.0,"turns":5.0},{"damage":17.0,"enemies":"Book of Stabbing","floor":24.0,"turns":7.0},{"damage":30.0,"enemies":"Slavers","floor":28.0,"turns":7.0},{"damage":19.0,"enemies":"Gremlin Leader","floor":30.0,"turns":3.0},{"damage":17.0,"enemies":"Sentry and Sphere","floor":31.0,"turns":8.0},{"damage":68,"enemies":"Champ","floor":33,"turns":8}],"seed_played":"2862635548296187718","potions_obtained":[{"floor":2.0,"key":"HeartOfIron"},{"floor":5.0,"key":"LiquidBronze"},{"floor":14.0,"key":"Weak Potion"},{"floor":16.0,"key":"Strength Potion"},{"floor":21.0,"key":"Fire Potion"},{"floor":28.0,"key":"SneckoOil"},{"floor":31.0,"key":"Weak Potion"}],"is_trial":false,"path_per_floor":["M","M","?","?","M","R","E","R","T","$","R","$","E","M","R","B",null,"M","M","$","M","M","R","E","R","T","R","E","?","E","M","R","B"],"character_chosen":"IRONCLAD","items_purchased":["Membership Card","Sever Soul","Dark Embrace","Second Wind","Fruit Juice","DuplicationPotion"],"campfire_rested":3,"item_purchase_floors":[10,10,20,20,20,20],"current_hp_per_floor":[74,75,69,58,64,64,66,66,66,66,66,66,23,29,51,23,63,44,44,49,39,38,62,51,51,51,51,27,54,41,30,54,0,0],"gold":186,"neow_bonus":"THREE_ENEMY_KILL","is_daily":false,"chose_seed":false,"campfire_upgraded":5,"win_rate":0.0,"timestamp":1612514772,"path_taken":["M","M","?","?","M","R","E","R","T","$","R","?","E","M","R","BOSS","M","M","$","M","M","R","E","R","T","R","E","?","E","M","R","BOSS"],"items_purchased_type":["Relic","Card","Card","Card","Potion","Potion"],"build_version":"2020-12-22","purchased_purges":2,"victory":false,"max_hp_per_floor":[75,75,69,69,69,69,69,69,69,69,69,69,76,76,76,76,76,76,76,81,81,81,81,81,81,81,81,81,81,81,81,81,81,81],"card_choices":[{"not_picked":["Heavy Blade","Shockwave"],"picked":"Armaments","floor":1.0},{"not_picked":["Twin Strike","Sword Boomerang"],"picked":"Feel No Pain","floor":2.0},{"not_picked":["Sword Boomerang","Flex"],"picked":"Pommel Strike","floor":5.0},{"not_picked":["Fire Breathing","Bloodletting"],"picked":"Fiend Fire","floor":7.0},{"not_picked":["Ghostly Armor","Clothesline"],"picked":"Warcry","floor":13.0},{"not_picked":["Shrug It Off","Havoc"],"picked":"Shockwave","floor":14.0},{"not_picked":["Barricade","Feed"],"picked":"Offering","floor":16.0},{"not_picked":["Armaments","Warcry"],"picked":"True Grit","floor":18.0},{"not_picked":["Shrug It Off","Flex"],"picked":"Metallicize","floor":19.0},{"not_picked":["Flex","True Grit","Shrug It Off"],"picked":"SKIP","floor":21.0},{"not_picked":["Armaments","Dark Embrace","Clothesline"],"picked":"SKIP","floor":22.0},{"not_picked":["True Grit","Body Slam","Clothesline"],"picked":"SKIP","floor":24.0},{"not_picked":["Shockwave+1","Iron Wave"],"picked":"Ghostly Armor","floor":28.0},{"not_picked":["Reckless Charge","Hemokinesis+1","Immolate"],"picked":"SKIP","floor":30.0},{"not_picked":["Rage","Dropkick"],"picked":"Pommel Strike","floor":31.0}],"player_experience":1425610,"relics_obtained":[{"floor":7.0,"key":"StrikeDummy"},{"floor":9.0,"key":"Bag of Preparation"},{"floor":13.0,"key":"Strawberry"},{"floor":24.0,"key":"The Courier"},{"floor":26.0,"key":"War Paint"},{"floor":28.0,"key":"Kunai"},{"floor":30.0,"key":"Sundial"}],"event_choices":[{"damage_healed":0.0,"max_hp_gain":0.0,"max_hp_loss":6.0,"gold_gain":0.0,"event_name":"Golden Idol","player_choice":"Lose Max HP","floor":3.0,"gold_loss":0.0,"damage_taken":0.0,"relics_obtained":["Golden Idol"]},{"damage_healed":0.0,"max_hp_gain":0.0,"max_hp_loss":0.0,"gold_gain":75.0,"event_name":"World of Goop","player_choice":"Gather Gold","floor":4.0,"gold_loss":0.0,"damage_taken":11.0},{"damage_healed":27.0,"max_hp_gain":0.0,"max_hp_loss":0.0,"gold_gain":0.0,"event_name":"The Library","player_choice":"Heal","floor":29.0,"gold_loss":0.0,"damage_taken":0.0}],"is_beta":false,"boss_relics":[{"not_picked":["Busted Crown","SlaversCollar"],"picked":"Cursed Key"}],"items_purged_floors":[10,20],"is_endless":false,"potions_floor_spawned":[2,5,14,16,21,28,31],"killed_by":"Champ","ascension_level":14}}