{"host":"121m0oxswv9tg9hk","time":1612538542,"event":{"mods":["AchievementEnabler","BaseMod","Better Third Choice","Downfall","Minty Spire (QoL Compilation)","StSLib"],"gold_per_floor":[99,119,119,138,158,193,193,193,193,185,218,64,64,84,111,218,218,118,142,161,161,184,84,135,32,61,61,95,95,95,95,105,211,211,211,230,288,315,334,334,334,334,354,391,291,302,302,163,227,227,227,270,94,94,94,94],"floor_reached":57,"language":"ENG","playtime":7069,"items_purged":["hexamod:Strike","hexamod:Defend","hexamod:Strike"],"score":1650,"play_id":"6d777816-155a-4f79-8b88-5ca64d8c8c75","local_time":"20210205162222","is_ascension_mode":true,"campfire_choices":[{"data":"hexamod:Float","floor":1,"key":"SMITH"},{"floor":13,"key":"RECALL"},{"data":"hexamod:Rewind","floor":18,"key":"SMITH"},{"data":"hexamod:Sear","floor":23,"key":"SMITH"},{"data":"hexamod:NecessarySacrifice","floor":29,"key":"SMITH"},{"data":"Finesse","floor":35,"key":"SMITH"},{"data":"hexamod:GhostflameInferno","floor":42,"key":"SMITH"},{"data":"hexamod:GhostflameInferno","floor":45,"key":"SMITH"},{"data":"hexamod:ParanormalForm","floor":54,"key":"SMITH"}],"circlet_count":0,"master_deck":["hexamod:Strike+1","hexamod:Defend+1","hexamod:Defend","hexamod:Defend+1","hexamod:Sear+1","hexamod:Float+1","hexamod:Float+1","hexamod:EmpoweredFlame","hexamod:SwordOfDarkness","hexamod:GhostflameInferno+1","hexamod:SwordOfDarkness+1","hexamod:Hexaguard","hexamod:HeatMetal+1","hexamod:ExtraCrispy","hexamod:FlamesFromBeyond","hexamod:Rewind+1","hexamod:Firestarter","hexamod:ParanormalForm+1","hexamod:Rewind+1","hexamod:RetreatToShadows+1","hexamod:GhostShield","hexamod:ThermalTransfer+1","hexamod:ThirdSeal","Finesse+1","hexamod:SecondSeal","hexamod:GhostflameBarrier","hexamod:NecessarySacrifice+1","hexamod:EtherealExpedition+1","hexamod:GhostShield","hexamod:ApocalypseNow","hexamod:GhostflameInferno+1","hexamod:RecurringNightmare+1","hexamod:Firestarter+1","hexamod:PhantomCloak","hexamod:FirstSeal","hexamod:GhostOfSpirePast+1","hexamod:RetreatToShadows+1","hexamod:UnlimitedPower","hexamod:Hexaguard+1"],"relics":["hexamod:SpiritBrand","Guardian:PocketSentry","hexamod:BolsterEngine","Akabeko","sneckomod:SneckoTalon","downfall:HeartBlessingRed","downfall:KnowingSkull","downfall:HeartBlessingBlue","Bag of Preparation","sneckomod:BlankCard","hexamod:TheBrokenSeal","Coffee Dripper","downfall:ExtraCursedKey","InkBottle","downfall:HeartBlessingGreen","Kunai","Nunchaku","Pen Nib"],"acts_visited":["Exordium","TheCity","TheBeyond","TheEnding"],"potions_floor_usage":[16,16,16,19,26,26,28,33,50,56,56],"damage_taken":[{"damage":0,"enemies":"2 Louse","floor":2,"turns":2},{"damage":0,"enemies":"Cultist","floor":4,"turns":3},{"damage":5,"enemies":"Small Slimes","floor":5,"turns":3},{"damage":12,"enemies":"3 Sentries","floor":6,"turns":8},{"damage":17,"enemies":"Gremlin Nob","floor":11,"turns":4},{"damage":0,"enemies":"downfall:FleeingMerchant","floor":12,"turns":4},{"damage":0,"enemies":"2 Fungi Beasts","floor":14,"turns":3},{"damage":0,"enemies":"3 Louse","floor":15,"turns":3},{"damage":2,"enemies":"IC_STATUS_ARCHETYPE","floor":16,"turns":8},{"damage":0,"enemies":"Spheric Guardian","floor":19,"turns":3},{"damage":1,"enemies":"3 Byrds","floor":20,"turns":5},{"damage":25,"enemies":"Cultist and Chosen","floor":22,"turns":5},{"damage":4,"enemies":"downfall:FleeingMerchant","floor":25,"turns":4},{"damage":19,"enemies":"Slavers","floor":26,"turns":4},{"damage":19,"enemies":"Snecko","floor":28,"turns":6},{"damage":1,"enemies":"3 Cultists","floor":32,"turns":3},{"damage":4,"enemies":"SI_MIRROR_ARCHETYPE","floor":33,"turns":8},{"damage":4,"enemies":"3 Darklings","floor":36,"turns":6},{"damage":3,"enemies":"Orb Walker","floor":37,"turns":3},{"damage":20,"enemies":"Maw","floor":38,"turns":5},{"damage":7,"enemies":"Writhing Mass","floor":39,"turns":4},{"damage":3,"enemies":"Spire Growth","floor":43,"turns":3},{"damage":14,"enemies":"Reptomancer","floor":44,"turns":7},{"damage":1,"enemies":"Sphere and 2 Shapes","floor":46,"turns":4},{"damage":3,"enemies":"downfall:FleeingMerchant","floor":48,"turns":4},{"damage":3,"enemies":"3 Darklings","floor":49,"turns":5},{"damage":21,"enemies":"WA_ARCHETYPE_DIVINITY","floor":50,"turns":11},{"damage":34,"enemies":"downfall:CharBossMerchant","floor":52,"turns":6},{"damage":37,"enemies":"downfall:NeowBoss","floor":55,"turns":17},{"damage":10,"enemies":"downfall:NeowBossFinal","floor":56,"turns":8}],"seed_played":"-1305541882578166240","potions_obtained":[{"floor":6,"key":"Fire Potion"},{"floor":11,"key":"Dexterity Potion"},{"floor":12,"key":"Dexterity Potion"},{"floor":14,"key":"Block Potion"},{"floor":16,"key":"champ:CounterPotion"},{"floor":19,"key":"SpeedPotion"},{"floor":22,"key":"Dexterity Potion"},{"floor":25,"key":"Explosive Potion"},{"floor":26,"key":"Fruit Juice"},{"floor":28,"key":"Dexterity Potion"},{"floor":30,"key":"CultistPotion"},{"floor":36,"key":"FearPotion"},{"floor":43,"key":"LiquidBronze"},{"floor":49,"key":"hexamod:EctoCoolerPotion"}],"is_trial":false,"path_per_floor":["R","M","?","M","M","E","T","?","?","?","E","$","R","M","M","B",null,"R","M","M","?","M","R","T","$","E","?","M","R","?","?","M","B",null,"R","M","M","M","M","?","T","R","M","E","R","M","?","$","M","B",null,"E","$","R","B","B",null],"character_chosen":"THE_SPIRIT","items_purchased":["LiquidMemories","Finesse","Kunai","Nunchaku","AttackPotion"],"campfire_rested":0,"item_purchase_floors":[12,25,48,48,53],"current_hp_per_floor":[63,63,63,63,58,46,46,46,69,62,52,59,59,59,66,70,70,70,70,70,63,45,55,55,51,44,44,89,89,89,89,88,84,92,92,88,85,65,58,58,58,58,55,41,41,47,83,83,83,69,80,53,53,53,23,20],"gold":94,"neow_bonus":"RANDOM_COMMON_RELIC","is_daily":false,"chose_seed":false,"campfire_upgraded":8,"win_rate":0.0,"timestamp":1612538542,"path_taken":["R","M","?","?","?","E","T","?","?","?","E","$","R","M","M","BOSS","R","M","M","?","?","R","T","$","E","?","M","R","?","?","M","BOSS","R","M","M","M","M","?","T","R","M","E","R","M","?","$","M","BOSS","E","$","R","BOSS","BOSS"],"items_purchased_type":["Potion","Card","Relic","Relic","Potion"],"build_version":"2020-12-22","purchased_purges":3,"victory":true,"max_hp_per_floor":[70,70,70,70,70,70,70,70,70,70,70,70,70,70,70,70,70,70,70,70,70,70,80,80,80,85,85,95,95,95,95,95,95,95,95,95,95,95,95,95,95,95,95,95,95,95,83,83,83,83,83,83,83,83,83,83],"card_choices":[{"not_picked":["hexamod:BurningTouch","hexamod:ThermalTransfer"],"picked":"hexamod:NightmareStrike","floor":2},{"not_picked":["hexamod:GhostLash","hexamod:PhantomFireball"],"picked":"hexamod:EmpoweredFlame","floor":4},{"not_picked":["hexamod:PhantomCloak","hexamod:NightmareStrike"],"picked":"hexamod:SwordOfDarkness","floor":5},{"not_picked":["hexamod:SearingWound","hexamod:AdvancingGuard"],"picked":"hexamod:GhostflameInferno","floor":6},{"not_picked":["hexamod:PhantomCloak","hexamod:ApocalypticArmor"],"picked":"hexamod:SwordOfDarkness","floor":11},{"not_picked":["hexamod:InspiringFlames","hexamod:NightmareStrike"],"picked":"hexamod:Hexaguard","floor":11},{"not_picked":["hexamod:SecondSeal","hexamod:AdvancingGuard"],"picked":"hexamod:HeatMetal","floor":12},{"not_picked":["hexamod:FastForward","hexamod:RetreatToShadows"],"picked":"hexamod:ExtraCrispy","floor":12},{"not_picked":["hexamod:EmpoweredFlame","hexamod:ShieldOfDarkness"],"picked":"hexamod:FlamesFromBeyond","floor":14},{"not_picked":["hexamod:GhostLash","hexamod:SwordOfDarkness"],"picked":"hexamod:Rewind","floor":14},{"not_picked":["hexamod:GhostOfSpirePresent","hexamod:NecessarySacrifice"],"picked":"hexamod:Firestarter","floor":15},{"not_picked":["hexamod:HexaLevel","hexamod:GhostflameInferno"],"picked":"hexamod:SixthSeal","floor":16},{"not_picked":["hexamod:UnleashSpirits","hexamod:HexaLevel"],"picked":"hexamod:ParanormalForm","floor":16},{"not_picked":["hexamod:ThermalTransfer+1","hexamod:AdvancingGuard+1"],"picked":"hexamod:Rewind+1","floor":19},{"not_picked":["hexamod:NightmareStrike","hexamod:SkipABeat"],"picked":"hexamod:RetreatToShadows","floor":20},{"not_picked":["hexamod:BurningTouch+1","hexamod:GhostShield","hexamod:AdvancingGuard"],"picked":"SKIP","floor":20},{"not_picked":["hexamod:RetreatToShadows","hexamod:PhantomCloak"],"picked":"hexamod:GhostShield","floor":22},{"not_picked":["hexamod:GhostLash+1","hexamod:GhostflameBarrier"],"picked":"hexamod:FifthSeal","floor":22},{"not_picked":["hexamod:RadiantFlame","hexamod:ParanormalForm"],"picked":"hexamod:ThermalTransfer+1","floor":25},{"not_picked":["hexamod:BacktrackSmack","hexamod:HeatMetal+1"],"picked":"hexamod:ThirdSeal","floor":25},{"not_picked":["hexamod:SixthSeal","hexamod:ThirdSeal"],"picked":"hexamod:SecondSeal","floor":26},{"not_picked":["hexamod:StepThrough","hexamod:AdvancingGuard"],"picked":"hexamod:GhostflameBarrier","floor":26},{"not_picked":["hexamod:SpectersWail","hexamod:SkipABeat+1","hexamod:TurnItUp"],"picked":"SKIP","floor":26},{"not_picked":["hexamod:FirstSeal","hexamod:NightmareStrike","hexamod:InspiringFlames+1"],"picked":"SKIP","floor":26},{"not_picked":["hexamod:NightmareStrike","hexamod:ShieldOfDarkness"],"picked":"hexamod:NecessarySacrifice","floor":28},{"not_picked":["hexamod:NightmareStrike","hexamod:BurningTouch+1","hexamod:BacktrackSmack"],"picked":"SKIP","floor":28},{"not_picked":["hexamod:SpectersWail","hexamod:RainOfEmbers"],"picked":"hexamod:EtherealExpedition+1","floor":32},{"not_picked":["hexamod:SpectralSpark","hexamod:FastForward+1"],"picked":"hexamod:GhostShield","floor":32},{"not_picked":["hexamod:GiftsFromTheDead","hexamod:TurnItUp"],"picked":"hexamod:ApocalypseNow","floor":33},{"not_picked":["hexamod:ApocalypticArmor","hexamod:FifthSeal"],"picked":"hexamod:GhostflameInferno","floor":33},{"not_picked":["hexamod:SpectralSpark","hexamod:ExtraCrispy"],"picked":"hexamod:RecurringNightmare+1","floor":36},{"not_picked":["hexamod:NightmareGuise+1","hexamod:SpectersWail"],"picked":"hexamod:Firestarter+1","floor":36},{"not_picked":["hexamod:GhostShield+1","hexamod:BurningTouch","hexamod:HeatShield+1"],"picked":"SKIP","floor":37},{"not_picked":["hexamod:Hexaguard","hexamod:InspiringFlames+1","hexamod:HeatShield"],"picked":"SKIP","floor":38},{"not_picked":["hexamod:HeatMetal","hexamod:HauntingEcho","hexamod:FifthSeal"],"picked":"SKIP","floor":38},{"not_picked":["hexamod:HeatMetal","hexamod:EmpoweredFlame","hexamod:InspiringFlames+1"],"picked":"SKIP","floor":39},{"not_picked":["hexamod:AdvancingGuard+1","hexamod:NightmareGuise+1","hexamod:SpectralSpark+1"],"picked":"SKIP","floor":39},{"not_picked":["hexamod:HeatShield","hexamod:ThermalTransfer"],"picked":"hexamod:PhantomCloak","floor":43},{"not_picked":["hexamod:SwordOfDarkness+1","hexamod:GhostLash+1","hexamod:FourthSeal"],"picked":"SKIP","floor":43},{"not_picked":["hexamod:NecessarySacrifice","hexamod:SkipABeat"],"picked":"hexamod:FirstSeal","floor":44},{"not_picked":["hexamod:Firestarter","hexamod:Incineration+1","hexamod:RainOfEmbers+1"],"picked":"SKIP","floor":44},{"not_picked":["hexamod:SuperheatedStrike","hexamod:ChargedBarrage+1","hexamod:GhostLash"],"picked":"SKIP","floor":46},{"not_picked":["hexamod:HeatMetal","hexamod:Firestarter","hexamod:ThermalTransfer"],"picked":"SKIP","floor":46},{"not_picked":["hexamod:HeatMetal","hexamod:NecessarySacrifice+1"],"picked":"hexamod:GhostOfSpirePast+1","floor":48},{"not_picked":["hexamod:SoulSteal","hexamod:GhostflameBarrier"],"picked":"hexamod:RetreatToShadows+1","floor":48},{"not_picked":["hexamod:Again","hexamod:BurningTouch+1","hexamod:NightmareGuise+1"],"picked":"SKIP","floor":48},{"not_picked":["hexamod:GhostShield+1","hexamod:HauntingEcho+1"],"picked":"hexamod:UnlimitedPower","floor":49},{"not_picked":["hexamod:HeatCrush+1","hexamod:Haunt+1","hexamod:SuperheatedStrike"],"picked":"SKIP","floor":49},{"not_picked":["hexamod:HexaLevel","hexamod:RecurringNightmare+1"],"picked":"hexamod:Hexaguard+1","floor":52},{"not_picked":["hexamod:PhantomFireball","hexamod:SuperheatedStrike+1","hexamod:BurningTouch"],"picked":"SKIP","floor":52}],"player_experience":2608776,"relics_obtained":[{"floor":6,"key":"hexamod:BolsterEngine"},{"floor":11,"key":"Akabeko"},{"floor":24,"key":"Bag of Preparation"},{"floor":26,"key":"sneckomod:BlankCard"},{"floor":44,"key":"InkBottle"},{"floor":52,"key":"Pen Nib"}],"event_choices":[{"cards_removed":["hexamod:Strike"],"damage_healed":0,"gold_gain":0,"player_choice":"Card Removal","damage_taken":0,"max_hp_gain":0,"max_hp_loss":0,"event_name":"The Cleric","floor":8,"gold_loss":0},{"damage_healed":23,"gold_gain":0,"player_choice":"Banana","damage_taken":0,"max_hp_gain":0,"max_hp_loss":0,"event_name":"Big Fish","floor":9,"gold_loss":0},{"damage_healed":0,"gold_gain":0,"player_choice":"Ignored","damage_taken":0,"max_hp_gain":0,"max_hp_loss":0,"event_name":"Vampires","floor":27,"gold_loss":0}],"is_beta":false,"boss_relics":[{"not_picked":["Runic Dome","Tiny House"],"picked":"sneckomod:SneckoTalon"},{"not_picked":["Black Star","bronze:MakeshiftBattery"],"picked":"Coffee Dripper"}],"items_purged_floors":[12,48,53],"is_endless":false,"potions_floor_spawned":[6,14,15,19,28,36,43,44,46,49],"ascension_level":8}}