{"host":"ox77rn1xcurm2t5a","time":1612559517,"event":{"mods":["2.2 Compatiblity","AchievementEnabler","Act Like it!","Aspiration","BaseMod","Best Route Mod","Better Match","Better Note","Better Sensory Stone","Block Reminder","Colored Map","Colored Powertips","Conjunction","Conspire","Custom Start","Energized Spire","GifTheSpireLib","Gold Saver","Gremlin Skip","Halation","Highlight Path","Hubris","Infinite Spire","Minty Spire (QoL Compilation)","Pale of the Ancients","Quick Restart","Replay The Spire","Reworked Bosses","ShortenTheSpire","Spire Exporter","StSLib","Stuff the Spire","Wandering Minibosses"],"gold_per_floor":[130,143,155,97,97,97,126,126,126,126,153,153,66,14,14,91,91,104,49,64,75,75,75,75],"floor_reached":23,"language":"ENG","playtime":466,"items_purged":[],"score":355,"play_id":"90b1cc59-c83b-4e97-90d2-464d7b4fc2a9","local_time":"20210205231157","is_ascension_mode":true,"campfire_choices":[{"data":"Defragment","floor":6,"key":"SMITH"},{"floor":8,"key":"RECALL"},{"data":"Static Discharge","floor":10,"key":"SMITH"},{"data":"Echo Form","floor":12,"key":"SMITH"},{"data":"Defragment","floor":15,"key":"SMITH"}],"circlet_count":0,"master_deck":["AscendersBane","Strike_B","Strike_B","Strike_B","Strike_B","Defend_B","Defend_B","Defend_B","Defend_B","Zap","Dualcast","Static Discharge+1","Defragment+1","Gash","StuffTheSpire:Coldhearted","Echo Form+1","Defragment+1","Ball Lightning","Gash+1","Chill"],"relics":["Cracked Core","NeowsBlessing","Potion Belt","Happy Flower","Letter Opener","energizedSpire:MagnifyingGlass"],"acts_visited":["Exordium","TheCity"],"potions_floor_usage":[11,11,21,21],"damage_taken":[{"damage":0,"enemies":"Cultist","floor":1,"turns":1},{"damage":0,"enemies":"Small Slimes","floor":2,"turns":1},{"damage":0,"enemies":"2 Louse","floor":3,"turns":1},{"damage":25,"enemies":"3 Sentries","floor":7,"turns":7},{"damage":9,"enemies":"Lagavulin","floor":11,"turns":5},{"damage":7,"enemies":"The Guardian","floor":16,"turns":10},{"damage":25,"enemies":"Chosen","floor":18,"turns":4},{"damage":21,"enemies":"Shell Parasite","floor":20,"turns":6},{"damage":10,"enemies":"3 Cultists","floor":21,"turns":4},{"damage":7,"enemies":"conspire:SneckoGhost","floor":23,"turns":2}],"seed_played":"-5488143922029044524","potions_obtained":[{"floor":2,"key":"Languid Potion"},{"floor":3,"key":"FearPotion"},{"floor":16,"key":"Elixir"},{"floor":20,"key":"Toxic Potion"}],"is_trial":false,"path_per_floor":["M","M","M","$","?","R","E","R","T","R","E","R","$","?","R","B",null,"M","$","M","M","?","E"],"character_chosen":"DEFECT","items_purchased":["Gash","Defragment","Ball Lightning"],"campfire_rested":0,"item_purchase_floors":[4,13,19],"current_hp_per_floor":[64,64,64,64,64,64,39,39,39,39,30,30,30,30,30,23,59,34,34,13,3,3,0,0],"gold":75,"neow_bonus":"THREE_ENEMY_KILL","is_daily":false,"chose_seed":false,"campfire_upgraded":4,"win_rate":0.0,"timestamp":1612559517,"path_taken":["M","M","?","$","?","R","E","R","T","R","E","R","$","?","R","BOSS","M","$","M","M","?","E"],"items_purchased_type":["Card","Card","Card"],"build_version":"2020-12-22","purchased_purges":0,"victory":false,"max_hp_per_floor":[71,71,71,71,71,71,71,71,71,71,71,71,71,71,71,71,71,71,71,71,71,71,71,71],"card_choices":[{"not_picked":["Tempest","Auto Shields","Go for the Eyes"],"picked":"SKIP","floor":1},{"not_picked":["Steam","aspiration:Polymerization"],"picked":"Static Discharge","floor":2},{"not_picked":["Steam","Coolheaded"],"picked":"Defragment","floor":3},{"not_picked":["Cold Snap","StuffTheSpire:SnapShoot"],"picked":"StuffTheSpire:Coldhearted","floor":7},{"not_picked":["Steam","ReplayTheSpireMod:Omega Cannon"],"picked":"Echo Form","floor":11},{"not_picked":["Cold Snap","Steam","aspiration:Polymerization"],"picked":"SKIP","floor":18},{"not_picked":["Force Field","ReplaySolidLightProjector"],"picked":"Gash+1","floor":20},{"not_picked":["Steam","Conserve Battery"],"picked":"Chill","floor":21}],"player_experience":3032345,"relics_obtained":[{"floor":7,"key":"Potion Belt"},{"floor":9,"key":"Happy Flower"},{"floor":11,"key":"Letter Opener"}],"event_choices":[{"damage_healed":0,"gold_gain":0,"player_choice":"Leave","damage_taken":0,"max_hp_gain":0,"max_hp_loss":0,"event_name":"The Cleric","floor":5,"gold_loss":0},{"damage_healed":0,"gold_gain":0,"player_choice":"Left Gold","damage_taken":0,"max_hp_gain":0,"max_hp_loss":0,"event_name":"World of Goop","floor":14,"gold_loss":52}],"is_beta":false,"boss_relics":[{"not_picked":["Snecko Eye","aspiration:RunicSpoon"],"picked":"energizedSpire:MagnifyingGlass"}],"items_purged_floors":[],"is_endless":false,"potions_floor_spawned":[2,3,16,20],"killed_by":"conspire:SneckoGhost","ascension_level":16}}