{"host":"3a1ypf1irl30q4k8","time":1612530929,"event":{"mods":["AchievementEnabler","BaseMod","Bestiary","Colored Map","Minty Spire (QoL Compilation)","Relic Stats","ojb\u0027s Info Mod"],"gold_per_floor":[119,119,119,138,158,158,73,73,73,73,73,100,100,117,117,218,218,229,246,171,171,271,271,297,297,344,344,377,389,7,33,33,134,134,153,153,153,153,164,197,197,207,232,232,232,282,309,321,321,321,321,321,40,70,70,70],"floor_reached":55,"language":"ENG","playtime":3732,"items_purged":["Strike_G+1","Strike_G+1"],"score":897,"play_id":"b19fb58d-9324-4476-930e-052ce4c82c05","local_time":"20210205131529","is_ascension_mode":true,"campfire_choices":[{"data":"Dash","floor":6.0,"key":"SMITH"},{"data":"Accuracy","floor":11.0,"key":"SMITH"},{"data":"Adrenaline","floor":13.0,"key":"SMITH"},{"data":"Survivor","floor":15.0,"key":"SMITH"},{"data":"Sucker Punch","floor":23.0,"key":"SMITH"},{"floor":25.0,"key":"REST"},{"data":"Die Die Die","floor":27.0,"key":"SMITH"},{"data":"Dagger Spray","floor":32.0,"key":"SMITH"},{"floor":41.0,"key":"RECALL"},{"data":"Malaise","floor":44.0,"key":"SMITH"},{"floor":49.0,"key":"REST"},{"data":"Well Laid Plans","floor":52.0,"key":"SMITH"}],"circlet_count":0,"master_deck":["Defend_G+1","Defend_G+1","Defend_G+1","Defend_G+1","Defend_G+1","Survivor+1","Neutralize","Sucker Punch+1","Well Laid Plans+1","Dash+1","Blade Dance","Accuracy+1","Adrenaline+1","Bouncing Flask","Malaise+1","CurseOfTheBell","Dagger Spray+1","Outmaneuver+1","Die Die Die+1","Deflect+1","Choke+1","Finisher","Acrobatics+1","Concentrate+1","Unload+1","Underhanded Strike+1","Reflex+1","Crippling Poison+1","Caltrops+1","Underhanded Strike+1","Eviscerate+1","PiercingWail+1","Bullet Time+1"],"relics":["Sozu","Matryoshka","Eternal Feather","Calling Bell","Omamori","Toxic Egg 2","StoneCalendar","Lantern","PreservedInsect","Smiling Mask","Strawberry","Molten Egg 2","Tiny Chest","Snecko Eye","InkBottle","Pear","Bronze Scales","CaptainsWheel","TungstenRod","OrangePellets","Ornamental Fan"],"acts_visited":["Exordium","TheCity","TheBeyond","TheEnding"],"potions_floor_usage":[],"damage_taken":[{"damage":5.0,"enemies":"Cultist","floor":1.0,"turns":5.0},{"damage":0.0,"enemies":"2 Louse","floor":4.0,"turns":3.0},{"damage":4.0,"enemies":"Jaw Worm","floor":5.0,"turns":4.0},{"damage":9.0,"enemies":"Gremlin Nob","floor":12.0,"turns":4.0},{"damage":3.0,"enemies":"2 Fungi Beasts","floor":14.0,"turns":3.0},{"damage":32.0,"enemies":"The Guardian","floor":16.0,"turns":10.0},{"damage":12.0,"enemies":"3 Byrds","floor":18.0,"turns":6.0},{"damage":12.0,"enemies":"Chosen","floor":19.0,"turns":6.0},{"damage":46.0,"enemies":"Slavers","floor":24.0,"turns":7.0},{"damage":11.0,"enemies":"Book of Stabbing","floor":28.0,"turns":5.0},{"damage":9.0,"enemies":"Snake Plant","floor":29.0,"turns":4.0},{"damage":3.0,"enemies":"Gremlin Leader","floor":31.0,"turns":4.0},{"damage":32.0,"enemies":"Collector","floor":33.0,"turns":9.0},{"damage":11.0,"enemies":"Orb Walker","floor":35.0,"turns":2.0},{"damage":6.0,"enemies":"3 Shapes","floor":39.0,"turns":4.0},{"damage":27.0,"enemies":"Nemesis","floor":40.0,"turns":7.0},{"damage":6.0,"enemies":"Sphere and 2 Shapes","floor":42.0,"turns":5.0},{"damage":0.0,"enemies":"Mind Bloom Boss Battle","floor":46.0,"turns":5.0},{"damage":31.0,"enemies":"Reptomancer","floor":47.0,"turns":4.0},{"damage":8.0,"enemies":"3 Darklings","floor":48.0,"turns":3.0},{"damage":37.0,"enemies":"Donu and Deca","floor":50.0,"turns":8.0},{"damage":11,"enemies":"Shield and Spear","floor":54,"turns":5},{"damage":77,"enemies":"The Heart","floor":55,"turns":9}],"seed_played":"-5889160726983291681","potions_obtained":[],"is_trial":false,"path_per_floor":["M","?","?","M","M","R","$","?","T","?","R","E","R","M","R","B",null,"M","M","?","?","?","R","E","R","T","R","E","M","$","E","R","B",null,"M","?","?","?","M","E","R","M","T","R","T","?","E","M","R","B",null,"R","$","E","B"],"character_chosen":"THE_SILENT","items_purchased":["Blade Dance","Accuracy","Finisher","Acrobatics+1","Molten Egg 2","Eviscerate+1","PiercingWail+1","OrangePellets"],"campfire_rested":2,"item_purchase_floors":[7,7,30,30,30,53,53,53],"current_hp_per_floor":[65,65,65,65,61,61,61,61,61,61,61,52,61,58,67,35,70,58,46,46,46,46,58,12,45,45,57,53,44,44,41,56,24,77,66,66,66,77,71,44,59,53,63,78,78,78,47,39,83,46,87,87,87,76,0,0],"gold":70,"neow_bonus":"BOSS_RELIC","is_daily":false,"chose_seed":false,"campfire_upgraded":9,"win_rate":0.0,"timestamp":1612530929,"path_taken":["M","?","?","?","M","R","$","?","T","?","R","E","R","?","R","BOSS","M","M","?","?","?","R","E","R","T","R","E","M","$","E","R","BOSS","M","?","?","?","M","E","R","M","T","R","?","?","E","M","R","BOSS","R","$","E","BOSS"],"items_purchased_type":["Card","Card","Card","Card","Relic","Card","Card","Relic"],"build_version":"2020-12-22","purchased_purges":2,"victory":false,"max_hp_per_floor":[70,70,70,70,70,70,70,70,70,70,70,70,70,70,70,70,70,70,70,70,70,70,70,70,70,70,70,77,77,77,77,77,77,77,77,77,77,77,77,77,77,77,87,87,87,87,87,87,87,87,87,87,87,87,87,87],"relic_stats":{"counters":[23,122],"Eternal Feather":117,"StoneCalendar":[283],"PreservedInsect":261,"Smiling Mask":75,"Sozu":11,"OrangePellets":[2],"Ornamental Fan":[24],"Bronze Scales":[170],"Snecko Eye":[93,94,99,88],"Tiny Chest":1,"obtain_stats":[{"Lantern":24,"Pear":43,"Eternal Feather":12,"StoneCalendar":17,"PreservedInsect":26,"Omamori":17,"Smiling Mask":26,"Sozu":0,"Calling Bell":17,"OrangePellets":53,"CaptainsWheel":46,"Matryoshka":9,"Ornamental Fan":54,"Strawberry":28,"Bronze Scales":45,"Snecko Eye":34,"Molten Egg 2":30,"Tiny Chest":31,"Toxic Egg 2":17,"InkBottle":40,"TungstenRod":47,"Ring of the Snake":0},{"Lantern":9,"Pear":17,"Eternal Feather":4,"StoneCalendar":6,"PreservedInsect":9,"Omamori":6,"Smiling Mask":9,"Sozu":0,"Calling Bell":6,"OrangePellets":21,"CaptainsWheel":18,"Matryoshka":3,"Ornamental Fan":22,"Strawberry":10,"Bronze Scales":17,"Snecko Eye":13,"Molten Egg 2":11,"Tiny Chest":12,"Toxic Egg 2":6,"InkBottle":16,"TungstenRod":19,"Ring of the Snake":0},{"Lantern":48,"Pear":88,"Eternal Feather":16,"StoneCalendar":29,"PreservedInsect":48,"Omamori":29,"Smiling Mask":48,"Sozu":0,"Calling Bell":29,"OrangePellets":108,"CaptainsWheel":93,"Matryoshka":12,"Ornamental Fan":113,"Strawberry":53,"Bronze Scales":88,"Snecko Eye":70,"Molten Egg 2":57,"Tiny Chest":61,"Toxic Egg 2":29,"InkBottle":83,"TungstenRod":97,"Ring of the Snake":0}],"InkBottle":[20],"TungstenRod":41},"card_choices":[{"not_picked":["Prepared","Deflect"],"picked":"Sucker Punch","floor":1.0},{"not_picked":["Finisher","Sucker Punch"],"picked":"Well Laid Plans","floor":4.0},{"not_picked":["Tactician","Backflip"],"picked":"Dash","floor":5.0},{"not_picked":["Crippling Poison","Expertise"],"picked":"Adrenaline","floor":12.0},{"not_picked":["Tactician","Bane"],"picked":"Bouncing Flask","floor":14.0},{"not_picked":["Grand Finale","Doppelganger"],"picked":"Malaise","floor":16.0},{"not_picked":["Underhanded Strike+1","Quick Slash"],"picked":"Dagger Spray","floor":18.0},{"not_picked":["Underhanded Strike","Dagger Spray"],"picked":"Outmaneuver+1","floor":19.0},{"not_picked":["Poisoned Stab+1","Slice"],"picked":"Die Die Die","floor":24.0},{"not_picked":["Heel Hook+1","Skewer"],"picked":"Deflect+1","floor":28.0},{"not_picked":["Masterful Stab","Underhanded Strike"],"picked":"Choke+1","floor":29.0},{"not_picked":["Slice+1","Dagger Spray+1"],"picked":"Concentrate+1","floor":31.0},{"not_picked":["Storm of Steel+1","Grand Finale+1"],"picked":"Unload+1","floor":33.0},{"not_picked":["Poisoned Stab+1","Calculated Gamble+1","Noxious Fumes"],"picked":"SKIP","floor":35.0},{"not_picked":["Distraction+1","Bane+1"],"picked":"Underhanded Strike+1","floor":39.0},{"not_picked":["Accuracy+1","Bane+1","Prepared+1"],"picked":"SKIP","floor":40.0},{"not_picked":["PiercingWail+1","Poisoned Stab+1"],"picked":"Reflex+1","floor":42.0},{"not_picked":["Skewer+1","Acrobatics+1"],"picked":"Crippling Poison+1","floor":46.0},{"not_picked":["Die Die Die+1","Concentrate+1"],"picked":"Caltrops+1","floor":47.0},{"not_picked":["Dagger Spray+1","Predator+1"],"picked":"Underhanded Strike+1","floor":48.0},{"not_picked":["Backflip+1","Choke+1"],"picked":"Bullet Time+1","floor":54}],"player_experience":1334842,"relics_obtained":[{"floor":9.0,"key":"Matryoshka"},{"floor":12.0,"key":"Eternal Feather"},{"floor":17.0,"key":"Omamori"},{"floor":17.0,"key":"Toxic Egg 2"},{"floor":17.0,"key":"StoneCalendar"},{"floor":24.0,"key":"Lantern"},{"floor":26.0,"key":"PreservedInsect"},{"floor":26.0,"key":"Smiling Mask"},{"floor":28.0,"key":"Strawberry"},{"floor":31.0,"key":"Tiny Chest"},{"floor":40.0,"key":"InkBottle"},{"floor":43.0,"key":"Pear"},{"floor":45.0,"key":"Bronze Scales"},{"floor":46.0,"key":"CaptainsWheel"},{"floor":47.0,"key":"TungstenRod"},{"floor":54,"key":"Ornamental Fan"}],"event_choices":[{"damage_healed":0.0,"max_hp_gain":0.0,"max_hp_loss":0.0,"gold_gain":0.0,"event_name":"Shining Light","player_choice":"Ignored","floor":2.0,"gold_loss":0.0,"damage_taken":0.0},{"cards_removed":["Strike_G"],"damage_healed":0.0,"max_hp_gain":0.0,"max_hp_loss":0.0,"gold_gain":0.0,"event_name":"Bonfire Elementals","player_choice":"Offered Basic","floor":3.0,"gold_loss":0.0,"damage_taken":0.0},{"damage_healed":0.0,"max_hp_gain":0.0,"max_hp_loss":0.0,"gold_gain":0.0,"event_name":"Liars Game","player_choice":"Ignored","floor":8.0,"gold_loss":0.0,"damage_taken":0.0},{"damage_healed":0.0,"max_hp_gain":0.0,"max_hp_loss":0.0,"gold_gain":0.0,"event_name":"NoteForYourself","player_choice":"Ignored","floor":10.0,"gold_loss":0.0,"damage_taken":0.0},{"cards_removed":["Strike_G"],"damage_healed":0.0,"max_hp_gain":0.0,"max_hp_loss":0.0,"gold_gain":0.0,"event_name":"Beggar","player_choice":"Gave Gold","floor":20.0,"gold_loss":75.0,"damage_taken":0.0},{"damage_healed":0.0,"max_hp_gain":0.0,"max_hp_loss":0.0,"gold_gain":0.0,"event_name":"Back to Basics","player_choice":"Simplicity","floor":21.0,"gold_loss":0.0,"damage_taken":0.0,"cards_upgraded":["Strike_G","Strike_G","Strike_G","Defend_G","Defend_G","Defend_G","Defend_G","Defend_G"]},{"damage_healed":0.0,"max_hp_gain":0.0,"max_hp_loss":0.0,"gold_gain":100.0,"event_name":"Golden Shrine","player_choice":"Pray","floor":22.0,"gold_loss":0.0,"damage_taken":0.0},{"damage_healed":0.0,"max_hp_gain":0.0,"max_hp_loss":0.0,"gold_gain":0.0,"event_name":"Tomb of Lord Red Mask","player_choice":"Ignored","floor":36.0,"gold_loss":0.0,"damage_taken":0.0},{"cards_removed":["Strike_G"],"damage_healed":0.0,"max_hp_gain":0.0,"max_hp_loss":0.0,"gold_gain":0.0,"event_name":"Falling","player_choice":"Removed Attack","floor":37.0,"gold_loss":0.0,"damage_taken":0.0},{"damage_healed":11.0,"max_hp_gain":0.0,"max_hp_loss":0.0,"gold_gain":0.0,"event_name":"Wheel of Change","player_choice":"Full Heal","floor":38.0,"gold_loss":0.0,"damage_taken":0.0},{"damage_healed":0.0,"max_hp_gain":0.0,"max_hp_loss":0.0,"gold_gain":0.0,"event_name":"MindBloom","player_choice":"Fight","floor":46.0,"gold_loss":0.0,"damage_taken":0.0}],"is_beta":false,"boss_relics":[{"not_picked":["Runic Dome","SlaversCollar"],"picked":"Calling Bell"},{"not_picked":["Tiny House","SacredBark"],"picked":"Snecko Eye"}],"items_purged_floors":[30,53],"is_endless":false,"potions_floor_spawned":[5,14,16,18,19,33,40,42,46,48,54],"killed_by":"The Heart","ascension_level":4}}