{"host":"xg4r5pv6chpuampg","time":1612518747,"event":{"mods":["AchievementEnabler","BaseMod","Googly Eyes","Minty Spire (QoL Compilation)"],"gold_per_floor":[112,127,127,127,143,19,51,69,92,111,125,125,125,136,136,237,237,250,262,119,34,34,34,34,34,34,54,67,67,67,67,67,170,170,188,42,42,42,58,91,91,108,108,128,142,142,158,172,172,172,172,172,6,38,38,38],"floor_reached":55,"language":"ENG","playtime":3682,"items_purged":["BowlingBash"],"score":700,"play_id":"b95e1e8b-6d6c-491a-8f68-cd580d866807","local_time":"20210205125227","is_ascension_mode":false,"campfire_choices":[{"data":"Eruption","floor":12.0,"key":"SMITH"},{"floor":15.0,"key":"REST"},{"data":"Tantrum","floor":23.0,"key":"SMITH"},{"data":"TalkToTheHand","floor":25.0,"key":"SMITH"},{"floor":32.0,"key":"RECALL"},{"floor":41,"key":"REST"},{"floor":49,"key":"REST"},{"data":"Vault","floor":52,"key":"SMITH"}],"circlet_count":0,"master_deck":["Eruption+1","Vigilance","Halt","SashWhip","SandsOfTime","Wallop","EmptyFist","WheelKick","ClearTheMind","Devotion","FlyingSleeves","Judgement","Wallop","Pray","Tantrum+1","TalkToTheHand+1","Clumsy","Vault+1","Vault","Devotion"],"relics":["Cursed Key","PreservedInsect","Boot","Spirit Poop","Pandora\u0027s Box","Peace Pipe","Bottled Lightning","Philosopher\u0027s Stone","Potion Belt","Ornamental Fan"],"acts_visited":["Exordium","TheCity","TheBeyond","TheEnding"],"potions_floor_usage":[44,45,50,54,54,54],"damage_taken":[{"damage":0.0,"enemies":"2 Louse","floor":1.0,"turns":2.0},{"damage":0.0,"enemies":"Jaw Worm","floor":2.0,"turns":3.0},{"damage":0.0,"enemies":"Cultist","floor":5.0,"turns":2.0},{"damage":0.0,"enemies":"Lagavulin","floor":7.0,"turns":4.0},{"damage":0.0,"enemies":"3 Louse","floor":8.0,"turns":2.0},{"damage":0.0,"enemies":"Red Slaver","floor":10.0,"turns":2.0},{"damage":8.0,"enemies":"Large Slime","floor":11.0,"turns":4.0},{"damage":2.0,"enemies":"Blue Slaver","floor":14.0,"turns":3.0},{"damage":25.0,"enemies":"The Guardian","floor":16.0,"turns":7.0},{"damage":12.0,"enemies":"2 Thieves","floor":18.0,"turns":3.0},{"damage":9.0,"enemies":"Shell Parasite","floor":19.0,"turns":3.0},{"damage":3.0,"enemies":"Snecko","floor":27.0,"turns":4.0},{"damage":3.0,"enemies":"Centurion and Healer","floor":28.0,"turns":4.0},{"damage":53.0,"enemies":"Automaton","floor":33.0,"turns":8.0},{"damage":5,"enemies":"3 Shapes","floor":35,"turns":3},{"damage":18,"enemies":"3 Darklings","floor":39,"turns":4},{"damage":1,"enemies":"Nemesis","floor":40,"turns":4},{"damage":5,"enemies":"Sphere and 2 Shapes","floor":42,"turns":6},{"damage":0,"enemies":"Transient","floor":44,"turns":6},{"damage":43,"enemies":"Writhing Mass","floor":45,"turns":5},{"damage":18,"enemies":"4 Shapes","floor":47,"turns":6},{"damage":0,"enemies":"Sphere and 2 Shapes","floor":48,"turns":2},{"damage":46,"enemies":"Donu and Deca","floor":50,"turns":8},{"damage":24,"enemies":"Shield and Spear","floor":54,"turns":4},{"damage":39,"enemies":"The Heart","floor":55,"turns":3}],"seed_played":"-8560131639442473223","potions_obtained":[{"floor":2.0,"key":"Explosive Potion"},{"floor":7.0,"key":"ColorlessPotion"},{"floor":11.0,"key":"Explosive Potion"},{"floor":14.0,"key":"DuplicationPotion"},{"floor":16.0,"key":"BottledMiracle"},{"floor":18.0,"key":"GamblersBrew"},{"floor":19.0,"key":"Weak Potion"},{"floor":39,"key":"Fire Potion"},{"floor":45,"key":"Ambrosia"},{"floor":47,"key":"Explosive Potion"}],"is_trial":false,"path_per_floor":["M","M","?","?","M","$","E","M","T","M","M","R","?","M","R","B",null,"M","M","$","?","?","R","T","R","T","M","M","?","?","?","R","B",null,"M","$","?","?","M","E","R","M","T","M","M","?","M","M","R","B",null,"R","$","E","B"],"character_chosen":"WATCHER","items_purchased":["Wallop","EmptyFist","TalkToTheHand","Vault","LiquidMemories","Block Potion","Devotion","BlessingOfTheForge"],"campfire_rested":3,"item_purchase_floors":[6,6,20,36,36,53,53,53],"current_hp_per_floor":[72,72,54,54,54,54,54,54,54,54,46,46,46,44,65,40,72,60,51,51,51,72,72,72,72,72,69,66,66,66,66,66,13,72,67,67,67,67,49,48,69,64,64,64,21,63,45,45,63,17,63,63,63,39,0,0],"gold":38,"neow_bonus":"BOSS_RELIC","is_daily":false,"chose_seed":false,"campfire_upgraded":4,"win_rate":0.0,"timestamp":1612518747,"path_taken":["M","M","?","?","M","$","E","M","T","?","M","R","?","M","R","BOSS","M","M","$","?","?","R","?","R","T","M","?","?","?","?","R","BOSS","M","$","?","?","M","E","R","M","T","M","M","?","M","?","R","BOSS","R","$","E","BOSS"],"items_purchased_type":["Card","Card","Card","Card","Potion","Potion","Card","Potion"],"build_version":"2020-12-22","purchased_purges":1,"victory":false,"max_hp_per_floor":[72,72,72,72,72,72,72,72,72,72,72,72,72,72,72,72,72,72,72,72,72,72,72,72,72,72,72,72,72,72,72,72,72,72,72,72,72,72,72,72,72,72,72,72,72,63,63,63,63,63,63,63,63,63,63,63],"card_choices":[{"not_picked":["FollowUp","CrushJoints"],"picked":"Halt","floor":1.0},{"not_picked":["Evaluate","Nirvana"],"picked":"SashWhip","floor":2.0},{"not_picked":["Evaluate","CarveReality"],"picked":"SandsOfTime","floor":5.0},{"not_picked":["Sanctity","Alpha"],"picked":"Establishment","floor":7.0},{"not_picked":["ThirdEye","Adaptation","Crescendo"],"picked":"SKIP","floor":8.0},{"not_picked":["EmptyBody","ClearTheMind"],"picked":"WheelKick","floor":10.0},{"not_picked":["FollowUp","Evaluate"],"picked":"ClearTheMind","floor":11.0},{"not_picked":["ThirdEye","InnerPeace","Crescendo"],"picked":"SKIP","floor":14.0},{"not_picked":["Crescendo","FollowUp","BowlingBash+1"],"picked":"SKIP","floor":18.0},{"not_picked":["Evaluate","WreathOfFlame"],"picked":"Tantrum","floor":19.0},{"not_picked":["EmptyFist","EmptyBody","Nirvana+1"],"picked":"SKIP","floor":27.0},{"not_picked":["Collect","ThirdEye","Adaptation"],"picked":"SKIP","floor":28.0},{"not_picked":["LessonLearned","Alpha"],"picked":"Vault","floor":33.0},{"not_picked":["CrushJoints+1","Halt","JustLucky"],"picked":"SKIP","floor":35},{"not_picked":["Worship","Evaluate","EmptyFist+1"],"picked":"SKIP","floor":39},{"not_picked":["JustLucky","Collect+1","BowlingBash"],"picked":"SKIP","floor":40},{"not_picked":["ClearTheMind+1","Wallop+1","Halt+1"],"picked":"SKIP","floor":42},{"not_picked":["ThirdEye+1","SashWhip","WaveOfTheHand"],"picked":"SKIP","floor":44},{"not_picked":["CutThroughFate","Prostrate","FlyingSleeves+1"],"picked":"SKIP","floor":45},{"not_picked":["EmptyBody+1","FollowUp+1","CrushJoints+1"],"picked":"SKIP","floor":47},{"not_picked":["Meditate+1","Crescendo","ClearTheMind+1"],"picked":"SKIP","floor":48},{"not_picked":["Ragnarok","ThirdEye","ClearTheMind"],"picked":"SKIP","floor":54}],"player_experience":80078,"relics_obtained":[{"floor":7.0,"key":"Boot"},{"floor":26.0,"key":"Bottled Lightning"},{"floor":40,"key":"Potion Belt"},{"floor":54,"key":"Ornamental Fan"}],"event_choices":[{"damage_healed":0.0,"max_hp_gain":0.0,"max_hp_loss":0.0,"gold_gain":0.0,"event_name":"Scrap Ooze","player_choice":"Success","floor":3.0,"gold_loss":0.0,"damage_taken":18.0,"relics_obtained":["PreservedInsect"]},{"cards_removed":["Strike_P"],"damage_healed":0.0,"max_hp_gain":0.0,"max_hp_loss":0.0,"gold_gain":0.0,"event_name":"Purifier","player_choice":"Purged","floor":4.0,"gold_loss":0.0,"damage_taken":0.0},{"cards_removed":["Clumsy"],"damage_healed":0.0,"max_hp_gain":0.0,"max_hp_loss":0.0,"gold_gain":0.0,"event_name":"Bonfire Elementals","player_choice":"Offered Curse","floor":13.0,"gold_loss":0.0,"damage_taken":0.0,"relics_obtained":["Spirit Poop"]},{"damage_healed":0.0,"max_hp_gain":0.0,"max_hp_loss":0.0,"gold_gain":0.0,"event_name":"Addict","player_choice":"Obtained Relic","floor":21.0,"gold_loss":85.0,"damage_taken":0.0,"relics_obtained":["Peace Pipe"]},{"damage_healed":24.0,"max_hp_gain":0.0,"max_hp_loss":0.0,"gold_gain":0.0,"event_name":"The Library","player_choice":"Heal","floor":22.0,"gold_loss":0.0,"damage_taken":0.0},{"damage_healed":0.0,"max_hp_gain":0.0,"max_hp_loss":0.0,"gold_gain":0.0,"event_name":"Ghosts","player_choice":"Ignored","floor":29.0,"gold_loss":0.0,"damage_taken":0.0},{"damage_healed":0.0,"max_hp_gain":0.0,"max_hp_loss":0.0,"gold_gain":0.0,"event_name":"Vampires","player_choice":"Ignored","floor":30.0,"gold_loss":0.0,"damage_taken":0.0},{"cards_removed":["Weave"],"damage_healed":0.0,"max_hp_gain":0.0,"max_hp_loss":0.0,"gold_gain":0.0,"event_name":"Back to Basics","player_choice":"Elegance","floor":31.0,"gold_loss":0.0,"damage_taken":0.0},{"cards_removed":["Establishment"],"damage_healed":0,"gold_gain":0,"player_choice":"Removed Power","damage_taken":0,"max_hp_gain":0,"max_hp_loss":0,"event_name":"Falling","floor":37,"gold_loss":0},{"damage_healed":0,"gold_gain":0,"player_choice":"Ignored","damage_taken":0,"max_hp_gain":0,"max_hp_loss":0,"event_name":"Mysterious Sphere","floor":38,"gold_loss":0},{"damage_healed":63,"gold_gain":0,"player_choice":"Heal","damage_taken":0,"max_hp_gain":0,"max_hp_loss":9,"event_name":"The Moai Head","floor":46,"gold_loss":0}],"is_beta":false,"boss_relics":[{"not_picked":["Fusion Hammer","Calling Bell"],"picked":"Pandora\u0027s Box"},{"not_picked":["Tiny House","Runic Pyramid"],"picked":"Philosopher\u0027s Stone"}],"items_purged_floors":[20],"is_endless":false,"potions_floor_spawned":[2,7,11,14,16,18,19,39,45,47],"killed_by":"The Heart","ascension_level":0}}