{"host":"49qg1vqziwkpu54d","time":1612556190,"event":{"mods":["AchievementEnabler","BaseMod","Colored Map","Minty Spire (QoL Compilation)","Relic Stats"],"gold_per_floor":[114,289,289,304,329,359,359,389,414,444,444,474,489,489,489,614,614,633,652,562,581,67,67,67,67,92,92,107,107,122,152,152,252,252,267,282,282,328,1,1,1,1],"floor_reached":41,"language":"ENG","playtime":1649,"items_purged":["Defend_P","Defend_P"],"score":510,"play_id":"cfd89e70-9e4e-4a43-a77e-d0cf8aba6d36","local_time":"20210205211630","daily_mods":["Specialized","ControlledChaos","Elite Swarm"],"is_ascension_mode":false,"campfire_choices":[{"data":"Scrawl","floor":7.0,"key":"SMITH"},{"data":"Omniscience","floor":15.0,"key":"SMITH"},{"data":"Apotheosis","floor":23.0,"key":"SMITH"},{"data":"Ragnarok","floor":25.0,"key":"SMITH"},{"data":"Defend_P","floor":27.0,"key":"PURGE"},{"data":"Conclude","floor":29.0,"key":"SMITH"},{"data":"Omniscience","floor":32.0,"key":"SMITH"},{"data":"Defend_P","floor":40,"key":"PURGE"}],"circlet_count":0,"master_deck":["Strike_P","Strike_P","Strike_P","Strike_P","Eruption+1","Vigilance","FlyingSleeves","FlyingSleeves","FlyingSleeves","FlyingSleeves","Conclude+1","Consecrate","Scrawl+1","Omniscience+1","Ragnarok+1","ClearTheMind+1","FollowUp","Apotheosis+1","FollowUp+1","Indignation","Omniscience+1","Consecrate+1","DevaForm"],"relics":["PureWater","Frozen Eye","Centennial Puzzle","Art of War","Omamori","Potion Belt","Torii","Nunchaku","Bloody Idol","Calling Bell","Lantern","Question Card","Peace Pipe","Molten Egg 2","Damaru","Gremlin Horn","Snecko Eye","Ice Cream","Akabeko"],"acts_visited":["Exordium","TheCity","TheBeyond"],"potions_floor_usage":[41,41],"damage_taken":[{"damage":0.0,"enemies":"2 Louse","floor":1.0,"turns":2.0},{"damage":0.0,"enemies":"Small Slimes","floor":4.0,"turns":2.0},{"damage":0.0,"enemies":"3 Sentries","floor":6.0,"turns":2.0},{"damage":24.0,"enemies":"Gremlin Nob","floor":8.0,"turns":4.0},{"damage":0.0,"enemies":"Lagavulin","floor":10.0,"turns":4.0},{"damage":10.0,"enemies":"Gremlin Nob","floor":12.0,"turns":3.0},{"damage":0.0,"enemies":"Cultist","floor":13.0,"turns":1.0},{"damage":4.0,"enemies":"Hexaghost","floor":16.0,"turns":4.0},{"damage":0.0,"enemies":"Spheric Guardian","floor":18.0,"turns":3.0},{"damage":0.0,"enemies":"2 Thieves","floor":19.0,"turns":1.0},{"damage":15.0,"enemies":"Snake Plant","floor":21.0,"turns":4.0},{"damage":15.0,"enemies":"Snecko","floor":28.0,"turns":3.0},{"damage":2.0,"enemies":"Chosen and Byrds","floor":30.0,"turns":2.0},{"damage":9.0,"enemies":"Gremlin Leader","floor":31.0,"turns":2.0},{"damage":22.0,"enemies":"Automaton","floor":33.0,"turns":4.0},{"damage":0,"enemies":"Orb Walker","floor":35,"turns":1},{"damage":0,"enemies":"3 Shapes","floor":36,"turns":1},{"damage":0,"enemies":"2 Orb Walkers","floor":38,"turns":1},{"damage":100000,"enemies":"Nemesis","floor":41,"turns":7}],"seed_played":"-8643747277835071688","potions_obtained":[{"floor":1.0,"key":"BottledMiracle"},{"floor":6.0,"key":"ColorlessPotion"},{"floor":12.0,"key":"StancePotion"},{"floor":13.0,"key":"Energy Potion"},{"floor":21.0,"key":"GamblersBrew"},{"floor":28.0,"key":"DuplicationPotion"},{"floor":30.0,"key":"SteroidPotion"},{"floor":38,"key":"PowerPotion"}],"is_trial":false,"path_per_floor":["M","?","?","M","T","E","R","E","T","E","?","E","M","?","R","B",null,"M","M","?","M","$","R","?","R","T","R","M","R","M","E","R","B",null,"M","M","?","?","$","R","E"],"character_chosen":"WATCHER","items_purchased":["Apotheosis","Molten Egg 2","Akabeko","DevaForm"],"campfire_rested":0,"item_purchase_floors":[22,22,39,39],"current_hp_per_floor":[72,72,72,72,72,72,72,48,48,48,48,38,38,20,20,16,72,72,72,72,57,57,57,57,57,62,62,52,52,55,51,51,34,72,72,72,72,72,72,72,0,0],"gold":1,"neow_bonus":"","is_daily":true,"chose_seed":false,"campfire_upgraded":6,"win_rate":0.0,"timestamp":1612556190,"path_taken":["M","?","?","?","?","E","R","E","T","E","?","E","?","?","R","BOSS","M","M","?","?","$","R","?","R","T","R","M","R","M","E","R","BOSS","M","M","?","?","$","R","E"],"items_purchased_type":["Card","Relic","Relic","Card"],"build_version":"2020-12-22","purchased_purges":2,"victory":false,"max_hp_per_floor":[72,72,72,72,72,72,72,72,72,72,72,72,72,72,72,72,72,72,72,72,72,72,72,72,72,72,72,72,72,72,72,72,72,72,72,72,72,72,72,72,72,72],"relic_stats":{"Peace Pipe":3,"Centennial Puzzle":[27],"Nunchaku":[11],"Torii":13,"Gremlin Horn":[2,2],"counters":[19,50],"Bloody Idol":25,"Snecko Eye":[22,18,22,19],"Art of War":[3],"Question Card":10,"obtain_stats":[{"Potion Belt":9,"Ice Cream":38,"Lantern":17,"Torii":10,"Gremlin Horn":31,"Golden Idol":14,"Damaru":26,"Omamori":8,"Question Card":17,"Akabeko":39,"Calling Bell":17,"Peace Pipe":17,"Frozen Eye":0,"Centennial Puzzle":5,"Nunchaku":12,"Bloody Idol":24,"Snecko Eye":34,"Molten Egg 2":22,"Art of War":6,"PureWater":0},{"Potion Belt":4,"Ice Cream":18,"Lantern":8,"Torii":5,"Gremlin Horn":14,"Golden Idol":7,"Damaru":11,"Omamori":4,"Question Card":8,"Akabeko":18,"Calling Bell":8,"Peace Pipe":8,"Frozen Eye":0,"Centennial Puzzle":2,"Nunchaku":6,"Bloody Idol":11,"Snecko Eye":15,"Molten Egg 2":11,"Art of War":3,"PureWater":0},{"Potion Belt":10,"Ice Cream":44,"Lantern":22,"Torii":14,"Gremlin Horn":37,"Golden Idol":18,"Damaru":30,"Omamori":10,"Question Card":22,"Akabeko":44,"Calling Bell":22,"Peace Pipe":22,"Frozen Eye":0,"Centennial Puzzle":4,"Nunchaku":17,"Bloody Idol":30,"Snecko Eye":41,"Molten Egg 2":30,"Art of War":6,"PureWater":0}]},"card_choices":[{"not_picked":["Sanctity","BowlingBash"],"picked":"Conclude","floor":1.0},{"not_picked":["CrushJoints","CutThroughFate"],"picked":"Consecrate","floor":4.0},{"not_picked":["Vault","Devotion"],"picked":"Scrawl","floor":6.0},{"not_picked":["Alpha","MasterReality","Scrawl"],"picked":"SKIP","floor":8.0},{"not_picked":["Scrawl","ConjureBlade","Vault"],"picked":"SKIP","floor":10.0},{"not_picked":["MasterReality","Alpha"],"picked":"Omniscience","floor":12.0},{"not_picked":["PathToVictory","ClearTheMind","Evaluate"],"picked":"SKIP","floor":13.0},{"not_picked":["MasterReality","DeusExMachina"],"picked":"Ragnarok","floor":16.0},{"not_picked":["Consecrate","Sanctity","ThirdEye"],"picked":"ClearTheMind+1","floor":18.0},{"not_picked":["FlurryOfBlows","Judgement","Pray+1"],"picked":"FollowUp","floor":19.0},{"not_picked":["EmptyBody+1","Protect+1","BattleHymn","ThirdEye"],"picked":"SKIP","floor":21.0},{"not_picked":["PathToVictory","FlurryOfBlows+1","Vault"],"picked":"FollowUp+1","floor":28.0},{"not_picked":["CutThroughFate+1","Nirvana","Adaptation"],"picked":"Indignation","floor":30.0},{"not_picked":["Establishment","ConjureBlade","Scrawl"],"picked":"Omniscience","floor":31.0},{"not_picked":["WreathOfFlame+1","Adaptation+1","PathToVictory","BowlingBash+1"],"picked":"SKIP","floor":35},{"not_picked":["EmptyMind","Halt","ThirdEye+1"],"picked":"Consecrate+1","floor":36}],"player_experience":879361,"relics_obtained":[{"floor":5.0,"key":"Centennial Puzzle"},{"floor":6.0,"key":"Art of War"},{"floor":8.0,"key":"Omamori"},{"floor":9.0,"key":"Potion Belt"},{"floor":10.0,"key":"Torii"},{"floor":12.0,"key":"Nunchaku"},{"floor":17.0,"key":"Lantern"},{"floor":17.0,"key":"Question Card"},{"floor":17.0,"key":"Peace Pipe"},{"floor":26.0,"key":"Damaru"},{"floor":31.0,"key":"Gremlin Horn"},{"floor":38,"key":"Ice Cream"}],"event_choices":[{"damage_healed":0.0,"max_hp_gain":0.0,"max_hp_loss":0.0,"gold_gain":175.0,"event_name":"Liars Game","player_choice":"AGREE","floor":2.0,"gold_loss":0.0,"damage_taken":0.0,"cards_obtained":["Doubt"]},{"damage_healed":0.0,"max_hp_gain":0.0,"max_hp_loss":0.0,"gold_gain":0.0,"event_name":"Upgrade Shrine","player_choice":"Upgraded","floor":3.0,"gold_loss":0.0,"damage_taken":0.0,"cards_upgraded":["Eruption"]},{"damage_healed":0.0,"max_hp_gain":0.0,"max_hp_loss":0.0,"gold_gain":0.0,"event_name":"The Woman in Blue","player_choice":"Bought 0 Potions","floor":11.0,"gold_loss":0.0,"damage_taken":0.0},{"damage_healed":0.0,"max_hp_gain":0.0,"max_hp_loss":0.0,"gold_gain":0.0,"event_name":"Golden Idol","player_choice":"Take Damage","floor":14.0,"gold_loss":0.0,"damage_taken":18.0,"relics_obtained":["Golden Idol"]},{"cards_removed":["Doubt"],"damage_healed":0.0,"max_hp_gain":0.0,"max_hp_loss":0.0,"gold_gain":0.0,"event_name":"Designer","player_choice":"Upgrade and Remove","floor":20.0,"gold_loss":90.0,"damage_taken":0.0,"cards_upgraded":["FlyingSleeves"]},{"damage_healed":0.0,"max_hp_gain":0.0,"max_hp_loss":0.0,"gold_gain":0.0,"event_name":"Forgotten Altar","player_choice":"Gave Idol","floor":24.0,"relics_lost":["Golden Idol"],"gold_loss":0.0,"damage_taken":0.0,"relics_obtained":["Bloody Idol"]},{"cards_removed":["FlyingSleeves"],"damage_healed":0,"gold_gain":0,"player_choice":"Removed Attack","damage_taken":0,"max_hp_gain":0,"max_hp_loss":0,"event_name":"Falling","floor":37,"gold_loss":0},{"damage_healed":0,"gold_gain":0,"player_choice":"Fight","damage_taken":0,"max_hp_gain":0,"max_hp_loss":0,"event_name":"Mysterious Sphere","floor":38,"gold_loss":0}],"is_beta":false,"boss_relics":[{"not_picked":["HolyWater","Velvet Choker"],"picked":"Calling Bell"},{"not_picked":["Runic Pyramid","SlaversCollar"],"picked":"Snecko Eye"}],"items_purged_floors":[22,39],"is_endless":false,"potions_floor_spawned":[1,6,12,13,21,28,30,38],"killed_by":"Nemesis","ascension_level":0}}