{"host":"vyjryxuuuxkt43k4","time":1612484943,"event":{"mods":["AchievementEnabler","BaseMod","Colored Map","DeckTracker","Highlight Path","Keyboard Shortcuts","Minty Spire (QoL Compilation)","Permanent Neow","Quick Restart","Relic Stats","StSLib","SuperFastMode","everything is the same but u backflip on backflip"],"gold_per_floor":[118,68,87,100,100,100,127,127,127,51,51,81,98,98,98,170,170,186,200,200,200,224,224,252,252,252],"floor_reached":25,"language":"KOR","playtime":1042,"items_purged":[],"score":359,"play_id":"bf71b4e2-2f96-4049-9c8b-21b7d4e48f82","local_time":"20210205092903","is_ascension_mode":true,"campfire_choices":[{"data":"Eruption","floor":6.0,"key":"SMITH"},{"data":"CrushJoints","floor":11.0,"key":"SMITH"},{"data":"MentalFortress","floor":15.0,"key":"SMITH"},{"data":"Regret","floor":23.0,"key":"PURGE"}],"circlet_count":0,"master_deck":["AscendersBane","Strike_P","Defend_P","Defend_P","Defend_P","Eruption+1","Vigilance","Dark Shackles","CrushJoints+1","FearNoEvil","MentalFortress+1","DevaForm","ConjureBlade","FollowUp+1","InnerPeace","CutThroughFate","EmptyFist","Halt"],"relics":["PureWater","Art of War","Matryoshka","MealTicket","Peace Pipe","Cursed Key","CeramicFish","HornCleat"],"acts_visited":["Exordium","TheCity"],"potions_floor_usage":[],"damage_taken":[{"damage":0.0,"enemies":"Jaw Worm","floor":1.0,"turns":4.0},{"damage":9.0,"enemies":"2 Louse","floor":3.0,"turns":3.0},{"damage":0.0,"enemies":"Small Slimes","floor":4.0,"turns":3.0},{"damage":29.0,"enemies":"3 Sentries","floor":7.0,"turns":8.0},{"damage":27.0,"enemies":"Gremlin Nob","floor":12.0,"turns":5.0},{"damage":0.0,"enemies":"3 Louse","floor":13.0,"turns":1.0},{"damage":19.0,"enemies":"The Guardian","floor":16.0,"turns":9.0},{"damage":25.0,"enemies":"2 Thieves","floor":18.0,"turns":5.0},{"damage":2.0,"enemies":"Chosen","floor":19.0,"turns":4.0},{"damage":9.0,"enemies":"Snake Plant","floor":22.0,"turns":5.0},{"damage":3.0,"enemies":"Centurion and Healer","floor":24.0,"turns":6.0},{"damage":15,"enemies":"Chosen and Byrds","floor":25,"turns":4}],"seed_played":"585204600388253184","potions_obtained":[{"floor":1.0,"key":"Block Potion"},{"floor":12.0,"key":"SkillPotion"},{"floor":16.0,"key":"Strength Potion"},{"floor":18.0,"key":"Dexterity Potion"},{"floor":22.0,"key":"BottledMiracle"}],"is_trial":false,"path_per_floor":["M","?","M","M","?","R","E","T","T","$","R","E","M","?","R","B",null,"M","M","?","T","M","R","M","M"],"character_chosen":"WATCHER","items_purchased":["MentalFortress"],"campfire_rested":0,"item_purchase_floors":[10],"current_hp_per_floor":[61,61,52,52,45,45,16,16,16,31,31,4,4,26,26,7,53,28,26,26,26,17,17,14,0,0],"gold":252,"neow_bonus":"RANDOM_COLORLESS","is_daily":false,"chose_seed":false,"campfire_upgraded":3,"win_rate":0.0,"timestamp":1612484943,"path_taken":["M","?","M","M","?","R","E","?","T","$","R","E","M","?","R","BOSS","M","M","?","?","?","R","M","M"],"items_purchased_type":["Card"],"build_version":"2020-12-22","purchased_purges":0,"victory":false,"max_hp_per_floor":[68,68,68,68,68,68,68,68,68,68,68,68,68,68,68,68,68,68,68,68,68,68,68,68,68,68],"relic_stats":{"Peace Pipe":1,"counters":[12,57],"CeramicFish":18,"MealTicket":15,"Art of War":[4],"Cursed Key":1,"obtain_stats":[{"Peace Pipe":12,"Matryoshka":8,"HornCleat":21,"CeramicFish":21,"MealTicket":9,"Art of War":7,"PureWater":0,"Cursed Key":17},{"Peace Pipe":5,"Matryoshka":4,"HornCleat":9,"CeramicFish":9,"MealTicket":4,"Art of War":4,"PureWater":0,"Cursed Key":7},{"Peace Pipe":23,"Matryoshka":18,"HornCleat":42,"CeramicFish":42,"MealTicket":18,"Art of War":18,"PureWater":0,"Cursed Key":33}]},"card_choices":[{"not_picked":["Blind","Mind Blast"],"picked":"Dark Shackles","floor":0.0},{"not_picked":["JustLucky","FlurryOfBlows"],"picked":"CrushJoints","floor":1.0},{"not_picked":["SashWhip","Nirvana"],"picked":"FearNoEvil","floor":3.0},{"not_picked":["PathToVictory","Prostrate","DeceiveReality"],"picked":"SKIP","floor":4.0},{"not_picked":["FearNoEvil","ForeignInfluence","PathToVictory"],"picked":"SKIP","floor":7.0},{"not_picked":["MasterReality","ClearTheMind","Prostrate"],"picked":"SKIP","floor":12.0},{"not_picked":["Protect","SashWhip"],"picked":"DevaForm","floor":13.0},{"not_picked":["LessonLearned","SpiritShield"],"picked":"ConjureBlade","floor":16.0},{"not_picked":["Protect","CutThroughFate"],"picked":"FollowUp+1","floor":18.0},{"not_picked":["FollowUp","BowlingBash","FlyingSleeves"],"picked":"SKIP","floor":19.0},{"not_picked":["Consecrate","Pray"],"picked":"EmptyFist","floor":22.0},{"not_picked":["Perseverance","Prostrate"],"picked":"Halt","floor":24.0}],"player_experience":722693,"relics_obtained":[{"floor":7.0,"key":"Art of War"},{"floor":8.0,"key":"Matryoshka"},{"floor":9.0,"key":"MealTicket"},{"floor":12.0,"key":"Peace Pipe"},{"floor":21.0,"key":"CeramicFish"},{"floor":21.0,"key":"HornCleat"}],"event_choices":[{"cards_removed":["Strike_P"],"damage_healed":0.0,"max_hp_gain":0.0,"max_hp_loss":0.0,"gold_gain":0.0,"event_name":"The Cleric","player_choice":"Card Removal","floor":2.0,"gold_loss":50.0,"damage_taken":0.0},{"cards_removed":["Defend_P"],"damage_healed":0.0,"max_hp_gain":0.0,"max_hp_loss":0.0,"gold_gain":0.0,"event_name":"Golden Wing","player_choice":"Card Removal","floor":5.0,"gold_loss":0.0,"damage_taken":7.0},{"damage_healed":22.0,"max_hp_gain":0.0,"max_hp_loss":0.0,"gold_gain":0.0,"event_name":"Big Fish","player_choice":"Banana","floor":14.0,"gold_loss":0.0,"damage_taken":0.0},{"damage_healed":0.0,"max_hp_gain":0.0,"max_hp_loss":0.0,"gold_gain":0.0,"cards_transformed":["Strike_P","Strike_P"],"event_name":"Drug Dealer","player_choice":"Became Test Subject","floor":20.0,"gold_loss":0.0,"damage_taken":0.0,"cards_obtained":["InnerPeace","CutThroughFate"]}],"is_beta":false,"boss_relics":[{"not_picked":["SacredBark","Velvet Choker"],"picked":"Cursed Key"}],"items_purged_floors":[],"is_endless":false,"potions_floor_spawned":[1,12,16,18,22],"killed_by":"Chosen and Byrds","ascension_level":14}}