{"host":"pke0xxyzw0teju56","time":1612551647,"event":{"mods":["BaseMod","Bestiary","Colored Powertips","Highlight Path","Minty Spire (QoL Compilation)","Relic Stats","Slay the Relics Exporter","StSLib","ojb\u0027s Info Mod"],"gold_per_floor":[365,365,365,379,391,391,37,62,62,75,75,0,0,25,25,25,25],"floor_reached":16,"language":"ENG","playtime":624,"items_purged":["Injury"],"score":216,"play_id":"6e4f4c19-2f3b-4e63-96ad-62ced2b39901","local_time":"20210205140047","is_ascension_mode":true,"campfire_choices":[{"data":"Deadly Poison","floor":6,"key":"SMITH"},{"floor":11,"key":"REST"},{"data":"Blade Dance","floor":13,"key":"SMITH"},{"data":"Footwork","floor":15,"key":"SMITH"}],"circlet_count":0,"master_deck":["AscendersBane","Strike_G","Strike_G","Strike_G","Strike_G","Defend_G","Defend_G","Defend_G","Defend_G","Defend_G","Survivor","Neutralize","Bouncing Flask+1","Blade Dance+1","Deadly Poison+1","Accuracy","Dash","Footwork+1"],"relics":["Ring of the Snake","Ornamental Fan","Incense Burner","Letter Opener","InkBottle"],"acts_visited":[],"potions_floor_usage":[16],"damage_taken":[{"damage":3.0,"enemies":"Jaw Worm","floor":1.0,"turns":4.0},{"damage":7,"enemies":"2 Louse","floor":4,"turns":5},{"damage":1,"enemies":"Cultist","floor":5,"turns":4},{"damage":29,"enemies":"Gremlin Nob","floor":8,"turns":4},{"damage":4,"enemies":"Blue Slaver","floor":10,"turns":4},{"damage":5,"enemies":"Lagavulin","floor":14,"turns":4},{"damage":17,"enemies":"The Guardian","floor":16,"turns":5}],"seed_played":"-1549153640117316202","potions_obtained":[{"floor":4,"key":"CultistPotion"},{"floor":10,"key":"CultistPotion"}],"is_trial":false,"path_per_floor":["M","?","?","M","M","R","$","E","T","M","R","$","R","E","R","B"],"character_chosen":"THE_SILENT","items_purchased":["Ornamental Fan","Accuracy"],"campfire_rested":1,"item_purchase_floors":[7,7],"current_hp_per_floor":[56,56,49,42,41,41,41,12,12,8,27,27,27,22,22,5,5],"gold":25,"neow_bonus":"TWO_FIFTY_GOLD","is_daily":false,"chose_seed":false,"campfire_upgraded":3,"win_rate":0.0,"timestamp":1612551647,"path_taken":["M","?","?","M","M","R","$","E","T","M","R","?","R","E","R","BOSS"],"items_purchased_type":["Relic","Card"],"build_version":"2020-12-22","purchased_purges":1,"victory":false,"max_hp_per_floor":[66,66,66,66,66,66,66,66,66,66,66,66,66,66,66,66,66],"relic_stats":{"counters":[6,26],"Ornamental Fan":[28],"Letter Opener":[0],"obtain_stats":[{"Ornamental Fan":7,"Incense Burner":8,"Letter Opener":9,"InkBottle":14,"Ring of the Snake":0},{"Ornamental Fan":2,"Incense Burner":3,"Letter Opener":3,"InkBottle":5,"Ring of the Snake":0},{"Ornamental Fan":9,"Incense Burner":13,"Letter Opener":13,"InkBottle":21,"Ring of the Snake":0}],"InkBottle":[2],"Ring of the Snake":[12]},"card_choices":[{"not_picked":["Cloak And Dagger","Poisoned Stab"],"picked":"Bouncing Flask","floor":1},{"not_picked":["PiercingWail","Underhanded Strike"],"picked":"Blade Dance","floor":4},{"not_picked":["Distraction","PiercingWail"],"picked":"Deadly Poison","floor":5},{"not_picked":["Deadly Poison","Slice"],"picked":"Dash","floor":8},{"not_picked":["Dodge and Roll","Unload","Outmaneuver"],"picked":"SKIP","floor":10},{"not_picked":["Slice","Dagger Throw"],"picked":"Footwork","floor":14}],"player_experience":5300901,"relics_obtained":[{"floor":8,"key":"Incense Burner"},{"floor":9,"key":"Letter Opener"},{"floor":14,"key":"InkBottle"}],"event_choices":[{"damage_healed":0,"gold_gain":0,"player_choice":"Grow","damage_taken":0,"max_hp_gain":0,"max_hp_loss":0,"event_name":"Living Wall","floor":2,"gold_loss":0,"cards_upgraded":["Bouncing Flask"]},{"cards_removed":["Strike_G"],"damage_healed":0,"gold_gain":0,"player_choice":"Card Removal","damage_taken":7,"max_hp_gain":0,"max_hp_loss":0,"event_name":"Golden Wing","floor":3,"gold_loss":0}],"is_beta":false,"boss_relics":[],"items_purged_floors":[12],"is_endless":false,"potions_floor_spawned":[4,10,14],"killed_by":"The Guardian","ascension_level":20}}