{"host":"mr1ctipv0dcr6y8g","time":1612550106,"event":{"mods":["BaseMod","Beaked The Cultist","DeckTracker","Energized Spire","Minty Spire (QoL Compilation)","Shop Mod","StSLib","The Construct"],"gold_per_floor":[118,171,191,209,60,60,85,95,147,147,210,210,230,257,257,360,360,376,391,402,415,415,415,415,448,448,483,512,541,466,482,482,581,531,549,549,549,549,565,597,597,597,623,623,658,675,693,720,720,720,720,720,106,135,135],"floor_reached":56,"language":"ENG","playtime":3708,"items_purged":["beaked:WildInstinct"],"score":1418,"play_id":"a1d22d96-48f9-497c-8bd3-de6d9b373e19","local_time":"20210205113506","daily_mods":["Vintage","Heirloom","Time Dilation","Flight","DeadlyEvents"],"is_ascension_mode":false,"campfire_choices":[{"data":"beaked:Flinch","floor":6.0,"key":"SMITH"},{"data":"beaked:RitualOfBody","floor":10,"key":"SMITH"},{"data":"beaked:Ceremony","floor":15,"key":"SMITH"},{"floor":23,"key":"REST"},{"data":"beaked:FakeOut","floor":24,"key":"SMITH"},{"data":"beaked:Insight","floor":32,"key":"SMITH"},{"data":"beaked:WindBringer","floor":41,"key":"SMITH"},{"data":"beaked:Defend_Y","floor":42,"key":"SMITH"},{"data":"beaked:Defend_Y","floor":44,"key":"SMITH"},{"floor":49,"key":"RECALL"}],"circlet_count":0,"master_deck":["beaked:Strike_Y","beaked:Strike_Y","beaked:Strike_Y","beaked:Strike_Y","beaked:Strike_Y","beaked:Strike_Y+1","beaked:Defend_Y+1","beaked:Defend_Y+1","beaked:Defend_Y+1","beaked:Defend_Y+1","beaked:Ceremony","beaked:Ceremony","beaked:Ceremony+1","beaked:WindBringer+1","beaked:Flinch+1","beaked:Insight+1","beaked:Brace+1","beaked:FakeOut+1","beaked:SurvivalInstinct+1","beaked:MaddeningMurmurs","beaked:FullHouse+1","beaked:SacrificialScars+1","beaked:Strike_Y","beaked:Mantra","Dark Shackles+1","beaked:Windmill+1","Discovery+1","Panache","beaked:Insight","beaked:Overpower+1"],"relics":["beaked:MendingPlumage","Torii","Toy Ornithopter","War Paint","Regal Pillow","Orrery","Mummified Hand","Lantern","Anchor","Boot","Toxic Egg 2","beaked:MawFillet","Happy Flower","StrikeDummy","Art of War","Whetstone","Shuriken","Gremlin Horn","Omamori","Kunai","Mercury Hourglass","Mango","energizedSpire:HugeHouse","Ancient Tea Set","Sundial","Pear","Eternal Feather","Potion Belt","Nunchaku","InkBottle","Oddly Smooth Stone","Blood Vial","Strawberry","Pen Nib"],"acts_visited":["Exordium","TheCity","TheBeyond","TheEnding"],"potions_floor_usage":[16,19,29,29,35,50,55,55],"damage_taken":[{"damage":1.0,"enemies":"Cultist","floor":1.0,"turns":4.0},{"damage":2.0,"enemies":"Small Slimes","floor":3.0,"turns":5.0},{"damage":0.0,"enemies":"2 Louse","floor":4.0,"turns":3.0},{"damage":2.0,"enemies":"Lagavulin","floor":7.0,"turns":7.0},{"damage":9.0,"enemies":"2 Fungi Beasts","floor":8.0,"turns":6.0},{"damage":0,"enemies":"Large Slime","floor":13,"turns":4},{"damage":12,"enemies":"Gremlin Nob","floor":14,"turns":4},{"damage":0,"enemies":"Hexaghost","floor":16,"turns":9},{"damage":2,"enemies":"2 Thieves","floor":18,"turns":5},{"damage":2,"enemies":"3 Byrds","floor":19,"turns":4},{"damage":23,"enemies":"Snake Plant","floor":20,"turns":5},{"damage":44,"enemies":"Shelled Parasite and Fungi","floor":21,"turns":6},{"damage":10,"enemies":"Gremlin Leader","floor":25,"turns":7},{"damage":2,"enemies":"Slavers","floor":27,"turns":5},{"damage":0,"enemies":"Gremlin Leader","floor":28,"turns":5},{"damage":14,"enemies":"Slavers","floor":29,"turns":2},{"damage":1,"enemies":"Centurion and Healer","floor":31,"turns":3},{"damage":1,"enemies":"Collector","floor":33,"turns":9},{"damage":19,"enemies":"Orb Walker","floor":35,"turns":4},{"damage":9,"enemies":"3 Darklings","floor":39,"turns":5},{"damage":37,"enemies":"Nemesis","floor":40,"turns":7},{"damage":18,"enemies":"Giant Head","floor":45,"turns":8},{"damage":8,"enemies":"Maw","floor":46,"turns":5},{"damage":2,"enemies":"Writhing Mass","floor":47,"turns":5},{"damage":42,"enemies":"Time Eater","floor":50,"turns":9},{"damage":37,"enemies":"Shield and Spear","floor":54,"turns":4},{"damage":84,"enemies":"The Heart","floor":55,"turns":10}],"seed_played":"756462619682671577","potions_obtained":[{"floor":1.0,"key":"DuplicationPotion"},{"floor":3.0,"key":"Block Potion"},{"floor":4.0,"key":"PowerPotion"},{"floor":19,"key":"BlessingOfTheForge"},{"floor":21,"key":"DistilledChaos"},{"floor":28,"key":"Explosive Potion"},{"floor":29,"key":"SpeedPotion"},{"floor":33,"key":"DuplicationPotion"},{"floor":40,"key":"ColorlessPotion"}],"is_trial":true,"path_per_floor":["M","T","M","M","$","R","E","M","T","R","?","$","M","E","R","B",null,"M","M","M","M","?","R","R","E","T","E","E","E","?","M","R","B",null,"M","?","?","T","M","E","R","R","T","R","E","M","M","T","R","B",null,"R","$","E","B",null],"character_chosen":"BEAKED_THE_CULTIST","items_purchased":["Orrery","Discovery+1","Panache","beaked:Insight","Strawberry","Block Potion","SteroidPotion"],"campfire_rested":1,"item_purchase_floors":[5,53,53,53,53,53,53],"current_hp_per_floor":[50,50,50,50,50,50,50,48,48,48,48,48,50,41,41,50,50,50,50,39,13,13,43,43,50,50,50,50,50,50,64,64,64,59,50,50,62,62,72,63,75,75,75,75,78,74,81,81,81,62,84,84,91,68,43],"gold":135,"neow_bonus":"","is_daily":false,"chose_seed":false,"campfire_upgraded":8,"win_rate":0.0,"timestamp":1612550106,"path_taken":["M","?","M","M","$","R","E","M","T","R","?","?","M","E","R","BOSS","M","M","M","M","?","R","R","E","T","E","E","E","?","M","R","BOSS","M","?","?","?","M","E","R","R","T","R","?","M","?","?","R","BOSS","R","$","E","BOSS"],"items_purchased_type":["Relic","Card","Card","Card","Relic","Potion","Potion"],"build_version":"2020-12-22","purchased_purges":1,"victory":true,"max_hp_per_floor":[50,50,50,50,50,50,50,50,50,50,50,50,50,50,50,50,50,50,50,50,50,50,50,50,50,50,50,50,50,50,64,64,64,59,62,62,62,62,75,75,75,75,75,75,78,81,81,81,81,84,84,84,91,94,97],"card_choices":[{"not_picked":["beaked:MachineSpirit","beaked:DigDeeper"],"picked":"beaked:WildInstinct","floor":5.0},{"not_picked":["beaked:WarriorEssence","beaked:BraceForImpact"],"picked":"beaked:WindBringer","floor":5.0},{"not_picked":["beaked:WarriorEssence","beaked:Redirect"],"picked":"beaked:WindBringer","floor":5.0},{"not_picked":["beaked:RitualOfBody","beaked:Brace"],"picked":"beaked:Flinch","floor":5.0},{"not_picked":["beaked:DesperateSwing","beaked:HuntressSpirit"],"picked":"beaked:Insight","floor":5.0},{"not_picked":["beaked:Redirect","beaked:Resilience"],"picked":"beaked:RitualOfBody","floor":7.0},{"not_picked":["beaked:DarkPact+1","beaked:WarriorEssence"],"picked":"beaked:Brace+1","floor":14},{"not_picked":["beaked:VolatileMisfortune","beaked:FullHouse+1"],"picked":"beaked:FakeOut","floor":16},{"not_picked":["beaked:FeelMyPain+1","beaked:Tweet+1","beaked:Negation+1"],"picked":"SKIP","floor":25},{"not_picked":["beaked:Poke","beaked:MimicHuntress+1"],"picked":"beaked:MaddeningMurmurs","floor":27},{"not_picked":["beaked:MimicHuntress+1","beaked:WarriorEssence","beaked:Roost+1"],"picked":"SKIP","floor":28},{"not_picked":["beaked:MimicHuntress+1","beaked:WarriorEssence","beaked:Roost+1"],"picked":"SKIP","floor":28},{"not_picked":["beaked:Pecker","beaked:StickSmack"],"picked":"beaked:FullHouse+1","floor":29},{"not_picked":["beaked:DarkTribute+1","beaked:VolatileMisfortune"],"picked":"beaked:SacrificialScars+1","floor":33},{"not_picked":["Metamorphosis+1","PanicButton+1"],"picked":"Dark Shackles+1","floor":36},{"not_picked":["beaked:HuntressSpirit+1","beaked:WindBringer"],"picked":"beaked:Windmill+1","floor":40},{"not_picked":["beaked:StunningBlow+1","beaked:MimicHuntress+1","beaked:Resilience+1"],"picked":"SKIP","floor":45},{"not_picked":["beaked:DarkTribute+1","beaked:MimicHuntress+1"],"picked":"beaked:Overpower+1","floor":54}],"player_experience":1549498,"relics_obtained":[{"floor":1.0,"key":"Toy Ornithopter"},{"floor":3.0,"key":"War Paint"},{"floor":4.0,"key":"Regal Pillow"},{"floor":7.0,"key":"Mummified Hand"},{"floor":8.0,"key":"Lantern"},{"floor":9.0,"key":"Anchor"},{"floor":13,"key":"Boot"},{"floor":14,"key":"Toxic Egg 2"},{"floor":18,"key":"Happy Flower"},{"floor":19,"key":"StrikeDummy"},{"floor":20,"key":"Art of War"},{"floor":21,"key":"Whetstone"},{"floor":25,"key":"Shuriken"},{"floor":26,"key":"Gremlin Horn"},{"floor":27,"key":"Omamori"},{"floor":28,"key":"Kunai"},{"floor":29,"key":"Mercury Hourglass"},{"floor":31,"key":"Mango"},{"floor":35,"key":"Ancient Tea Set"},{"floor":38,"key":"Sundial"},{"floor":39,"key":"Pear"},{"floor":40,"key":"Eternal Feather"},{"floor":43,"key":"Potion Belt"},{"floor":45,"key":"Nunchaku"},{"floor":46,"key":"InkBottle"},{"floor":47,"key":"Oddly Smooth Stone"},{"floor":48,"key":"Blood Vial"},{"floor":54,"key":"Pen Nib"}],"event_choices":[{"damage_healed":0,"gold_gain":63,"player_choice":"Gained Gold","damage_taken":0,"max_hp_gain":0,"max_hp_loss":0,"event_name":"Golden Wing","floor":11,"gold_loss":0},{"damage_healed":0,"gold_gain":0,"player_choice":"Read","damage_taken":0,"max_hp_gain":0,"max_hp_loss":0,"event_name":"The Library","floor":22,"gold_loss":0,"cards_obtained":["beaked:SurvivalInstinct"]},{"cards_removed":["beaked:WindBringer"],"damage_healed":0,"gold_gain":0,"player_choice":"Gave Gold","damage_taken":0,"max_hp_gain":0,"max_hp_loss":0,"event_name":"Beggar","floor":30,"gold_loss":75},{"damage_healed":0,"gold_gain":0,"player_choice":"Memory 1","damage_taken":0,"max_hp_gain":0,"max_hp_loss":0,"event_name":"SensoryStone","floor":36,"gold_loss":0},{"damage_healed":16,"gold_gain":0,"player_choice":"Writhe","damage_taken":0,"max_hp_gain":0,"max_hp_loss":0,"event_name":"Winding Halls","floor":37,"gold_loss":0,"cards_obtained":["Writhe"]}],"is_beta":false,"boss_relics":[{"not_picked":["Black Star","Ectoplasm"],"picked":"beaked:MawFillet"},{"not_picked":["Snecko Eye","energizedSpire:MagnifyingGlass"],"picked":"energizedSpire:HugeHouse"}],"items_purged_floors":[53],"is_endless":false,"potions_floor_spawned":[1,3,4,8,13,19,21,28,29,33,40],"ascension_level":0}}