{"host":"b5jaqh8y266k2cz4","time":1612504247,"event":{"mods":["AchievementEnabler","Aspiration","BaseMod","Colored Powertips","Conspire","Downfall","Googly Eyes","Hermit","Highlight Path","Hubris","Infinite Spire","MarisaÅiñ∂âJÅ@ñÇóùçπÅj","Mimic Mod","Minty Spire (QoL Compilation)","Quick Restart","Replay The Spire","Spikes Relics","StSLib","Synergy Search","The Animator","The Cursed","The Jungle","The Necromancer","The Servant 0.9.4","The Wild Card","slay the spire mod where everything is the same but ironclad has a cowboy hat"],"gold_per_floor":[112,127,127,127,4,38,38,48,48,48,64,96,96,96,96,197,197,209,209,209,209,229,229,258,258,338,91,104,122,122,148,148,262,262,292,329,359,397,438,494,494,537,570,570,570,624,624,624,624],"floor_reached":48,"language":"ENG","playtime":1860,"items_purged":["Shackles_Of_Pain"],"score":562,"play_id":"a89777e8-7c21-4478-be2c-9a1c1dd2dd67","local_time":"20210205005047","is_ascension_mode":true,"campfire_choices":[{"data":"Summon_Undead_Army","floor":7,"key":"SMITH"},{"data":"Bone_Bullets","floor":10,"key":"SMITH"},{"data":"Bone_Armor","floor":10,"key":"SMITH"},{"floor":15,"key":"REST"},{"data":"Toxic_Smoke_Screen","floor":23,"key":"SMITH"},{"data":"Spectral_Armor","floor":23,"key":"SMITH"},{"floor":25,"key":"REST"},{"floor":30,"key":"REST"},{"floor":32,"key":"REST"},{"data":"Summon_Undead_Army","floor":41,"key":"SMITH"},{"data":"Toxic_Smoke_Screen","floor":41,"key":"SMITH"},{"data":"Toxic_Smoke_Screen","floor":44,"key":"SMITH"},{"data":"Thousand_Bone_Knives","floor":44,"key":"SMITH"},{"floor":47,"key":"REST"}],"circlet_count":0,"master_deck":["Strike_W","Strike_W","Strike_W","Strike_W","Defend_W","Defend_W","Defend_W","Defend_W","Negative_Energy_Arrows","Bone_Wall","Scare","Bone_Armor+1","Bone_Armor+1","Summon_Undead_Army+1","Negative_Energy_Javelin","Bone_Bullets+1","Bone_Spikes","Cloudkill+1","Toxic_Smoke_Screen+1","Spectral_Armor+1","Summon_Undead_Army+1","Cloudkill+1","Spectral_Armor+1","Bone_Spikes","Toxic_Smoke_Screen+1","Bone_Bullets","Skeleton_Dragon+1","Bone_Spikes","Skeleton_Dragon+1","Finger_Of_Death+1","Thousand_Bone_Knives+1","Parasite","Thousand_Bone_Knives+1","Negative_Energy_Shield+1","Summon_Undead+1","Toxic_Smoke_Screen+1","Bone_Armor"],"relics":["Vampire_Amulet","NeowsBlessing","hubris:Towel","hubris:SlimyHat","Replay:Arrowhead","Golden Egg","hubris:TenFootPole","hubris:EvacipatedBox","aspiration:RitualStick","MutagenicStrength","Tiny Chest","BrokenLever","Red Mask","infinitespire:EvilPickle","Sozu","MiniBlackHole","Replay:Towering Pillar of Hats","infinitespire:Golems Mask","Bag of Marbles","hubris:Zylophone","Ice Cream"],"acts_visited":["Exordium","TheCity","TheBeyond"],"potions_floor_usage":[16,24,29,29],"damage_taken":[{"damage":0,"enemies":"2 Louse","floor":1,"turns":1},{"damage":0,"enemies":"Cultist","floor":2,"turns":1},{"damage":0,"enemies":"Lagavulin","floor":6,"turns":1},{"damage":1,"enemies":"Small Slimes","floor":8,"turns":3},{"damage":5,"enemies":"Exordium Wildlife","floor":11,"turns":3},{"damage":24,"enemies":"Gremlin Nob","floor":12,"turns":4},{"damage":9,"enemies":"The Guardian","floor":16,"turns":12},{"damage":9,"enemies":"Chosen","floor":18,"turns":5},{"damage":11,"enemies":"3 Byrds","floor":22,"turns":6},{"damage":44,"enemies":"Slavers","floor":24,"turns":7},{"damage":21,"enemies":"Sentry and Sphere","floor":28,"turns":6},{"damage":12,"enemies":"Snake Plant","floor":29,"turns":4},{"damage":17,"enemies":"Masked Bandits","floor":31,"turns":5},{"damage":51,"enemies":"Pondfish","floor":33,"turns":9},{"damage":11,"enemies":"3 Shapes","floor":35,"turns":3},{"damage":7,"enemies":"Orb Walker","floor":36,"turns":3},{"damage":23,"enemies":"conspire:MimicChest","floor":37,"turns":7},{"damage":2,"enemies":"Writhing Mass","floor":38,"turns":7},{"damage":15,"enemies":"Writhing Mass","floor":39,"turns":5},{"damage":22,"enemies":"Reptomancer","floor":40,"turns":7},{"damage":3,"enemies":"Spire Growth","floor":42,"turns":5},{"damage":2,"enemies":"Sphere and 2 Shapes","floor":43,"turns":6},{"damage":21,"enemies":"Sphere and 2 Shapes","floor":46,"turns":4},{"damage":46,"enemies":"Nemesis","floor":48,"turns":5}],"seed_played":"-5645247784224190883","potions_obtained":[{"floor":1,"key":"Milkshake"},{"floor":6,"key":"Death Potion"},{"floor":16,"key":"Dexterity Potion"},{"floor":24,"key":"LiquidMemories"},{"floor":28,"key":"FairyPotion"}],"is_trial":false,"path_per_floor":["M","M","?","?","$","E","R","M","T","R","M","E","?","$","R","B",null,"M","?","?","?","M","R","E","R","T","$","M","M","R","?","R","B",null,"M","M","?","MIM","M","E","R","M","MIM","R","?","M","R","E"],"character_chosen":"NECROMANCER","items_purchased":["Bone_Armor","Summon_Undead_Army","hubris:TenFootPole","hubris:EvacipatedBox","Cloudkill+1","Spectral_Armor"],"campfire_rested":5,"item_purchase_floors":[5,5,14,14,27,27],"current_hp_per_floor":[75,75,75,75,75,75,75,75,75,75,74,52,52,23,45,38,75,68,61,61,57,52,52,14,38,38,38,21,11,35,24,48,28,80,73,68,47,47,34,24,24,23,23,23,23,20,44,0,0],"gold":624,"neow_bonus":"THREE_ENEMY_KILL","is_daily":false,"chose_seed":false,"campfire_upgraded":9,"win_rate":0.0,"timestamp":1612504247,"path_taken":["M","M","?","?","$","E","R","?","T","R","M","E","?","?","R","BOSS","M","?","?","?","M","R","E","R","T","?","M","M","R","?","R","BOSS","M","M","?","?","M","E","R","M","MIM","R","?","M","R","E"],"items_purchased_type":["Card","Card","Relic","Relic","Card","Card"],"build_version":"2020-12-22","purchased_purges":1,"victory":false,"max_hp_per_floor":[75,75,75,75,75,75,75,75,75,75,75,75,75,75,75,75,75,75,75,75,80,80,80,80,80,80,80,80,80,80,80,80,80,80,80,80,80,80,80,80,80,80,80,80,80,80,80,80,80],"card_choices":[{"not_picked":["Death_Coil","Chill_Blood"],"picked":"Scare","floor":1},{"not_picked":["Bone_Bullets","Blood_Curse"],"picked":"Bone_Armor","floor":2},{"not_picked":["Plague_Bolt","Detonate_Bones"],"picked":"Negative_Energy_Javelin","floor":6},{"not_picked":["Bones_to_Steel","Finger_Of_Death"],"picked":"Bone_Bullets","floor":8},{"not_picked":["Blood_Wake","Life_Drain"],"picked":"Shackles_Of_Pain","floor":11},{"not_picked":["Deaths_Shadow","Death_Coil","Hellfire"],"picked":"SKIP","floor":12},{"not_picked":["Requiem","Negative_Energy_Bomb"],"picked":"Cloudkill","floor":16},{"not_picked":["Bone_Bullets","Death_March_Dance"],"picked":"Toxic_Smoke_Screen","floor":18},{"not_picked":["Scare","Bone_Prison+1"],"picked":"Spectral_Armor","floor":22},{"not_picked":["Blood_for_Blood","Blood_Curse"],"picked":"Summon_Undead_Army","floor":24},{"not_picked":["Blood_Is_Power","Deaths_Shadow"],"picked":"Bone_Spikes","floor":28},{"not_picked":["Blood_Whip","Consume_Illness"],"picked":"Toxic_Smoke_Screen","floor":29},{"not_picked":["Chill_Blood","Finger_Of_Death"],"picked":"Bone_Bullets","floor":31},{"not_picked":["Reap_The_Weak","Grasp_Heart"],"picked":"Skeleton_Dragon","floor":33},{"not_picked":["Vampiric_Strike","Consume_Illness+1"],"picked":"Bone_Spikes","floor":35},{"not_picked":["Bones_to_Steel+1","Shackles_Of_Pain"],"picked":"Skeleton_Dragon","floor":36},{"not_picked":["Bone_Prison","Bone_Shift"],"picked":"Finger_Of_Death+1","floor":37},{"not_picked":["Negative_Energy_Shield+1","Chill_Blood+1"],"picked":"Thousand_Bone_Knives+1","floor":38},{"not_picked":["Bones_to_Steel+1","Death_March_Dance"],"picked":"Thousand_Bone_Knives","floor":39},{"not_picked":["Bone_Spikes","Whirlwind_of_Bones+1"],"picked":"Negative_Energy_Shield+1","floor":40},{"not_picked":["Bone_Shift","Bone_Spikes+1"],"picked":"Summon_Undead+1","floor":42},{"not_picked":["Finger_Of_Death","Negative_Energy_Shield"],"picked":"Toxic_Smoke_Screen","floor":43},{"not_picked":["Death_Knell+1","Death_Coil"],"picked":"Bone_Armor","floor":46}],"player_experience":365957,"relics_obtained":[{"floor":6,"key":"hubris:SlimyHat"},{"floor":9,"key":"Replay:Arrowhead"},{"floor":12,"key":"Golden Egg"},{"floor":24,"key":"Tiny Chest"},{"floor":26,"key":"BrokenLever"},{"floor":31,"key":"Red Mask"},{"floor":37,"key":"MiniBlackHole"},{"floor":38,"key":"Replay:Towering Pillar of Hats"},{"floor":38,"key":"infinitespire:Golems Mask"},{"floor":40,"key":"Bag of Marbles"},{"floor":43,"key":"hubris:Zylophone"},{"floor":43,"key":"Ice Cream"}],"event_choices":[{"damage_healed":0,"gold_gain":0,"player_choice":"Upgraded","damage_taken":0,"max_hp_gain":0,"max_hp_loss":0,"event_name":"Upgrade Shrine","floor":4,"gold_loss":0,"cards_upgraded":["Bone_Armor"]},{"damage_healed":0,"gold_gain":0,"player_choice":"Inject Mutagens","damage_taken":0,"relics_obtained":["MutagenicStrength"],"max_hp_gain":0,"max_hp_loss":0,"event_name":"Drug Dealer","floor":20,"gold_loss":0},{"damage_healed":0,"gold_gain":0,"player_choice":"Shed Blood","damage_taken":19,"max_hp_gain":5,"max_hp_loss":0,"event_name":"Forgotten Altar","floor":21,"gold_loss":0},{"damage_healed":0,"gold_gain":0,"player_choice":"Fought Bandits","damage_taken":0,"max_hp_gain":0,"max_hp_loss":0,"event_name":"Masked Bandits","floor":31,"gold_loss":0}],"is_beta":false,"boss_relics":[{"not_picked":["infinitespire:Cupcake","aspiration:WatcherSkillbook","Kintsugi","hubris:TerracottaHorce"]},{"not_picked":["aspiration:RitualDagger","hubris:ScarierMask","Honey Jar"],"picked":"Sozu"}],"items_purged_floors":[27],"is_endless":false,"potions_floor_spawned":[1,6,16,24,28,39,40,42],"killed_by":"Nemesis","ascension_level":1}}