{"host":"7j2n82b2zha9fuyn","time":1612514015,"event":{"mods":["BaseMod","Block Reminder","Minty Spire (QoL Compilation)","StSLib"],"gold_per_floor":[116,131,131,145,157,157,182,182,182,202,202,217,249,268,268,343,343,356,59,59,59,78,78,28,57,57,82,97,46,65,36,36,114,114,132,132,132,147,201,201,30,58,58,83,83,100,130,150,150,150],"floor_reached":51,"language":"ENG","playtime":4231,"items_purged":["Defend_B"],"score":1675,"play_id":"a3ba758a-9347-426b-9524-718da7f1e8b1","local_time":"20210205013335","is_ascension_mode":true,"campfire_choices":[{"data":"Doom and Gloom","floor":6,"key":"SMITH"},{"data":"Beam Cell","floor":8,"key":"SMITH"},{"data":"Streamline","floor":15,"key":"SMITH"},{"data":"Buffer","floor":23,"key":"SMITH"},{"data":"Multi-Cast","floor":32,"key":"SMITH"},{"data":"Buffer","floor":40,"key":"SMITH"},{"data":"Skim","floor":45,"key":"SMITH"},{"data":"Aggregate","floor":49,"key":"SMITH"}],"circlet_count":0,"master_deck":["AscendersBane","Strike_B+1","Strike_B+1","Strike_B+1","Defend_B+1","Defend_B+1","Defend_B+1","Zap","Dualcast","Doom and Gloom+1","Cold Snap","Auto Shields","Chill","Aggregate","Beam Cell+1","Conserve Battery","Streamline+1","Buffer+1","Reinforced Body","Multi-Cast+1","Compile Driver","Necronomicurse","Gash+1","Hologram","Steam","BootSequence","Compile Driver","Compile Driver","Steam","Buffer+1","Blind","Flash of Steel","Aggregate+1","Skim+1","Biased Cognition","Go for the Eyes+1"],"relics":["Cracked Core","Calipers","TungstenRod","Ice Cream","Coffee Dripper","Anchor","Necronomicon","Mercury Hourglass","Bird Faced Urn","Bag of Marbles","SlaversCollar","Turnip","Lee\u0027s Waffle","Bottled Lightning","Unceasing Top","Gambling Chip"],"acts_visited":["Exordium","TheCity","TheBeyond"],"potions_floor_usage":[7,7,39],"damage_taken":[{"damage":8,"enemies":"Small Slimes","floor":1,"turns":4},{"damage":2,"enemies":"Cultist","floor":2,"turns":4},{"damage":0,"enemies":"2 Louse","floor":4,"turns":3},{"damage":1,"enemies":"Large Slime","floor":5,"turns":5},{"damage":17,"enemies":"Gremlin Nob","floor":7,"turns":4},{"damage":5,"enemies":"Blue Slaver","floor":10,"turns":3},{"damage":0,"enemies":"Exordium Wildlife","floor":12,"turns":1},{"damage":2,"enemies":"Lagavulin","floor":13,"turns":6},{"damage":0,"enemies":"Exordium Thugs","floor":14,"turns":5},{"damage":20,"enemies":"Hexaghost","floor":16,"turns":10},{"damage":2,"enemies":"Spheric Guardian","floor":18,"turns":5},{"damage":3,"enemies":"2 Thieves","floor":22,"turns":3},{"damage":15,"enemies":"Book of Stabbing","floor":25,"turns":3},{"damage":10,"enemies":"Gremlin Leader","floor":27,"turns":5},{"damage":0,"enemies":"Snake Plant","floor":28,"turns":2},{"damage":0,"enemies":"Centurion and Healer","floor":30,"turns":2},{"damage":0,"enemies":"Champ","floor":33,"turns":9},{"damage":0,"enemies":"3 Shapes","floor":35,"turns":4},{"damage":0,"enemies":"Orb Walker","floor":38,"turns":2},{"damage":24,"enemies":"2 Orb Walkers","floor":39,"turns":5},{"damage":0,"enemies":"Nemesis","floor":42,"turns":5},{"damage":0,"enemies":"Mind Bloom Boss Battle","floor":44,"turns":4},{"damage":28,"enemies":"Maw","floor":46,"turns":8},{"damage":0,"enemies":"Giant Head","floor":47,"turns":7},{"damage":0,"enemies":"Jaw Worm Horde","floor":48,"turns":4},{"damage":0,"enemies":"Time Eater","floor":50,"turns":9}],"seed_played":"-8864301562208137826","potions_obtained":[{"floor":1,"key":"SkillPotion"},{"floor":2,"key":"CultistPotion"},{"floor":7,"key":"PowerPotion"},{"floor":12,"key":"FairyPotion"},{"floor":42,"key":"Explosive Potion"},{"floor":46,"key":"LiquidMemories"}],"is_trial":false,"path_per_floor":["M","M","?","M","M","R","E","R","T","M","?","M","E","M","R","B",null,"M","$","?","?","M","R","$","E","T","E","M","$","M","$","R","B",null,"M","?","?","M","?","R","$","E","T","?","R","M","E","M","R","B",null],"character_chosen":"DEFECT","items_purchased":["Anchor","Gash","Hologram","Compile Driver","Steam","Lee\u0027s Waffle"],"campfire_rested":0,"item_purchase_floors":[19,19,24,29,31,41],"current_hp_per_floor":[63,61,61,61,60,60,43,43,43,38,43,43,41,41,41,21,68,66,66,49,49,46,46,46,31,31,23,25,25,25,25,25,27,69,69,69,60,62,40,40,90,90,90,90,90,62,68,70,70,76],"gold":150,"neow_bonus":"TEN_PERCENT_HP_BONUS","is_daily":false,"chose_seed":false,"campfire_upgraded":8,"win_rate":0.0,"timestamp":1612514015,"path_taken":["M","M","?","M","M","R","E","R","T","?","?","M","E","M","R","BOSS","M","$","?","?","M","R","?","E","T","E","M","$","M","?","R","BOSS","M","?","?","M","?","R","$","E","T","?","R","M","E","M","R","BOSS"],"items_purchased_type":["Relic","Card","Card","Card","Card","Relic"],"build_version":"2020-12-22","purchased_purges":1,"victory":true,"max_hp_per_floor":[78,78,78,78,78,78,78,78,78,78,83,83,83,83,83,83,83,83,83,83,83,83,83,83,83,83,83,83,83,83,83,83,83,83,83,83,83,83,83,83,90,90,90,90,90,90,90,90,90,90],"card_choices":[{"not_picked":["Rebound","Darkness"],"picked":"Doom and Gloom","floor":1},{"not_picked":["Go for the Eyes","Recycle"],"picked":"Cold Snap","floor":2},{"not_picked":["Coolheaded","Reprogram"],"picked":"Chill","floor":4},{"not_picked":["Coolheaded","Hologram"],"picked":"Aggregate","floor":5},{"not_picked":["Lockon","Force Field"],"picked":"Beam Cell","floor":7},{"not_picked":["BootSequence","Ball Lightning"],"picked":"Conserve Battery","floor":10},{"not_picked":["Force Field","White Noise"],"picked":"Streamline","floor":12},{"not_picked":["Redo","Stack"],"picked":"Buffer","floor":13},{"not_picked":["Turbo","Conserve Battery"],"picked":"Reinforced Body","floor":14},{"not_picked":["Rainbow","Core Surge"],"picked":"Multi-Cast","floor":16},{"not_picked":["Melter","Rebound"],"picked":"Compile Driver","floor":18},{"not_picked":["Ball Lightning","Self Repair"],"picked":"Gash+1","floor":22},{"not_picked":["Multi-Cast","Ball Lightning"],"picked":"Steam","floor":25},{"not_picked":["Sweeping Beam","Sunder","Cold Snap"],"picked":"SKIP","floor":27},{"not_picked":["Go for the Eyes","Ball Lightning"],"picked":"BootSequence","floor":28},{"not_picked":["Beam Cell","Rebound"],"picked":"Compile Driver","floor":30},{"not_picked":["Thunder Strike","Electrodynamics"],"picked":"Buffer","floor":33},{"not_picked":["Heatsinks+1","Darkness","Beam Cell"],"picked":"SKIP","floor":35},{"not_picked":["Enlightenment","Forethought"],"picked":"Blind","floor":37},{"not_picked":["Forethought","Bandage Up"],"picked":"Flash of Steel","floor":37},{"not_picked":["Go for the Eyes","Conserve Battery"],"picked":"Aggregate","floor":38},{"not_picked":["Hologram","Loop"],"picked":"Skim","floor":39},{"not_picked":["Sunder","Hello World"],"picked":"Biased Cognition","floor":42},{"not_picked":["Cold Snap+1","Barrage"],"picked":"Go for the Eyes+1","floor":44},{"not_picked":["Genetic Algorithm","Melter+1","Conserve Battery"],"picked":"SKIP","floor":46},{"not_picked":["Glacier","Chaos","BootSequence"],"picked":"SKIP","floor":47},{"not_picked":["Ball Lightning+1","Rebound","Defragment"],"picked":"SKIP","floor":48}],"player_experience":1998931,"relics_obtained":[{"floor":7,"key":"Calipers"},{"floor":9,"key":"TungstenRod"},{"floor":13,"key":"Ice Cream"},{"floor":20,"key":"Necronomicon"},{"floor":25,"key":"Mercury Hourglass"},{"floor":26,"key":"Bird Faced Urn"},{"floor":27,"key":"Bag of Marbles"},{"floor":39,"key":"Turnip"},{"floor":42,"key":"Bottled Lightning"},{"floor":44,"key":"Unceasing Top"},{"floor":47,"key":"Gambling Chip"}],"event_choices":[{"damage_healed":0,"gold_gain":0,"cards_transformed":["Strike_B"],"player_choice":"Transformed","damage_taken":0,"max_hp_gain":0,"max_hp_loss":0,"event_name":"Transmorgrifier","floor":3,"gold_loss":0,"cards_obtained":["Auto Shields"]},{"damage_healed":0,"gold_gain":0,"player_choice":"Donut","damage_taken":0,"max_hp_gain":5,"max_hp_loss":0,"event_name":"Big Fish","floor":11,"gold_loss":0},{"damage_healed":0,"gold_gain":0,"player_choice":"Obtained Book","damage_taken":21,"max_hp_gain":0,"max_hp_loss":0,"event_name":"Cursed Tome","floor":20,"gold_loss":0},{"damage_healed":0,"gold_gain":0,"player_choice":"Simplicity","damage_taken":0,"max_hp_gain":0,"max_hp_loss":0,"event_name":"Back to Basics","floor":21,"gold_loss":0,"cards_upgraded":["Strike_B","Strike_B","Strike_B","Defend_B","Defend_B","Defend_B"]},{"cards_removed":["Gash"],"damage_healed":0,"gold_gain":0,"player_choice":"Removed Attack","damage_taken":0,"max_hp_gain":0,"max_hp_loss":0,"event_name":"Falling","floor":36,"gold_loss":0},{"damage_healed":0,"gold_gain":0,"player_choice":"Memory 3","damage_taken":10,"max_hp_gain":0,"max_hp_loss":0,"event_name":"SensoryStone","floor":37,"gold_loss":0},{"damage_healed":0,"gold_gain":0,"player_choice":"Fight","damage_taken":0,"max_hp_gain":0,"max_hp_loss":0,"event_name":"Mysterious Sphere","floor":39,"gold_loss":0},{"damage_healed":0,"gold_gain":0,"player_choice":"Fight","damage_taken":0,"max_hp_gain":0,"max_hp_loss":0,"event_name":"MindBloom","floor":44,"gold_loss":0}],"is_beta":false,"boss_relics":[{"not_picked":["Calling Bell","FrozenCore"],"picked":"Coffee Dripper"},{"not_picked":["Pandora\u0027s Box","Runic Pyramid"],"picked":"SlaversCollar"}],"items_purged_floors":[19],"is_endless":false,"potions_floor_spawned":[1,2,7,12,16,18,28,33,38,42,44,46,47],"ascension_level":18}}