{"host":"5fpb1gzflhq9886n","time":1612502722,"event":{"mods":["AchievementEnabler","BaseMod","Colored Map","Colored Powertips","Minty Spire (QoL Compilation)","Permanent Neow"],"gold_per_floor":[113,113,188,188,203,237,237,261,261,300,300,318,332,356,356,482,482,496,496,509,525,525,565,583,583,583],"floor_reached":25,"language":"ENG","playtime":1111,"items_purged":[],"score":388,"play_id":"a102ff39-232e-4e23-934b-09d165f7fc3e","local_time":"20210205002522","is_ascension_mode":true,"campfire_choices":[{"data":"Flex","floor":11.0,"key":"SMITH"},{"data":"Rupture","floor":15.0,"key":"SMITH"}],"circlet_count":0,"master_deck":["Strike_R","Strike_R","Strike_R","Strike_R","Strike_R","Defend_R","Defend_R","Defend_R","Defend_R","Bash","Carnage","Battle Trance","Flex+1","Pain","Ghostly Armor","Body Slam","Rupture+1","Hemokinesis","Pommel Strike","Brutality","Hemokinesis","Ghostly Armor+1","Twin Strike","Immolate","Cleave+1"],"relics":["Black Blood","NeowsBlessing","Golden Idol","CaptainsWheel","WarpedTongs","Mercury Hourglass","Anchor","The Courier"],"acts_visited":["Exordium","TheCity"],"potions_floor_usage":[20,23,23,24],"damage_taken":[{"damage":0.0,"enemies":"Small Slimes","floor":1.0,"turns":1.0},{"damage":0.0,"enemies":"2 Louse","floor":5.0,"turns":1.0},{"damage":0.0,"enemies":"Lagavulin","floor":6.0,"turns":1.0},{"damage":9.0,"enemies":"Cultist","floor":8.0,"turns":3.0},{"damage":13.0,"enemies":"Gremlin Nob","floor":10.0,"turns":3.0},{"damage":4.0,"enemies":"Exordium Thugs","floor":12.0,"turns":3.0},{"damage":7.0,"enemies":"Red Slaver","floor":13.0,"turns":3.0},{"damage":2.0,"enemies":"2 Fungi Beasts","floor":14.0,"turns":2.0},{"damage":7.0,"enemies":"Slime Boss","floor":16.0,"turns":4.0},{"damage":16.0,"enemies":"Shell Parasite","floor":18.0,"turns":4.0},{"damage":19,"enemies":"2 Thieves","floor":20,"turns":3},{"damage":32,"enemies":"Cultist and Chosen","floor":21,"turns":6},{"damage":24,"enemies":"Gremlin Leader","floor":23,"turns":7},{"damage":34,"enemies":"Snake Plant","floor":24,"turns":3},{"damage":17,"enemies":"Centurion and Healer","floor":25,"turns":4}],"seed_played":"8076835815296652025","potions_obtained":[{"floor":6.0,"key":"Explosive Potion"},{"floor":8.0,"key":"Swift Potion"},{"floor":12.0,"key":"ColorlessPotion"},{"floor":13.0,"key":"AttackPotion"},{"floor":16.0,"key":"BloodPotion"},{"floor":20,"key":"Explosive Potion"},{"floor":23,"key":"BlessingOfTheForge"}],"is_trial":false,"path_per_floor":["M","?","?","?","M","E","?","M","T","E","R","M","M","M","R","B",null,"M","?","M","M","?","E","M","M"],"character_chosen":"IRONCLAD","items_purchased":[],"campfire_rested":0,"item_purchase_floors":[],"current_hp_per_floor":[80,74,63,63,69,74,74,71,71,64,64,66,65,69,69,68,73,69,63,56,36,36,24,16,0,0],"gold":583,"neow_bonus":"THREE_ENEMY_KILL","is_daily":false,"chose_seed":false,"campfire_upgraded":2,"win_rate":0.0,"timestamp":1612502722,"path_taken":["M","?","?","?","M","E","?","M","T","E","R","M","?","M","R","BOSS","M","?","M","?","?","E","M","?"],"items_purchased_type":[],"build_version":"2020-12-22","purchased_purges":0,"victory":false,"max_hp_per_floor":[80,74,74,74,74,74,74,74,74,74,74,74,74,74,74,74,74,74,74,74,74,74,74,74,74,74],"card_choices":[{"not_picked":["Armaments","Sever Soul"],"picked":"Carnage","floor":1.0},{"not_picked":["Disarm","Iron Wave"],"picked":"Battle Trance","floor":5.0},{"not_picked":["Perfected Strike","Thunderclap"],"picked":"Flex","floor":6.0},{"not_picked":["Searing Blow","Perfected Strike"],"picked":"Ghostly Armor","floor":8.0},{"not_picked":["Disarm","Clothesline"],"picked":"Body Slam","floor":10.0},{"not_picked":["Second Wind","Flex"],"picked":"Rupture","floor":12.0},{"not_picked":["Armaments","Clash"],"picked":"Hemokinesis","floor":13.0},{"not_picked":["Body Slam","Sever Soul"],"picked":"Pommel Strike","floor":14.0},{"not_picked":["Exhume","Juggernaut"],"picked":"Brutality","floor":16.0},{"not_picked":["Sword Boomerang+1","Iron Wave"],"picked":"Hemokinesis","floor":18.0},{"not_picked":["Warcry","Metallicize"],"picked":"Ghostly Armor+1","floor":20},{"not_picked":["Hemokinesis+1","Perfected Strike"],"picked":"Twin Strike","floor":21},{"not_picked":["Disarm","Intimidate"],"picked":"Immolate","floor":23},{"not_picked":["Flex","Iron Wave+1"],"picked":"Cleave+1","floor":24}],"player_experience":801602,"relics_obtained":[{"floor":6.0,"key":"CaptainsWheel"},{"floor":9.0,"key":"Mercury Hourglass"},{"floor":10.0,"key":"Anchor"},{"floor":23,"key":"The Courier"}],"event_choices":[{"damage_healed":0.0,"max_hp_gain":0.0,"max_hp_loss":6.0,"gold_gain":0.0,"event_name":"Golden Idol","player_choice":"Lose Max HP","floor":2.0,"gold_loss":0.0,"damage_taken":0.0,"relics_obtained":["Golden Idol"]},{"damage_healed":0.0,"max_hp_gain":0.0,"max_hp_loss":0.0,"gold_gain":75.0,"event_name":"World of Goop","player_choice":"Gather Gold","floor":3.0,"gold_loss":0.0,"damage_taken":11.0},{"damage_healed":0.0,"max_hp_gain":0.0,"max_hp_loss":0.0,"gold_gain":0.0,"event_name":"The Cleric","player_choice":"Leave","floor":4.0,"gold_loss":0.0,"damage_taken":0.0},{"damage_healed":0.0,"max_hp_gain":0.0,"max_hp_loss":0.0,"gold_gain":0.0,"event_name":"Accursed Blacksmith","player_choice":"Rummage","floor":7.0,"gold_loss":0.0,"damage_taken":0.0,"relics_obtained":["WarpedTongs"],"cards_obtained":["Pain"]},{"damage_healed":0.0,"max_hp_gain":0.0,"max_hp_loss":0.0,"gold_gain":0.0,"event_name":"Knowing Skull","player_choice":"","floor":19.0,"potions_obtained":[],"gold_loss":0.0,"damage_taken":6.0,"cards_obtained":[]},{"damage_healed":0,"gold_gain":0,"player_choice":"Ignored","damage_taken":0,"max_hp_gain":0,"max_hp_loss":0,"event_name":"Transmorgrifier","floor":22,"gold_loss":0}],"is_beta":false,"boss_relics":[{"not_picked":["Snecko Eye","Cursed Key"],"picked":"Black Blood"}],"items_purged_floors":[],"is_endless":false,"potions_floor_spawned":[6,8,12,13,16,18,20,23],"killed_by":"Centurion and Healer","ascension_level":5}}