{"host":"vumwfieg2b2mnrfl","time":1612561698,"event":{"mods":["AchievementEnabler","BaseMod","Minty Spire (QoL Compilation)","Rare Cards Sparkle","Relic Stats"],"gold_per_floor":[117,117,132,148,148,148,173,191,191,191,191],"floor_reached":10,"language":"ENG","playtime":540,"items_purged":[],"score":136,"play_id":"85421dd5-afb1-49fb-a015-540a67f08169","local_time":"20210205154818","is_ascension_mode":true,"campfire_choices":[{"floor":6,"key":"REST"}],"circlet_count":0,"master_deck":["AscendersBane","Strike_G","Strike_G","Strike_G","Strike_G","Defend_G","Defend_G","Defend_G","Defend_G","Defend_G","Survivor","Neutralize","Choke+1","Concentrate","Cloak And Dagger","Malaise"],"relics":["Snecko Eye","Eternal Feather","Blue Candle"],"acts_visited":["Exordium"],"potions_floor_usage":[7,10],"damage_taken":[{"damage":11,"enemies":"Jaw Worm","floor":1,"turns":9},{"damage":6,"enemies":"Small Slimes","floor":3,"turns":4},{"damage":1,"enemies":"Cultist","floor":4,"turns":3},{"damage":30,"enemies":"3 Sentries","floor":7,"turns":12},{"damage":0,"enemies":"Exordium Wildlife","floor":8,"turns":3},{"damage":57,"enemies":"Gremlin Nob","floor":10,"turns":4}],"seed_played":"5617824367614605918","potions_obtained":[{"floor":1,"key":"Explosive Potion"},{"floor":4,"key":"Swift Potion"}],"is_trial":false,"path_per_floor":["M","?","M","M","?","R","E","M","T","E"],"character_chosen":"THE_SILENT","items_purchased":[],"campfire_rested":1,"item_purchase_floors":[],"current_hp_per_floor":[48,48,42,41,41,60,30,30,30,0,0],"gold":191,"neow_bonus":"BOSS_RELIC","is_daily":false,"chose_seed":false,"campfire_upgraded":0,"win_rate":0.0,"timestamp":1612561698,"path_taken":["M","?","M","M","?","R","E","?","T","E"],"items_purchased_type":[],"build_version":"2020-12-22","purchased_purges":0,"victory":false,"max_hp_per_floor":[66,66,66,66,66,66,66,66,66,66,66],"relic_stats":{"counters":[6,35],"Blue Candle":[0],"Snecko Eye":[52,43,53,62],"Eternal Feather":0,"obtain_stats":[{"Blue Candle":9,"Snecko Eye":0,"Eternal Feather":7,"Ring of the Snake":0},{"Blue Candle":5,"Snecko Eye":0,"Eternal Feather":4,"Ring of the Snake":0},{"Blue Candle":31,"Snecko Eye":0,"Eternal Feather":28,"Ring of the Snake":0}]},"card_choices":[{"not_picked":["Prepared","Tactician"],"picked":"Choke","floor":1},{"not_picked":["Blade Dance","Acrobatics"],"picked":"Cloak And Dagger","floor":3},{"not_picked":["Dodge and Roll","Quick Slash","Outmaneuver"],"picked":"SKIP","floor":4},{"not_picked":["Sucker Punch","Prepared"],"picked":"Malaise","floor":7},{"not_picked":["Distraction","Flechettes","Slice"],"picked":"SKIP","floor":8}],"player_experience":528661,"relics_obtained":[{"floor":7,"key":"Eternal Feather"},{"floor":9,"key":"Blue Candle"}],"event_choices":[{"damage_healed":0,"gold_gain":0,"cards_transformed":["Strike_G"],"player_choice":"Change","damage_taken":0,"max_hp_gain":0,"max_hp_loss":0,"event_name":"Living Wall","floor":2,"gold_loss":0,"cards_obtained":["Concentrate"]},{"damage_healed":0,"gold_gain":0,"player_choice":"Upgraded","damage_taken":0,"max_hp_gain":0,"max_hp_loss":0,"event_name":"Upgrade Shrine","floor":5,"gold_loss":0,"cards_upgraded":["Choke"]}],"is_beta":false,"boss_relics":[],"items_purged_floors":[],"is_endless":false,"potions_floor_spawned":[1,4],"killed_by":"Gremlin Nob","ascension_level":20}}