{"host":"xb2tau8pgi8aflss","time":1612532598,"event":{"mods":["AchievementEnabler","BaseMod","Hermit","Minty Spire (QoL Compilation)","StSLib","SuperFastMode"],"gold_per_floor":[109,125,137,137,137,137,166,179,179,198,198,214,226,237,237,237,237],"floor_reached":16,"language":"KOR","playtime":608,"items_purged":[],"score":143,"play_id":"22ec7b3a-3f8e-44fa-a3ba-79145f107f69","local_time":"20210205224318","is_ascension_mode":true,"campfire_choices":[{"data":"Neutralize","floor":6,"key":"SMITH"},{"floor":11,"key":"REST"},{"data":"Survivor","floor":15,"key":"SMITH"}],"circlet_count":0,"master_deck":["Strike_G","Strike_G","Strike_G","Strike_G","Strike_G","Defend_G","Defend_G","Defend_G","Defend_G","Defend_G","Survivor+1","Neutralize+1","Dagger Spray","Acrobatics","PiercingWail","Dagger Throw","Backflip","Well Laid Plans"],"relics":["Ring of the Snake","Thread and Needle","Ornamental Fan","Blue Candle","Bottled Flame"],"acts_visited":["Exordium"],"potions_floor_usage":[8,10,16,16],"damage_taken":[{"damage":13,"enemies":"Jaw Worm","floor":1,"turns":6},{"damage":3,"enemies":"2 Louse","floor":2,"turns":5},{"damage":0,"enemies":"Cultist","floor":3,"turns":4},{"damage":18,"enemies":"Gremlin Nob","floor":7,"turns":5},{"damage":7,"enemies":"Gremlin Gang","floor":8,"turns":5},{"damage":4,"enemies":"Red Slaver","floor":10,"turns":4},{"damage":3,"enemies":"Exordium Wildlife","floor":12,"turns":4},{"damage":1,"enemies":"2 Fungi Beasts","floor":13,"turns":3},{"damage":0,"enemies":"Large Slime","floor":14,"turns":5},{"damage":38,"enemies":"The Guardian","floor":16,"turns":16}],"seed_played":"3271959747455175609","potions_obtained":[{"floor":7,"key":"Energy Potion"},{"floor":8,"key":"CunningPotion"},{"floor":10,"key":"SmokeBomb"},{"floor":12,"key":"DistilledChaos"},{"floor":13,"key":"Swift Potion"}],"is_trial":false,"path_per_floor":["M","M","M","?","?","R","E","M","T","M","R","M","M","M","R","B"],"character_chosen":"THE_SILENT","items_purchased":[],"campfire_rested":1,"item_purchase_floors":[],"current_hp_per_floor":[57,54,54,47,47,47,29,22,22,18,41,38,37,37,37,0,0],"gold":237,"neow_bonus":"TEN_PERCENT_HP_BONUS","is_daily":false,"chose_seed":false,"campfire_upgraded":2,"win_rate":0.0,"timestamp":1612532598,"path_taken":["M","M","M","?","?","R","E","?","T","M","R","M","?","M","R","BOSS"],"items_purchased_type":[],"build_version":"2020-12-22","purchased_purges":0,"victory":false,"max_hp_per_floor":[77,77,77,77,77,77,77,77,77,77,77,77,77,77,77,77,77],"card_choices":[{"not_picked":["Poisoned Stab","Deadly Poison"],"picked":"Backflip","floor":1},{"not_picked":["Backflip","Distraction"],"picked":"Dagger Spray","floor":2},{"not_picked":["Expertise","Backflip"],"picked":"Acrobatics","floor":3},{"not_picked":["Choke","Dash"],"picked":"PiercingWail","floor":7},{"not_picked":["Deflect","Finisher"],"picked":"Dagger Throw","floor":8},{"not_picked":["PiercingWail","Dagger Throw","Backflip"],"picked":"SKIP","floor":10},{"not_picked":["PiercingWail","Dagger Throw"],"picked":"Backflip","floor":10},{"not_picked":["Dagger Throw","Envenom","Acrobatics"],"picked":"SKIP","floor":12},{"not_picked":["Skewer","Crippling Poison"],"picked":"Well Laid Plans","floor":13},{"not_picked":["Backflip","Dagger Throw","Skewer"],"picked":"SKIP","floor":14}],"player_experience":807687,"relics_obtained":[{"floor":7,"key":"Blue Candle"},{"floor":9,"key":"Bottled Flame"}],"event_choices":[{"damage_healed":0,"gold_gain":0,"player_choice":"Success","damage_taken":7,"relics_obtained":["Thread and Needle"],"max_hp_gain":0,"max_hp_loss":0,"event_name":"Scrap Ooze","floor":4,"gold_loss":0},{"cards_removed":["Backflip"],"damage_healed":0,"gold_gain":0,"player_choice":"Gave Card","damage_taken":0,"relics_obtained":["Ornamental Fan"],"max_hp_gain":0,"max_hp_loss":0,"event_name":"WeMeetAgain","floor":5,"gold_loss":0}],"is_beta":false,"boss_relics":[],"items_purged_floors":[],"is_endless":false,"potions_floor_spawned":[7,8,10,12,13],"killed_by":"The Guardian","ascension_level":7}}