{"host":"amvb77pwe2wp6zyc","time":1612528554,"event":{"mods":["2.2 Compatiblity","AchievementEnabler","AlwaysNeverKeys","BaseMod","BetterRewards","Downfall","Duelist Mod","GifTheSpireLib","Minty Spire (QoL Compilation)","Permanent Neow","Quick Restart","Relic Filter","Shop Mod","StSLib","SuperFastMode","Trackpad"],"gold_per_floor":[145,70,82,82,102,102,132,132,180,180,209,209,209,243,243,243,243],"floor_reached":16,"language":"DEU","playtime":1137,"items_purged":["theDuelist:NaturiaBeast"],"score":299,"play_id":"52ad5786-af48-4f35-b332-b59164b2c750","local_time":"20210205133554","is_ascension_mode":true,"campfire_choices":[{"floor":6.0,"key":"DIG"},{"floor":8.0,"key":"DIG"},{"data":"theDuelist:Sparks","floor":10.0,"key":"PURGE"},{"data":"theDuelist:BrainCrusher","floor":13.0,"key":"PURGE"},{"floor":15,"key":"REST"}],"circlet_count":0,"master_deck":["AscendersBane","theDuelist:CastleWalls","theDuelist:CastleWalls","theDuelist:CastleWalls","theDuelist:NaturiaCliff","theDuelist:NaturiaRock","theDuelist:NaturiaTulip","theDuelist:Sparks","theDuelist:LonefireBlossom"],"relics":["theDuelist:MillenniumPuzzle","theDuelist:CardPoolRelic","theDuelist:CardPoolBasicRelic","theDuelist:BoosterPackPoolRelic","theDuelist:CardPoolAddRelic","theDuelist:CardPoolMinusRelic","theDuelist:CardPoolSaveRelic","theDuelist:CardPoolOptionsRelic","Blue Candle","Medical Kit","Shovel","Calipers","Peace Pipe","Unceasing Top","Incense Burner","Juzu Bracelet","CaptainsWheel"],"acts_visited":["Exordium"],"potions_floor_usage":[],"damage_taken":[{"damage":0.0,"enemies":"Jaw Worm","floor":1.0,"turns":4.0},{"damage":3.0,"enemies":"2 Louse","floor":3.0,"turns":3.0},{"damage":0.0,"enemies":"Cultist","floor":5.0,"turns":4.0},{"damage":21.0,"enemies":"3 Sentries","floor":7.0,"turns":6.0},{"damage":0.0,"enemies":"Lagavulin","floor":11.0,"turns":8.0},{"damage":0.0,"enemies":"3 Sentries","floor":14.0,"turns":5.0},{"damage":34,"enemies":"Slime Boss","floor":16,"turns":10}],"seed_played":"3416859457027828591","potions_obtained":[{"floor":1.0,"key":"theDuelist:WhiteBottle"},{"floor":11.0,"key":"SkillPotion"}],"is_trial":false,"path_per_floor":["M","$","M","?","M","R","E","R","T","R","E","?","R","E","R","B"],"character_chosen":"THE_DUELIST","items_purchased":["Blue Candle","Medical Kit","Shovel","theDuelist:LonefireBlossom"],"campfire_rested":1,"item_purchase_floors":[0,0,0,0],"current_hp_per_floor":[31,31,28,28,28,28,7,7,7,7,7,7,7,7,28,0,0],"gold":243,"neow_bonus":"","is_daily":false,"chose_seed":false,"campfire_upgraded":0,"win_rate":0.0,"timestamp":1612528554,"path_taken":["M","$","M","?","M","R","E","R","T","R","E","?","R","E","R","BOSS"],"items_purchased_type":["Relic","Relic","Relic","Card"],"build_version":"2020-12-22","purchased_purges":1,"victory":false,"max_hp_per_floor":[70,70,70,70,70,70,70,70,70,70,70,70,70,70,70,70,70],"card_choices":[{"not_picked":["theDuelist:DemiseLand","theDuelist:Canyon","theDuelist:MultiplicationOfAnts"],"picked":"SKIP","floor":1.0},{"not_picked":["theDuelist:NaturiaBarkion","theDuelist:NaturiaPumpkin","theDuelist:NaturiaLandoise"],"picked":"SKIP","floor":3.0},{"not_picked":["theDuelist:NaturiaHydrangea","theDuelist:NaturiaEggplant","theDuelist:NaturiaDragonfly","theDuelist:NaturiaCliff","theDuelist:FuryFire"],"picked":"SKIP","floor":5.0},{"not_picked":["theDuelist:SurvivalInstinct","theDuelist:NatureReflection","theDuelist:NaturalDisaster","theDuelist:Wiretap","theDuelist:BottomlessTrapHole"],"picked":"SKIP","floor":7.0},{"not_picked":["theDuelist:NaturiaHydrangea","theDuelist:NaturiaEggplant","theDuelist:NaturiaDragonfly","theDuelist:NaturiaCliff","theDuelist:NaturiaGuardian"],"picked":"SKIP","floor":11.0},{"not_picked":["theDuelist:NaturiaForest","theDuelist:NaturiaVein","theDuelist:ClosedForest","theDuelist:MultiplicationOfAnts","theDuelist:Wildfire"],"picked":"SKIP","floor":14.0}],"player_experience":406183,"relics_obtained":[{"floor":6.0,"key":"Calipers"},{"floor":7.0,"key":"Peace Pipe"},{"floor":8.0,"key":"Unceasing Top"},{"floor":9.0,"key":"Incense Burner"},{"floor":11.0,"key":"Juzu Bracelet"},{"floor":14.0,"key":"CaptainsWheel"}],"event_choices":[{"damage_healed":0.0,"max_hp_gain":0.0,"max_hp_loss":0.0,"gold_gain":0.0,"event_name":"Aknamkanon\u0027s Tomb","player_choice":"Leave","duelist":true,"floor":4.0,"gold_loss":0.0,"damage_taken":0.0},{"damage_healed":0.0,"max_hp_gain":0.0,"max_hp_loss":0.0,"gold_gain":0.0,"cards_transformed":["theDuelist:Sparks"],"event_name":"Transmorgrifier","player_choice":"Transformed","floor":12.0,"gold_loss":0.0,"damage_taken":0.0,"cards_obtained":["theDuelist:BrainCrusher"]}],"is_beta":false,"boss_relics":[],"items_purged_floors":[2],"is_endless":false,"potions_floor_spawned":[1,11],"killed_by":"Slime Boss","ascension_level":16}}