{"host":"zxkjcgzis4pm3za5","time":1612494845,"event":{"mods":["AchievementEnabler","Act Like it!","BaseMod","Colored Map","Colored Powertips","Friendly Minions","GifTheSpireLib","Minty Spire (QoL Compilation)","Quick Restart","Random Character Button","Relic Sorter","Relic Stats","StSLib"],"gold_per_floor":[118,131,131,147,158,158,185,17,98,131,131,143,26,26,26,117,117,130,130,30,45,0,0,16,16,42,42,83,33,33,67,67,67,67,88,88,112,137,152,152,187,187,211,211,230,245,245,285,285,285,285,285,35,73,73,73],"floor_reached":55,"language":"ENG","playtime":1947,"items_purged":["Strike_B","Strike_B","Strike_B","Zap"],"score":1446,"play_id":"fba06f1b-eab5-4b0a-b244-e11e078f6103","local_time":"20210205084405","is_ascension_mode":true,"campfire_choices":[{"data":"Static Discharge","floor":6,"key":"SMITH"},{"floor":11,"key":"REST"},{"data":"Buffer","floor":15,"key":"SMITH"},{"data":"Biased Cognition","floor":23,"key":"SMITH"},{"data":"Fission","floor":25,"key":"SMITH"},{"floor":27,"key":"REST"},{"floor":32,"key":"REST"},{"floor":40,"key":"RECALL"},{"data":"Defragment","floor":42,"key":"SMITH"},{"data":"Force Field","floor":44,"key":"SMITH"},{"floor":49,"key":"REST"},{"data":"Rainbow","floor":52,"key":"SMITH"}],"circlet_count":0,"master_deck":["AscendersBane","Defend_B","Defend_B","Defend_B","Defend_B","Dualcast","Rip and Tear","Sweeping Beam","Core Surge","Sweeping Beam","Static Discharge+1","Melter","Buffer+1","Self Repair","Tempest","Biased Cognition+1","Leap","Fission+1","Force Field+1","Glacier","FTL","Ball Lightning+1","Compile Driver","Defragment+1","Barrage","Reinforced Body","Glacier","Glacier","Turbo","Rainbow+1","Master of Strategy","Tempest"],"relics":["Cracked Core","Mango","Runic Capacitor","Symbiotic Virus","Strawberry","Golden Idol","Nuclear Battery","Smiling Mask","Incense Burner","Prayer Wheel","Sozu","Toy Ornithopter","Juzu Bracelet","Boot","Pen Nib"],"acts_visited":["Exordium","TheCity","TheBeyond","TheEnding"],"potions_floor_usage":[5,18,24,55],"damage_taken":[{"damage":3.0,"enemies":"Small Slimes","floor":1.0,"turns":3.0},{"damage":1.0,"enemies":"Cultist","floor":2.0,"turns":3.0},{"damage":2.0,"enemies":"2 Louse","floor":4.0,"turns":2.0},{"damage":7,"enemies":"Gremlin Gang","floor":5,"turns":2},{"damage":25,"enemies":"3 Sentries","floor":7,"turns":4},{"damage":32,"enemies":"Gremlin Nob","floor":10,"turns":4},{"damage":3,"enemies":"Blue Slaver","floor":12,"turns":4},{"damage":39,"enemies":"Hexaghost","floor":16,"turns":8},{"damage":2,"enemies":"3 Byrds","floor":18,"turns":3},{"damage":17,"enemies":"2 Thieves","floor":21,"turns":3},{"damage":28,"enemies":"Centurion and Healer","floor":24,"turns":8},{"damage":42,"enemies":"Book of Stabbing","floor":28,"turns":5},{"damage":41,"enemies":"Slavers","floor":31,"turns":4},{"damage":11,"enemies":"Collector","floor":33,"turns":11},{"damage":0,"enemies":"3 Shapes","floor":35,"turns":7},{"damage":0,"enemies":"Orb Walker","floor":37,"turns":2},{"damage":15,"enemies":"Sphere and 2 Shapes","floor":38,"turns":3},{"damage":0,"enemies":"Maw","floor":39,"turns":6},{"damage":0,"enemies":"Nemesis","floor":41,"turns":7},{"damage":31,"enemies":"Writhing Mass","floor":45,"turns":4},{"damage":10,"enemies":"Transient","floor":46,"turns":6},{"damage":47,"enemies":"Reptomancer","floor":48,"turns":4},{"damage":16,"enemies":"Awakened One","floor":50,"turns":13},{"damage":42,"enemies":"Shield and Spear","floor":54,"turns":8},{"damage":52,"enemies":"The Heart","floor":55,"turns":2}],"seed_played":"-3470029423923118234","potions_obtained":[{"floor":1.0,"key":"Explosive Potion"},{"floor":2.0,"key":"SkillPotion"},{"floor":4.0,"key":"FairyPotion"},{"floor":16,"key":"DistilledChaos"},{"floor":18,"key":"SkillPotion"},{"floor":31,"key":"LiquidBronze"}],"is_trial":false,"path_per_floor":["M","M","?","M","M","R","E","$","T","E","R","M","$","?","R","B",null,"M","?","$","M","?","R","M","R","T","R","E","$","T","E","R","B",null,"M","?","M","M","M","R","E","R","T","R","M","M","?","E","R","B",null,"R","$","E","B"],"character_chosen":"DEFECT","items_purchased":["Runic Capacitor","Tempest","Master of Strategy"],"campfire_rested":4,"item_purchase_floors":[8,13,53],"current_hp_per_floor":[68,67,67,65,58,58,47,47,47,22,51,48,48,48,48,16,72,77,77,77,60,60,60,39,39,39,66,31,31,31,34,61,57,82,89,89,89,81,88,88,90,90,90,90,66,63,63,23,50,41,78,78,78,43,0,0],"gold":73,"neow_bonus":"TEN_PERCENT_HP_BONUS","is_daily":false,"chose_seed":false,"campfire_upgraded":7,"win_rate":0.0,"timestamp":1612494845,"path_taken":["M","M","?","M","M","R","E","$","T","E","R","M","?","?","R","BOSS","M","?","$","?","?","R","M","R","T","R","E","$","?","E","R","BOSS","M","?","M","M","M","R","E","R","T","R","M","M","?","E","R","BOSS","R","$","E","BOSS"],"items_purchased_type":["Relic","Card","Card"],"build_version":"2020-12-22","purchased_purges":4,"victory":false,"max_hp_per_floor":[78,78,78,78,78,78,92,92,92,99,99,99,99,90,90,90,90,90,90,90,90,90,90,90,90,90,90,90,90,90,90,90,90,90,90,90,90,90,90,90,90,90,90,90,90,90,90,90,90,90,90,90,90,90,90,90],"relic_stats":{"Sozu":6,"counters":[25,126],"Golden Idol":126,"Prayer Wheel":6,"Pen Nib":[0],"Juzu Bracelet":1,"Smiling Mask":175,"Boot":[28],"obtain_stats":[{"Golden Idol":14,"Mango":7,"Pen Nib":54,"Runic Capacitor":8,"Incense Burner":28,"Juzu Bracelet":43,"Smiling Mask":26,"Boot":48,"Nuclear Battery":17,"Sozu":34,"Strawberry":10,"Prayer Wheel":31,"Cracked Core":0,"Symbiotic Virus":9,"Toy Ornithopter":41},{"Golden Idol":7,"Mango":5,"Pen Nib":24,"Runic Capacitor":5,"Incense Burner":12,"Juzu Bracelet":19,"Smiling Mask":11,"Boot":22,"Nuclear Battery":8,"Sozu":14,"Strawberry":6,"Prayer Wheel":13,"Cracked Core":0,"Symbiotic Virus":5,"Toy Ornithopter":19},{"Golden Idol":22,"Mango":14,"Pen Nib":124,"Runic Capacitor":14,"Incense Burner":49,"Juzu Bracelet":89,"Smiling Mask":44,"Boot":103,"Nuclear Battery":30,"Sozu":64,"Strawberry":18,"Prayer Wheel":53,"Cracked Core":0,"Symbiotic Virus":14,"Toy Ornithopter":89}],"Toy Ornithopter":5},"card_choices":[{"not_picked":["Hello World","Redo"],"picked":"Rip and Tear","floor":1.0},{"not_picked":["Darkness","Loop"],"picked":"Sweeping Beam","floor":2.0},{"not_picked":["Redo","White Noise"],"picked":"Sweeping Beam","floor":4.0},{"not_picked":["Steam Power","BootSequence"],"picked":"Static Discharge","floor":5},{"not_picked":["Rebound","Streamline"],"picked":"Melter","floor":7},{"not_picked":["Fusion","Conserve Battery"],"picked":"Buffer","floor":10},{"not_picked":["Cold Snap","Doom and Gloom"],"picked":"Self Repair","floor":12},{"not_picked":["All For One","Thunder Strike"],"picked":"Biased Cognition","floor":16},{"not_picked":["Beam Cell","Gash","Go for the Eyes"],"picked":"SKIP","floor":18},{"not_picked":["Barrage","Sunder"],"picked":"Force Field","floor":21},{"not_picked":["Cold Snap","Redo"],"picked":"Glacier","floor":24},{"not_picked":["Rebound","Leap","Static Discharge"],"picked":"SKIP","floor":28},{"not_picked":["Steam","Beam Cell","Rebound"],"picked":"SKIP","floor":31},{"not_picked":["Steam","Turbo"],"picked":"FTL","floor":35},{"not_picked":["Melter","Steam","Hello World+1"],"picked":"SKIP","floor":35},{"not_picked":["Redo","Compile Driver"],"picked":"Ball Lightning+1","floor":37},{"not_picked":["Ball Lightning","Steam","Compile Driver"],"picked":"SKIP","floor":37},{"not_picked":["Ball Lightning","Steam"],"picked":"Compile Driver","floor":37},{"not_picked":["Go for the Eyes","Gash"],"picked":"Defragment","floor":38},{"not_picked":["Hyperbeam","Conserve Battery"],"picked":"Barrage","floor":38},{"not_picked":["Gash","Tempest"],"picked":"Reinforced Body","floor":39},{"not_picked":["Heatsinks","Melter"],"picked":"Glacier","floor":39},{"not_picked":["Scrape","Chill"],"picked":"Glacier","floor":41},{"not_picked":["Heatsinks","Defragment","Stack"],"picked":"SKIP","floor":45},{"not_picked":["Melter+1","Steam","Doom and Gloom"],"picked":"SKIP","floor":45},{"not_picked":["Stack","Loop","Beam Cell"],"picked":"SKIP","floor":46},{"not_picked":["Reprogram+1","Leap","Buffer"],"picked":"SKIP","floor":46},{"not_picked":["Sunder","Compile Driver+1"],"picked":"Rainbow","floor":48},{"not_picked":["Ball Lightning","Self Repair"],"picked":"Tempest","floor":54}],"player_experience":314800,"relics_obtained":[{"floor":7,"key":"Mango"},{"floor":9,"key":"Symbiotic Virus"},{"floor":10,"key":"Strawberry"},{"floor":26,"key":"Smiling Mask"},{"floor":28,"key":"Incense Burner"},{"floor":31,"key":"Prayer Wheel"},{"floor":41,"key":"Toy Ornithopter"},{"floor":43,"key":"Juzu Bracelet"},{"floor":48,"key":"Boot"},{"floor":54,"key":"Pen Nib"}],"event_choices":[{"damage_healed":0.0,"max_hp_gain":0.0,"max_hp_loss":0.0,"gold_gain":0.0,"event_name":"Match and Keep!","player_choice":"1 cards matched","floor":3.0,"gold_loss":0.0,"damage_taken":0.0,"cards_obtained":["Core Surge"]},{"damage_healed":0,"gold_gain":0,"player_choice":"Lose Max HP","damage_taken":0,"relics_obtained":["Golden Idol"],"max_hp_gain":0,"max_hp_loss":9,"event_name":"Golden Idol","floor":14,"gold_loss":0},{"damage_healed":0,"gold_gain":0,"player_choice":"2 cards matched","damage_taken":0,"max_hp_gain":0,"max_hp_loss":0,"event_name":"Match and Keep!","floor":19,"gold_loss":0,"cards_obtained":["Leap","Fission"]},{"damage_healed":0,"gold_gain":0,"player_choice":"Paid Fearfully","damage_taken":0,"max_hp_gain":0,"max_hp_loss":0,"event_name":"Masked Bandits","floor":22,"gold_loss":45},{"damage_healed":0,"gold_gain":0,"player_choice":"Ignored","damage_taken":0,"max_hp_gain":0,"max_hp_loss":0,"event_name":"SecretPortal","floor":36,"gold_loss":0},{"damage_healed":0,"gold_gain":0,"cards_transformed":["Strike_B"],"player_choice":"Transformed","damage_taken":0,"max_hp_gain":0,"max_hp_loss":0,"event_name":"Transmorgrifier","floor":47,"gold_loss":0,"cards_obtained":["Turbo"]}],"is_beta":false,"boss_relics":[{"not_picked":["Black Star","Calling Bell"],"picked":"Nuclear Battery"},{"not_picked":["Astrolabe","Cursed Key"],"picked":"Sozu"}],"items_purged_floors":[13,20,29,53],"is_endless":false,"potions_floor_spawned":[1,2,4,16,18,31,37,38,39,45,46,54],"killed_by":"The Heart","ascension_level":18}}