{"host":"0kk91h4bq4kgfj0u","time":1612543685,"event":{"mods":["BaseMod","Minty Spire (QoL Compilation)","StSLib"],"gold_per_floor":[117,135,150,325,343,343,369,369,369,369,369,20,20,34,34,129,129,112,130,144,243,255,255,281,281,281,298,312,2,2,12,12,12,12],"floor_reached":33,"language":"ENG","playtime":1155,"items_purged":[],"score":350,"play_id":"1e2f5a04-bb14-4b16-b4ec-5b6683c4a094","local_time":"20210205114805","is_ascension_mode":true,"campfire_choices":[{"floor":6.0,"key":"REST"},{"floor":8.0,"key":"REST"},{"floor":10.0,"key":"REST"},{"data":"Noxious Fumes","floor":13.0,"key":"SMITH"},{"data":"Die Die Die","floor":15.0,"key":"SMITH"},{"floor":23.0,"key":"REST"},{"floor":25.0,"key":"REST"},{"floor":32,"key":"REST"}],"circlet_count":0,"master_deck":["Strike_G","Strike_G","Strike_G","Strike_G","Strike_G","Defend_G","Defend_G","Defend_G","Defend_G","Defend_G","Survivor","Neutralize","Cloak And Dagger","Blade Dance","Footwork","Noxious Fumes+1","Die Die Die+1","Flying Knee","Sucker Punch","After Image","Prepared","Dagger Spray","Tactician","Backflip+1","Dagger Throw+1","Slice","Terror","Panache","Good Instincts","Finisher","Footwork+1"],"relics":["Ring of the Serpent","Lantern","Letter Opener","Mummified Hand","Lee\u0027s Waffle","Orichalcum","Ornamental Fan","Sundial"],"acts_visited":["Exordium","TheCity"],"potions_floor_usage":[33,33,33],"damage_taken":[{"damage":0.0,"enemies":"Cultist","floor":1.0,"turns":4.0},{"damage":7.0,"enemies":"Jaw Worm","floor":2.0,"turns":5.0},{"damage":2.0,"enemies":"Small Slimes","floor":3.0,"turns":3.0},{"damage":9.0,"enemies":"Red Slaver","floor":5.0,"turns":5.0},{"damage":59.0,"enemies":"Gremlin Nob","floor":7.0,"turns":6.0},{"damage":4.0,"enemies":"Exordium Wildlife","floor":14.0,"turns":4.0},{"damage":53.0,"enemies":"Slime Boss","floor":16.0,"turns":11.0},{"damage":20.0,"enemies":"2 Thieves","floor":18.0,"turns":4.0},{"damage":0.0,"enemies":"3 Byrds","floor":19.0,"turns":3.0},{"damage":13.0,"enemies":"Centurion and Healer","floor":20.0,"turns":8.0},{"damage":3.0,"enemies":"Snecko","floor":22.0,"turns":5.0},{"damage":24.0,"enemies":"Slavers","floor":24.0,"turns":5.0},{"damage":0.0,"enemies":"Chosen and Byrds","floor":27.0,"turns":7.0},{"damage":5.0,"enemies":"Centurion and Healer","floor":28.0,"turns":7.0},{"damage":19,"enemies":"Snake Plant","floor":31,"turns":4},{"damage":48,"enemies":"Collector","floor":33,"turns":7}],"seed_played":"-628618418864847424","potions_obtained":[{"floor":2.0,"key":"LiquidMemories"},{"floor":7.0,"key":"AttackPotion"},{"floor":14.0,"key":"Block Potion"},{"floor":20.0,"key":"LiquidMemories"},{"floor":22.0,"key":"Energy Potion"},{"floor":31,"key":"LiquidBronze"}],"is_trial":false,"path_per_floor":["M","M","M","?","M","R","E","R","T","R","?","$","R","M","R","B",null,"M","M","M","?","M","R","E","R","T","M","M","$","?","M","R","B"],"character_chosen":"THE_SILENT","items_purchased":["Lee\u0027s Waffle","Orichalcum","Flying Knee","Panache","Good Instincts","Finisher"],"campfire_rested":6,"item_purchase_floors":[12,12,12,29,29,29],"current_hp_per_floor":[63,56,54,54,45,66,7,28,28,49,49,77,77,73,73,20,63,43,43,30,30,27,50,26,49,49,49,44,44,44,25,48,0,0],"gold":12,"neow_bonus":"RANDOM_COMMON_RELIC","is_daily":false,"chose_seed":false,"campfire_upgraded":2,"win_rate":0.0,"timestamp":1612543685,"path_taken":["M","?","M","?","M","R","E","R","T","R","?","$","R","M","R","BOSS","M","M","M","?","M","R","E","R","T","M","M","$","?","?","R","BOSS"],"items_purchased_type":["Relic","Relic","Card","Card","Card","Card"],"build_version":"2020-12-22","purchased_purges":0,"victory":false,"max_hp_per_floor":[70,70,70,70,70,70,70,70,70,70,70,77,77,77,77,77,77,77,77,77,77,77,77,77,77,77,77,77,77,77,77,77,77,77],"card_choices":[{"not_picked":["Outmaneuver","Poisoned Stab"],"picked":"Cloak And Dagger","floor":1.0},{"not_picked":["Dagger Spray","Calculated Gamble"],"picked":"Blade Dance","floor":2.0},{"not_picked":["Blade Dance","Acrobatics"],"picked":"Footwork","floor":3.0},{"not_picked":["Footwork","Deflect"],"picked":"Noxious Fumes","floor":5.0},{"not_picked":["Setup","Dodge and Roll"],"picked":"Die Die Die","floor":7.0},{"not_picked":["Poisoned Stab","Cloak And Dagger"],"picked":"Sucker Punch","floor":14.0},{"not_picked":["Venomology","Night Terror"],"picked":"After Image","floor":16.0},{"not_picked":["Poisoned Stab+1","Dagger Spray"],"picked":"Prepared","floor":18.0},{"not_picked":["Backstab","Outmaneuver"],"picked":"Dagger Spray","floor":19.0},{"not_picked":["Slice","Sucker Punch+1"],"picked":"Tactician","floor":20.0},{"not_picked":["Terror","Acrobatics"],"picked":"Backflip+1","floor":22.0},{"not_picked":["Heel Hook","Prepared"],"picked":"Dagger Throw+1","floor":24.0},{"not_picked":["Poisoned Stab+1","PiercingWail"],"picked":"Slice","floor":27.0},{"not_picked":["Dagger Throw","PiercingWail+1"],"picked":"Terror","floor":28.0},{"not_picked":["Expertise","Poisoned Stab"],"picked":"Footwork+1","floor":31}],"player_experience":849619,"relics_obtained":[{"floor":7.0,"key":"Letter Opener"},{"floor":9.0,"key":"Mummified Hand"},{"floor":24.0,"key":"Ornamental Fan"},{"floor":26.0,"key":"Sundial"}],"event_choices":[{"damage_healed":0.0,"max_hp_gain":0.0,"max_hp_loss":0.0,"gold_gain":175.0,"event_name":"Liars Game","player_choice":"AGREE","floor":4.0,"gold_loss":0.0,"damage_taken":0.0,"cards_obtained":["Doubt"]},{"cards_removed":["Doubt"],"damage_healed":0.0,"max_hp_gain":0.0,"max_hp_loss":0.0,"gold_gain":0.0,"event_name":"Fountain of Cleansing","player_choice":"Removed Curses","floor":11.0,"gold_loss":0.0,"damage_taken":0.0},{"damage_healed":0.0,"max_hp_gain":0.0,"max_hp_loss":0.0,"gold_gain":99.0,"event_name":"Nest","player_choice":"Stole From Cult","floor":21.0,"gold_loss":0.0,"damage_taken":0.0},{"damage_healed":0,"gold_gain":0,"player_choice":"Ignored","damage_taken":0,"max_hp_gain":0,"max_hp_loss":0,"event_name":"Ghosts","floor":30,"gold_loss":0}],"is_beta":false,"boss_relics":[{"not_picked":["Fusion Hammer","Black Star"],"picked":"Ring of the Serpent"}],"items_purged_floors":[],"is_endless":false,"potions_floor_spawned":[2,7,14,20,22,31],"killed_by":"Collector","ascension_level":6}}