{"host":"wvcyfzs99um8is6a","time":1612568731,"event":{"mods":["AchievementEnabler","BaseMod","Colored Map","Colored Powertips","Highlight Path","Minty Spire (QoL Compilation)","Random Character Button","Relic Filter","StSLib","SuperFastMode"],"gold_per_floor":[113,188,138,63,74,74,88,50,50,79,79,98,98,118,118,118,118],"floor_reached":16,"language":"ENG","playtime":877,"items_purged":["Strike_R"],"score":100,"play_id":"e476600b-22ea-4f35-bc42-503211f4ca7e","local_time":"20210205184531","is_ascension_mode":false,"campfire_choices":[{"data":"Body Slam","floor":6,"key":"SMITH"},{"data":"Limit Break","floor":13,"key":"SMITH"},{"data":"Bash","floor":15,"key":"SMITH"}],"circlet_count":0,"master_deck":["Strike_R","Strike_R","Strike_R","Defend_R","Defend_R","Defend_R","Defend_R","Bash+1","Body Slam+1","Evolve","Dropkick","Limit Break+1","Rage"],"relics":["Burning Blood","Oddly Smooth Stone","CaptainsWheel","Self Forming Clay"],"acts_visited":["Exordium"],"potions_floor_usage":[],"damage_taken":[{"damage":5,"enemies":"Jaw Worm","floor":1,"turns":3},{"damage":4,"enemies":"Small Slimes","floor":5,"turns":4},{"damage":0,"enemies":"Cultist","floor":7,"turns":3},{"damage":14,"enemies":"Gremlin Nob","floor":10,"turns":3},{"damage":5,"enemies":"Exordium Wildlife","floor":12,"turns":3},{"damage":12,"enemies":"3 Louse","floor":14,"turns":3},{"damage":67,"enemies":"The Guardian","floor":16,"turns":14}],"seed_played":"7513506651054455494","potions_obtained":[{"floor":12,"key":"DistilledChaos"},{"floor":14,"key":"AttackPotion"}],"is_trial":false,"path_per_floor":["M","?","?","$","M","R","M","$","T","E","$","M","R","M","R","B"],"character_chosen":"IRONCLAD","items_purchased":["Dropkick"],"campfire_rested":0,"item_purchase_floors":[8],"current_hp_per_floor":[80,69,69,69,71,71,77,77,77,69,69,70,70,64,64,0,0],"gold":118,"neow_bonus":"RANDOM_COMMON_RELIC","is_daily":false,"chose_seed":false,"campfire_upgraded":3,"win_rate":0.0,"timestamp":1612568731,"path_taken":["M","?","?","$","M","R","M","?","T","E","$","?","R","M","R","BOSS"],"items_purchased_type":["Card"],"build_version":"2020-12-22","purchased_purges":1,"victory":false,"max_hp_per_floor":[80,80,80,80,80,80,80,80,80,80,80,80,80,80,80,80,80],"card_choices":[{"not_picked":["Wild Strike","Cleave","Shrug It Off"],"picked":"SKIP","floor":1},{"not_picked":["Warcry","Clothesline"],"picked":"Body Slam","floor":5},{"not_picked":["Twin Strike","Iron Wave"],"picked":"Evolve","floor":7},{"not_picked":["Havoc","Intimidate","Second Wind"],"picked":"SKIP","floor":10},{"not_picked":["Pummel","Carnage"],"picked":"Limit Break","floor":12},{"not_picked":["True Grit","Warcry"],"picked":"Rage","floor":14}],"player_experience":998934,"relics_obtained":[{"floor":9,"key":"CaptainsWheel"},{"floor":10,"key":"Self Forming Clay"}],"event_choices":[{"damage_healed":0,"gold_gain":75,"player_choice":"Gather Gold","damage_taken":11,"max_hp_gain":0,"max_hp_loss":0,"event_name":"World of Goop","floor":2,"gold_loss":0},{"cards_removed":["Strike_R"],"damage_healed":0,"gold_gain":0,"player_choice":"Card Removal","damage_taken":0,"max_hp_gain":0,"max_hp_loss":0,"event_name":"The Cleric","floor":3,"gold_loss":50}],"is_beta":false,"boss_relics":[],"items_purged_floors":[4],"is_endless":false,"potions_floor_spawned":[12,14],"killed_by":"The Guardian","ascension_level":0}}