{"host":"ehgz297skgb1u9fr","time":1612552591,"event":{"mods":["2.2 Compatiblity","Act Like it!","Aspiration","BaseMod","Better Note","Conspire","Energized Spire","Hubris","Minty Spire (QoL Compilation)","RRrroohrrRGHHhhh!!","Reliquary","Replay The Spire","Retaliation","Shop Mod","StSLib","Wandering Minibosses","Wide Potions"],"gold_per_floor":[99,99,116,128,128,128,153,173,220,234,245,276,276,276,303,303,303,403,403,415,429,448,464,382,413,68,83,130,130,4,4,23,58,58,158,158,177,177,77,91,51,51,83,102,102,117,130,146,146,146,146,146],"floor_reached":53,"language":"ENG","playtime":2586,"items_purged":["Exhume","Iron Wave+1"],"score":915,"play_id":"ba451657-9a00-4e32-8cce-25b40debf288","local_time":"20210205131631","daily_mods":["SealedDeck","Heirloom"],"is_ascension_mode":true,"campfire_choices":[{"data":"Sword Boomerang","floor":6,"key":"SMITH"},{"data":"hubris:DuctTapeCard","floor":17,"key":"SMITH"},{"data":"hubris:DuctTapeCard+2","floor":29,"key":"SMITH"},{"data":"Sword Boomerang","floor":31,"key":"SMITH"},{"data":"Heavy Blade+1","floor":34,"key":"SMITH"},{"data":"Heavy Blade+2","floor":51,"key":"SMITH"}],"circlet_count":0,"master_deck":["DDmod:UnstoppableAttack","Thunderclap","Metallicize","Pommel Strike+1","conspire:ExplosiveBarrier","Sword Boomerang+1","Sword Boomerang+1","Twin Strike","ReplayTheSpireMod:Strike From Hell","hubris:DuctTapeCard+6","Inflame","ReplayTheSpireMod:Strike From Hell","DDmod:RapidStrikeAttack","Perfected Strike","DDmod:UnstoppableAttack","Sword Boomerang+1","Heavy Blade+3","True Grit","Uppercut+2","Havoc+1","Perfected Strike","Clash","conspire:Purge","True Grit","True Grit+1","Eclipse","Fiend Fire"],"relics":["Burning Blood","replay:Trail_Library","reliquary:Aerogel","hubris:DuctTape","Orichalcum","Peace Pipe","wanderingMiniBosses:ThiefScarf","Replay:Baseball","hubris:ChampionShield","aspiration:RandomNobGenerator","Replay:Wax Seal","reliquary:RosewoodLute","conspire:InfiniteJournal","Red Skull","War Paint","Calling Bell","aspiration:HummingbirdHeart","hubris:CuriousFeather","aspiration:ArtOfWarUpgrade","Durian","Mirror"],"acts_visited":["Exordium","TheCity","TheBeyond"],"potions_floor_usage":[12,18,25,25,35,35,40,52,52],"damage_taken":[{"damage":5,"enemies":"conspire:RoseBush","floor":3,"turns":2},{"damage":0,"enemies":"Jaw Worm","floor":4,"turns":1},{"damage":3,"enemies":"Gremlin Nob","floor":7,"turns":3},{"damage":10,"enemies":"Small Slimes","floor":8,"turns":2},{"damage":0,"enemies":"Exordium Thugs","floor":10,"turns":6},{"damage":6,"enemies":"Large Slime","floor":11,"turns":2},{"damage":8,"enemies":"Replay:BlueRogue","floor":12,"turns":3},{"damage":4,"enemies":"Gremlin Nob","floor":15,"turns":3},{"damage":0,"enemies":"Fading Forest","floor":18,"turns":11},{"damage":0,"enemies":"3 Byrds","floor":20,"turns":3},{"damage":0,"enemies":"Shell Parasite","floor":21,"turns":1},{"damage":2,"enemies":"Snecko","floor":22,"turns":3},{"damage":22,"enemies":"Shelled Parasite and Fungi","floor":23,"turns":3},{"damage":29,"enemies":"Slavers","floor":25,"turns":3},{"damage":1,"enemies":"Centurion and Healer","floor":27,"turns":2},{"damage":0,"enemies":"Cultist and Chosen","floor":32,"turns":2},{"damage":0,"enemies":"Gremlin Leader","floor":33,"turns":1},{"damage":14,"enemies":"Collector","floor":35,"turns":3},{"damage":0,"enemies":"Orb Walker","floor":37,"turns":1},{"damage":32,"enemies":"3 Darklings","floor":40,"turns":4},{"damage":0,"enemies":"Nemesis","floor":43,"turns":1},{"damage":1,"enemies":"Spire Growth","floor":44,"turns":3},{"damage":0,"enemies":"Maw","floor":46,"turns":3},{"damage":14,"enemies":"Sphere and 2 Shapes","floor":47,"turns":4},{"damage":0,"enemies":"Spire Growth","floor":48,"turns":1},{"damage":81,"enemies":"Awakened One","floor":52,"turns":9}],"seed_played":"-8689099194334044925","potions_obtained":[{"floor":11,"key":"AttackPotion"},{"floor":12,"key":"HeartOfIron"},{"floor":18,"key":"Strength Potion"},{"floor":22,"key":"Regen Potion"},{"floor":23,"key":"Strength Potion"},{"floor":32,"key":"SteroidPotion"},{"floor":33,"key":"Strength Potion"},{"floor":40,"key":"Fruit Juice"},{"floor":44,"key":"BlessingOfTheForge"},{"floor":47,"key":"Weak Potion"}],"is_trial":true,"path_per_floor":["?","?","M","M","?","R","E","M","T","M","M","E","PTL","PTL","E","?","R","B",null,"M","M","M","M","$","E","$","M","T","R","$","R","M","E","R","B",null,"M","?","$","M","?","R","E","M","T","M","M","M","R","?","R","B",null],"character_chosen":"IRONCLAD","items_purchased":["Replay:Wax Seal","True Grit","conspire:InfiniteJournal","Perfected Strike"],"campfire_rested":0,"item_purchase_floors":[24,26,26,30],"current_hp_per_floor":[80,80,80,80,68,68,71,67,67,73,73,71,71,71,73,73,73,80,80,80,80,80,80,80,73,73,80,80,80,80,80,80,80,80,72,80,80,76,76,66,66,66,79,84,84,90,82,88,88,88,88,28],"gold":146,"neow_bonus":"","is_daily":false,"chose_seed":false,"campfire_upgraded":6,"win_rate":0.0,"timestamp":1612552591,"path_taken":["?","?","M","M","?","R","E","M","T","M","M","E","PTL","PTL","E","?","R","BOSS","M","M","M","M","$","E","$","M","T","R","$","R","M","E","R","BOSS","M","?","$","M","?","R","E","M","T","M","M","?","R","?","R","BOSS"],"items_purchased_type":["Relic","Card","Relic","Card"],"build_version":"2020-12-22","purchased_purges":2,"victory":true,"max_hp_per_floor":[80,80,80,80,80,80,80,80,80,80,80,80,80,80,80,80,80,80,80,80,80,80,80,80,80,80,80,80,80,80,80,80,80,80,80,80,80,76,76,88,88,88,93,93,93,93,93,93,93,93,93,93],"card_choices":[{"not_picked":["Abandon","Pommel Strike"],"picked":"Twin Strike","floor":3},{"not_picked":["DDmod:EasePowerCard","DDmod:ScaleUpSkill","Bloodletting"],"picked":"SKIP","floor":4},{"not_picked":["DDmod:PlatedThornsSkill","Perfected Strike"],"picked":"ReplayTheSpireMod:Strike From Hell","floor":7},{"not_picked":["Body Slam","Flame Barrier"],"picked":"Inflame","floor":8},{"not_picked":["Combust","Entrench"],"picked":"ReplayTheSpireMod:Strike From Hell","floor":10},{"not_picked":["ReplayTheSpireMod:Strike From Hell","Run Through"],"picked":"DDmod:RapidStrikeAttack","floor":11},{"not_picked":["hubris:CleavingFinish","DDmod:CallousedSkill"],"picked":"Perfected Strike","floor":12},{"not_picked":["DDmod:GrandUltimatumAttack","DDmod:CallousedSkill","Thunderclap"],"picked":"SKIP","floor":15},{"not_picked":["DDmod:AllInSkill","Eclipse"],"picked":"Exhume","floor":18},{"not_picked":["DDmod:EasePowerCard","Clothesline"],"picked":"Sword Boomerang+1","floor":20},{"not_picked":["ReplayTheSpireMod:Strike From Hell+1","DDmod:EasePowerCard","Shrug It Off"],"picked":"SKIP","floor":21},{"not_picked":["Disarm+1","ReplayTheSpireMod:Strike From Hell","Wild Strike"],"picked":"SKIP","floor":22},{"not_picked":["Headbutt","Berserk"],"picked":"Heavy Blade+1","floor":23},{"not_picked":["Shrug It Off","rorgmod:Sentinel","ReplayTheSpireMod:Stacked+1"],"picked":"SKIP","floor":25},{"not_picked":["DDmod:EasePowerCard","Armaments+1"],"picked":"Uppercut+1","floor":27},{"not_picked":["ReplayTheSpireMod:Stacked","Fire Breathing+1","Thunderclap"],"picked":"SKIP","floor":32},{"not_picked":["Dark Embrace","Exhume"],"picked":"Clash","floor":33},{"not_picked":["Exhume","Berserk"],"picked":"conspire:Purge","floor":35},{"not_picked":["Flex","Armaments"],"picked":"True Grit","floor":37},{"not_picked":["Fire Breathing+1","Carnage+1","Clothesline"],"picked":"SKIP","floor":40},{"not_picked":["Combust+1","Anger+1","Iron Wave+1"],"picked":"SKIP","floor":43},{"not_picked":["hubris:ReadiedAction+1","Body Slam+1","Rage"],"picked":"SKIP","floor":44},{"not_picked":["Replay:Undeath\u0027s Touch+1","Reckless Charge"],"picked":"True Grit+1","floor":46},{"not_picked":["Sword Boomerang+1","Replay:Undeath\u0027s Touch"],"picked":"Eclipse","floor":47},{"not_picked":["Flex","Bloodletting","Clothesline"],"picked":"SKIP","floor":48}],"player_experience":418354,"relics_obtained":[{"floor":7,"key":"hubris:DuctTape"},{"floor":9,"key":"Orichalcum"},{"floor":10,"key":"Peace Pipe"},{"floor":10,"key":"wanderingMiniBosses:ThiefScarf"},{"floor":12,"key":"Replay:Baseball"},{"floor":15,"key":"hubris:ChampionShield"},{"floor":25,"key":"reliquary:RosewoodLute"},{"floor":28,"key":"Red Skull"},{"floor":33,"key":"War Paint"},{"floor":36,"key":"aspiration:HummingbirdHeart"},{"floor":36,"key":"hubris:CuriousFeather"},{"floor":36,"key":"Art of War"},{"floor":43,"key":"Durian"},{"floor":45,"key":"Mirror"}],"event_choices":[{"damage_healed":0,"gold_gain":0,"player_choice":"Success","damage_taken":12,"relics_obtained":["reliquary:Aerogel"],"max_hp_gain":0,"max_hp_loss":0,"event_name":"Scrap Ooze","floor":5,"gold_loss":0},{"damage_healed":0,"gold_gain":0,"player_choice":"Ignored","damage_taken":0,"max_hp_gain":0,"max_hp_loss":0,"event_name":"Transmorgrifier","floor":16,"gold_loss":0},{"damage_healed":0,"gold_gain":0,"player_choice":"Max HP","damage_taken":0,"max_hp_gain":0,"max_hp_loss":4,"event_name":"Winding Halls","floor":38,"gold_loss":0},{"damage_healed":0,"gold_gain":0,"player_choice":"Upgraded Two","damage_taken":0,"max_hp_gain":0,"max_hp_loss":0,"event_name":"Designer","floor":41,"gold_loss":40,"cards_upgraded":["Pommel Strike","Uppercut"]},{"damage_healed":0,"gold_gain":0,"player_choice":"Ignored","damage_taken":0,"max_hp_gain":0,"max_hp_loss":0,"event_name":"Transmorgrifier","floor":50,"gold_loss":0}],"is_beta":false,"boss_relics":[{"not_picked":["aspiration:RitualDagger","hubris:BlackHole"],"picked":"reliquary:Craggleroot"},{"not_picked":["Runic Dome","Astrolabe"],"picked":"Calling Bell"}],"items_purged_floors":[30,39],"is_endless":false,"potions_floor_spawned":[11,12,15,18,22,23,32,33,40,44,47],"ascension_level":1}}