{"host":"8vrmceg1p8ljousa","time":1612530584,"event":{"mods":["BaseMod","Highlight Path","Minty Spire (QoL Compilation)","StSLib","The Cursed","The Necromancer","The Poker Player"],"gold_per_floor":[210,223,243,253,56,56,85,95,95,121,121,141,141,176,176,277,277,290,304,304,314,32,32,52,85,110,130,156,256,256,171,171,266,266,277,277,295,144,164,193,50,50,73,83,83,108,108,140,140,140,140,140,15,43,43,43],"floor_reached":55,"language":"ENG","playtime":2895,"items_purged":["TheCursedMod:Strike_TheCursed","TheCursedMod:Strike_TheCursed","TheCursedMod:Strike_TheCursed"],"score":880,"play_id":"66639efd-3915-4e61-ba62-f0099158a75e","local_time":"20210205150944","is_ascension_mode":true,"campfire_choices":[{"data":"TheCursedMod:ReleasedStrength","floor":6.0,"key":"SMITH"},{"data":"TheCursedMod:CleanUpWorkshop","floor":11.0,"key":"SMITH"},{"data":"TheCursedMod:CursedBoomerang","floor":15.0,"key":"SMITH"},{"floor":23.0,"key":"REST"},{"data":"1","floor":30.0,"key":"LIFT"},{"floor":32.0,"key":"RECALL"},{"data":"TheCursedMod:CursedBoomerang","floor":42.0,"key":"SMITH"},{"data":"TheCursedMod:DemonicPact","floor":47.0,"key":"SMITH"},{"floor":49.0,"key":"REST"},{"data":"TheCursedMod:CollectTribute","floor":52,"key":"SMITH"}],"circlet_count":0,"master_deck":["TheCursedMod:Strike_TheCursed","TheCursedMod:Defend_TheCursed","TheCursedMod:Defend_TheCursed","TheCursedMod:Defend_TheCursed","TheCursedMod:Defend_TheCursed","TheCursedMod:CursedWand","TheCursedMod:CleanUpWorkshop+1","TheCursedMod:Dregs","TheCursedMod:ReleasedStrength+1","TheCursedMod:SmokeScreen","TheCursedMod:CursedShiv+1","TheCursedMod:CursedBoomerang+1","TheCursedMod:RapidMovement","TheCursedMod:CursedAmulet+1","TheCursedMod:CircleOfBlood+1","TheCursedMod:CursedRelics+1","TheCursedMod:CursedBoomerang+1","TheCursedMod:CursedAmulet","TheCursedMod:CursedMace+1","TheCursedMod:SpitefulPlan+1","TheCursedMod:CollectTribute+1","Doubt","TheCursedMod:CursedBlade+1","TheCursedMod:AntiAging","TheCursedMod:ReleasedStrength+1","TheCursedMod:LuckyCharm+1","TheCursedMod:CursedRelics+1","Writhe","TheCursedMod:DemonicPact+1","TheCursedMod:SpitefulPlan"],"relics":["TheCursedMod:BlackMagic101","Regal Pillow","StoneCalendar","Calipers","TheCursedMod:DemonicMark","Cursed Key","Kunai","Dead Branch","Blood Vial","Girya","FossilizedHelix","Shuriken","Strawberry","SacredBark","Darkstone Periapt","DollysMirror","Ice Cream","Whetstone","Ornamental Fan"],"acts_visited":["Exordium","TheCity","TheBeyond","TheEnding"],"potions_floor_usage":[50,54],"damage_taken":[{"damage":1.0,"enemies":"Cultist","floor":1.0,"turns":3.0},{"damage":6.0,"enemies":"Jaw Worm","floor":2.0,"turns":3.0},{"damage":0.0,"enemies":"2 Louse","floor":3.0,"turns":2.0},{"damage":3.0,"enemies":"2 Fungi Beasts","floor":4.0,"turns":4.0},{"damage":9.0,"enemies":"Gremlin Nob","floor":7.0,"turns":4.0},{"damage":0.0,"enemies":"Looter","floor":8.0,"turns":3.0},{"damage":0.0,"enemies":"Lagavulin","floor":10.0,"turns":6.0},{"damage":3.0,"enemies":"Red Slaver","floor":12.0,"turns":4.0},{"damage":7.0,"enemies":"3 Sentries","floor":14.0,"turns":6.0},{"damage":3.0,"enemies":"Hexaghost","floor":16.0,"turns":8.0},{"damage":6.0,"enemies":"3 Byrds","floor":18.0,"turns":5.0},{"damage":0.0,"enemies":"2 Thieves","floor":19.0,"turns":5.0},{"damage":28.0,"enemies":"Snake Plant","floor":21.0,"turns":6.0},{"damage":23.0,"enemies":"Sentry and Sphere","floor":24.0,"turns":7.0},{"damage":13.0,"enemies":"Gremlin Leader","floor":25.0,"turns":5.0},{"damage":3.0,"enemies":"Snecko","floor":27.0,"turns":4.0},{"damage":1.0,"enemies":"Book of Stabbing","floor":28.0,"turns":4.0},{"damage":0.0,"enemies":"Colosseum Slavers","floor":29.0,"turns":3.0},{"damage":16.0,"enemies":"Colosseum Nobs","floor":29.0,"turns":4.0},{"damage":28.0,"enemies":"Champ","floor":33.0,"turns":7.0},{"damage":0.0,"enemies":"3 Shapes","floor":35.0,"turns":4.0},{"damage":27.0,"enemies":"3 Darklings","floor":37.0,"turns":4.0},{"damage":0.0,"enemies":"Maw","floor":39.0,"turns":5.0},{"damage":4.0,"enemies":"Giant Head","floor":40.0,"turns":7.0},{"damage":10.0,"enemies":"Sphere and 2 Shapes","floor":44.0,"turns":4.0},{"damage":13.0,"enemies":"Reptomancer","floor":46.0,"turns":6.0},{"damage":10.0,"enemies":"Nemesis","floor":48.0,"turns":7.0},{"damage":69,"enemies":"Time Eater","floor":50,"turns":5},{"damage":19,"enemies":"Shield and Spear","floor":54,"turns":5},{"damage":90,"enemies":"The Heart","floor":55,"turns":8}],"seed_played":"2069227354408199488","potions_obtained":[{"floor":1.0,"key":"Strength Potion"},{"floor":7.0,"key":"FearPotion"},{"floor":8.0,"key":"GamblersBrew"},{"floor":14.0,"key":"BlessingOfTheForge"},{"floor":24.0,"key":"Ancient Potion"},{"floor":33.0,"key":"Energy Potion"},{"floor":39.0,"key":"GamblersBrew"}],"is_trial":false,"path_per_floor":["M","M","M","M","$","R","E","M","T","E","R","M","?","E","R","B",null,"M","M","?","M","$","R","M","E","T","M","E","?","R","?","R","B",null,"M","?","M","$","M","E","$","R","T","M","?","E","R","E","R","B",null,"R","$","E","B"],"character_chosen":"THE_CURSED","items_purchased":["TheCursedMod:CursedBoomerang","Block Potion","Kunai","TheCursedMod:CursedMace","PowerPotion","DollysMirror"],"campfire_rested":2,"item_purchase_floors":[5,5,22,22,38,41],"current_hp_per_floor":[74,68,68,65,65,65,56,56,56,56,56,53,38,35,35,40,75,74,75,75,47,47,75,56,51,51,58,63,67,67,74,74,54,82,84,84,57,57,73,81,81,81,87,86,86,85,85,87,100,43,100,100,100,81,0,0],"gold":43,"neow_bonus":"HUNDRED_GOLD","is_daily":false,"chose_seed":false,"campfire_upgraded":6,"win_rate":0.0,"timestamp":1612530584,"path_taken":["M","M","M","M","$","R","E","M","T","E","R","M","?","E","R","BOSS","M","M","?","M","$","R","M","E","T","M","E","?","R","?","R","BOSS","M","?","M","$","M","E","$","R","T","?","?","E","R","E","R","BOSS","R","$","E","BOSS"],"items_purchased_type":["Card","Potion","Relic","Card","Potion","Relic"],"build_version":"2020-12-22","purchased_purges":3,"victory":false,"max_hp_per_floor":[75,75,75,75,75,75,75,75,75,75,75,75,75,75,75,75,75,75,75,75,75,75,75,75,75,75,75,75,75,75,82,82,82,82,84,84,84,84,86,88,88,88,94,96,96,98,98,100,100,100,100,100,100,100,102,102],"card_choices":[{"not_picked":["TheCursedMod:TacticalStrike","TheCursedMod:LuckyCharm"],"picked":"TheCursedMod:ReleasedStrength","floor":1.0},{"not_picked":["TheCursedMod:WearCloak","TheCursedMod:CursedArmor"],"picked":"TheCursedMod:SmokeScreen","floor":2.0},{"not_picked":["TheCursedMod:Torture","TheCursedMod:PrepareRite","TheCursedMod:Hemoplague"],"picked":"SKIP","floor":3.0},{"not_picked":["TheCursedMod:CircleOfCorruption","TheCursedMod:CircleOfFocus"],"picked":"TheCursedMod:CursedShiv","floor":4.0},{"not_picked":["TheCursedMod:CircleOfFocus","TheCursedMod:Stigma"],"picked":"TheCursedMod:RapidMovement","floor":7.0},{"not_picked":["TheCursedMod:ReleasedKnowledge","TheCursedMod:CursedShiv"],"picked":"TheCursedMod:CursedAmulet","floor":8.0},{"not_picked":["TheCursedMod:CursedBoomerang","TheCursedMod:DoubleShield","TheCursedMod:RavingStaff"],"picked":"SKIP","floor":10.0},{"not_picked":["TheCursedMod:EmpowerCircles","TheCursedMod:Hemoplague"],"picked":"TheCursedMod:CircleOfBlood","floor":12.0},{"not_picked":["TheCursedMod:Torture","TheCursedMod:RapidMovement","TheCursedMod:RavingStaff"],"picked":"SKIP","floor":14.0},{"not_picked":["TheCursedMod:NeowsMight","TheCursedMod:UltimatePain"],"picked":"TheCursedMod:CursedRelics","floor":16.0},{"not_picked":["TheCursedMod:CircleOfAmplification","TheCursedMod:RavingStaff","TheCursedMod:Torture"],"picked":"SKIP","floor":18.0},{"not_picked":["TheCursedMod:Torture+1","TheCursedMod:TroublousMinions+1"],"picked":"TheCursedMod:CursedBoomerang","floor":19.0},{"not_picked":["TheCursedMod:TacticalStrike","TheCursedMod:CircleOfAmplification"],"picked":"TheCursedMod:CursedAmulet","floor":21.0},{"not_picked":["TheCursedMod:ForbiddenAlchemy","TheCursedMod:VitalStrike"],"picked":"TheCursedMod:SpitefulPlan+1","floor":24.0},{"not_picked":["TheCursedMod:CursedShiv","TheCursedMod:Torture"],"picked":"TheCursedMod:CollectTribute","floor":25.0},{"not_picked":["TheCursedMod:CircleOfBlood+1","TheCursedMod:CircleOfAmplification","TheCursedMod:TacticalStrike"],"picked":"SKIP","floor":27.0},{"not_picked":["TheCursedMod:CursedShiv","TheCursedMod:WearCloak"],"picked":"TheCursedMod:CursedBlade+1","floor":28.0},{"not_picked":["TheCursedMod:Neurasthenia","TheCursedMod:CursedRelics"],"picked":"TheCursedMod:AntiAging","floor":33.0},{"not_picked":["TheCursedMod:CursedShiv+1","TheCursedMod:CircleOfFlame+1","TheCursedMod:AbyssShockwave"],"picked":"SKIP","floor":35.0},{"not_picked":["TheCursedMod:CursedAmulet","TheCursedMod:HellfireBreathing"],"picked":"TheCursedMod:ReleasedStrength+1","floor":37.0},{"not_picked":["TheCursedMod:CursedShiv+1","TheCursedMod:Stretching","TheCursedMod:Obscuration+1"],"picked":"SKIP","floor":39.0},{"not_picked":["TheCursedMod:Neurasthenia","TheCursedMod:TacticalStrike+1"],"picked":"TheCursedMod:LuckyCharm+1","floor":40.0},{"not_picked":["TheCursedMod:TacticalStrike","TheCursedMod:AbyssShockwave+1","TheCursedMod:FleshFromBone"],"picked":"SKIP","floor":44.0},{"not_picked":["TheCursedMod:PrepareRite+1","TheCursedMod:Hemoplague+1"],"picked":"TheCursedMod:DemonicPact","floor":46.0},{"not_picked":["TheCursedMod:CursedMace","TheCursedMod:Stretching","TheCursedMod:SurpriseAttack"],"picked":"SKIP","floor":48.0},{"not_picked":["TheCursedMod:Grudge","TheCursedMod:ParallelWorld"],"picked":"TheCursedMod:SpitefulPlan","floor":54}],"player_experience":72965,"relics_obtained":[{"floor":7.0,"key":"Regal Pillow"},{"floor":9.0,"key":"StoneCalendar"},{"floor":10.0,"key":"Calipers"},{"floor":14.0,"key":"TheCursedMod:DemonicMark"},{"floor":25.0,"key":"Dead Branch"},{"floor":26.0,"key":"Blood Vial"},{"floor":28.0,"key":"Girya"},{"floor":29.0,"key":"FossilizedHelix"},{"floor":29.0,"key":"Shuriken"},{"floor":40.0,"key":"Darkstone Periapt"},{"floor":46.0,"key":"Ice Cream"},{"floor":48.0,"key":"Whetstone"},{"floor":54,"key":"Ornamental Fan"}],"event_choices":[{"damage_healed":0.0,"max_hp_gain":0.0,"max_hp_loss":0.0,"gold_gain":0.0,"event_name":"Shining Light","player_choice":"Entered Light","floor":13.0,"gold_loss":0.0,"damage_taken":15.0,"cards_upgraded":["TheCursedMod:CircleOfBlood","TheCursedMod:CursedAmulet"]},{"damage_healed":0.0,"max_hp_gain":0.0,"max_hp_loss":0.0,"gold_gain":0.0,"event_name":"Ghosts","player_choice":"Ignored","floor":20.0,"gold_loss":0.0,"damage_taken":0.0},{"damage_healed":0.0,"max_hp_gain":0.0,"max_hp_loss":0.0,"gold_gain":0.0,"event_name":"Colosseum","player_choice":"Fight","floor":29.0,"gold_loss":0.0,"damage_taken":0.0},{"damage_healed":0.0,"max_hp_gain":0.0,"max_hp_loss":0.0,"gold_gain":0.0,"event_name":"Colosseum","player_choice":"Fought Nobs","floor":29.0,"gold_loss":0.0,"damage_taken":0.0},{"damage_healed":0.0,"max_hp_gain":0.0,"max_hp_loss":0.0,"gold_gain":0.0,"event_name":"Addict","player_choice":"Obtained Relic","floor":31.0,"gold_loss":85.0,"damage_taken":0.0,"relics_obtained":["Strawberry"]},{"damage_healed":0.0,"max_hp_gain":0.0,"max_hp_loss":0.0,"gold_gain":0.0,"event_name":"Accursed Blacksmith","player_choice":"Forge","floor":36.0,"gold_loss":0.0,"damage_taken":0.0,"cards_upgraded":["TheCursedMod:CursedRelics"]},{"damage_healed":0.0,"max_hp_gain":0.0,"max_hp_loss":0.0,"gold_gain":0.0,"event_name":"SensoryStone","player_choice":"Memory 1","floor":45.0,"gold_loss":0.0,"damage_taken":0.0}],"is_beta":false,"boss_relics":[{"not_picked":["Sozu","Tiny House"],"picked":"Cursed Key"},{"not_picked":["Pandora\u0027s Box","Runic Dome"],"picked":"SacredBark"}],"items_purged_floors":[5,38,53],"is_endless":false,"potions_floor_spawned":[1,7,8,14,24,27,29,33,37,39],"killed_by":"The Heart","ascension_level":1}}