{"host":"sian7qp8a9pc9xwd","time":1612486098,"event":{"mods":["BaseMod","Minty Spire (QoL Compilation)","StSLib","SuperFastMode"],"gold_per_floor":[51,226,27,58,116,174,174,221,221,256,313,367,367,427,427,528,528,573,573,638,683,748,748,791,24,24,24,24],"floor_reached":27,"language":"ENG","playtime":1410,"items_purged":["Writhe"],"score":294,"play_id":"c02a6778-3d63-4b3b-838c-eb1201423d94","local_time":"20210204194818","is_ascension_mode":false,"campfire_choices":[{"data":"HandOfGreed","floor":7.0,"key":"SMITH"},{"data":"HandOfGreed","floor":13.0,"key":"SMITH"},{"floor":15.0,"key":"REST"},{"data":"Vault","floor":23,"key":"SMITH"}],"circlet_count":0,"master_deck":["Strike_P","Strike_P","Strike_P","Defend_P","Defend_P","Defend_P","Defend_P","Eruption","Vigilance","HandOfGreed+1","FlurryOfBlows","CutThroughFate","HandOfGreed+1","Prostrate","Vault+1","FollowUp","CutThroughFate","LessonLearned"],"relics":["PureWater","DollysMirror","Dream Catcher","Lantern","Potion Belt","Empty Cage","Blood Vial","WingedGreaves","PreservedInsect","Eternal Feather"],"acts_visited":["Exordium","TheCity"],"potions_floor_usage":[16,16,16,20,21,27],"damage_taken":[{"damage":1.0,"enemies":"2 Louse","floor":1.0,"turns":4.0},{"damage":0.0,"enemies":"Jaw Worm","floor":4.0,"turns":1.0},{"damage":7.0,"enemies":"Small Slimes","floor":5.0,"turns":4.0},{"damage":7.0,"enemies":"Exordium Wildlife","floor":6.0,"turns":5.0},{"damage":7.0,"enemies":"Looter","floor":10.0,"turns":3.0},{"damage":5.0,"enemies":"3 Louse","floor":11.0,"turns":4.0},{"damage":18.0,"enemies":"Lagavulin","floor":12.0,"turns":4.0},{"damage":16.0,"enemies":"Exordium Thugs","floor":14.0,"turns":5.0},{"damage":0,"enemies":"Slime Boss","floor":16,"turns":5},{"damage":6,"enemies":"Chosen","floor":18,"turns":4},{"damage":0,"enemies":"2 Thieves","floor":20,"turns":1},{"damage":0,"enemies":"Snake Plant","floor":21,"turns":3},{"damage":21,"enemies":"Centurion and Healer","floor":22,"turns":7},{"damage":37,"enemies":"Shelled Parasite and Fungi","floor":24,"turns":6},{"damage":0,"enemies":"Snake Plant","floor":27,"turns":3}],"seed_played":"-4866088997334271733","potions_obtained":[{"floor":1.0,"key":"Strength Potion"},{"floor":4.0,"key":"Regen Potion"},{"floor":11.0,"key":"SteroidPotion"},{"floor":12.0,"key":"Ancient Potion"},{"floor":18,"key":"SkillPotion"},{"floor":20,"key":"Explosive Potion"}],"is_trial":false,"path_per_floor":["M","?","$","M","M","M","R","T","T","M","M","E","R","M","R","B",null,"M","?","M","M","M","R","M","$","T","M"],"character_chosen":"WATCHER","items_purchased":["CutThroughFate","DollysMirror","WingedGreaves","PreservedInsect","LessonLearned","Fruit Juice"],"campfire_rested":1,"item_purchase_floors":[3,3,25,25,25,25],"current_hp_per_floor":[71,71,71,71,64,57,57,57,57,50,45,27,27,11,32,46,72,66,66,68,70,51,51,16,16,16,23,23],"gold":24,"neow_bonus":"RANDOM_COLORLESS_2","is_daily":false,"chose_seed":false,"campfire_upgraded":3,"win_rate":0.0,"timestamp":1612486098,"path_taken":["M","?","$","M","M","M","R","?","T","M","M","E","R","M","R","BOSS","M","?","M","M","M","R","M","$","T","M"],"items_purchased_type":["Card","Relic","Relic","Relic","Card","Potion"],"build_version":"2020-12-22","purchased_purges":1,"victory":false,"max_hp_per_floor":[72,72,72,72,72,72,72,72,72,72,72,72,72,72,72,72,72,72,72,72,72,72,72,72,72,72,77,77],"card_choices":[{"not_picked":["Metamorphosis","Apotheosis"],"picked":"HandOfGreed","floor":0.0},{"not_picked":["Crescendo","ReachHeaven"],"picked":"FlurryOfBlows","floor":1.0},{"not_picked":["Consecrate","ThirdEye","FearNoEvil"],"picked":"SKIP","floor":4.0},{"not_picked":["Fasting2","Protect","SandsOfTime"],"picked":"SKIP","floor":5.0},{"not_picked":["EmptyFist","BattleHymn","Consecrate"],"picked":"SKIP","floor":6.0},{"not_picked":["Conclude","Consecrate","FearNoEvil"],"picked":"SKIP","floor":10.0},{"not_picked":["EmptyBody","FlyingSleeves","ClearTheMind"],"picked":"SKIP","floor":11.0},{"not_picked":["PathToVictory","LikeWater","Wallop"],"picked":"SKIP","floor":12.0},{"not_picked":["EmptyMind","SashWhip"],"picked":"Prostrate","floor":14.0},{"not_picked":["Scrawl","Blasphemy"],"picked":"Vault","floor":16},{"not_picked":["Crescendo","Protect","SandsOfTime"],"picked":"SKIP","floor":18},{"not_picked":["CarveReality","FlyingSleeves"],"picked":"FollowUp","floor":20},{"not_picked":["Consecrate","ClearTheMind+1"],"picked":"CutThroughFate","floor":21},{"not_picked":["SignatureMove","ClearTheMind","Crescendo"],"picked":"SKIP","floor":22},{"not_picked":["FearNoEvil","Conclude+1","EmptyBody"],"picked":"SKIP","floor":24}],"player_experience":876427,"relics_obtained":[{"floor":8.0,"key":"Dream Catcher"},{"floor":9.0,"key":"Lantern"},{"floor":12.0,"key":"Potion Belt"},{"floor":26,"key":"Eternal Feather"}],"event_choices":[{"damage_healed":0.0,"max_hp_gain":0.0,"max_hp_loss":0.0,"gold_gain":175.0,"event_name":"Liars Game","player_choice":"AGREE","floor":2.0,"gold_loss":0.0,"damage_taken":0.0,"cards_obtained":["Doubt"]},{"damage_healed":0,"gold_gain":0,"player_choice":"Opened","damage_taken":0,"relics_obtained":["Blood Vial"],"max_hp_gain":0,"max_hp_loss":0,"event_name":"The Mausoleum","floor":19,"gold_loss":0,"cards_obtained":["Writhe"]}],"is_beta":false,"boss_relics":[{"not_picked":["Tiny House","Busted Crown"],"picked":"Empty Cage"}],"items_purged_floors":[25],"is_endless":false,"potions_floor_spawned":[1,4,11,12,18,20],"killed_by":"Snake Plant","ascension_level":0}}