{"host":"l7l2v2zs4hqku4vk","time":1612523521,"event":{"mods":["Act Like it!","BaseMod","Colored Powertips","Highlight Path","Minty Spire (QoL Compilation)","Replay The Spire","RumiaBox-露米娅的神秘盒子","StSLib","TestMod","The Servant 0.9.4","篝火指南"],"gold_per_floor":[114,129,144,69,69,69,99,99,124,127,127],"floor_reached":10,"language":"ZHS","playtime":1898,"items_purged":["Strike_S"],"score":91,"play_id":"d67388f7-c8bf-4c2c-a0fe-340aaecc512e","local_time":"20210205191201","daily_mods":["Specialized","Blue Cards","Elite Swarm"],"is_ascension_mode":false,"campfire_choices":[{"data":"Manipulate","floor":6,"key":"SMITH"},{"data":"DoubleEdge","floor":8,"key":"SMITH"}],"circlet_count":0,"master_deck":["Strike_S","Strike_S","Strike_S","Defend_S","Defend_S","Defend_S","Defend_S","KidneyShot","Exchange","Manipulate","Manipulate","Manipulate","Manipulate+1","Manipulate","DoubleEdge+1","Dilation"],"relics":["Uniform","testmod-TestBox","testmod-CardMagician","testmod-Acrobat","Gremlin Food"],"acts_visited":["Exordium"],"potions_floor_usage":[7,10],"damage_taken":[{"damage":11,"enemies":"2 Louse","floor":1,"turns":4},{"damage":0,"enemies":"Small Slimes","floor":2,"turns":6},{"damage":10,"enemies":"Cultist","floor":3,"turns":5},{"damage":30,"enemies":"3 Sentries","floor":7,"turns":7},{"damage":16,"enemies":"Replay:BlueRogue","floor":10,"turns":3}],"seed_played":"-8643747277835071688","potions_obtained":[{"floor":1,"key":"Strength Potion"},{"floor":2,"key":"Weak Potion"}],"is_trial":false,"path_per_floor":["M","M","M","$","?","R","E","R","T","E"],"character_chosen":"THE_SERVANT","items_purchased":[],"campfire_rested":0,"item_purchase_floors":[],"current_hp_per_floor":[54,54,44,44,44,44,14,14,14,0,0],"gold":127,"neow_bonus":"","is_daily":true,"chose_seed":false,"campfire_upgraded":2,"win_rate":0.0,"timestamp":1612523521,"path_taken":["M","M","M","$","?","R","E","R","T","E"],"items_purchased_type":[],"build_version":"2020-12-22","purchased_purges":1,"victory":false,"max_hp_per_floor":[65,65,65,65,65,65,65,65,65,65,65],"card_choices":[{"not_picked":["Hightail","Barrier","Unruled"],"picked":"SKIP","floor":1},{"not_picked":["Alleviate","ShatteredReality"],"picked":"DoubleEdge","floor":2},{"not_picked":["Collapse","Manipulate","Defy"],"picked":"SKIP","floor":3},{"not_picked":["MurderousAura","LightFlow"],"picked":"Dilation","floor":7}],"player_experience":1744703,"relics_obtained":[{"floor":7,"key":"testmod-Acrobat"},{"floor":9,"key":"Gremlin Food"}],"event_choices":[{"damage_healed":0,"gold_gain":0,"player_choice":"Ignored","damage_taken":0,"max_hp_gain":0,"max_hp_loss":0,"event_name":"给自己的盒子","floor":5,"gold_loss":0}],"is_beta":false,"boss_relics":[],"items_purged_floors":[4],"is_endless":false,"potions_floor_spawned":[1,2],"killed_by":"Replay:BlueRogue","ascension_level":0}}