{"host":"59jh88lrys5rvd4j","time":1612499093,"event":{"mods":["2.2 Compatiblity","A Magickal Journey","Aspiration","Astrologer","BaseMod","Beaked The Cultist","Conspire","Energized Spire","Gremlin Mod","Infinite Spire","Kalas","Magitek Elite","Minty Spire (QoL Compilation)","Reliquary","StSLib","The Cursed","The Necromancer"],"gold_per_floor":[109,109,136,195,171,171,171],"floor_reached":6,"language":"ENG","playtime":378,"items_purged":[],"score":34,"play_id":"3990dff7-da53-4a6c-8e47-e116a5ad4980","local_time":"20210204232453","daily_mods":["Heirloom","Time Dilation","Flight"],"is_ascension_mode":false,"campfire_choices":[],"circlet_count":0,"master_deck":["Kalas:ShortSword","Kalas:ShortSword","Kalas:SmallKnife","Kalas:DimensionBlade","Kalas:Buckler","Kalas:Buckler","Kalas:LeatherJacket","Kalas:LeatherJacket","Kalas:PowerHelmet","Kalas:BlueStorm+1","Kalas:JackInTheBox","Kalas:Camera1","Kalas:DimensionBlade"],"relics":["Kalas:BrokenOceanMirror","Ginger"],"acts_visited":["Exordium"],"potions_floor_usage":[],"damage_taken":[{"damage":7,"enemies":"2 Louse","floor":1,"turns":2},{"damage":1,"enemies":"Jaw Worm","floor":3,"turns":3},{"damage":23,"enemies":"Gremlin Nob","floor":6,"turns":4}],"seed_played":"-2610618405806307268","potions_obtained":[{"floor":1,"key":"DistilledChaos"}],"is_trial":true,"path_per_floor":["M","?","M","?","$","E"],"character_chosen":"KALAS","items_purchased":["Kalas:DimensionBlade"],"campfire_rested":0,"item_purchase_floors":[5],"current_hp_per_floor":[69,69,68,68,68,45,45],"gold":171,"neow_bonus":"","is_daily":false,"chose_seed":false,"campfire_upgraded":0,"win_rate":0.0,"timestamp":1612499093,"path_taken":["M","?","M","?","$","E"],"items_purchased_type":["Card"],"build_version":"2020-12-22","purchased_purges":0,"victory":false,"max_hp_per_floor":[76,76,76,76,76,76,76],"card_choices":[{"not_picked":["Kalas:HalfPlate","Kalas:BurningShield"],"picked":"Kalas:JackInTheBox","floor":1},{"not_picked":["Kalas:Peach","Kalas:RoundShield"],"picked":"Kalas:Camera1","floor":3}],"player_experience":505920,"relics_obtained":[],"event_choices":[{"damage_healed":0,"gold_gain":0,"player_choice":"Grow","damage_taken":0,"max_hp_gain":0,"max_hp_loss":0,"event_name":"Living Wall","floor":2,"gold_loss":0,"cards_upgraded":["Kalas:BlueStorm"]},{"damage_healed":0,"gold_gain":59,"player_choice":"Gained Gold","damage_taken":0,"max_hp_gain":0,"max_hp_loss":0,"event_name":"Golden Wing","floor":4,"gold_loss":0}],"is_beta":false,"boss_relics":[],"items_purged_floors":[],"is_endless":false,"potions_floor_spawned":[1],"killed_by":"Gremlin Nob","ascension_level":0}}