{"host":"Jedit","time":1612569565,"event":{"mods":["BaseMod","Minty Spire (QoL Compilation)","Relic Stats","StSLib"],"gold_per_floor":[111,121,121,46,60,60,71,99,99,133,133,133,133,172,172,202,202],"floor_reached":16,"language":"ENG","playtime":443,"items_purged":["Defend_P"],"score":286,"play_id":"cd9353b2-a851-495c-bb9b-ee15b8969662","local_time":"20210205235925","is_ascension_mode":true,"campfire_choices":[{"data":"BowlingBash","floor":6,"key":"SMITH"},{"data":"EmptyFist","floor":11,"key":"SMITH"},{"data":"Wish","floor":15,"key":"SMITH"}],"circlet_count":0,"master_deck":["AscendersBane","Strike_P","Strike_P","Strike_P","Strike_P","Defend_P","Defend_P","Defend_P","Eruption","Vigilance","CutThroughFate","Halt","BowlingBash+1","ClearTheMind","EmptyFist+1","Wish+1"],"relics":["Busted Crown","FaceOfCleric","Nunchaku","The Courier","Pocketwatch","Golden Idol","Gremlin Horn"],"acts_visited":["Exordium"],"potions_floor_usage":[8],"damage_taken":[{"damage":0,"enemies":"Jaw Worm","floor":1,"turns":3},{"damage":0,"enemies":"Cultist","floor":2,"turns":2},{"damage":0,"enemies":"2 Louse","floor":5,"turns":3},{"damage":0,"enemies":"2 Fungi Beasts","floor":7,"turns":2},{"damage":8,"enemies":"Gremlin Nob","floor":8,"turns":4},{"damage":27,"enemies":"Lagavulin","floor":10,"turns":6},{"damage":0,"enemies":"3 Sentries","floor":14,"turns":3},{"damage":26,"enemies":"Hexaghost","floor":16,"turns":9}],"seed_played":"9202544479852330631","potions_obtained":[{"floor":5,"key":"Energy Potion"},{"floor":7,"key":"ColorlessPotion"},{"floor":10,"key":"StancePotion"}],"is_trial":false,"path_per_floor":["M","M","?","$","M","R","M","E","T","E","R","?","?","E","R","B"],"character_chosen":"WATCHER","items_purchased":[],"campfire_rested":0,"item_purchase_floors":[],"current_hp_per_floor":[61,61,61,61,62,62,63,56,56,30,30,30,35,36,36,10,10],"gold":202,"neow_bonus":"BOSS_RELIC","is_daily":false,"chose_seed":false,"campfire_upgraded":3,"win_rate":0.0,"timestamp":1612569565,"path_taken":["M","M","?","$","?","R","M","E","T","E","R","?","?","E","R","BOSS"],"items_purchased_type":[],"build_version":"2020-12-18","purchased_purges":1,"victory":false,"max_hp_per_floor":[68,68,68,68,69,69,70,71,71,72,72,65,70,71,71,71,71],"relic_stats":{"Nunchaku":[3],"Busted Crown":14,"FaceOfCleric":5,"Gremlin Horn":[0,0],"counters":[8,32],"Golden Idol":8,"obtain_stats":[{"Nunchaku":8,"Busted Crown":0,"FaceOfCleric":3,"Gremlin Horn":14,"Golden Idol":12,"The Courier":9,"PureWater":0,"Pocketwatch":10},{"Nunchaku":5,"Busted Crown":0,"FaceOfCleric":2,"Gremlin Horn":7,"Golden Idol":6,"The Courier":5,"PureWater":0,"Pocketwatch":6},{"Nunchaku":14,"Busted Crown":0,"FaceOfCleric":5,"Gremlin Horn":23,"Golden Idol":20,"The Courier":14,"PureWater":0,"Pocketwatch":20}],"Pocketwatch":[15]},"card_choices":[{"not_picked":[],"picked":"CutThroughFate","floor":1},{"not_picked":[],"picked":"Halt","floor":2},{"not_picked":[],"picked":"BowlingBash","floor":5},{"not_picked":[],"picked":"ClearTheMind","floor":7},{"not_picked":[],"picked":"EmptyFist","floor":8},{"not_picked":["FlyingSleeves"],"picked":"SKIP","floor":10},{"not_picked":[],"picked":"Wish","floor":14}],"player_experience":3474437,"relics_obtained":[{"floor":8,"key":"Nunchaku"},{"floor":9,"key":"The Courier"},{"floor":10,"key":"Pocketwatch"},{"floor":14,"key":"Gremlin Horn"}],"event_choices":[{"damage_healed":0,"gold_gain":0,"player_choice":"Trade","damage_taken":0,"relics_obtained":["FaceOfCleric"],"max_hp_gain":0,"max_hp_loss":0,"event_name":"FaceTrader","floor":3,"gold_loss":0},{"damage_healed":0,"gold_gain":0,"player_choice":"Lose Max HP","damage_taken":0,"relics_obtained":["Golden Idol"],"max_hp_gain":0,"max_hp_loss":7,"event_name":"Golden Idol","floor":12,"gold_loss":0},{"damage_healed":0,"gold_gain":0,"player_choice":"Donut","damage_taken":0,"max_hp_gain":5,"max_hp_loss":0,"event_name":"Big Fish","floor":13,"gold_loss":0}],"is_beta":true,"boss_relics":[],"items_purged_floors":[4],"is_endless":false,"potions_floor_spawned":[5,7,10],"killed_by":"Hexaghost","ascension_level":20}}