{"host":"0jile2yd1dg679g0","time":1612561723,"event":{"mods":["AchievementEnabler","Act Like it!","BaseMod","Better Third Choice","Colored Map","Colored Powertips","Gensokyo","Hermit","Luminous","Marisa????????","Minty Spire (QoL Compilation)","Random Character Button","Spicy Shops","StSLib","The Servant 0.9.4","Transform Curses","Waifu the Spire"],"gold_per_floor":[110,110,110,136,61,61,136,136,136,136,25,25,25,50,50,151,151,167,167,192,207,220,220,255,274,349,362,388,400,99,117,117,219,219,238,238,254,21,21,21,55,55,55,55,72,101,112,130,130,130],"floor_reached":51,"language":"ENG","playtime":5824,"items_purged":["Defend_G"],"score":1027,"play_id":"c013a954-3a8b-4e18-97f1-eeae2f2038fa","local_time":"20210205164843","is_ascension_mode":true,"campfire_choices":[{"data":"Dramatic Entrance","floor":6.0,"key":"SMITH"},{"floor":8.0,"key":"REST"},{"data":"Survivor","floor":10.0,"key":"SMITH"},{"data":"Footwork","floor":12.0,"key":"SMITH"},{"data":"Terror","floor":15.0,"key":"SMITH"},{"floor":23.0,"key":"REST"},{"floor":32.0,"key":"REST"},{"floor":40.0,"key":"REST"},{"floor":44.0,"key":"REST"},{"floor":49,"key":"REST"}],"circlet_count":0,"master_deck":["Strike_G","Strike_G+1","Strike_G+1","Strike_G","Defend_G","Defend_G","Defend_G","Defend_G","Survivor+1","Neutralize","Dramatic Entrance+1","Footwork+1","Terror+1","Poisoned Stab","Glass Knife","Well Laid Plans","Apotheosis","Cloak And Dagger","Setup+1","Deflect","Burst","Predator+1","Footwork","Blade Dance","Envenom","CurseOfTheBell","Backstab+1","Tools of the Trade","Blade Dance+1","Leg Sweep+1"],"relics":["Ring of the Snake","Toy Ornithopter","Ninja Scroll","InkBottle","Fusion Hammer","Oddly Smooth Stone","White Beast Statue","Singing Bowl","Mango","MealTicket","Calling Bell","Regal Pillow","Blue Candle","Calipers","Membership Card","PreservedInsect","Happy Flower","Bottled Lightning","Ancient Tea Set"],"acts_visited":["Exordium","TheCity","TheBeyond"],"potions_floor_usage":[48,50,50,50],"damage_taken":[{"damage":4.0,"enemies":"Jaw Worm","floor":1.0,"turns":6.0},{"damage":0.0,"enemies":"Lagavulin","floor":14.0,"turns":5.0},{"damage":55.0,"enemies":"Slime Boss","floor":16.0,"turns":17.0},{"damage":1.0,"enemies":"Spheric Guardian","floor":18.0,"turns":3.0},{"damage":9.0,"enemies":"Shell Parasite","floor":21.0,"turns":3.0},{"damage":0.0,"enemies":"Snake Plant","floor":22.0,"turns":4.0},{"damage":13.0,"enemies":"Slavers","floor":24.0,"turns":7.0},{"damage":2.0,"enemies":"Centurion and Healer","floor":25.0,"turns":4.0},{"damage":20.0,"enemies":"Snecko","floor":27.0,"turns":6.0},{"damage":12.0,"enemies":"Book of Stabbing","floor":28.0,"turns":5.0},{"damage":9.0,"enemies":"Sentry and Sphere","floor":29.0,"turns":4.0},{"damage":0.0,"enemies":"Centurion and Healer","floor":31.0,"turns":6.0},{"damage":7.0,"enemies":"Automaton","floor":33.0,"turns":12.0},{"damage":34.0,"enemies":"3 Shapes","floor":35.0,"turns":6.0},{"damage":14.0,"enemies":"3 Darklings","floor":37.0,"turns":8.0},{"damage":9.0,"enemies":"Giant Head","floor":41.0,"turns":6.0},{"damage":10.0,"enemies":"Spire Growth","floor":45.0,"turns":4.0},{"damage":32.0,"enemies":"Nemesis","floor":46.0,"turns":5.0},{"damage":12.0,"enemies":"Jaw Worm Horde","floor":47.0,"turns":3.0},{"damage":10,"enemies":"4 Shapes","floor":48,"turns":4},{"damage":83,"enemies":"Time Eater","floor":50,"turns":10}],"seed_played":"6756990730331607013","potions_obtained":[{"floor":1.0,"key":"Poison Potion"},{"floor":21.0,"key":"SteroidPotion"},{"floor":22.0,"key":"Strength Potion"},{"floor":25.0,"key":"ColorlessPotion"},{"floor":27.0,"key":"Regen Potion"},{"floor":28.0,"key":"Swift Potion"},{"floor":31.0,"key":"Block Potion"},{"floor":41.0,"key":"BlessingOfTheForge"},{"floor":46.0,"key":"DistilledChaos"},{"floor":47.0,"key":"CultistPotion"},{"floor":48,"key":"EssenceOfSteel"}],"is_trial":false,"path_per_floor":["M","?","?","T","$","R","?","R","T","R","$","R","?","E","R","B",null,"M","?","T","M","M","R","E","M","T","M","E","M","$","M","R","B",null,"M","?","M","$","$","R","E","?","T","R","M","E","M","M","R","B",null],"character_chosen":"THE_SILENT","items_purchased":["Footwork","Terror","MealTicket","Footwork","Blade Dance","Membership Card","PreservedInsect"],"campfire_rested":6,"item_purchase_floors":[11,11,30,30,30,38,38],"current_hp_per_floor":[59,64,57,57,57,57,46,68,68,68,68,68,53,53,53,3,57,56,56,56,47,47,69,56,54,54,34,38,31,31,33,61,54,85,53,53,39,54,69,97,93,92,92,92,84,57,45,42,85,32],"gold":130,"neow_bonus":"RANDOM_COLORLESS","is_daily":false,"chose_seed":false,"campfire_upgraded":4,"win_rate":0.0,"timestamp":1612561723,"path_taken":["M","?","?","?","$","R","?","R","T","R","?","R","?","E","R","BOSS","M","?","?","M","M","R","E","M","T","M","E","M","$","M","R","BOSS","M","?","M","?","$","R","E","?","T","R","M","E","M","M","R","BOSS"],"items_purchased_type":["Card","Card","Relic","Card","Card","Relic","Relic"],"build_version":"2020-12-22","purchased_purges":1,"victory":true,"max_hp_per_floor":[70,75,75,75,75,75,75,75,75,75,75,75,75,75,75,75,75,75,75,75,75,75,75,75,75,75,75,91,93,93,95,95,95,95,97,97,97,97,97,97,97,92,92,92,94,94,94,96,96,96],"card_choices":[{"not_picked":["Blind","Flash of Steel"],"picked":"Dramatic Entrance","floor":0.0},{"not_picked":["Tactician","Quick Slash","Dodge and Roll"],"picked":"SKIP","floor":1.0},{"not_picked":["Concentrate","Prepared"],"picked":"Poisoned Stab","floor":14.0},{"not_picked":["Night Terror","Storm of Steel"],"picked":"Glass Knife","floor":16.0},{"not_picked":["Deflect","Backflip"],"picked":"Well Laid Plans","floor":18.0},{"not_picked":["Escape Plan","Acrobatics"],"picked":"Cloak And Dagger","floor":21.0},{"not_picked":["Deflect+1","Deadly Poison+1"],"picked":"Setup+1","floor":22.0},{"not_picked":["Bane","Underhanded Strike"],"picked":"Deflect","floor":24.0},{"not_picked":["PiercingWail","Quick Slash"],"picked":"Burst","floor":25.0},{"not_picked":["Riddle With Holes","Outmaneuver+1"],"picked":"Predator+1","floor":27.0},{"not_picked":["Catalyst","Backflip","Blur"],"picked":"Singing Bowl","floor":28.0},{"not_picked":["Sucker Punch+1","Outmaneuver+1","Masterful Stab"],"picked":"Singing Bowl","floor":29.0},{"not_picked":["Sucker Punch+1","Dagger Spray","Deadly Poison"],"picked":"Singing Bowl","floor":31.0},{"not_picked":["Malaise","Phantasmal Killer"],"picked":"Envenom","floor":33.0},{"not_picked":["Blur","Prepared+1","Dagger Spray+1"],"picked":"Singing Bowl","floor":35.0},{"not_picked":["Backflip+1","Deflect+1"],"picked":"Backstab+1","floor":37.0},{"not_picked":["Expertise+1","Escape Plan"],"picked":"Tools of the Trade","floor":41.0},{"not_picked":["Sucker Punch+1","Concentrate+1","Setup+1"],"picked":"Singing Bowl","floor":45.0},{"not_picked":["Masterful Stab","Outmaneuver+1"],"picked":"Blade Dance+1","floor":46.0},{"not_picked":["Setup+1","Underhanded Strike"],"picked":"Leg Sweep+1","floor":47.0},{"not_picked":["Bane+1","Dash","Quick Slash+1"],"picked":"Singing Bowl","floor":48}],"player_experience":312702,"relics_obtained":[{"floor":4.0,"key":"Toy Ornithopter"},{"floor":9.0,"key":"Ninja Scroll"},{"floor":14.0,"key":"InkBottle"},{"floor":20.0,"key":"Oddly Smooth Stone"},{"floor":24.0,"key":"White Beast Statue"},{"floor":26.0,"key":"Singing Bowl"},{"floor":28.0,"key":"Mango"},{"floor":34.0,"key":"Regal Pillow"},{"floor":34.0,"key":"Blue Candle"},{"floor":34.0,"key":"Calipers"},{"floor":41.0,"key":"Happy Flower"},{"floor":43.0,"key":"Bottled Lightning"},{"floor":46.0,"key":"Ancient Tea Set"}],"event_choices":[{"damage_healed":0.0,"max_hp_gain":5.0,"max_hp_loss":0.0,"gold_gain":0.0,"event_name":"Big Fish","player_choice":"Donut","floor":2.0,"gold_loss":0.0,"damage_taken":0.0},{"cards_removed":["Strike_G"],"damage_healed":0.0,"max_hp_gain":0.0,"max_hp_loss":0.0,"gold_gain":0.0,"event_name":"Golden Wing","player_choice":"Card Removal","floor":3.0,"gold_loss":0.0,"damage_taken":7.0},{"damage_healed":0.0,"max_hp_gain":0.0,"max_hp_loss":0.0,"gold_gain":75.0,"event_name":"betterThird:BetterGoop","player_choice":"Gold","floor":7.0,"gold_loss":0.0,"damage_taken":11.0},{"damage_healed":68.0,"max_hp_gain":0.0,"max_hp_loss":75.0,"gold_gain":0.0,"event_name":"betterThird:BetterShining","player_choice":"Upgrade","floor":13.0,"gold_loss":0.0,"damage_taken":15.0,"cards_upgraded":["Strike_G","Strike_G"]},{"damage_healed":0.0,"max_hp_gain":0.0,"max_hp_loss":0.0,"gold_gain":0.0,"event_name":"Tomb of Lord Red Mask","player_choice":"Ignored","floor":36.0,"gold_loss":0.0,"damage_taken":0.0},{"damage_healed":0.0,"max_hp_gain":0.0,"max_hp_loss":5.0,"gold_gain":0.0,"event_name":"Winding Halls","player_choice":"Max HP","floor":42.0,"gold_loss":0.0,"damage_taken":0.0}],"is_beta":false,"boss_relics":[{"not_picked":["Snecko Eye","Astrolabe"],"picked":"Fusion Hammer"},{"not_picked":["Coffee Dripper","Runic Dome"],"picked":"Calling Bell"}],"items_purged_floors":[5],"is_endless":false,"potions_floor_spawned":[1,21,22,25,27,28,29,31,33,35,37,41,45,46,47,48],"ascension_level":8}}