{"host":"1ecbliur7lfoj0sl","time":1612500526,"event":{"mods":["BaseMod","Minty Spire (QoL Compilation)","StSLib","The Animator","Waifu the Spire"],"gold_per_floor":[129,204,204,223,173,173,199,124,124,24,24,24,24,24],"floor_reached":13,"language":"ZHS","playtime":555,"items_purged":["animator:Strike","animator:Strike"],"score":83,"play_id":"2d5665af-2c7a-4c8c-a6ef-11646892cd77","local_time":"20210205124846","is_ascension_mode":true,"campfire_choices":[{"data":"animator:AcuraShin","floor":6,"key":"SMITH"},{"data":"animator:DolaSchwi","floor":12,"key":"SMITH"}],"circlet_count":0,"master_deck":["animator:Strike_NoGameNoLife","animator:Defend_NoGameNoLife","animator:Defend","animator:Defend","animator:Defend","animator:DolaSchwi+1","animator:DolaCouronne","animator:AcuraShin+1","animator:Togame","animator:Evileye"],"relics":["animator:LivingPicture","animator:TheMissingPiece","animator:PurgingStone","animator:HeavyHalberd","HornCleat","Golden Idol"],"acts_visited":["Exordium"],"potions_floor_usage":[13],"damage_taken":[{"damage":2,"enemies":"Jaw Worm","floor":1,"turns":4},{"damage":1,"enemies":"Cultist","floor":4,"turns":5},{"damage":33,"enemies":"Lagavulin","floor":7,"turns":8},{"damage":13,"enemies":"Gremlin Nob","floor":13,"turns":3}],"seed_played":"8681535594045336937","potions_obtained":[{"floor":1,"key":"Fire Potion"},{"floor":3,"key":"Dexterity Potion"},{"floor":3,"key":"DistilledChaos"}],"is_trial":false,"path_per_floor":["M","?","?","M","?","R","E","$","T","$","?","R","E"],"character_chosen":"THE_ANIMATOR","items_purchased":[],"campfire_rested":0,"item_purchase_floors":[],"current_hp_per_floor":[58,47,47,46,46,46,13,13,13,13,13,13,0,0],"gold":24,"neow_bonus":"THREE_RARE_CARDS","is_daily":false,"chose_seed":false,"campfire_upgraded":2,"win_rate":0.0,"timestamp":1612500526,"path_taken":["M","?","?","?","?","R","E","?","T","$","?","R","E"],"items_purchased_type":[],"build_version":"2020-12-22","purchased_purges":2,"victory":false,"max_hp_per_floor":[60,60,60,60,60,60,60,60,60,60,56,56,56,56],"card_choices":[{"not_picked":["animator:HomuraAkemi","animator:MadokaKaname"],"picked":"animator:AcuraShin","floor":0},{"not_picked":["animator:Ciel","animator:YuiTsuruno"],"picked":"animator:Togame","floor":1},{"not_picked":["animator:MamiTomoe","animator:Berserker","animator:Sebas"],"picked":"SKIP","floor":4},{"not_picked":["animator:AcuraTooru","animator:DolaRiku"],"picked":"animator:Evileye","floor":7}],"player_experience":11583,"relics_obtained":[{"floor":7,"key":"animator:HeavyHalberd"},{"floor":9,"key":"HornCleat"}],"event_choices":[{"damage_healed":0,"gold_gain":75,"player_choice":"Gather Gold","damage_taken":11,"max_hp_gain":0,"max_hp_loss":0,"event_name":"World of Goop","floor":2,"gold_loss":0},{"damage_healed":0,"gold_gain":0,"player_choice":"Got Potions","damage_taken":0,"max_hp_gain":0,"max_hp_loss":0,"event_name":"Lab","floor":3,"gold_loss":0},{"cards_removed":["animator:Strike"],"damage_healed":0,"gold_gain":0,"player_choice":"Card Removal","damage_taken":0,"max_hp_gain":0,"max_hp_loss":0,"event_name":"The Cleric","floor":5,"gold_loss":50},{"damage_healed":0,"gold_gain":0,"player_choice":"Lose Max HP","damage_taken":0,"relics_obtained":["Golden Idol"],"max_hp_gain":0,"max_hp_loss":4,"event_name":"Golden Idol","floor":11,"gold_loss":0}],"is_beta":false,"boss_relics":[],"items_purged_floors":[8,10],"is_endless":false,"potions_floor_spawned":[1],"killed_by":"Gremlin Nob","ascension_level":1}}