{"host":"0s8kyghz8ihx2r41","time":1612505181,"event":{"mods":["100% Spire Juice","2.2 Compatiblity","Act Like it!","Bard","BaseMod","Block Reminder","CapriCore","Chen","Conspire","Downfall","Friendly Minions","GungeonMod","Hermit","HololiveMod","Hubris","Koishi","Lobotomy","LobotomyExtend","Marisa（霧雨　魔理沙）","Minty Spire (QoL Compilation)","Monster B Gone","Morshu Shopkeeper","Prisma Mod","Reimu（博??梦）","Reliquary","Replay The Spire","Spire Birthday Party","StSLib","The Administrix","The Alterego","The Clintock","The Construct","The Cursed","The Disciple","The Edgeheg","The Gatherer","The Immortal","The Marked","The Mystic","The Paleblood","The Servant 0.9.4","TheBandit","TheSwordswoman","TheVacant","Waifu the Spire","Yakumo Yukari mod","Yuyuko","everything is the same but u backflip on backflip","slay the spire mod where everything is the same but ironclad has a cowboy hat"],"gold_per_floor":[11,29,49,49,89,89,106,106,106,66,123,123,2,17,17,17,17],"floor_reached":16,"language":"ENG","playtime":614,"items_purged":[],"score":90,"play_id":"77357a35-4066-4966-af0a-9300b472bb32","local_time":"20210205010621","is_ascension_mode":false,"campfire_choices":[{"data":"DemoMod:MachoBrace","floor":6,"key":"SMITH"},{"data":"DemoMod:HighKaliber","floor":8,"key":"SMITH"},{"floor":15,"key":"REST"}],"circlet_count":0,"master_deck":["DemoMod:Strike_Huntress","DemoMod:Strike_Huntress","DemoMod:Strike_Huntress","DemoMod:Defend_Huntress","DemoMod:Defend_Huntress","DemoMod:Defend_Huntress","DemoMod:Defend_Huntress","DemoMod:Roll","DemoMod:ManualReload","DemoMod:RustySidearm","DemoMod:CrossBow","DemoMod:HighKaliber+1","DemoMod:LifeOrb","DemoMod:MachoBrace+1","DemoMod:PotionOfGunFriendShip","DemoMod:Camera","DemoMod:SkilledReload","DemoMod:DoubleSwitch","DemoMod:EasyReloadBullets","DemoMod:AWP"],"relics":["DemoMod:Dog","Counterbalance","LetterFromLob","Ancient Tea Set","hubris:DisguiseKit","PaintedHorse:ReiMu","DemoMod:MonsterBlood","DemoMod:Plus1Bullets","DemoMod:PinkGuonStone"],"acts_visited":["Exordium"],"potions_floor_usage":[11,16,16],"damage_taken":[{"damage":2,"enemies":"Small Slimes","floor":1,"turns":4},{"damage":4,"enemies":"Jaw Worm","floor":2,"turns":4},{"damage":0,"enemies":"Cultist","floor":3,"turns":2},{"damage":0,"enemies":"Large Slime","floor":5,"turns":5},{"damage":0,"enemies":"Large Slime","floor":7,"turns":4},{"damage":9,"enemies":"Lagavulin Event","floor":11,"turns":3},{"damage":11,"enemies":"3 Louse","floor":14,"turns":3},{"damage":58,"enemies":"Hexaghost","floor":16,"turns":3}],"seed_played":"-5657211644857376892","potions_obtained":[{"floor":2,"key":"EssenceOfSteel"},{"floor":3,"key":"Adrenaline Potion"},{"floor":7,"key":"Swift Potion"}],"is_trial":false,"path_per_floor":["M","M","M","?","?","R","M","R","T","?","?","$","$","M","R","B"],"character_chosen":"HUNTRESS","items_purchased":["DemoMod:Plus1Bullets","DemoMod:PinkGuonStone","DemoMod:DoubleSwitch","DemoMod:EasyReloadBullets"],"campfire_rested":1,"item_purchase_floors":[12,12,13,13],"current_hp_per_floor":[68,64,64,64,64,64,64,64,64,64,62,42,42,31,56,0,0],"gold":17,"neow_bonus":"ONE_RARE_RELIC","is_daily":false,"chose_seed":false,"campfire_upgraded":2,"win_rate":0.0,"timestamp":1612505181,"path_taken":["M","M","M","?","?","R","M","R","T","?","?","?","$","M","R","BOSS"],"items_purchased_type":["Relic","Relic","Card","Card"],"build_version":"2020-12-22","purchased_purges":0,"victory":false,"max_hp_per_floor":[70,70,70,70,70,70,70,70,70,70,77,84,84,84,84,84,84],"card_choices":[{"not_picked":["DemoMod:HuntsMan","DemoMod:ConditionalReflex"],"picked":"DemoMod:HighKaliber","floor":1},{"not_picked":["DemoMod:MachoBrace","DemoMod:DirectionalPad"],"picked":"DemoMod:LifeOrb","floor":2},{"not_picked":["DemoMod:FortunesFavor","DemoMod:DirectionalPad"],"picked":"DemoMod:MachoBrace","floor":3},{"not_picked":["DemoMod:HuntsMan","DemoMod:Ejector"],"picked":"DemoMod:PotionOfGunFriendShip","floor":5},{"not_picked":["DemoMod:Purify","DemoMod:ZorGun"],"picked":"DemoMod:Camera","floor":7},{"not_picked":["DemoMod:GunstockTap","DemoMod:LifeOrb","Gouge"],"picked":"DemoMod:SkilledReload","floor":11},{"not_picked":["DemoMod:HardPowerCard","DemoMod:GunstockTap","Rearm"],"picked":"DemoMod:AWP","floor":14}],"player_experience":360755,"relics_obtained":[{"floor":1,"key":"LetterFromLob"},{"floor":5,"key":"Ancient Tea Set"},{"floor":9,"key":"hubris:DisguiseKit"},{"floor":11,"key":"DemoMod:MonsterBlood"}],"event_choices":[{"damage_healed":0,"gold_gain":0,"player_choice":"Leave","damage_taken":0,"max_hp_gain":0,"max_hp_loss":0,"event_name":"The Cleric","floor":4,"gold_loss":0},{"damage_healed":0,"gold_gain":0,"player_choice":"Donate","damage_taken":0,"relics_obtained":["PaintedHorse:ReiMu"],"max_hp_gain":0,"max_hp_loss":0,"event_name":"yidonshenshe","floor":10,"gold_loss":40},{"damage_healed":0,"gold_gain":0,"player_choice":"Searched \u00271\u0027 times","damage_taken":0,"max_hp_gain":0,"max_hp_loss":0,"event_name":"Dead Adventurer","floor":11,"gold_loss":0}],"is_beta":false,"boss_relics":[],"items_purged_floors":[],"is_endless":false,"potions_floor_spawned":[2,3,7],"killed_by":"Hexaghost","ascension_level":0}}