{"host":"wghdsg8ym2wc7ov9","time":1612492023,"event":{"mods":["A Penny For Your Troubles","AchievementEnabler","Astrologer","BaseMod","Beaked The Cultist","Better Altar","Better Note","ChefMod","Colored Map","Evolution","Fox Events","Hermit","Highlight Path","Jorbs\u0027s Wanderer Trilogy","KinomotoSakuraMod(????)","Minty Spire (QoL Compilation)","Random Character Button","Relic Stats","SIMod","Shop Mod","StSLib","The Blackbeard","The Bladedancer","The Construct","The Cursed","The Death Knight","The Gatherer","The Hierophant","The Marked","The Mystic","The Necromancer","The Runesmith","The Senshi","The Servant 0.9.4"],"gold_per_floor":[114,129,129,129,144,144,174,174,199,229,244,274,274,289,289,389,389,404,419,434,434,134,134,134,134,159,159,174,174,174,204,204,304,304,319,334,44,59,59,59,59,59],"floor_reached":41,"language":"ENG","playtime":5586,"items_purged":[],"score":531,"play_id":"53b40fa1-26af-40a3-b2f8-699b7e016ce7","local_time":"20210204182703","daily_mods":["Specialized","Blue Cards","Elite Swarm"],"is_ascension_mode":false,"campfire_choices":[{"data":"chefmod:QuickThaw","floor":6,"key":"SMITH"},{"floor":8,"key":"REST"},{"floor":13,"key":"REST"},{"data":"chefmod:CandyBowl","floor":15,"key":"SMITH"},{"floor":23,"key":"REST"},{"data":"chefmod:OrderUp","floor":25,"key":"SMITH"},{"data":"chefmod:PrepCook","floor":27,"key":"SMITH"},{"floor":29,"key":"REST"},{"floor":32,"key":"REST"},{"data":"chefmod:NewMenu","floor":40,"key":"SMITH"}],"circlet_count":0,"master_deck":["chefmod:Defend","chefmod:Defend+1","chefmod:Defend","chefmod:Defend","chefmod:TodaysSpecial+1","chefmod:Omelette","chefmod:Omelette","chefmod:Omelette","chefmod:Omelette","chefmod:Omelette","chefmod:TonkotsuRamen","chefmod:NewMenu+1","chefmod:CandyBowl+1","chefmod:OldCookbook","chefmod:OrderUp+1","chefmod:CuttingBoard+1","chefmod:PrepCook+1","chefmod:FreezeSolid","chefmod:FreezeSolid","chefmod:PotatoGratin+1","chefmod:PrepCook","chefmod:Granita","chefmod:Sorbet","chefmod:LocoMoco","chefmod:OldCookbook","chefmod:ZaruSoba+1","chefmod:ColdSteel+1","chefmod:Julienne+1","chefmod:FrozenTuna+1","chefmod:MonsterBait+1","chefmod:Flambe+1","chefmod:FreezerBurn+1","chefmod:LiquidNitrogen+1","chefmod:Puree+1","chefmod:FryPan+1","chefmod:FireUp+1","chefmod:CayenneCloud+1","chefmod:Julienne+1","chefmod:KnifeFlurry+1","chefmod:MonsterBait+1","chefmod:DoubleChop+1","chefmod:IcePick+1","chefmod:Flambe+1"],"relics":["chefmod:TrustyPot","EVO:Axolotl","Tiny Chest","War Paint","Boot","StoneCalendar","Philosopher\u0027s Stone","Bag of Marbles","Orrery","Juzu Bracelet","Art of War","Coffee Dripper"],"acts_visited":["Exordium","TheCity","TheBeyond"],"potions_floor_usage":[10,16,18,20,30,30,35,36,38],"damage_taken":[{"damage":0,"enemies":"2 Louse","floor":1,"turns":3},{"damage":0,"enemies":"Small Slimes","floor":2,"turns":3},{"damage":0,"enemies":"Cultist","floor":5,"turns":3},{"damage":26,"enemies":"3 Sentries","floor":7,"turns":8},{"damage":38,"enemies":"Gremlin Nob","floor":10,"turns":5},{"damage":0,"enemies":"Exordium Wildlife","floor":11,"turns":3},{"damage":0,"enemies":"Lagavulin","floor":12,"turns":7},{"damage":1,"enemies":"Blue Slaver","floor":14,"turns":2},{"damage":43,"enemies":"Hexaghost","floor":16,"turns":8},{"damage":11,"enemies":"Spheric Guardian","floor":18,"turns":3},{"damage":27,"enemies":"2 Thieves","floor":19,"turns":3},{"damage":18,"enemies":"Snake Plant","floor":20,"turns":4},{"damage":19,"enemies":"Snecko","floor":28,"turns":6},{"damage":0,"enemies":"Chosen and Byrds","floor":30,"turns":1},{"damage":0,"enemies":"Gremlin Leader","floor":31,"turns":5},{"damage":21,"enemies":"Automaton","floor":33,"turns":10},{"damage":7,"enemies":"Orb Walker","floor":35,"turns":4},{"damage":22,"enemies":"3 Shapes","floor":36,"turns":3},{"damage":47,"enemies":"Maw","floor":38,"turns":7},{"damage":18,"enemies":"Nemesis","floor":41,"turns":2}],"seed_played":"-8643747277835071688","potions_obtained":[{"floor":1,"key":"Strength Potion"},{"floor":2,"key":"Dexterity Potion"},{"floor":10,"key":"Explosive Potion"},{"floor":14,"key":"GamblersBrew"},{"floor":16,"key":"chefmod:PotionOfPlenty"},{"floor":19,"key":"SmokeBomb"},{"floor":31,"key":"SpeedPotion"},{"floor":33,"key":"Weak Potion"},{"floor":35,"key":"Regen Potion"}],"is_trial":false,"path_per_floor":["M","M","?","?","M","R","E","R","T","E","M","E","R","M","R","B",null,"M","M","M","?","$","R","?","R","T","R","M","R","M","E","R","B",null,"M","M","$","M","?","R","E"],"character_chosen":"THE_CHEF","items_purchased":["Bag of Marbles","Orrery","chefmod:Sorbet","chefmod:MonsterBait","chefmod:LocoMoco","chefmod:OldCookbook","chefmod:HotSoup"],"campfire_rested":5,"item_purchase_floors":[22,22,37,37,37,37,37],"current_hp_per_floor":[76,76,76,76,76,76,50,72,72,34,34,34,56,55,55,12,76,65,38,20,20,20,42,42,42,42,42,23,45,45,45,67,46,76,69,47,47,15,15,15,0,0],"gold":59,"neow_bonus":"","is_daily":true,"chose_seed":false,"campfire_upgraded":5,"win_rate":0.0,"timestamp":1612492023,"path_taken":["M","M","?","?","?","R","E","R","T","E","M","E","R","M","R","BOSS","M","M","M","?","$","R","?","R","T","R","M","R","M","E","R","BOSS","M","M","$","M","?","R","E"],"items_purchased_type":["Relic","Relic","Card","Card","Card","Card","Card"],"build_version":"2020-12-22","purchased_purges":0,"victory":false,"max_hp_per_floor":[76,76,76,76,76,76,76,76,76,76,76,76,76,76,76,76,76,76,76,76,76,76,76,76,76,76,76,76,76,76,76,76,76,76,76,76,76,76,76,76,76,76],"relic_stats":{"counters":[20,90],"Tiny Chest":0,"StoneCalendar":[99],"Juzu Bracelet":0,"Art of War":[2],"War Paint":["chefmod:Defend","chefmod:TodaysSpecial"],"Boot":[28],"obtain_stats":[{"chefmod:TrustyPot":0,"Orrery":22,"Tiny Chest":7,"StoneCalendar":12,"Philosopher\u0027s Stone":17,"Bag of Marbles":22,"Juzu Bracelet":26,"Art of War":31,"Coffee Dripper":34,"EVO:Axolotl":0,"War Paint":9,"Boot":10},{"chefmod:TrustyPot":0,"Orrery":12,"Tiny Chest":4,"StoneCalendar":7,"Philosopher\u0027s Stone":9,"Bag of Marbles":12,"Juzu Bracelet":12,"Art of War":15,"Coffee Dripper":16,"EVO:Axolotl":0,"War Paint":4,"Boot":5},{"chefmod:TrustyPot":0,"Orrery":52,"Tiny Chest":17,"StoneCalendar":32,"Philosopher\u0027s Stone":42,"Bag of Marbles":52,"Juzu Bracelet":52,"Art of War":64,"Coffee Dripper":74,"EVO:Axolotl":0,"War Paint":17,"Boot":22}]},"card_choices":[{"not_picked":["chefmod:Gelato","chefmod:Defrost"],"picked":"chefmod:HotSoup","floor":1},{"not_picked":["chefmod:Flambe","chefmod:FireUp"],"picked":"chefmod:TonkotsuRamen","floor":2},{"not_picked":["chefmod:Gelato","chefmod:Omelette"],"picked":"chefmod:NewMenu","floor":5},{"not_picked":["chefmod:RisingDough","chefmod:Canape"],"picked":"chefmod:DeathByChocolate","floor":7},{"not_picked":["chefmod:FullCourseMeal","chefmod:RisingDough"],"picked":"chefmod:CandyBowl","floor":10},{"not_picked":["chefmod:HotSoup","chefmod:BaoBuns"],"picked":"chefmod:OldCookbook","floor":11},{"not_picked":["chefmod:DeathByChocolate","chefmod:TastyDistraction"],"picked":"chefmod:FrozenTuna","floor":12},{"not_picked":["chefmod:BaoBuns","chefmod:TonkotsuRamen"],"picked":"chefmod:Leftovers","floor":14},{"not_picked":["chefmod:DeathByChocolate","chefmod:TwoForOne"],"picked":"chefmod:OrderUp","floor":16},{"not_picked":["chefmod:GroceryDelivery+1","chefmod:IcePick"],"picked":"chefmod:HotSoup","floor":18},{"not_picked":["chefmod:DinoKale+1","chefmod:BaoBuns"],"picked":"chefmod:CuttingBoard+1","floor":19},{"not_picked":["chefmod:HotSoup","chefmod:Chop+1"],"picked":"chefmod:FireUp","floor":20},{"not_picked":["chefmod:HotSoup","chefmod:FireUp+1"],"picked":"chefmod:PrepCook","floor":22},{"not_picked":["chefmod:SushiPlatter","chefmod:FryPan"],"picked":"chefmod:FullBurn","floor":22},{"not_picked":["chefmod:Gelato","chefmod:LiquidNitrogen"],"picked":"chefmod:FreezeSolid","floor":22},{"not_picked":["chefmod:Chop","chefmod:SaveForLater+1"],"picked":"chefmod:Puree+1","floor":22},{"not_picked":["chefmod:Defrost","chefmod:FireUp+1"],"picked":"chefmod:FreezeSolid","floor":22},{"not_picked":["chefmod:FiveAlarmChili","chefmod:HotSoup"],"picked":"chefmod:PotatoGratin+1","floor":28},{"not_picked":["chefmod:FullCourseMeal","chefmod:Canape"],"picked":"chefmod:PrepCook","floor":31},{"not_picked":["chefmod:BananaSplit","chefmod:PrepCook"],"picked":"chefmod:FrozenTuna","floor":33},{"not_picked":["chefmod:OldCookbook+1","chefmod:FreshProduce"],"picked":"chefmod:Chop+1","floor":35},{"not_picked":["chefmod:FiveAlarmChili","chefmod:BaoBuns"],"picked":"chefmod:Granita","floor":36},{"not_picked":["chefmod:IcePick","chefmod:Defrost"],"picked":"chefmod:ZaruSoba+1","floor":38}],"player_experience":887982,"relics_obtained":[{"floor":7,"key":"Tiny Chest"},{"floor":9,"key":"War Paint"},{"floor":10,"key":"Boot"},{"floor":12,"key":"StoneCalendar"},{"floor":26,"key":"Juzu Bracelet"},{"floor":31,"key":"Art of War"}],"event_choices":[{"damage_healed":0,"gold_gain":0,"player_choice":"Leave","damage_taken":0,"max_hp_gain":0,"max_hp_loss":0,"event_name":"The Cleric","floor":3,"gold_loss":0},{"damage_healed":0,"gold_gain":0,"player_choice":"Ignored","damage_taken":0,"max_hp_gain":0,"max_hp_loss":0,"event_name":"Purifier","floor":4,"gold_loss":0},{"damage_healed":0,"gold_gain":0,"player_choice":"Ignored","damage_taken":0,"max_hp_gain":0,"max_hp_loss":0,"event_name":"Vampires","floor":21,"gold_loss":0},{"damage_healed":0,"gold_gain":0,"player_choice":"Bought 0 Potions","damage_taken":0,"max_hp_gain":0,"max_hp_loss":0,"event_name":"The Woman in Blue","floor":24,"gold_loss":0}],"is_beta":false,"boss_relics":[{"not_picked":["Astrolabe","beaked:MawFillet"],"picked":"Philosopher\u0027s Stone"},{"not_picked":["Velvet Choker","Cursed Key"],"picked":"Coffee Dripper"}],"items_purged_floors":[],"is_endless":false,"potions_floor_spawned":[1,2,10,14,16,19,31,33,35],"killed_by":"Nemesis","ascension_level":0}}