{"host":"74dg6ta44i9qan6e","time":1612562306,"event":{"mods":["Act Like it!","BaseMod","Downfall","Hubris","Infinite Spire","Minty Spire (QoL Compilation)","Replay The Spire","StSLib","The Bug Knight","Waifu the Spire"],"gold_per_floor":[99,117,131,151,10,35,62,62,512,412,412,443,443,461,479,583,583,583,595,615,67,67,87,113,130,15,43,63,105,137,180,209,338,338,138,167,196,52,90,208,208,261,280,331,395,395,395,404,423,423,423,484,72,72,72,72],"floor_reached":57,"language":"ENG","playtime":5420,"items_purged":["hexamod:Strike","downfall:Icky","downfall:Malfunctioning","downfall:Icky","downfall:Icky"],"score":1527,"play_id":"cdaacb4c-e7c6-426b-b9bf-a34520374b8d","local_time":"20210205165826","is_ascension_mode":true,"campfire_choices":[{"floor":1.0,"key":"RECALL"},{"floor":10.0,"key":"REST"},{"data":"hexamod:RainOfEmbers","floor":13,"key":"SMITH"},{"data":"hexamod:TimeWarp","floor":18,"key":"SMITH"},{"data":"hexamod:TimeWarp","floor":35,"key":"SMITH"},{"data":"hexamod:TimeOfNeed","floor":47,"key":"SMITH"},{"floor":54,"key":"REST"}],"circlet_count":0,"master_deck":["hexamod:Strike","hexamod:Strike+1","hexamod:Strike+1","hexamod:Defend","hexamod:Defend+1","hexamod:Defend+1","hexamod:Defend+1","hexamod:Sear","hexamod:Float","hexamod:RainOfEmbers+1","hexamod:GhostShield","hexamod:ThirdSeal","hexamod:PhantomCloak+1","hexamod:GhostflameBarrier","hexamod:ExtraCrispy+1","hexamod:FourthSeal","hexamod:Hexaguard","hexamod:VolcanoVisage","hexamod:SpectralAdrenaline","hexamod:GhostOfSpirePast","hexamod:RetreatToShadows","hexamod:Rewind","hexamod:TimeWarp+1","hexamod:TimeOfNeed+1","hexamod:SpectersWail+1","hexamod:SpectersWail+1","hexamod:Again+1","hexamod:Hexaguard","hexamod:Haunt","hexamod:GhostOfSpirePast","hexamod:UnlimitedPower","infinitespire:Starlight","hexamod:GhostLash","hexamod:Haunt","hexamod:Hexaguard","hexamod:RecurringNightmare+1","hexamod:AdvancingGuard+1","hexamod:InspiringFlames","hexamod:FlameSwitch","hexamod:ApocalypticArmor","hexamod:FlamesFromBeyond","hexamod:ThirdSeal","hexamod:AdvancingGuard","hexamod:SpectersWail+1","hexamod:GhostShield","hexamod:EmpoweredFlame+1","hexamod:AdvancingGuard","hexamod:FourthSeal","hexamod:AdvancingGuard","hexamod:TimeWarp+1","hexamod:ApocalypticArmor","hexamod:UnlimitedPower","hexamod:SpectersWail","hexamod:EtherealExpedition","hexamod:UnleashSpirits","hexamod:BacktrackSmack+1","hexamod:PhantomCloak","hexamod:GhostShield+1","hexamod:PhantomCloak","hexamod:SpectersWail+1","hexamod:SpectersWail+1","hexamod:ApocalypticArmor","hexamod:GhostOfSpireFuture","hexamod:NightmareGuise+1","Parasite","hexamod:AdvancingGuard","hexamod:SecondSeal","hexamod:HeatShield+1","hexamod:FastForward+1","hexamod:WildfireWeapon","hubris:Rewind","hexamod:EmpoweredFlame","hexamod:FlameSwitch","hexamod:NightmareGuise+1","hexamod:NightmareStrike+1","hexamod:EmpoweredFlame"],"relics":["hubris:HollowSoul","Toy Ornithopter","Gremlin Food","downfall:HeartBlessingRed","Bag of Marbles","bronze:MakeshiftBattery","Whetstone","Garlic","Chameleon Ring","CeramicFish","Calipers","Philosopher\u0027s Stone","downfall:HeartBlessingGreen","downfall:HeartBlessingBlue","Membership Card","Oddly Smooth Stone","Molten Egg 2","White Beast Statue","hubris:CrystalStatue","hubris:SphereOfDissonance","hexamod:Sixitude","hubris:DeckOfHolding","Meat on the Bone","hubris:VirtuousBlindfold","infinitespire:Eraser","Ginger","Replay:Towering Pillar of Hats"],"acts_visited":["Exordium","TheCity","TheBeyond","TheEnding"],"potions_floor_usage":[16,16,16,19,20,20,21,21,23,29,29,30,31,33,33,33,38,39,40,40,42,44,44,45,45,49,49,50,55,56,56],"damage_taken":[{"damage":6.0,"enemies":"2 Louse","floor":2.0,"turns":3.0},{"damage":5.0,"enemies":"Small Slimes","floor":3.0,"turns":3.0},{"damage":0.0,"enemies":"Jaw Worm","floor":4.0,"turns":3.0},{"damage":5.0,"enemies":"downfall:FleeingMerchant","floor":5.0,"turns":4.0},{"damage":18.0,"enemies":"Gremlin Nob","floor":6.0,"turns":4.0},{"damage":13.0,"enemies":"Lagavulin","floor":12.0,"turns":7.0},{"damage":14,"enemies":"Red Slaver","floor":14,"turns":4},{"damage":15,"enemies":"3 Louse","floor":15,"turns":4},{"damage":6,"enemies":"SI_SHIV_ARCHETYPE","floor":16,"turns":10},{"damage":18,"enemies":"3 Byrds","floor":19,"turns":6},{"damage":34,"enemies":"Cultist and Chosen","floor":20,"turns":6},{"damage":6,"enemies":"downfall:FleeingMerchant","floor":21,"turns":4},{"damage":8,"enemies":"Snecko","floor":23,"turns":5},{"damage":9,"enemies":"3 Cultists","floor":25,"turns":4},{"damage":0,"enemies":"downfall:FleeingMerchant","floor":26,"turns":4},{"damage":5,"enemies":"Replay:Snechameleon","floor":27,"turns":6},{"damage":19,"enemies":"Cultist and Chosen","floor":28,"turns":5},{"damage":39,"enemies":"Slavers","floor":29,"turns":4},{"damage":8,"enemies":"Chosen and Byrds","floor":30,"turns":5},{"damage":1,"enemies":"Replay:Snechameleon","floor":31,"turns":6},{"damage":12,"enemies":"Shelled Parasite and Fungi","floor":32,"turns":3},{"damage":19,"enemies":"IC_MUSHROOM_ARCHETYPE","floor":33,"turns":11},{"damage":6,"enemies":"Orb Walker","floor":36,"turns":3},{"damage":3,"enemies":"3 Shapes","floor":37,"turns":3},{"damage":0,"enemies":"downfall:FleeingMerchant","floor":38,"turns":1},{"damage":0,"enemies":"Maw","floor":39,"turns":6},{"damage":3,"enemies":"downfall:LadyInBlue","floor":40,"turns":9},{"damage":10,"enemies":"Reptomancer","floor":42,"turns":6},{"damage":14,"enemies":"Jaw Worm Horde","floor":43,"turns":3},{"damage":0,"enemies":"Writhing Mass","floor":44,"turns":6},{"damage":30,"enemies":"2 Orb Walkers","floor":45,"turns":5},{"damage":6,"enemies":"Sphere and 2 Shapes","floor":49,"turns":4},{"damage":14,"enemies":"WA_ARCHETYPE_DIVINITY","floor":50,"turns":15},{"damage":79,"enemies":"downfall:CharBossMerchant","floor":52,"turns":12},{"damage":12,"enemies":"downfall:NeowBoss","floor":55,"turns":20},{"damage":81,"enemies":"downfall:NeowBossFinal","floor":56,"turns":11}],"seed_played":"6283488887042860899","potions_obtained":[{"floor":2.0,"key":"LifebloodPotion"},{"floor":3.0,"key":"Adrenaline Potion"},{"floor":12.0,"key":"EssenceOfSteel"},{"floor":12.0,"key":"Dexterity Potion"},{"floor":16,"key":"Block Potion"},{"floor":16,"key":"Swift Potion"},{"floor":19,"key":"Death Potion"},{"floor":20,"key":"Toxic Potion"},{"floor":20,"key":"Energy Potion"},{"floor":21,"key":"Fruit Juice"},{"floor":23,"key":"Ancient Potion"},{"floor":23,"key":"Venom Potion"},{"floor":25,"key":"hexamod:DoubleChargePotion"},{"floor":26,"key":"hexamod:InfernoChargePotion"},{"floor":29,"key":"SpeedPotion"},{"floor":29,"key":"SteroidPotion"},{"floor":30,"key":"sneckomod:MuddlingPotion"},{"floor":31,"key":"Ancient Potion"},{"floor":33,"key":"Adrenaline Potion"},{"floor":33,"key":"sneckomod:MuddlingPotion"},{"floor":36,"key":"SpeedPotion"},{"floor":37,"key":"AttackPotion"},{"floor":39,"key":"ColorlessPotion"},{"floor":40,"key":"Fruit Juice"},{"floor":40,"key":"SkillPotion"},{"floor":42,"key":"Swift Potion"},{"floor":42,"key":"CultistPotion"},{"floor":44,"key":"FearPotion"},{"floor":44,"key":"Fruit Juice"},{"floor":45,"key":"PowerPotion"},{"floor":45,"key":"SneckoOil"},{"floor":49,"key":"Weak Potion"},{"floor":52,"key":"Weak Potion"},{"floor":52,"key":"hexamod:EctoCoolerPotion"},{"floor":52,"key":"hexamod:SoulburnPotion"}],"is_trial":false,"path_per_floor":["R","M","M","M","$","E","T","?","?","R","?","E","R","M","M","B",null,"R","M","M","$","?","M","T","M","$","E","M","E","M","E","M","B",null,"R","M","M","$","M","?","T","E","M","M","?","T","R","AVR","M","B",null,"E","$","R","B","B",null],"character_chosen":"THE_SPIRIT","items_purchased":["hexamod:ExtraCrispy+1","Whetstone","Garlic","hexamod:UnlimitedPower","Membership Card","Oddly Smooth Stone","Molten Egg 2","hexamod:BacktrackSmack+1","hexamod:PhantomCloak","Regen Potion","Ginger","Replay:Towering Pillar of Hats","hexamod:EmpoweredFlame"],"campfire_rested":2,"item_purchase_floors":[5,21,21,21,38,38,38,38,38,38,53,53,53],"current_hp_per_floor":[70,64,59,59,54,36,36,36,36,57,57,44,44,30,15,24,70,70,52,28,32,15,27,27,18,28,33,24,5,12,16,4,10,75,85,79,76,81,85,92,92,82,68,99,84,84,84,84,88,89,99,32,32,61,64,25],"gold":72,"neow_bonus":"BOSS_RELIC","is_daily":false,"chose_seed":false,"campfire_upgraded":4,"win_rate":0.0,"timestamp":1612562306,"path_taken":["R","M","M","M","$","E","T","?","?","R","?","E","R","?","M","BOSS","R","M","M","?","?","M","T","M","$","E","M","E","M","E","M","BOSS","R","M","M","$","M","?","T","E","M","?","?","?","R","AVR","M","BOSS","E","$","R","BOSS","BOSS"],"items_purchased_type":["Card","Relic","Relic","Card","Relic","Relic","Relic","Card","Card","Potion","Relic","Relic","Card"],"build_version":"2020-12-22","purchased_purges":5,"victory":true,"max_hp_per_floor":[70,70,70,70,70,70,70,70,70,70,70,70,70,70,70,70,70,70,70,70,70,70,75,75,75,75,75,75,75,75,75,75,75,75,85,85,85,85,85,92,92,92,92,99,99,99,99,99,99,99,99,99,99,99,99,99],"card_choices":[{"not_picked":["hexamod:PhantomFireball","hexamod:ThermalTransfer"],"picked":"hexamod:RainOfEmbers","floor":2.0},{"not_picked":["hexamod:GhostOfSpireFuture","hexamod:NecessarySacrifice"],"picked":"hexamod:GhostShield","floor":3.0},{"not_picked":["hexamod:FirstSeal","hexamod:Rewind"],"picked":"hexamod:ThirdSeal","floor":4.0},{"not_picked":["hexamod:HauntingEcho","hexamod:HeatMetal"],"picked":"hexamod:PhantomCloak","floor":5.0},{"not_picked":["hexamod:EmpoweredFlame","hexamod:GhostLash"],"picked":"hexamod:GhostflameBarrier","floor":5.0},{"not_picked":["hexamod:RainOfEmbers","hexamod:DynamicBlow"],"picked":"hexamod:FourthSeal","floor":6.0},{"not_picked":["hexamod:GhostLash","hexamod:CatchUp"],"picked":"hexamod:Hexaguard","floor":12.0},{"not_picked":["hexamod:Hexaguard","hexamod:SuperheatedStrike"],"picked":"hexamod:VolcanoVisage","floor":12.0},{"not_picked":["hexamod:HauntingEcho","hexamod:HeatCrush"],"picked":"hexamod:SpectralAdrenaline","floor":14},{"not_picked":["hexamod:SkipABeat","hexamod:BurningTouch"],"picked":"hexamod:GhostOfSpirePast","floor":14},{"not_picked":["hexamod:FastForward","hexamod:HeatMetal"],"picked":"hexamod:RetreatToShadows","floor":15},{"not_picked":["hexamod:HeatMetal","hexamod:RadiantFlame"],"picked":"hexamod:Rewind","floor":15},{"not_picked":["hexamod:SearingWound","hexamod:FifthSeal"],"picked":"hexamod:TimeWarp","floor":16},{"not_picked":["hexamod:TurnItUp","hexamod:WildfireWeapon"],"picked":"hexamod:TimeOfNeed","floor":16},{"not_picked":["hexamod:HeatMetal","hexamod:NecessarySacrifice"],"picked":"hexamod:SpectersWail","floor":19},{"not_picked":["hexamod:GhostflameBarrier","hexamod:StepThrough"],"picked":"hexamod:SpectersWail+1","floor":19},{"not_picked":["hexamod:Firestarter","hexamod:HeatMetal"],"picked":"hexamod:Again+1","floor":20},{"not_picked":["hexamod:Incineration+1","hexamod:GhostShield"],"picked":"hexamod:Hexaguard","floor":20},{"not_picked":["hexamod:ShieldOfDarkness","hexamod:SwordOfDarkness"],"picked":"hexamod:Haunt","floor":21},{"not_picked":["hexamod:HeatCrush","hexamod:NecessarySacrifice"],"picked":"hexamod:GhostOfSpirePast","floor":21},{"not_picked":["infinitespire:TheBestDefense","infinitespire:Menacing"],"picked":"infinitespire:Starlight","floor":22},{"not_picked":["hexamod:HeatCrush+1","hexamod:RainOfEmbers"],"picked":"hexamod:GhostLash","floor":23},{"not_picked":["hexamod:BurningTouch","hexamod:HeatMetal"],"picked":"hexamod:Haunt","floor":23},{"not_picked":["hexamod:ShieldOfDarkness","hexamod:GhostShield"],"picked":"hexamod:Hexaguard","floor":25},{"not_picked":["hexamod:PhantomFireball","hexamod:FlamesFromBeyond"],"picked":"hexamod:RecurringNightmare+1","floor":25},{"not_picked":["hexamod:SpectersWail+1","hexamod:InspiringFlames+1"],"picked":"hexamod:AdvancingGuard+1","floor":26},{"not_picked":["hexamod:SuperheatedStrike+1","hexamod:HauntingEcho"],"picked":"hexamod:InspiringFlames","floor":26},{"not_picked":["hexamod:SoulSteal","hexamod:ThermalTransfer+1"],"picked":"hexamod:FlameSwitch","floor":27},{"not_picked":["hexamod:EtherealExpedition","hexamod:FastForward"],"picked":"hexamod:ApocalypticArmor","floor":27},{"not_picked":["hexamod:GhostShield+1","hexamod:BurningTouch"],"picked":"hexamod:FlamesFromBeyond","floor":28},{"not_picked":["hexamod:FourthSeal","hexamod:Firestarter"],"picked":"hexamod:ThirdSeal","floor":29},{"not_picked":["hexamod:NightmareStrike","hexamod:Firestarter"],"picked":"hexamod:AdvancingGuard","floor":29},{"not_picked":["hexamod:NightmareStrike","hexamod:ChargedBarrage"],"picked":"hexamod:SpectersWail+1","floor":30},{"not_picked":["hexamod:ThermalTransfer+1","hexamod:SoulSteal"],"picked":"hexamod:GhostShield","floor":30},{"not_picked":["hexamod:SoulSteal","hexamod:FlameSwitch"],"picked":"hexamod:EmpoweredFlame+1","floor":31},{"not_picked":["hexamod:Haunt","hexamod:GhostflameBarrier"],"picked":"hexamod:AdvancingGuard","floor":31},{"not_picked":["hexamod:SpectersWail","hexamod:GhostOfSpireFuture"],"picked":"hexamod:FourthSeal","floor":32},{"not_picked":["hexamod:NightmareStrike","hexamod:NightmareGuise"],"picked":"hexamod:AdvancingGuard","floor":32},{"not_picked":["hexamod:UnleashSpirits","hexamod:WildfireWeapon"],"picked":"hexamod:TimeWarp","floor":33},{"not_picked":["hexamod:Toasty","hexamod:GhostOfSpirePresent"],"picked":"hexamod:ApocalypticArmor","floor":33},{"not_picked":["hexamod:TimeOfNeed","hexamod:HexaLevel"],"picked":"hexamod:UnlimitedPower","floor":33},{"not_picked":["hexamod:HeatMetal","hexamod:SwordOfDarkness+1"],"picked":"hexamod:SpectersWail","floor":36},{"not_picked":["hexamod:GhostOfSpirePresent","hexamod:BurningTouch"],"picked":"hexamod:EtherealExpedition","floor":37},{"not_picked":["hexamod:FlamesFromBeyond","hexamod:RecurringNightmare"],"picked":"hexamod:UnleashSpirits","floor":38},{"not_picked":["hexamod:SkipABeat+1","hexamod:SuperheatedStrike+1"],"picked":"hexamod:GhostShield+1","floor":39},{"not_picked":["hexamod:InspiringFlames+1","hexamod:SwordOfDarkness+1"],"picked":"hexamod:PhantomCloak","floor":39},{"not_picked":["hexamod:Firestarter+1","hexamod:GhostLash+1","hexamod:PhantomFireball+1"],"picked":"SKIP","floor":39},{"not_picked":["hexamod:ThermalTransfer+1","hexamod:ThirdSeal"],"picked":"hexamod:SpectersWail+1","floor":40},{"not_picked":["hexamod:HauntingEcho+1","hexamod:ChargedBarrage+1"],"picked":"hexamod:SpectersWail+1","floor":40},{"not_picked":["hexamod:SwordOfDarkness+1","hexamod:HeatShield+1"],"picked":"hexamod:ApocalypticArmor","floor":42},{"not_picked":["hexamod:Hexaguard+1","hexamod:FastForward"],"picked":"hexamod:GhostOfSpireFuture","floor":42},{"not_picked":["hexamod:GhostShield+1","hexamod:InspiringFlames"],"picked":"hexamod:NightmareGuise+1","floor":43},{"not_picked":["hexamod:UnleashSpirits+1","hexamod:ThermalTransfer+1"],"picked":"hexamod:AdvancingGuard","floor":44},{"not_picked":["hexamod:Firestarter+1","hexamod:FlamesFromBeyond+1"],"picked":"hexamod:SecondSeal","floor":44},{"not_picked":["hexamod:BurningTouch+1","hexamod:Firestarter+1","hexamod:HeatShield+1"],"picked":"SKIP","floor":44},{"not_picked":["hexamod:BurningTouch+1","hexamod:Firestarter+1"],"picked":"hexamod:HeatShield+1","floor":44},{"not_picked":["hexamod:RetreatToShadows","hexamod:Firestarter+1"],"picked":"hexamod:FastForward+1","floor":45},{"not_picked":["hexamod:GhostOfSpireFuture","hexamod:InspiringFlames"],"picked":"hexamod:WildfireWeapon","floor":45},{"not_picked":["hexamod:GhostOfSpireFuture+1","hexamod:RecurringNightmare+1"],"picked":"hexamod:EmpoweredFlame","floor":49},{"not_picked":["hexamod:SkipABeat","hexamod:NightmareStrike+1"],"picked":"hexamod:FlameSwitch","floor":52},{"not_picked":["hexamod:SpectralAdrenaline","hexamod:NightmareStrike+1"],"picked":"hexamod:NightmareGuise+1","floor":52},{"not_picked":["hexamod:InspiringFlames","hexamod:HauntingEcho+1"],"picked":"hexamod:NightmareStrike+1","floor":52}],"player_experience":583223,"relics_obtained":[{"floor":6.0,"key":"Toy Ornithopter"},{"floor":7.0,"key":"Gremlin Food"},{"floor":12.0,"key":"Bag of Marbles"},{"floor":27,"key":"Chameleon Ring"},{"floor":29,"key":"CeramicFish"},{"floor":31,"key":"Calipers"},{"floor":40,"key":"White Beast Statue"},{"floor":41,"key":"hubris:CrystalStatue"},{"floor":42,"key":"hubris:SphereOfDissonance"},{"floor":45,"key":"hexamod:Sixitude"},{"floor":46,"key":"hubris:DeckOfHolding"},{"floor":52,"key":"infinitespire:Eraser"}],"event_choices":[{"damage_healed":0,"gold_gain":0,"player_choice":"Fight","damage_taken":0,"max_hp_gain":0,"max_hp_loss":0,"event_name":"Mysterious Sphere","floor":45,"gold_loss":0}],"is_beta":false,"boss_relics":[{"not_picked":["Replay:Bronze Core","SacredBark"],"picked":"bronze:MakeshiftBattery"},{"not_picked":["Calling Bell","Abe\u0027s Treasure"],"picked":"Philosopher\u0027s Stone"}],"items_purged_floors":[5,26,38,48,53],"is_endless":false,"potions_floor_spawned":[2,3,12,16,20,23,25,29,30,31,36,37,42,43,44,45,49,52],"ascension_level":2}}