{"host":"xz7n3qy1zq36rzpg","time":1612485096,"event":{"mods":["BaseMod","Colored Map","Colored Powertips","Highlight Path","Minty Spire (QoL Compilation)","Quick Restart","Shop Mod"],"gold_per_floor":[119,138,63,63,17,17,50,68,123,142,175,175,1,22,22,147,147,160,178,178,178,178],"floor_reached":21,"language":"ENG","playtime":1174,"items_purged":["Defend_B","Strike_B"],"score":246,"play_id":"f18f0d20-e7a6-4aee-9fd1-d3f90154489f","local_time":"20210205013136","is_ascension_mode":true,"campfire_choices":[{"data":"Gash","floor":6,"key":"SMITH"},{"data":"Hologram","floor":12,"key":"SMITH"},{"data":"Gash","floor":15,"key":"SMITH"}],"circlet_count":0,"master_deck":["Zap","Dualcast","Auto Shields","Hello World","Gash+1","Steam","Gash","Hologram+1","Gash+1","Core Surge","Turbo","Double Energy","Rebound","Defragment+1","Rebound","Self Repair","Leap","Coolheaded"],"relics":["Cracked Core","NeowsBlessing","Golden Idol","Anchor","Blood Vial","Omamori","Pandora\u0027s Box"],"acts_visited":["Exordium","TheCity"],"potions_floor_usage":[11,11,16],"damage_taken":[{"damage":0,"enemies":"Cultist","floor":1,"turns":1},{"damage":0,"enemies":"2 Louse","floor":2,"turns":1},{"damage":0,"enemies":"Lagavulin","floor":7,"turns":1},{"damage":0,"enemies":"Jaw Worm","floor":8,"turns":3},{"damage":7,"enemies":"Exordium Wildlife","floor":10,"turns":4},{"damage":7,"enemies":"Gremlin Nob","floor":11,"turns":3},{"damage":4,"enemies":"Red Slaver","floor":14,"turns":3},{"damage":36,"enemies":"Slime Boss","floor":16,"turns":9},{"damage":24,"enemies":"Chosen","floor":18,"turns":5},{"damage":42,"enemies":"2 Thieves","floor":19,"turns":4},{"damage":24,"enemies":"Snake Plant","floor":21,"turns":2}],"seed_played":"-4196221485224521521","potions_obtained":[{"floor":1,"key":"AttackPotion"},{"floor":8,"key":"Explosive Potion"},{"floor":10,"key":"SpeedPotion"},{"floor":16,"key":"PotionOfCapacity"}],"is_trial":false,"path_per_floor":["M","M","$","?","$","R","E","M","T","M","E","R","$","M","R","B",null,"M","M","?","M"],"character_chosen":"DEFECT","items_purchased":["Gash","LiquidMemories"],"campfire_rested":0,"item_purchase_floors":[5,13],"current_hp_per_floor":[75,75,75,57,57,57,57,57,57,52,47,47,47,45,45,11,75,51,18,18,0,0],"gold":178,"neow_bonus":"THREE_ENEMY_KILL","is_daily":false,"chose_seed":false,"campfire_upgraded":3,"win_rate":0.0,"timestamp":1612485096,"path_taken":["M","?","?","?","$","R","E","M","T","M","E","R","?","M","R","BOSS","M","M","?","M"],"items_purchased_type":["Card","Potion"],"build_version":"2020-12-22","purchased_purges":2,"victory":false,"max_hp_per_floor":[75,75,75,75,75,75,75,75,75,75,75,75,75,75,75,75,75,75,75,75,75,75],"card_choices":[{"not_picked":["Reprogram","Stack"],"picked":"Auto Shields","floor":1},{"not_picked":["Stack","Rebound"],"picked":"Hello World","floor":2},{"not_picked":["Stack","Conserve Battery"],"picked":"Steam","floor":7},{"not_picked":["Conserve Battery","Streamline"],"picked":"Gash","floor":8},{"not_picked":["Rebound","Fusion","Meteor Strike"],"picked":"SKIP","floor":10},{"not_picked":["Coolheaded","Leap"],"picked":"Hologram","floor":11},{"not_picked":["Turbo","Sweeping Beam"],"picked":"Gash","floor":14},{"not_picked":["Multi-Cast","Machine Learning"],"picked":"Core Surge","floor":16},{"not_picked":["Rebound","Stack"],"picked":"Leap","floor":18},{"not_picked":["Gash","Streamline"],"picked":"Coolheaded","floor":19}],"player_experience":414233,"relics_obtained":[{"floor":7,"key":"Anchor"},{"floor":9,"key":"Blood Vial"},{"floor":11,"key":"Omamori"}],"event_choices":[{"damage_healed":0,"gold_gain":0,"player_choice":"Take Damage","damage_taken":18,"relics_obtained":["Golden Idol"],"max_hp_gain":0,"max_hp_loss":0,"event_name":"Golden Idol","floor":4,"gold_loss":0},{"damage_healed":0,"gold_gain":0,"player_choice":"Forge","damage_taken":0,"max_hp_gain":0,"max_hp_loss":0,"event_name":"Accursed Blacksmith","floor":20,"gold_loss":0,"cards_upgraded":["Defragment"]}],"is_beta":false,"boss_relics":[{"not_picked":["Busted Crown","SlaversCollar"],"picked":"Pandora\u0027s Box"}],"items_purged_floors":[3,13],"is_endless":false,"potions_floor_spawned":[1,8,10,16],"killed_by":"Snake Plant","ascension_level":3}}