{"host":"skr63qsdfgeey3it","time":1612551990,"event":{"mods":["BaseMod","Colored Map","Hubris","Minty Spire (QoL Compilation)","Monster B Gone","Reliquary","Replay The Spire","Spicy Shops","StSLib"],"gold_per_floor":[112,123,141,69,89,115,115,150,150,168,168,180,180,200,200,200,200],"floor_reached":16,"language":"ENG","playtime":488,"items_purged":[],"score":194,"play_id":"09ce20b0-ee2b-4c00-8999-180af8a8b7a5","local_time":"20210205130630","is_ascension_mode":true,"campfire_choices":[{"data":"Bash","floor":7,"key":"SMITH"},{"floor":11,"key":"REST"},{"data":"Offering","floor":13,"key":"SMITH"},{"floor":15,"key":"REST"}],"circlet_count":0,"master_deck":["AscendersBane","Immolate","Strike_R","Strike_R","Strike_R","Strike_R","Strike_R","Defend_R","Defend_R","Defend_R","Defend_R","Bash+1","ReplayTheSpireMod:Strike From Hell","Warcry","Battle Trance","Feel No Pain","Carnage","Sentinel","Offering+1","Wild Strike","Shrug It Off"],"relics":["Burning Blood","Red Skull","hubris:FunFungus","Bottled Lightning"],"acts_visited":["Exordium"],"potions_floor_usage":[6,6,16],"damage_taken":[{"damage":1,"enemies":"Cultist","floor":1,"turns":3},{"damage":0,"enemies":"2 Louse","floor":2,"turns":1},{"damage":3,"enemies":"Small Slimes","floor":3,"turns":4},{"damage":8,"enemies":"2 Fungi Beasts","floor":5,"turns":3},{"damage":34,"enemies":"Lagavulin","floor":6,"turns":5},{"damage":32,"enemies":"Gremlin Nob","floor":8,"turns":4},{"damage":6,"enemies":"Exordium Wildlife","floor":10,"turns":1},{"damage":6,"enemies":"Blue Slaver","floor":12,"turns":2},{"damage":19,"enemies":"3 Louse","floor":14,"turns":3},{"damage":66,"enemies":"Hexaghost","floor":16,"turns":7}],"seed_played":"6124552539973441156","potions_obtained":[{"floor":2,"key":"LiquidBronze"},{"floor":5,"key":"SteroidPotion"},{"floor":14,"key":"Swift Potion"}],"is_trial":false,"path_per_floor":["M","M","M","$","M","E","R","E","T","M","R","M","R","M","R","B"],"character_chosen":"IRONCLAD","items_purchased":["Feel No Pain"],"campfire_rested":2,"item_purchase_floors":[4],"current_hp_per_floor":[69,75,78,78,76,48,48,22,22,22,48,48,48,35,61,0,0],"gold":200,"neow_bonus":"TWENTY_PERCENT_HP_BONUS","is_daily":false,"chose_seed":false,"campfire_upgraded":2,"win_rate":0.0,"timestamp":1612551990,"path_taken":["M","M","?","$","M","E","R","E","T","M","R","M","R","M","R","BOSS"],"items_purchased_type":["Card"],"build_version":"2020-12-22","purchased_purges":0,"victory":false,"max_hp_per_floor":[89,89,89,89,89,89,89,89,89,89,89,89,89,89,89,89,89],"card_choices":[{"not_picked":["Iron Wave","Clash"],"picked":"ReplayTheSpireMod:Strike From Hell","floor":1},{"not_picked":["Searing Blow","Uppercut"],"picked":"Warcry","floor":2},{"not_picked":["ReplayReversal","Twin Strike"],"picked":"Battle Trance","floor":3},{"not_picked":["Headbutt","Run Through"],"picked":"Carnage","floor":5},{"not_picked":["Uppercut","Dropkick"],"picked":"Sentinel","floor":6},{"not_picked":["ReplayTheSpireMod:Strike From Hell","Run Through"],"picked":"Offering","floor":8},{"not_picked":["Pommel Strike","Body Slam","ReplayTheSpireMod:Corrosion Curse"],"picked":"SKIP","floor":10},{"not_picked":["Heavy Blade","Perfected Strike"],"picked":"Wild Strike","floor":12},{"not_picked":["Heavy Blade","Wild Strike"],"picked":"Shrug It Off","floor":14}],"player_experience":877719,"relics_obtained":[{"floor":6,"key":"Red Skull"},{"floor":8,"key":"hubris:FunFungus"},{"floor":9,"key":"Bottled Lightning"}],"event_choices":[],"is_beta":false,"boss_relics":[],"items_purged_floors":[],"is_endless":false,"potions_floor_spawned":[2,5,14],"killed_by":"Hexaghost","ascension_level":14}}