{"host":"1gxyv4nzk9y6vrq3","time":1612488359,"event":{"mods":["Bartender","BaseMod","Downfall","Duelist Mod","Marisa????????","Minty Spire (QoL Compilation)","Relic Stats","StSLib","The Servant 0.9.4"],"gold_per_floor":[116,130,147,147,162,187,205,205,205,225,74,74,86,102,102,207,207,223,223,223,50,63,63,77,97,97,97,117,117,135,145,145,250,250,261,278,21,21,21],"floor_reached":38,"language":"ENG","playtime":3750,"items_purged":["Writhe","Strike_Bartender"],"score":384,"play_id":"ad40851d-4b71-4f37-bc8f-99ab56d5fc55","local_time":"20210204172559","is_ascension_mode":false,"campfire_choices":[{"floor":8,"key":"REST"},{"floor":15,"key":"REST"},{"floor":23,"key":"REST"},{"floor":27,"key":"REST"},{"floor":32,"key":"REST"}],"circlet_count":0,"master_deck":["Strike_Bartender","Defend_Bartender","Defend_Bartender","Defend_Bartender","Defend_Bartender","Somersault","OpoOpo_Form","Step_Of_The_Wind","Fading_Blow","Rising_Crane","Ripple","Ripple","Blizzard_Spikes","Form_Shift","Wall_of_Ice","Slimebound:CheckThePlaybook","Mirage","Mirage","Necronomicurse","Butterfly_Float","Greased_Lightning+1","Ripple+1"],"relics":["Sneakers","Dream Catcher","Incense Burner","Protect_Vest","Silver_Glasses","Gambling Chip","Sundial","Necronomicon","Empty Cage","Lantern"],"acts_visited":["Exordium","TheCity","TheBeyond"],"potions_floor_usage":[16,16,16,22,25,33,33,33],"damage_taken":[{"damage":2,"enemies":"Small Slimes","floor":1,"turns":3},{"damage":13,"enemies":"Jaw Worm","floor":2,"turns":5},{"damage":0,"enemies":"Cultist","floor":3,"turns":4},{"damage":2,"enemies":"Large Slime","floor":5,"turns":8},{"damage":17,"enemies":"Gremlin Nob","floor":6,"turns":5},{"damage":12,"enemies":"2 Fungi Beasts","floor":7,"turns":4},{"damage":14,"enemies":"Exordium Thugs","floor":10,"turns":5},{"damage":1,"enemies":"Blue Slaver","floor":13,"turns":4},{"damage":0,"enemies":"Red Slaver","floor":14,"turns":3},{"damage":47,"enemies":"The Guardian","floor":16,"turns":16},{"damage":0,"enemies":"Shell Parasite","floor":18,"turns":7},{"damage":17,"enemies":"Chosen","floor":22,"turns":5},{"damage":13,"enemies":"Centurion and Healer","floor":24,"turns":6},{"damage":30,"enemies":"3 Cultists","floor":25,"turns":7},{"damage":0,"enemies":"Shelled Parasite and Fungi","floor":28,"turns":8},{"damage":4,"enemies":"Snake Plant","floor":30,"turns":5},{"damage":0,"enemies":"Centurion and Healer","floor":31,"turns":9},{"damage":24,"enemies":"Automaton","floor":33,"turns":11},{"damage":11,"enemies":"Orb Walker","floor":35,"turns":7},{"damage":28,"enemies":"3 Shapes","floor":36,"turns":7},{"damage":55,"enemies":"Maw","floor":38,"turns":16}],"seed_played":"-2153220889954169562","potions_obtained":[{"floor":1,"key":"ColorlessPotion"},{"floor":2,"key":"LiquidMemories"},{"floor":10,"key":"Energy Potion"},{"floor":14,"key":"Strength Potion"},{"floor":24,"key":"Block Potion"},{"floor":28,"key":"DuplicationPotion"}],"is_trial":false,"path_per_floor":["M","M","M","?","M","E","M","R","T","M","$","?","M","M","R","B",null,"M","?","?","$","M","R","M","M","T","R","M","?","M","M","R","B",null,"M","M","$","M"],"character_chosen":"BARTENDER","items_purchased":["Protect_Vest","EntropicBrew","Lantern"],"campfire_rested":5,"item_purchase_floors":[11,21,37],"current_hp_per_floor":[75,62,62,67,65,48,36,60,60,46,46,46,45,45,69,22,82,82,54,54,54,37,61,48,18,18,42,42,26,22,22,46,22,82,71,43,43,0,0],"gold":21,"neow_bonus":"TEN_PERCENT_HP_BONUS","is_daily":false,"chose_seed":false,"campfire_upgraded":0,"win_rate":0.0,"timestamp":1612488359,"path_taken":["M","M","M","?","M","E","M","R","T","M","$","?","M","M","R","BOSS","M","?","?","$","M","R","M","M","T","R","M","?","M","M","R","BOSS","M","M","$","M"],"items_purchased_type":["Relic","Potion","Relic"],"build_version":"2020-12-22","purchased_purges":2,"victory":false,"max_hp_per_floor":[77,77,77,82,82,82,82,82,82,82,82,82,82,82,82,82,82,82,82,82,82,82,82,82,82,82,82,82,82,82,82,82,82,82,82,82,82,82,82],"relic_stats":{"Dream Catcher":5,"counters":[21,143],"Sundial":[14],"Gambling Chip":[31],"Necronomicon":[4],"obtain_stats":[{"Dream Catcher":6,"Lantern":37,"Sneakers":0,"Sundial":26,"Gambling Chip":20,"Incense Burner":9,"Protect_Vest":11,"Necronomicon":29,"Empty Cage":34,"Silver_Glasses":17},{"Dream Catcher":5,"Lantern":20,"Sneakers":0,"Sundial":14,"Gambling Chip":11,"Incense Burner":6,"Protect_Vest":7,"Necronomicon":15,"Empty Cage":18,"Silver_Glasses":10},{"Dream Catcher":25,"Lantern":127,"Sneakers":0,"Sundial":82,"Gambling Chip":64,"Incense Burner":29,"Protect_Vest":34,"Necronomicon":89,"Empty Cage":113,"Silver_Glasses":57}]},"card_choices":[{"not_picked":["Fading_Blow","Pony_Shot"],"picked":"OpoOpo_Form","floor":1},{"not_picked":["RockBreaker","Sucker_Punch"],"picked":"Step_Of_The_Wind","floor":2},{"not_picked":["Bicycle_Kick","Scoop"],"picked":"Fading_Blow","floor":3},{"not_picked":["Rope_A_Dope","Hook"],"picked":"Rising_Crane","floor":5},{"not_picked":["Ball_Of_Ice","Bouncer","Tornado_Kick"],"picked":"SKIP","floor":6},{"not_picked":["Phantom_Blow","Ball_Of_Ice","Dragonkick"],"picked":"SKIP","floor":7},{"not_picked":["Foot_Thrust","Power_Up_Punch"],"picked":"Ripple","floor":10},{"not_picked":["RockBreaker","Breathe_Deep"],"picked":"Ripple","floor":13},{"not_picked":["Hook","Snap_Punch"],"picked":"Blizzard_Spikes","floor":14},{"not_picked":["High_Tide","Storage"],"picked":"Form_Shift","floor":16},{"not_picked":["On_The_Rocks","Waterkick+1"],"picked":"Wall_of_Ice","floor":18},{"not_picked":["Scowl","ThreeSidedStar+1"],"picked":"Mirage","floor":22},{"not_picked":["Alacrity","Mirage","Scoop"],"picked":"SKIP","floor":24},{"not_picked":["Foot_Thrust","ThreeSidedStar"],"picked":"Mirage","floor":25},{"not_picked":["Center_Self","Scoop","Wall_of_Ice"],"picked":"SKIP","floor":28},{"not_picked":["Mirage","Feint","Ball_Of_Ice"],"picked":"SKIP","floor":30},{"not_picked":["On_The_House","Free_Pour","Fight_Dirty"],"picked":"SKIP","floor":31},{"not_picked":["Cold_Blooded","Liquid_Armor"],"picked":"Butterfly_Float","floor":33},{"not_picked":["Free_Pour+1","With_A_Twist"],"picked":"Greased_Lightning+1","floor":35},{"not_picked":["Free_Pour","Bitters"],"picked":"Ripple+1","floor":36}],"player_experience":47938,"relics_obtained":[{"floor":6,"key":"Dream Catcher"},{"floor":9,"key":"Incense Burner"},{"floor":26,"key":"Sundial"},{"floor":29,"key":"Necronomicon"}],"event_choices":[{"damage_healed":0,"gold_gain":0,"player_choice":"Donut","damage_taken":0,"max_hp_gain":5,"max_hp_loss":0,"event_name":"Big Fish","floor":4,"gold_loss":0},{"damage_healed":0,"gold_gain":0,"player_choice":"Ignored","damage_taken":0,"max_hp_gain":0,"max_hp_loss":0,"event_name":"NoteForYourself","floor":12,"gold_loss":0},{"damage_healed":0,"gold_gain":0,"player_choice":"Opened","damage_taken":0,"relics_obtained":["Gambling Chip"],"max_hp_gain":0,"max_hp_loss":0,"event_name":"The Mausoleum","floor":20,"gold_loss":0,"cards_obtained":["Writhe"]},{"damage_healed":0,"gold_gain":0,"player_choice":"Obtained Book","damage_taken":16,"max_hp_gain":0,"max_hp_loss":0,"event_name":"Cursed Tome","floor":29,"gold_loss":0}],"is_beta":false,"boss_relics":[{"not_picked":["Velvet Choker","SlaversCollar"],"picked":"Silver_Glasses"},{"not_picked":["Sozu","SacredBark"],"picked":"Empty Cage"}],"items_purged_floors":[21,37],"is_endless":false,"potions_floor_spawned":[1,2,10,14,24,28,31],"killed_by":"Maw","ascension_level":0}}