{"host":"188x3om7sf6mgxv1","time":1612561259,"event":{"mods":["BaseMod","Bestiary","Block Reminder","Downfall","Minty Spire (QoL Compilation)","Relic Stats","StSLib"],"gold_per_floor":[116,126,126,126,144,144,165,204,204,204,217,217,250,275,275,403,403,426,469,469,469,469,505,505,540,540,561,581,681,700,719,719,838,838,862,862,862],"floor_reached":36,"language":"ENG","playtime":1358,"items_purged":[],"score":480,"play_id":"cae395ee-f735-4135-8ca2-5a2aa2b5aecc","local_time":"20210205164059","is_ascension_mode":true,"campfire_choices":[{"data":"Anger","floor":6.0,"key":"SMITH"},{"data":"True Grit","floor":10.0,"key":"SMITH"},{"data":"Rage","floor":15.0,"key":"SMITH"},{"floor":24,"key":"REST"},{"data":"Limit Break","floor":32,"key":"SMITH"}],"circlet_count":0,"master_deck":["Defend_R","Defend_R","Defend_R","Defend_R","Bash","Anger+1","True Grit+1","Perfected Strike","Anger","Rage+1","Iron Wave","Fiend Fire","Inflame+1","Bite","Bite","Bite","Bite","Bite","RitualDagger","Feel No Pain+1","Bloodletting+1","Limit Break+1","Burning Pact","Flame Barrier+1","True Grit","Offering","Carnage+1"],"relics":["Runic Pyramid","Golden Idol","Shuriken","Darkstone Periapt","Frozen Egg 2","Philosopher\u0027s Stone","Red Mask","Omamori","Nunchaku","Matryoshka","Velvet Choker"],"acts_visited":["TheCity","TheBeyond"],"potions_floor_usage":[23,23,25,30,30,33,35],"damage_taken":[{"damage":0.0,"enemies":"Small Slimes","floor":1.0,"turns":4.0},{"damage":9.0,"enemies":"Jaw Worm","floor":2.0,"turns":3.0},{"damage":1.0,"enemies":"Cultist","floor":5.0,"turns":3.0},{"damage":6.0,"enemies":"2 Fungi Beasts","floor":7.0,"turns":4.0},{"damage":15.0,"enemies":"3 Sentries","floor":8.0,"turns":8.0},{"damage":13.0,"enemies":"Large Slime","floor":11.0,"turns":4.0},{"damage":7.0,"enemies":"Lagavulin","floor":13.0,"turns":6.0},{"damage":0.0,"enemies":"Exordium Wildlife","floor":14.0,"turns":3.0},{"damage":15.0,"enemies":"Slime Boss","floor":16.0,"turns":7.0},{"damage":0.0,"enemies":"Chosen","floor":18.0,"turns":3.0},{"damage":42.0,"enemies":"Masked Bandits","floor":19.0,"turns":5.0},{"damage":36,"enemies":"Slavers","floor":23,"turns":5},{"damage":3,"enemies":"Gremlin Leader","floor":25,"turns":5},{"damage":7,"enemies":"Spheric Guardian","floor":27,"turns":3},{"damage":12,"enemies":"3 Cultists","floor":28,"turns":5},{"damage":23,"enemies":"Snake Plant","floor":30,"turns":4},{"damage":9,"enemies":"Centurion and Healer","floor":31,"turns":13},{"damage":28,"enemies":"Automaton","floor":33,"turns":8},{"damage":8,"enemies":"3 Shapes","floor":35,"turns":5},{"damage":66,"enemies":"2 Orb Walkers","floor":36,"turns":5}],"seed_played":"-5679681271417775527","potions_obtained":[{"floor":2.0,"key":"SneckoOil"},{"floor":7.0,"key":"Dexterity Potion"},{"floor":14.0,"key":"SteroidPotion"},{"floor":23,"key":"Fruit Juice"},{"floor":28,"key":"ElixirPotion"},{"floor":30,"key":"SteroidPotion"},{"floor":33,"key":"Block Potion"}],"is_trial":false,"path_per_floor":["M","M","?","?","M","R","M","E","T","R","M","T","E","M","R","B",null,"M","?","?","?","?","E","R","E","T","M","M","?","M","M","R","B",null,"M","?"],"character_chosen":"IRONCLAD","items_purchased":[],"campfire_rested":1,"item_purchase_floors":[],"current_hp_per_floor":[80,71,76,76,75,75,69,54,54,54,41,41,34,34,34,19,79,79,37,37,31,31,7,23,24,24,23,23,23,9,28,28,18,60,56,0,0],"gold":862,"neow_bonus":"BOSS_RELIC","is_daily":false,"chose_seed":false,"campfire_upgraded":4,"win_rate":0.0,"timestamp":1612561259,"path_taken":["M","M","?","?","M","R","M","E","T","R","M","?","E","M","R","BOSS","M","?","?","?","?","E","R","E","T","M","?","?","?","M","R","BOSS","M","?"],"items_purchased_type":[],"build_version":"2020-12-22","purchased_purges":0,"victory":false,"max_hp_per_floor":[80,80,85,79,79,79,79,79,79,79,79,79,79,79,79,79,79,79,79,55,55,55,55,55,55,55,55,55,55,60,60,60,60,60,60,60,60],"relic_stats":{"Darkstone Periapt":0,"Nunchaku":[8],"counters":[20,103],"Golden Idol":143,"Shuriken":[31],"obtain_stats":[{"Darkstone Periapt":9,"Nunchaku":25,"Matryoshka":26,"Golden Idol":4,"Shuriken":8,"Velvet Choker":34,"Philosopher\u0027s Stone":17,"Red Mask":19,"Omamori":23,"Frozen Egg 2":13,"Burning Blood":0,"Runic Pyramid":0},{"Darkstone Periapt":5,"Nunchaku":13,"Matryoshka":13,"Golden Idol":2,"Shuriken":5,"Velvet Choker":18,"Philosopher\u0027s Stone":9,"Red Mask":11,"Omamori":12,"Frozen Egg 2":7,"Burning Blood":0,"Runic Pyramid":0},{"Darkstone Periapt":22,"Nunchaku":60,"Matryoshka":60,"Golden Idol":7,"Shuriken":22,"Velvet Choker":93,"Philosopher\u0027s Stone":42,"Red Mask":50,"Omamori":55,"Frozen Egg 2":32,"Burning Blood":0,"Runic Pyramid":0}]},"card_choices":[{"not_picked":["Warcry","True Grit"],"picked":"Anger","floor":1.0},{"not_picked":["Headbutt","Sword Boomerang","Body Slam"],"picked":"SKIP","floor":2.0},{"not_picked":["Entrench","Double Tap"],"picked":"True Grit","floor":5.0},{"not_picked":["Sever Soul","True Grit"],"picked":"Perfected Strike","floor":7.0},{"not_picked":["Clothesline","Headbutt"],"picked":"Anger","floor":8.0},{"not_picked":["Perfected Strike","Twin Strike","Body Slam"],"picked":"SKIP","floor":11.0},{"not_picked":["Body Slam","Iron Wave"],"picked":"Rage","floor":13.0},{"not_picked":["Headbutt","Sword Boomerang"],"picked":"Iron Wave","floor":14.0},{"not_picked":["Brutality+1","Corruption+1"],"picked":"Fiend Fire","floor":16.0},{"not_picked":["Body Slam","Sword Boomerang","Rupture+1"],"picked":"SKIP","floor":18.0},{"not_picked":["Warcry","Combust+1"],"picked":"Inflame+1","floor":19.0},{"not_picked":["Disarm","Heavy Blade+1"],"picked":"Feel No Pain+1","floor":23},{"not_picked":["Pommel Strike+1","Entrench"],"picked":"Bloodletting+1","floor":25},{"not_picked":["Power Through+1","Headbutt+1"],"picked":"Limit Break","floor":27},{"not_picked":["Pommel Strike","Thunderclap"],"picked":"Burning Pact","floor":28},{"not_picked":["Dark Embrace+1","Dual Wield"],"picked":"Flame Barrier+1","floor":30},{"not_picked":["Carnage","Combust+1"],"picked":"True Grit","floor":31},{"not_picked":["Juggernaut+1","Berserk+1"],"picked":"Offering","floor":33},{"not_picked":["Pommel Strike","Twin Strike+1"],"picked":"Carnage+1","floor":35}],"player_experience":34466,"relics_obtained":[{"floor":8.0,"key":"Shuriken"},{"floor":9.0,"key":"Darkstone Periapt"},{"floor":13.0,"key":"Frozen Egg 2"},{"floor":19.0,"key":"Red Mask"},{"floor":23,"key":"Omamori"},{"floor":25,"key":"Nunchaku"},{"floor":26,"key":"Matryoshka"}],"event_choices":[{"damage_healed":0.0,"max_hp_gain":5.0,"max_hp_loss":0.0,"gold_gain":0.0,"event_name":"Big Fish","player_choice":"Donut","floor":3.0,"gold_loss":0.0,"damage_taken":0.0},{"damage_healed":0.0,"max_hp_gain":0.0,"max_hp_loss":6.0,"gold_gain":0.0,"event_name":"Golden Idol","player_choice":"Lose Max HP","floor":4.0,"gold_loss":0.0,"damage_taken":0.0,"relics_obtained":["Golden Idol"]},{"damage_healed":0.0,"max_hp_gain":0.0,"max_hp_loss":0.0,"gold_gain":0.0,"event_name":"Masked Bandits","player_choice":"Fought Bandits","floor":19.0,"gold_loss":0.0,"damage_taken":0.0},{"damage_healed":0.0,"max_hp_gain":0.0,"max_hp_loss":24.0,"gold_gain":0.0,"event_name":"Vampires","player_choice":"Became a vampire","floor":20.0,"gold_loss":0.0,"damage_taken":0.0,"cards_obtained":["Bite","Bite","Bite","Bite","Bite"]},{"damage_healed":0.0,"max_hp_gain":0.0,"max_hp_loss":0.0,"gold_gain":0.0,"event_name":"Nest","player_choice":"Joined the Cult","floor":21.0,"gold_loss":0.0,"damage_taken":6.0,"cards_obtained":["RitualDagger"]},{"damage_healed":0.0,"max_hp_gain":0.0,"max_hp_loss":0.0,"gold_gain":0.0,"event_name":"The Mausoleum","player_choice":"Ignored","floor":22.0,"gold_loss":0.0,"damage_taken":0.0},{"damage_healed":0,"gold_gain":100,"player_choice":"Pray","damage_taken":0,"max_hp_gain":0,"max_hp_loss":0,"event_name":"Golden Shrine","floor":29,"gold_loss":0},{"damage_healed":0,"gold_gain":0,"player_choice":"Fight","damage_taken":0,"max_hp_gain":0,"max_hp_loss":0,"event_name":"Mysterious Sphere","floor":36,"gold_loss":0}],"is_beta":false,"boss_relics":[{"not_picked":["Busted Crown","Snecko Eye"],"picked":"Philosopher\u0027s Stone"},{"not_picked":["Black Star","Coffee Dripper"],"picked":"Velvet Choker"}],"items_purged_floors":[],"is_endless":false,"potions_floor_spawned":[2,7,14,23,28,30,33],"killed_by":"2 Orb Walkers","ascension_level":2}}