{"host":"oewe6473mh2zp5ss","time":1612489572,"event":{"mods":["AchievementEnabler","Aspiration","Bard","BaseMod","Challenge The Spire","Conspire","Curses Come First","Custom Start","Downfall","Emptier Cage","Gremlin Mod","Halation","Hubris","Infinite Spire","Minty Spire (QoL Compilation)","Permanent Neow","Reliquary","Replay The Spire","Robot Space Explorer","Somnambulant","Spikes Relics","StSLib","The Cursed","The Disciple","The Jungle","The Senshi","thorton"],"gold_per_floor":[99,109,125,125,25,10,37,50,50,50,70,70,100,100,110,207,207,270,282,302,302,402,402,451,468,318,318,30,41,41,60,73,175,175,175,186,186,203,203,213,213,226,226,241,260,278,278,295,307,307],"floor_reached":51,"language":"ENG","playtime":5536,"items_purged":["bronze:Defend"],"score":645,"play_id":"8cb2d7af-f8df-45c1-9458-a2db116ffada","local_time":"20210204174612","is_ascension_mode":false,"campfire_choices":[{"floor":1.0,"key":"DIG"},{"floor":9.0,"key":"REST"},{"data":"Secret Weapon","floor":12.0,"key":"SMITH"},{"data":"Secret Weapon","floor":23.0,"key":"SMITH"},{"data":"bronze:FindAndReplace","floor":27.0,"key":"SMITH"},{"data":"bronze:Assembly","floor":35.0,"key":"SMITH"},{"floor":43,"key":"REST"},{"floor":47,"key":"REST"}],"circlet_count":0,"master_deck":["bronze:Strike","bronze:Defend","Secret Weapon+1","bronze:FollowUp","bronze:CutThrough","m_BronzeAgony","m_BronzeSurvivor","Ghostly","bronze:Shell","bronze:WhirlingStrike","Secret Weapon+1","bronze:FineTuning","bronze:Iterate","bronze:Iterate","bronze:FindAndReplace+1","bronze:Terminator+1","bronze:Optimize+1","bronze:Invalidate+1","bronze:Frontload","bronze:FineTuning","bronze:Branch","Ghostly","bronze:FineTuning","bronze:SpaghettiCode","bronze:ChosenStrike","bronze:DelayedSlice+1","infinitespire:Starlight","bronze:Assembly+1","bard:PhantasmalForce","bronze:Frontload+1","bronze:DigitalCarnage+1","bronze:MaxOutput","bronze:DelayedSlice+1","bronze:Optimize+1","Parasite","bronze:Frontload","bronze:ClassDefault","bronze:Constructor+1"],"relics":["bronze:BronzeCore","Shuriken","Replay:Baseball","halation:LettersToHer","Astrolabe","reliquary:ExpiredCoupon","aspiration:BardSkillbook","hubris:Spice"],"acts_visited":["Exordium","TheCity","TheBeyond"],"potions_floor_usage":[44,45,50,50,50],"damage_taken":[{"damage":6.0,"enemies":"Jaw Worm","floor":2.0,"turns":3.0},{"damage":1.0,"enemies":"2 Louse","floor":3.0,"turns":3.0},{"damage":0.0,"enemies":"downfall:FleeingMerchant","floor":6.0,"turns":4.0},{"damage":8.0,"enemies":"conspire:RoseBush","floor":8.0,"turns":2.0},{"damage":13.0,"enemies":"Exordium Thugs","floor":11.0,"turns":4.0},{"damage":0.0,"enemies":"2 Fungi Beasts","floor":15.0,"turns":2.0},{"damage":30.0,"enemies":"DF_ARCHETYPE_STREAMLINE","floor":16.0,"turns":6.0},{"damage":0.0,"enemies":"Spheric Guardian","floor":19.0,"turns":3.0},{"damage":0.0,"enemies":"Centurion and Healer","floor":20.0,"turns":4.0},{"damage":0.0,"enemies":"Shelled Parasite and Fungi","floor":25.0,"turns":4.0},{"damage":0.0,"enemies":"downfall:FleeingMerchant","floor":28.0,"turns":4.0},{"damage":24.0,"enemies":"conspire:HollyBat","floor":29.0,"turns":6.0},{"damage":0.0,"enemies":"Centurion and Healer","floor":31.0,"turns":5.0},{"damage":25.0,"enemies":"Snake Plant","floor":32.0,"turns":3.0},{"damage":18.0,"enemies":"SI_MIRROR_ARCHETYPE","floor":33.0,"turns":7.0},{"damage":0.0,"enemies":"3 Darklings","floor":36.0,"turns":4.0},{"damage":11.0,"enemies":"Orb Walker","floor":38.0,"turns":3.0},{"damage":16,"enemies":"Maw","floor":40,"turns":6},{"damage":27,"enemies":"3 Darklings","floor":42,"turns":3},{"damage":0,"enemies":"Transient","floor":44,"turns":5},{"damage":22,"enemies":"Writhing Mass","floor":45,"turns":4},{"damage":1,"enemies":"Jaw Worm Horde","floor":46,"turns":2},{"damage":18,"enemies":"3 Darklings","floor":48,"turns":3},{"damage":5,"enemies":"Spire Growth","floor":49,"turns":3},{"damage":22,"enemies":"IC_BLOCK_ARCHETYPE","floor":50,"turns":8}],"seed_played":"2220875345079919839","potions_obtained":[{"floor":8.0,"key":"Fire Potion"},{"floor":11.0,"key":"ColorlessPotion"},{"floor":15.0,"key":"hexamod:SoulburnPotion"},{"floor":19.0,"key":"Toxic Potion"},{"floor":29.0,"key":"Dexterity Potion"},{"floor":32.0,"key":"DuplicationPotion"},{"floor":38.0,"key":"Fire Potion"},{"floor":40,"key":"LiquidBronze"},{"floor":48,"key":"PowerPotion"},{"floor":49,"key":"Explosive Potion"}],"is_trial":false,"path_per_floor":["R","M","M","?","?","$","T","M","R","?","M","R","?","?","M","B",null,"R","M","M","?","?","R","T","M","?","R","$","M","AVR","M","M","B",null,"R","M","?","M","?","M","T","M","R","M","M","M","R","M","M","B",null],"character_chosen":"THE_AUTOMATON","items_purchased":["bronze:SpaghettiCode","bronze:ChosenStrike","AttackPotion"],"campfire_rested":3,"item_purchase_floors":[28,28,28],"current_hp_per_floor":[49,43,42,42,42,42,42,34,55,55,42,42,42,42,42,12,70,70,70,70,70,70,70,70,70,70,70,70,46,54,54,29,11,86,86,86,86,75,75,69,69,42,65,65,43,42,63,45,40,18],"gold":307,"neow_bonus":"RANDOM_COLORLESS_2","is_daily":false,"chose_seed":false,"campfire_upgraded":4,"win_rate":0.0,"timestamp":1612489572,"path_taken":["R","M","M","?","?","$","T","M","R","?","?","R","?","?","M","BOSS","R","M","?","?","?","R","T","M","?","R","?","?","AVR","M","M","BOSS","R","M","?","M","?","M","T","M","R","M","?","M","R","M","M","BOSS"],"items_purchased_type":["Card","Card","Potion"],"build_version":"2020-12-22","purchased_purges":1,"victory":true,"max_hp_per_floor":[70,70,70,70,70,70,70,70,70,70,70,70,70,70,70,70,70,70,70,70,70,70,70,70,70,70,70,70,70,78,78,78,78,86,86,86,86,86,86,86,78,78,78,70,70,70,70,62,62,62],"card_choices":[{"not_picked":["Reforge","ReplayTheSpireMod:Necrogeddon"],"picked":"Secret Weapon","floor":0.0},{"not_picked":["bronze:Overheat","bronze:Deprecate"],"picked":"bronze:FollowUp","floor":2.0},{"not_picked":["bronze:DelayedGuard","bronze:Overheat"],"picked":"bronze:CutThrough","floor":3.0},{"not_picked":["bronze:CleanCode","bronze:Constructor"],"picked":"bronze:Shell","floor":6.0},{"not_picked":["bronze:OilSpill","bronze:Invalidate"],"picked":"bronze:WhirlingStrike","floor":8.0},{"not_picked":["bronze:Branch","bronze:BuggyMess"],"picked":"bronze:FineTuning","floor":11.0},{"not_picked":["bronze:CleanCode","bronze:CloningBeam"],"picked":"bronze:Iterate","floor":15.0},{"not_picked":["bronze:HyperBeam","bronze:ThunderWave"],"picked":"bronze:FindAndReplace","floor":16.0},{"not_picked":["bronze:Overload+1","bronze:Invalidate"],"picked":"bronze:Frontload","floor":19.0},{"not_picked":["bronze:ForceShield+1","bronze:NullPointer"],"picked":"bronze:FineTuning","floor":20.0},{"not_picked":["bronze:Fortify","bronze:DelayedSlice"],"picked":"bronze:Branch","floor":25.0},{"not_picked":["bronze:BitShift","bronze:Shield"],"picked":"bronze:FineTuning","floor":28.0},{"not_picked":["bronze:Constructor+1","bronze:Repulsor"],"picked":"bronze:DelayedSlice+1","floor":29.0},{"not_picked":["bard:FeastOnFear","bard:QuickSong","bronze:Branch"],"picked":"bronze:Assembly","floor":31.0},{"not_picked":["bard:EchoEcho+1","bard:OffKey+1","bronze:Turbo"],"picked":"bard:PhantasmalForce","floor":32.0},{"not_picked":["bard:ThickOfTheFight","bronze:BitShift","bronze:ForLoop+1"],"picked":"bronze:Frontload+1","floor":36.0},{"not_picked":["bronze:Overheat+1","bronze:Return+1","bronze:WhirlingStrike+1"],"picked":"bronze:DigitalCarnage+1","floor":38.0},{"not_picked":["bronze:BitShift+1","bronze:Turbo","bronze:ForLoop+1"],"picked":"bronze:DelayedSlice+1","floor":40},{"not_picked":["bronze:Constructor+1","bard:Sift","bard:PhantasmalForce"],"picked":"bronze:Optimize+1","floor":42},{"not_picked":["bronze:CloningBeam+1","bard:PhantasmalForce+1","bronze:OilSpill+1"],"picked":"hubris:SpiceAddiction","floor":44},{"not_picked":["hubris:SpiceAddiction","bard:FeastOnFear","bard:HideousLaughter+1"],"picked":"bronze:Frontload","floor":45},{"not_picked":["bard:FeastOnFear+1","bronze:Invalidate+1","bard:Sift+1"],"picked":"bronze:ClassDefault","floor":46},{"not_picked":["hubris:SpiceAddiction","bard:Solo","bard:Fermata"],"picked":"hubris:SpiceAddiction","floor":48},{"not_picked":["bronze:BitShift+1","bard:FaerieFire","bard:CovetousAura"],"picked":"bronze:Constructor+1","floor":49}],"player_experience":72928,"relics_obtained":[{"floor":1.0,"key":"Shuriken"},{"floor":7.0,"key":"Replay:Baseball"},{"floor":24.0,"key":"halation:LettersToHer"},{"floor":24.0,"key":"reliquary:ExpiredCoupon"},{"floor":41,"key":"halation:LettersToHer"},{"floor":41,"key":"hubris:Spice"}],"event_choices":[{"damage_healed":0.0,"max_hp_gain":0.0,"max_hp_loss":0.0,"gold_gain":0.0,"event_name":"conspire:LoneGhost","player_choice":"Argue","floor":5.0,"gold_loss":0.0,"damage_taken":0.0}],"is_beta":false,"boss_relics":[{"not_picked":["halation:LoveArrow","reliquary:Ember"],"picked":"Astrolabe"},{"not_picked":["conspire:SeveredTorchhead","ChewingGum"],"picked":"hubris:Spice"}],"items_purged_floors":[30],"is_endless":false,"potions_floor_spawned":[8,11,15,19,29,32,38,40,48,49],"ascension_level":0}}