{"host":"zgdag062zrknap1a","time":1612503471,"event":{"mods":["AchievementEnabler","Act Like it!","Aspiration","Bard","BaseMod","BetterRewards","Colored Map","Colored Powertips","Conspire","Downfall","Gensokyo","Hallownest","Hermit","Highlight Path","Hubris","Infinite Spire","Jorbs\u0027s Wanderer Trilogy","Marisa????????","Minty Spire (QoL Compilation)","Quick Restart","Rare Cards Sparkle","Replay The Spire","Shop Mod","StSLib","The Bug Knight","The Cursed","The Hierophant","The Necromancer","The Runesmith","The Servant 0.9.4"],"gold_per_floor":[46,64,74,74,74,101,115,115,115,125,125,125,25,25,25,121,121,138,138,138,154,154,154],"floor_reached":22,"language":"ENG","playtime":1080,"items_purged":["Dualcast","Strike_B"],"score":184,"play_id":"e78d67fa-4fbd-49ba-9a36-a78b2ed414ea","local_time":"20210204213751","is_ascension_mode":false,"campfire_choices":[{"floor":8,"key":"RECALL"},{"data":"Darkness","floor":15,"key":"SMITH"}],"circlet_count":0,"master_deck":["Strike_B","Strike_B","Defend_B","Defend_B","Defend_B","Defend_B","Darkness+1","Doom and Gloom","Doom and Gloom","Leap","Lockon","aspiration:Polymerization"],"relics":["Raider\u0027s Mask","MerchantsRug","Replay:WaspNest"],"acts_visited":["Exordium","TheCity"],"potions_floor_usage":[16,16],"damage_taken":[{"damage":1,"enemies":"Cultist","floor":1,"turns":3},{"damage":0,"enemies":"2 Louse","floor":2,"turns":2},{"damage":0,"enemies":"Small Slimes","floor":3,"turns":2},{"damage":17,"enemies":"3 Sentries","floor":6,"turns":8},{"damage":1,"enemies":"2 Fungi Beasts","floor":7,"turns":2},{"damage":6,"enemies":"Large Slime","floor":10,"turns":5},{"damage":13,"enemies":"Slime Boss","floor":16,"turns":6},{"damage":6,"enemies":"conspire:FuzzyDice","floor":18,"turns":5},{"damage":22,"enemies":"Shell Parasite","floor":21,"turns":8},{"damage":33,"enemies":"Snake Plant","floor":22,"turns":5}],"seed_played":"-22381313775036546","potions_obtained":[{"floor":6,"key":"EssenceOfSteel"},{"floor":10,"key":"Languid Potion"},{"floor":16,"key":"EssenceOfSteel"},{"floor":21,"key":"FocusPotion"}],"is_trial":false,"path_per_floor":["M","M","M","$","?","E","M","R","T","M","?","?","$","?","R","B",null,"M","?","?","M","M"],"character_chosen":"DEFECT","items_purchased":["Raider\u0027s Mask","Darkness","MerchantsRug","Doom and Gloom","Doom and Gloom","Lockon"],"campfire_rested":0,"item_purchase_floors":[0,0,0,0,0,13],"current_hp_per_floor":[39,39,39,39,39,22,21,21,21,15,15,15,15,40,40,27,75,69,69,69,47,14,14],"gold":154,"neow_bonus":"","is_daily":false,"chose_seed":true,"campfire_upgraded":1,"win_rate":0.0,"timestamp":1612503471,"path_taken":["M","?","M","$","?","E","?","R","T","M","?","?","$","?","R","BOSS","M","?","?","M","M"],"items_purchased_type":["Relic","Card","Relic","Card","Card","Card"],"build_version":"2020-12-22","purchased_purges":2,"victory":false,"max_hp_per_floor":[75,75,75,75,75,75,75,75,75,75,75,75,75,75,75,75,75,75,75,75,75,75,75],"card_choices":[{"not_picked":["ReplayGash","Compile Driver","Force Field"],"picked":"SKIP","floor":1},{"not_picked":["conspire:SharedLibrary","Cold Snap","Turbo"],"picked":"SKIP","floor":2},{"not_picked":["Cold Snap","Stack"],"picked":"Leap","floor":3},{"not_picked":["Crystallizer","Undo","Hologram"],"picked":"SKIP","floor":6},{"not_picked":["Redo","Coolheaded","Tempest"],"picked":"SKIP","floor":7},{"not_picked":["FIFO Queue","Fusion","Rebound"],"picked":"SKIP","floor":10},{"not_picked":["Streamline","Chill","Go for the Eyes"],"picked":"SKIP","floor":18},{"not_picked":["ReplayGash","ReplaySolidLightProjector"],"picked":"aspiration:Polymerization","floor":21}],"player_experience":417780,"relics_obtained":[{"floor":6,"key":"Replay:WaspNest"}],"event_choices":[{"cards_removed":["Zap"],"damage_healed":0,"gold_gain":0,"player_choice":"Offered Basic","damage_taken":0,"max_hp_gain":0,"max_hp_loss":0,"event_name":"Bonfire Elementals","floor":5,"gold_loss":0},{"damage_healed":0,"gold_gain":0,"player_choice":"Ignored","damage_taken":0,"max_hp_gain":0,"max_hp_loss":0,"event_name":"Golden Idol","floor":12,"gold_loss":0},{"damage_healed":25,"gold_gain":0,"player_choice":"Banana","damage_taken":0,"max_hp_gain":0,"max_hp_loss":0,"event_name":"Big Fish","floor":14,"gold_loss":0},{"cards_removed":["Strike_B"],"damage_healed":0,"gold_gain":0,"player_choice":"Elegance","damage_taken":0,"max_hp_gain":0,"max_hp_loss":0,"event_name":"Back to Basics","floor":19,"gold_loss":0},{"damage_healed":0,"gold_gain":0,"player_choice":"Ignored","damage_taken":0,"max_hp_gain":0,"max_hp_loss":0,"event_name":"Vampires","floor":20,"gold_loss":0}],"is_beta":false,"boss_relics":[{"not_picked":["ReplayTheSpireMod:SealedPack","Runesmith:UraniumAnvil","Pandora\u0027s Box"]}],"items_purged_floors":[0,13],"is_endless":false,"potions_floor_spawned":[6,10,16,21],"killed_by":"Snake Plant","ascension_level":0}}