{"host":"ktoxvvst1mwxww91","time":1612538617,"event":{"mods":["BaseMod","Downfall","Minty Spire (QoL Compilation)","StSLib"],"gold_per_floor":[99,99,99,99,99,99,99,118,18,34,64,74,74,249,263,263,263,263],"floor_reached":16,"language":"ENG","playtime":1810,"items_purged":[],"score":113,"play_id":"9aff197d-34ff-4f9f-936c-304cb2a6f231","local_time":"20210205162337","is_ascension_mode":true,"campfire_choices":[{"data":"bronze:Replicate","floor":1,"key":"SMITH"},{"data":"bronze:Philosophize","floor":9,"key":"SMITH"},{"data":"bronze:Iterate","floor":13,"key":"SMITH"}],"circlet_count":0,"master_deck":["bronze:Strike","bronze:Strike","bronze:Strike","bronze:Defend","bronze:Defend","bronze:Defend","bronze:Defend","bronze:Replicate+1","bronze:Goto","bronze:Constructor","bronze:Constructor","Pain","bronze:Separator","bronze:Philosophize+1","bronze:Iterate+1","bronze:WhirlingStrike","bronze:DelayedSlice","Doubt","bronze:Flail"],"relics":["bronze:BronzeCore","downfall:HeartsMalice","WarpedTongs","downfall:HeartBlessingBlue","Oddly Smooth Stone"],"acts_visited":["Exordium"],"potions_floor_usage":[12,16,16],"damage_taken":[{"damage":0,"enemies":"Small Slimes","floor":2,"turns":1},{"damage":0,"enemies":"Cultist","floor":4,"turns":1},{"damage":0,"enemies":"2 Louse","floor":6,"turns":1},{"damage":2,"enemies":"Blue Slaver","floor":8,"turns":4},{"damage":7,"enemies":"2 Fungi Beasts","floor":10,"turns":4},{"damage":24,"enemies":"Lagavulin","floor":11,"turns":5},{"damage":3,"enemies":"Gremlin Gang","floor":12,"turns":3},{"damage":5,"enemies":"3 Louse","floor":15,"turns":2},{"damage":39,"enemies":"SI_SHIV_ARCHETYPE","floor":16,"turns":8}],"seed_played":"-8346411269377992482","potions_obtained":[{"floor":11,"key":"Fire Potion"},{"floor":12,"key":"LiquidMemories"},{"floor":15,"key":"bronze:BuildAFunctionPotion"}],"is_trial":false,"path_per_floor":["R","M","?","M","?","M","T","M","R","M","E","M","R","?","M","B"],"character_chosen":"THE_AUTOMATON","items_purchased":[],"campfire_rested":0,"item_purchase_floors":[],"current_hp_per_floor":[70,70,70,70,70,70,70,68,78,71,47,44,44,44,39,0,0,0],"gold":263,"neow_bonus":"THREE_ENEMY_KILL","is_daily":false,"chose_seed":false,"campfire_upgraded":3,"win_rate":0.0,"timestamp":1612538617,"path_taken":["R","M","?","M","?","?","T","M","R","M","E","M","R","?","M","BOSS"],"items_purchased_type":[],"build_version":"2020-12-22","purchased_purges":0,"victory":false,"max_hp_per_floor":[70,70,70,70,70,70,70,70,80,80,80,80,80,80,80,80,80,80],"card_choices":[{"not_picked":["bronze:DelayedSlice","bronze:BitShift"],"picked":"bronze:Constructor","floor":2},{"not_picked":["bronze:FineTuning","bronze:Shield"],"picked":"bronze:Constructor","floor":4},{"not_picked":["bronze:Turbo","bronze:BitShift"],"picked":"bronze:Separator","floor":6},{"not_picked":["bronze:DelayedGuard","bronze:DelayedSlice"],"picked":"bronze:Philosophize","floor":8},{"not_picked":["bronze:Overheat","bronze:HardenedForm"],"picked":"bronze:Iterate","floor":10},{"not_picked":["bronze:Deprecate","bronze:Turbo"],"picked":"bronze:WhirlingStrike","floor":11},{"not_picked":["bronze:Shield","bronze:Overload"],"picked":"bronze:DelayedSlice","floor":12},{"not_picked":["bronze:BuggyMess","bronze:DelayedGuard"],"picked":"bronze:Flail","floor":15}],"player_experience":873258,"relics_obtained":[{"floor":11,"key":"Oddly Smooth Stone"}],"event_choices":[{"cards_removed":["bronze:Strike"],"damage_healed":0,"gold_gain":0,"player_choice":"Card Removal","damage_taken":0,"max_hp_gain":0,"max_hp_loss":0,"event_name":"The Cleric","floor":3,"gold_loss":0}],"is_beta":false,"boss_relics":[],"items_purged_floors":[],"is_endless":false,"potions_floor_spawned":[11,12,15],"killed_by":"SI_SHIV_ARCHETYPE","ascension_level":3}}