{"host":"x8sop9v6zw8yitbt","time":1612503907,"event":{"mods":["BaseMod","Best Route Mod","Block Reminder","Challenge The Spire","Colored Powertips","Custom Start","Dark Map","DeckTracker","Minty Spire (QoL Compilation)","Permanent Neow","Quick Restart","Rare Cards Sparkle","Reliquary","Spicy Shops","Spikes Relics","StSLib","Virulent Crown"],"gold_per_floor":[115,115,127,147,157,157,182,182,182,182,209,219,144,157,157,261,261,274,274,289,309,309,309,320,320,400,428,68,102,102,102,102,205,205,219,219,232,232,232,232,246,164,164,164,178,192,192,224,224,224],"floor_reached":51,"language":"ENG","playtime":9862,"items_purged":["Strike_G","Strike_G"],"score":811,"play_id":"d4f9952b-f73b-4527-9892-8256d23fc5ad","local_time":"20210205004507","is_ascension_mode":true,"campfire_choices":[{"data":"Neutralize","floor":6,"key":"SMITH"},{"data":"Slice","floor":8,"key":"SMITH"},{"data":"Blur","floor":10,"key":"SMITH"},{"floor":15,"key":"REST"},{"data":"Blade Dance","floor":23,"key":"SMITH"},{"data":"PiercingWail","floor":25,"key":"SMITH"},{"data":"Survivor","floor":30,"key":"SMITH"},{"data":"Defend_G","floor":32,"key":"SMITH"},{"floor":40,"key":"RECALL"},{"data":"Accuracy","floor":44,"key":"SMITH"},{"floor":47,"key":"REST"},{"floor":49,"key":"REST"}],"circlet_count":0,"master_deck":["Strike_G+1","Strike_G+1","Strike_G+1","Defend_G+1","Defend_G+1","Defend_G+1","Defend_G+1","Defend_G+1","Survivor+1","Neutralize+1","PlatinumSkin+1","Slice+1","PiercingWail+1","Blur+1","Blade Dance+1","Dagger Spray+1","Footwork+1","Blade Dance+1","Quick Slash+1","Decay","Dagger Spray+1","Parasite","Accuracy+1"],"relics":["Ring of the Snake","War Paint","Incense Burner","Kunai","reliquary:Firecrackers","SacredBark","reliquary:TridentHead","Mercury Hourglass","LugNut","VirulentCrownMod:VirulentCrown","reliquary:RedCape","Mark of the Bloom","The Courier","Lantern"],"acts_visited":["Exordium","TheCity","TheBeyond"],"potions_floor_usage":[16,27,50,50,50],"damage_taken":[{"damage":0,"enemies":"Small Slimes","floor":1,"turns":3},{"damage":0,"enemies":"Cultist","floor":3,"turns":4},{"damage":0,"enemies":"2 Louse","floor":4,"turns":2},{"damage":8,"enemies":"2 Fungi Beasts","floor":5,"turns":6},{"damage":36,"enemies":"Gremlin Nob","floor":7,"turns":7},{"damage":3,"enemies":"Lagavulin","floor":11,"turns":11},{"damage":12,"enemies":"Gremlin Gang","floor":12,"turns":6},{"damage":0,"enemies":"Large Slime","floor":14,"turns":10},{"damage":10,"enemies":"Slime Boss","floor":16,"turns":17},{"damage":2,"enemies":"Shell Parasite","floor":18,"turns":7},{"damage":1,"enemies":"3 Byrds","floor":20,"turns":8},{"damage":0,"enemies":"Snake Plant","floor":21,"turns":8},{"damage":1,"enemies":"Centurion and Healer","floor":24,"turns":8},{"damage":6,"enemies":"Slavers","floor":27,"turns":7},{"damage":1,"enemies":"Book of Stabbing","floor":29,"turns":7},{"damage":38,"enemies":"Automaton","floor":33,"turns":12},{"damage":5,"enemies":"3 Darklings","floor":35,"turns":3},{"damage":0,"enemies":"3 Shapes","floor":37,"turns":3},{"damage":13,"enemies":"Writhing Mass","floor":41,"turns":6},{"damage":0,"enemies":"Transient","floor":45,"turns":5},{"damage":1,"enemies":"Spire Growth","floor":46,"turns":5},{"damage":8,"enemies":"Reptomancer","floor":48,"turns":5},{"damage":0,"enemies":"Donu and Deca","floor":50,"turns":8}],"seed_played":"-2542359133637779235","potions_obtained":[{"floor":7,"key":"Poison Potion"},{"floor":12,"key":"PowerPotion"},{"floor":14,"key":"BlessingOfTheForge"},{"floor":16,"key":"Fire Potion"},{"floor":21,"key":"Fire Potion"},{"floor":33,"key":"SpeedPotion"},{"floor":41,"key":"Fire Potion"}],"is_trial":false,"path_per_floor":["M","?","M","M","M","R","E","R","T","R","E","M","$","M","R","B",null,"M","?","M","M","?","R","M","R","T","E","$","E","R","?","R","B",null,"M","?","M","?","?","R","M","$","T","R","M","M","R","E","R","B",null],"character_chosen":"THE_SILENT","items_purchased":["LugNut","Accuracy"],"campfire_rested":3,"item_purchase_floors":[28,42],"current_hp_per_floor":[70,70,70,70,62,62,26,26,26,26,23,11,11,11,32,22,70,68,61,60,60,60,60,59,59,59,53,53,52,52,52,52,14,70,65,65,65,65,65,65,52,52,52,52,52,51,51,43,43,43],"gold":224,"neow_bonus":"RANDOM_COLORLESS","is_daily":false,"chose_seed":false,"campfire_upgraded":8,"win_rate":0.0,"timestamp":1612503907,"path_taken":["M","?","M","?","M","R","E","R","T","R","E","M","?","M","R","BOSS","M","?","M","?","?","R","M","R","T","E","$","E","R","?","R","BOSS","M","?","?","?","?","R","M","$","T","R","M","M","R","E","R","BOSS"],"items_purchased_type":["Relic","Card"],"build_version":"2020-12-22","purchased_purges":2,"victory":true,"max_hp_per_floor":[70,70,70,70,70,70,70,70,70,70,70,70,70,70,70,70,70,70,70,70,70,70,70,70,70,70,70,70,70,70,70,70,70,70,70,70,70,66,66,66,66,66,66,66,66,66,66,66,66,66],"card_choices":[{"not_picked":["Flash of Steel","Purity"],"picked":"PlatinumSkin","floor":0},{"not_picked":["Flying Knee","Dodge and Roll"],"picked":"Slice","floor":1},{"not_picked":["Backflip","Flying Knee","Heel Hook"],"picked":"SKIP","floor":3},{"not_picked":["Sucker Punch","Dodge and Roll"],"picked":"PiercingWail","floor":4},{"not_picked":["Bane","Masterful Stab"],"picked":"Blur","floor":5},{"not_picked":["Poisoned Stab","Reflex","Eviscerate"],"picked":"SKIP","floor":7},{"not_picked":["Backflip","Outmaneuver","Calculated Gamble"],"picked":"SKIP","floor":11},{"not_picked":["Quick Slash","Terror"],"picked":"Blade Dance","floor":12},{"not_picked":["Sucker Punch","Underhanded Strike","Distraction"],"picked":"SKIP","floor":14},{"not_picked":["Quick Slash","Dagger Throw"],"picked":"Dagger Spray+1","floor":18},{"not_picked":["Cloak And Dagger","Slice","Bane+1"],"picked":"SKIP","floor":20},{"not_picked":["Deflect","Riddle With Holes"],"picked":"Footwork+1","floor":21},{"not_picked":["Noxious Fumes","Prepared+1"],"picked":"Blade Dance+1","floor":24},{"not_picked":["Acrobatics+1","Flying Knee+1"],"picked":"Quick Slash+1","floor":27},{"not_picked":["Outmaneuver","Eviscerate","Deadly Poison"],"picked":"SKIP","floor":29},{"not_picked":["Concentrate","Acrobatics"],"picked":"Dagger Spray+1","floor":35},{"not_picked":["Acrobatics","Outmaneuver+1","Slice"],"picked":"SKIP","floor":37},{"not_picked":["Endless Agony","Catalyst+1","Reflex+1"],"picked":"SKIP","floor":41},{"not_picked":["Bouncing Flask","Deadly Poison+1","Deflect"],"picked":"SKIP","floor":45},{"not_picked":["Endless Agony+1","Distraction+1","Underhanded Strike"],"picked":"SKIP","floor":46},{"not_picked":["Night Terror","Accuracy+1","Outmaneuver+1"],"picked":"SKIP","floor":48}],"player_experience":886633,"relics_obtained":[{"floor":2,"key":"War Paint"},{"floor":7,"key":"Incense Burner"},{"floor":9,"key":"Kunai"},{"floor":11,"key":"reliquary:Firecrackers"},{"floor":26,"key":"reliquary:TridentHead"},{"floor":27,"key":"Mercury Hourglass"},{"floor":29,"key":"VirulentCrownMod:VirulentCrown"},{"floor":43,"key":"The Courier"},{"floor":48,"key":"Lantern"}],"event_choices":[{"damage_healed":0,"gold_gain":0,"player_choice":"Relic","damage_taken":0,"max_hp_gain":0,"max_hp_loss":0,"event_name":"Wheel of Change","floor":2,"gold_loss":0},{"damage_healed":0,"gold_gain":0,"player_choice":"Damaged","damage_taken":7,"max_hp_gain":0,"max_hp_loss":0,"event_name":"Wheel of Change","floor":19,"gold_loss":0},{"damage_healed":0,"gold_gain":0,"player_choice":"Ignored","damage_taken":0,"max_hp_gain":0,"max_hp_loss":0,"event_name":"Ghosts","floor":22,"gold_loss":0},{"damage_healed":0,"gold_gain":0,"player_choice":"Smashed Altar","damage_taken":0,"max_hp_gain":0,"max_hp_loss":0,"event_name":"Forgotten Altar","floor":31,"gold_loss":0,"cards_obtained":["Decay"]},{"damage_healed":0,"gold_gain":0,"player_choice":"Ignored","damage_taken":0,"max_hp_gain":0,"max_hp_loss":0,"event_name":"SecretPortal","floor":36,"gold_loss":0},{"damage_healed":0,"gold_gain":0,"player_choice":"Max HP","damage_taken":0,"max_hp_gain":0,"max_hp_loss":4,"event_name":"Winding Halls","floor":38,"gold_loss":0},{"damage_healed":0,"gold_gain":0,"player_choice":"Upgrade","damage_taken":0,"relics_obtained":["Mark of the Bloom"],"max_hp_gain":0,"max_hp_loss":0,"event_name":"MindBloom","floor":39,"gold_loss":0,"cards_upgraded":["Strike_G","Strike_G","Strike_G","Defend_G","Defend_G","PlatinumSkin"]}],"is_beta":false,"boss_relics":[{"not_picked":["Ring of the Serpent","reliquary:KinkedSpring"],"picked":"SacredBark"},{"not_picked":["Fusion Hammer","Runic Dome"],"picked":"reliquary:RedCape"}],"items_purged_floors":[13,28],"is_endless":false,"potions_floor_spawned":[7,12,14,16,21,33,37,41],"ascension_level":1}}