{"host":"gttgmv2wah99hzdm","time":1612568484,"event":{"mods":["AchievementEnabler","BaseMod","Bestiary","Block Reminder","Filter the Spire","Jorbs\u0027s Wanderer Trilogy","Minty Spire (QoL Compilation)","Relic Stats","StSLib","Weighted Paths","ojb\u0027s Info Mod"],"gold_per_floor":[113,73,86,101,120,155,187,187,211,244,254,103,103,119,119,194,194,205,205,218,218,233,233,265,126,126,126,126],"floor_reached":27,"language":"ENG","playtime":1870,"items_purged":["stsjorbsmod:Strike_Wanderer","stsjorbsmod:Strike_Wanderer"],"score":490,"play_id":"b2590dab-c8f4-45e4-a4f6-1b665cfe820c","local_time":"20210205174124","is_ascension_mode":true,"campfire_choices":[{"data":"stsjorbsmod:DeathThroes","floor":8.0,"key":"SMITH"},{"floor":13,"key":"REST"},{"data":"stsjorbsmod:TrueStrike","floor":15,"key":"SMITH"},{"data":"stsjorbsmod:Prestidigitation","floor":23,"key":"SMITH"}],"circlet_count":0,"master_deck":["AscendersBane","stsjorbsmod:ForbiddenGrimoire+1","stsjorbsmod:Strike_Wanderer","stsjorbsmod:Strike_Wanderer","stsjorbsmod:Defend_Wanderer+1","stsjorbsmod:Defend_Wanderer","stsjorbsmod:Defend_Wanderer","stsjorbsmod:Defend_Wanderer","stsjorbsmod:FreshAdventure","stsjorbsmod:EyeOfTheStorm","stsjorbsmod:DeathThroes+1","stsjorbsmod:Mending","stsjorbsmod:TrueStrike+1","stsjorbsmod:LoseGrip","stsjorbsmod:FracturedMind","stsjorbsmod:MageArmor","stsjorbsmod:GatherPower+1","stsjorbsmod:HoldMonster","stsjorbsmod:ScorchingRay+1","stsjorbsmod:Hurt+1","stsjorbsmod:UnseenServant","stsjorbsmod:Prestidigitation+1","stsjorbsmod:BurningFlask+1","stsjorbsmod:Patron"],"relics":["stsjorbsmod:GrimoireRelic","White Beast Statue","Regal Pillow","Happy Flower","Sozu","Matryoshka","MealTicket","Pen Nib","Eternal Feather"],"acts_visited":["Exordium","TheCity"],"potions_floor_usage":[14],"damage_taken":[{"damage":0.0,"enemies":"Jaw Worm","floor":1.0,"turns":4.0},{"damage":0.0,"enemies":"Cultist","floor":3.0,"turns":3.0},{"damage":1.0,"enemies":"2 Louse","floor":4.0,"turns":2.0},{"damage":0.0,"enemies":"Exordium Thugs","floor":5.0,"turns":3.0},{"damage":4.0,"enemies":"3 Sentries","floor":6.0,"turns":7.0},{"damage":0.0,"enemies":"Lots of Slimes","floor":7.0,"turns":1.0},{"damage":47.0,"enemies":"Gremlin Nob","floor":10.0,"turns":5.0},{"damage":0.0,"enemies":"Looter","floor":11.0,"turns":4.0},{"damage":0,"enemies":"Exordium Wildlife","floor":14,"turns":2},{"damage":22,"enemies":"Slime Boss","floor":16,"turns":8},{"damage":1,"enemies":"3 Byrds","floor":18,"turns":3},{"damage":4,"enemies":"2 Thieves","floor":20,"turns":3},{"damage":11,"enemies":"Snecko","floor":22,"turns":3},{"damage":30,"enemies":"Book of Stabbing","floor":24,"turns":5},{"damage":34,"enemies":"Gremlin Leader","floor":27,"turns":2}],"seed_played":"-1292661818395895172","potions_obtained":[{"floor":2.0,"key":"DistilledChaos"},{"floor":2.0,"key":"stsjorbsmod:LiquidClarity"},{"floor":5.0,"key":"Fire Potion"},{"floor":14,"key":"Dexterity Potion"},{"floor":16,"key":"Energy Potion"}],"is_trial":false,"path_per_floor":["M","?","M","M","M","E","M","R","T","E","M","$","R","M","R","B",null,"M","T","M","?","M","R","E","$","T","E"],"character_chosen":"WANDERER","items_purchased":["stsjorbsmod:GatherPower","stsjorbsmod:Patron"],"campfire_rested":1,"item_purchase_floors":[12,25],"current_hp_per_floor":[46,46,47,47,48,48,49,49,49,4,5,5,39,40,40,21,53,54,54,52,52,42,42,13,28,28,0,0],"gold":126,"neow_bonus":"THREE_RARE_CARDS","is_daily":false,"chose_seed":false,"campfire_upgraded":3,"win_rate":0.0,"timestamp":1612568484,"path_taken":["M","?","M","?","M","E","M","R","T","E","M","$","R","M","R","BOSS","M","?","M","?","M","R","E","$","T","E"],"items_purchased_type":["Card","Card"],"build_version":"2020-12-22","purchased_purges":2,"victory":false,"max_hp_per_floor":[64,64,64,64,64,64,64,64,64,64,64,64,64,64,64,64,64,64,64,64,64,64,64,64,64,64,64,64],"relic_stats":{"Sozu":4,"Regal Pillow":15,"Happy Flower":[10],"counters":[15,55],"MealTicket":15,"Eternal Feather":0,"Pen Nib":[0],"obtain_stats":[{"Sozu":17,"Regal Pillow":9,"Matryoshka":19,"Happy Flower":10,"stsjorbsmod:GrimoireRelic":0,"MealTicket":24,"Eternal Feather":26,"Pen Nib":26,"White Beast Statue":6},{"Sozu":10,"Regal Pillow":6,"Matryoshka":11,"Happy Flower":7,"stsjorbsmod:GrimoireRelic":0,"MealTicket":14,"Eternal Feather":14,"Pen Nib":14,"White Beast Statue":5},{"Sozu":39,"Regal Pillow":20,"Matryoshka":42,"Happy Flower":25,"stsjorbsmod:GrimoireRelic":0,"MealTicket":53,"Eternal Feather":53,"Pen Nib":53,"White Beast Statue":19}]},"card_choices":[{"not_picked":["stsjorbsmod:PurgeMind","stsjorbsmod:SiphonEnergy"],"picked":"stsjorbsmod:DeathThroes","floor":0.0},{"not_picked":["stsjorbsmod:FracturedMind","stsjorbsmod:DisguiseSelf","stsjorbsmod:Message"],"picked":"SKIP","floor":1.0},{"not_picked":["stsjorbsmod:WeightOfMemory","stsjorbsmod:RayOfFrost"],"picked":"stsjorbsmod:Mending","floor":3.0},{"not_picked":["stsjorbsmod:RefuseToForget","stsjorbsmod:Inferno"],"picked":"stsjorbsmod:TrueStrike","floor":4.0},{"not_picked":["stsjorbsmod:WeightOfMemory","stsjorbsmod:SmithingStrike"],"picked":"stsjorbsmod:LoseGrip","floor":5.0},{"not_picked":["stsjorbsmod:Hibernate","stsjorbsmod:ParryingBlow"],"picked":"stsjorbsmod:FracturedMind","floor":6.0},{"not_picked":["stsjorbsmod:DoubleCheck","stsjorbsmod:FranticSearch","stsjorbsmod:AnimateObjects"],"picked":"SKIP","floor":7.0},{"not_picked":["stsjorbsmod:AnimateObjects","stsjorbsmod:Firebolt"],"picked":"stsjorbsmod:MageArmor","floor":10.0},{"not_picked":["stsjorbsmod:Message","stsjorbsmod:ParryingBlow","stsjorbsmod:MagicMissiles"],"picked":"SKIP","floor":11.0},{"not_picked":["stsjorbsmod:Hibernate","stsjorbsmod:Index","stsjorbsmod:DoubleCheck"],"picked":"SKIP","floor":14},{"not_picked":["stsjorbsmod:IvoryTower","stsjorbsmod:Feast"],"picked":"stsjorbsmod:HoldMonster","floor":16},{"not_picked":["stsjorbsmod:ChatteringStrike","stsjorbsmod:Will"],"picked":"stsjorbsmod:ScorchingRay+1","floor":18},{"not_picked":["stsjorbsmod:DoubleCheck","stsjorbsmod:BookOfTongues"],"picked":"stsjorbsmod:Hurt+1","floor":20},{"not_picked":["stsjorbsmod:Hibernate","stsjorbsmod:LoseGrip"],"picked":"stsjorbsmod:Prestidigitation","floor":22},{"not_picked":["stsjorbsmod:IvoryTower","stsjorbsmod:MagicMissiles"],"picked":"stsjorbsmod:BurningFlask+1","floor":24}],"player_experience":1203195,"relics_obtained":[{"floor":6.0,"key":"White Beast Statue"},{"floor":9.0,"key":"Regal Pillow"},{"floor":10.0,"key":"Happy Flower"},{"floor":19,"key":"Matryoshka"},{"floor":24,"key":"MealTicket"},{"floor":26,"key":"Pen Nib"},{"floor":26,"key":"Eternal Feather"}],"event_choices":[{"damage_healed":0.0,"max_hp_gain":0.0,"max_hp_loss":0.0,"gold_gain":0.0,"event_name":"The Woman in Blue","player_choice":"Bought 3 Potions","floor":2.0,"gold_loss":0.0,"damage_taken":0.0},{"damage_healed":0,"gold_gain":0,"player_choice":"Read","damage_taken":0,"max_hp_gain":0,"max_hp_loss":0,"event_name":"The Library","floor":21,"gold_loss":0,"cards_obtained":["stsjorbsmod:UnseenServant"]}],"is_beta":false,"boss_relics":[{"not_picked":["Tiny House","Busted Crown"],"picked":"Sozu"}],"items_purged_floors":[12,25],"is_endless":false,"potions_floor_spawned":[5,6,7,10,11,14,16,18,20,22,24],"killed_by":"Gremlin Leader","ascension_level":20}}