{"host":"ftf7rwqr5w72pdsx","time":1612495563,"event":{"mods":["BaseMod","Bestiary","Minty Spire (QoL Compilation)","Relic Stats","Slay the Relics Exporter"],"gold_per_floor":[112,112,62,137,20,20,49,69,69,103,103,125,125,166,166,276,276,296,296,324,65,76,105,150,150,150,150,194,94,94,94,94,205,205,233,253,274,296,45,45,72,109,180,180,205,0,15,38,47,47],"floor_reached":51,"language":"ENG","playtime":2240,"items_purged":["Coolheaded","Coolheaded"],"score":1197,"play_id":"8530c477-1671-4b83-8f5c-6f00ee19f1e7","local_time":"20210204212603","is_ascension_mode":true,"campfire_choices":[{"data":"Defragment","floor":6,"key":"SMITH"},{"floor":13,"key":"REST"},{"floor":15,"key":"REST"},{"data":"Ghostly","floor":25,"key":"SMITH"},{"data":"Ghostly","floor":27,"key":"SMITH"},{"data":"Ghostly","floor":32,"key":"SMITH"},{"data":"Double Energy","floor":40,"key":"SMITH"},{"data":"Zap","floor":44,"key":"SMITH"},{"floor":49,"key":"REST"}],"circlet_count":0,"master_deck":["AscendersBane","Zap+1","Cold Snap","Defragment+1","Static Discharge","Rebound","Double Energy+1","Coolheaded+1","Gash","Gash","Ghostly+1","Ghostly","Ghostly+1","Ghostly+1","Static Discharge","All For One","Turbo+1","Gash+1","Consume+1","Beam Cell+1","Go for the Eyes+1","Loop+1","Leap+1","Redo+1"],"relics":["Cracked Core","NeowsBlessing","CeramicFish","Anchor","Bag of Preparation","Letter Opener","Pandora\u0027s Box","Oddly Smooth Stone","Boot","Toy Ornithopter","Blood Vial","Matryoshka","Nuclear Battery","Cables","Lantern","Vajra","Dream Catcher","Akabeko","Red Mask"],"acts_visited":["Exordium","TheCity","TheBeyond"],"potions_floor_usage":[10,16,33,37,41,48,50],"damage_taken":[{"damage":0,"enemies":"Small Slimes","floor":1,"turns":1},{"damage":0,"enemies":"Jaw Worm","floor":7,"turns":1},{"damage":0,"enemies":"2 Louse","floor":8,"turns":1},{"damage":14,"enemies":"Gremlin Nob","floor":10,"turns":4},{"damage":16,"enemies":"Exordium Thugs","floor":12,"turns":3},{"damage":16,"enemies":"3 Sentries","floor":14,"turns":7},{"damage":37,"enemies":"Slime Boss","floor":16,"turns":15},{"damage":9,"enemies":"Shell Parasite","floor":18,"turns":9},{"damage":2,"enemies":"Chosen","floor":20,"turns":7},{"damage":8,"enemies":"Snake Plant","floor":22,"turns":4},{"damage":15,"enemies":"Book of Stabbing","floor":23,"turns":5},{"damage":6,"enemies":"Slavers","floor":28,"turns":7},{"damage":0,"enemies":"Automaton","floor":33,"turns":10},{"damage":22,"enemies":"3 Shapes","floor":35,"turns":5},{"damage":0,"enemies":"Orb Walker","floor":36,"turns":4},{"damage":0,"enemies":"Jaw Worm Horde","floor":37,"turns":4},{"damage":3,"enemies":"Maw","floor":38,"turns":6},{"damage":8,"enemies":"3 Darklings","floor":41,"turns":5},{"damage":0,"enemies":"Reptomancer","floor":42,"turns":5},{"damage":6,"enemies":"Transient","floor":47,"turns":5},{"damage":4,"enemies":"Spire Growth","floor":48,"turns":4},{"damage":6,"enemies":"Awakened One","floor":50,"turns":14}],"seed_played":"-8987712177489249111","potions_obtained":[{"floor":8,"key":"Weak Potion"},{"floor":10,"key":"Strength Potion"},{"floor":12,"key":"Fruit Juice"},{"floor":18,"key":"SpeedPotion"},{"floor":20,"key":"Block Potion"},{"floor":35,"key":"SkillPotion"},{"floor":38,"key":"SteroidPotion"},{"floor":47,"key":"Weak Potion"},{"floor":48,"key":"Weak Potion"}],"is_trial":false,"path_per_floor":["M","?","?","?","$","R","M","M","T","E","?","M","R","E","R","B",null,"M","?","M","$","M","E","?","R","T","R","E","$","?","?","R","B",null,"M","M","M","M","$","R","M","E","T","R","T","?","M","M","R","B",null],"character_chosen":"DEFECT","items_purchased":["Defragment","Block Potion","Gash","Oddly Smooth Stone","Cables"],"campfire_rested":3,"item_purchase_floors":[5,5,21,21,39],"current_hp_per_floor":[68,56,56,45,45,45,45,45,45,31,31,15,37,21,43,6,58,49,49,47,47,39,24,24,24,24,24,18,18,18,18,18,25,34,14,16,28,27,27,27,26,28,28,28,28,28,24,27,39,38],"gold":47,"neow_bonus":"THREE_ENEMY_KILL","is_daily":false,"chose_seed":false,"campfire_upgraded":6,"win_rate":0.0,"timestamp":1612495563,"path_taken":["M","?","?","?","?","R","M","M","T","E","?","M","R","E","R","BOSS","M","?","M","$","?","E","?","R","T","R","E","$","?","?","R","BOSS","M","?","M","M","$","R","M","E","T","R","?","?","M","M","R","BOSS"],"items_purchased_type":["Card","Potion","Card","Relic","Relic"],"build_version":"2020-12-22","purchased_purges":2,"victory":true,"max_hp_per_floor":[75,75,75,75,75,75,75,75,75,75,75,75,75,75,75,75,75,75,75,75,75,75,75,37,37,37,37,37,37,37,37,37,37,37,37,37,42,42,42,42,42,42,42,42,42,42,42,42,42,42],"relic_stats":{"Blood Vial":20,"Dream Catcher":1,"counters":[22,126],"CeramicFish":225,"Pandora\u0027s Box":["Ball Lightning","Undo","Redo","Hologram","Doom and Gloom","Coolheaded"],"Bag of Preparation":[36],"Letter Opener":[127],"Boot":[20],"obtain_stats":[{"Lantern":42,"NeowsBlessing":0,"CeramicFish":2,"Oddly Smooth Stone":21,"Vajra":43,"Bag of Preparation":10,"Letter Opener":14,"Boot":23,"Akabeko":45,"Nuclear Battery":34,"Cables":39,"Blood Vial":28,"Anchor":9,"Dream Catcher":45,"Matryoshka":31,"Pandora\u0027s Box":17,"Red Mask":46,"Cracked Core":0,"Toy Ornithopter":26},{"Lantern":19,"NeowsBlessing":0,"CeramicFish":1,"Oddly Smooth Stone":9,"Vajra":19,"Bag of Preparation":4,"Letter Opener":6,"Boot":11,"Akabeko":19,"Nuclear Battery":13,"Cables":17,"Blood Vial":12,"Anchor":3,"Dream Catcher":19,"Matryoshka":12,"Pandora\u0027s Box":7,"Red Mask":19,"Cracked Core":0,"Toy Ornithopter":11},{"Lantern":103,"NeowsBlessing":0,"CeramicFish":1,"Oddly Smooth Stone":48,"Vajra":103,"Bag of Preparation":7,"Letter Opener":17,"Boot":57,"Akabeko":103,"Nuclear Battery":74,"Cables":93,"Blood Vial":64,"Anchor":3,"Dream Catcher":103,"Matryoshka":64,"Pandora\u0027s Box":32,"Red Mask":103,"Cracked Core":0,"Toy Ornithopter":57}],"Toy Ornithopter":23,"Cables":[28,13,13,0,2]},"card_choices":[{"not_picked":["Stack","Redo"],"picked":"Cold Snap","floor":1},{"not_picked":["Go for the Eyes","Rebound"],"picked":"Coolheaded","floor":7},{"not_picked":["Beam Cell","Rebound"],"picked":"Static Discharge","floor":8},{"not_picked":["Rebound","All For One"],"picked":"Coolheaded","floor":10},{"not_picked":["Chaos","Barrage"],"picked":"Rebound","floor":12},{"not_picked":["Tempest","Heatsinks"],"picked":"Double Energy","floor":14},{"not_picked":["Amplify","Multi-Cast"],"picked":"Thunder Strike","floor":16},{"not_picked":["Scrape+1","Sweeping Beam"],"picked":"Coolheaded+1","floor":18},{"not_picked":["Barrage","Streamline"],"picked":"Gash","floor":20},{"not_picked":["Sunder","Melter","Heatsinks"],"picked":"SKIP","floor":22},{"not_picked":["Compile Driver+1","Heatsinks","Stack"],"picked":"SKIP","floor":23},{"not_picked":["Barrage","Darkness"],"picked":"Static Discharge","floor":28},{"not_picked":["Buffer","Creative AI"],"picked":"All For One","floor":33},{"not_picked":["Cold Snap","Barrage"],"picked":"Turbo+1","floor":35},{"not_picked":["Reprogram","FTL"],"picked":"Gash+1","floor":36},{"not_picked":["Gash","Ball Lightning"],"picked":"Consume+1","floor":37},{"not_picked":["Streamline+1","Storm"],"picked":"Beam Cell+1","floor":38},{"not_picked":["Leap+1","Rip and Tear"],"picked":"Go for the Eyes+1","floor":41},{"not_picked":["Consume","Seek"],"picked":"Loop+1","floor":42},{"not_picked":["Genetic Algorithm+1","Ball Lightning","Rip and Tear"],"picked":"SKIP","floor":47},{"not_picked":["Stack","Sweeping Beam+1"],"picked":"Leap+1","floor":48},{"not_picked":["Steam","Sweeping Beam"],"picked":"Redo+1","floor":49}],"player_experience":804244,"relics_obtained":[{"floor":9,"key":"Anchor"},{"floor":10,"key":"Bag of Preparation"},{"floor":14,"key":"Letter Opener"},{"floor":23,"key":"Boot"},{"floor":26,"key":"Toy Ornithopter"},{"floor":28,"key":"Blood Vial"},{"floor":42,"key":"Lantern"},{"floor":43,"key":"Vajra"},{"floor":45,"key":"Dream Catcher"},{"floor":45,"key":"Akabeko"}],"event_choices":[{"damage_healed":0,"gold_gain":0,"player_choice":"Success","damage_taken":12,"relics_obtained":["CeramicFish"],"max_hp_gain":0,"max_hp_loss":0,"event_name":"Scrap Ooze","floor":2,"gold_loss":0},{"cards_removed":["Strike_B"],"damage_healed":0,"gold_gain":0,"player_choice":"Card Removal","damage_taken":0,"max_hp_gain":0,"max_hp_loss":0,"event_name":"The Cleric","floor":3,"gold_loss":50},{"damage_healed":0,"gold_gain":75,"player_choice":"Gather Gold","damage_taken":11,"max_hp_gain":0,"max_hp_loss":0,"event_name":"World of Goop","floor":4,"gold_loss":0},{"cards_removed":["Strike_B"],"damage_healed":0,"gold_gain":0,"player_choice":"Purged","damage_taken":0,"max_hp_gain":0,"max_hp_loss":0,"event_name":"Purifier","floor":11,"gold_loss":0},{"cards_removed":["Thunder Strike"],"damage_healed":0,"gold_gain":0,"player_choice":"Purged","damage_taken":0,"max_hp_gain":0,"max_hp_loss":0,"event_name":"Purifier","floor":19,"gold_loss":0},{"damage_healed":0,"gold_gain":0,"player_choice":"Became a Ghost","damage_taken":0,"max_hp_gain":0,"max_hp_loss":38,"event_name":"Ghosts","floor":24,"gold_loss":0,"cards_obtained":["Ghostly","Ghostly","Ghostly","Ghostly","Ghostly"]},{"cards_removed":["Dualcast"],"damage_healed":0,"gold_gain":0,"player_choice":"Elegance","damage_taken":0,"max_hp_gain":0,"max_hp_loss":0,"event_name":"Back to Basics","floor":30,"gold_loss":0},{"cards_removed":["Ghostly"],"damage_healed":0,"gold_gain":0,"player_choice":"Gave Card","damage_taken":0,"relics_obtained":["Matryoshka"],"max_hp_gain":0,"max_hp_loss":0,"event_name":"WeMeetAgain","floor":31,"gold_loss":0},{"damage_healed":0,"gold_gain":0,"player_choice":"Paid","damage_taken":0,"relics_obtained":["Red Mask"],"max_hp_gain":0,"max_hp_loss":0,"event_name":"Tomb of Lord Red Mask","floor":46,"gold_loss":205}],"is_beta":false,"boss_relics":[{"not_picked":["Inserter","Sozu"],"picked":"Pandora\u0027s Box"},{"not_picked":["SacredBark","Runic Pyramid"],"picked":"Nuclear Battery"}],"items_purged_floors":[21,29],"is_endless":false,"potions_floor_spawned":[8,10,12,18,20,23,35,38,47,48],"ascension_level":10}}