{"host":"2wp95sdfrgw3k439","time":1612541323,"event":{"mods":["BaseMod","Better Altar","Better Skull","Better Third Choice","Curses Come First","Minty Spire (QoL Compilation)","Permanent Neow","StSLib"],"gold_per_floor":[109,59,59,69,83,108,108,122,145,179,179,80,96,96,96,96,96],"floor_reached":16,"language":"ENG","playtime":702,"items_purged":["Strike_G"],"score":160,"play_id":"8199c826-e18e-477e-8076-e814567d5e4e","local_time":"20210205090843","is_ascension_mode":true,"campfire_choices":[{"floor":7,"key":"REST"},{"floor":15,"key":"REST"}],"circlet_count":0,"master_deck":["Strike_G","Strike_G","Strike_G","Defend_G","Defend_G","Defend_G","Defend_G","Defend_G","Survivor","Neutralize","Poisoned Stab","Crippling Poison","Flying Knee","Heel Hook","Terror","Deadly Poison","Deadly Poison"],"relics":["Snecko Eye","Snake Skull","Vajra","Bag of Preparation","Gremlin Horn"],"acts_visited":["Exordium"],"potions_floor_usage":[10,10],"damage_taken":[{"damage":1.0,"enemies":"Jaw Worm","floor":1.0,"turns":4.0},{"damage":0.0,"enemies":"2 Louse","floor":4.0,"turns":4.0},{"damage":2.0,"enemies":"Cultist","floor":5.0,"turns":5.0},{"damage":27.0,"enemies":"3 Sentries","floor":6.0,"turns":10.0},{"damage":9,"enemies":"Blue Slaver","floor":8,"turns":3},{"damage":6,"enemies":"Gremlin Nob","floor":10,"turns":3},{"damage":3,"enemies":"Looter","floor":13,"turns":2},{"damage":61,"enemies":"Slime Boss","floor":16,"turns":11}],"seed_played":"4253646318885948998","potions_obtained":[{"floor":4.0,"key":"Poison Potion"},{"floor":6,"key":"Poison Potion"},{"floor":8,"key":"ColorlessPotion"},{"floor":13,"key":"Ancient Potion"}],"is_trial":false,"path_per_floor":["M","?","?","M","M","E","R","M","T","E","T","$","M","$","R","B"],"character_chosen":"THE_SILENT","items_purchased":["Deadly Poison"],"campfire_rested":2,"item_purchase_floors":[12],"current_hp_per_floor":[62,62,62,62,60,33,54,45,45,39,39,39,36,36,57,0,0],"gold":96,"neow_bonus":"BOSS_RELIC","is_daily":false,"chose_seed":false,"campfire_upgraded":0,"win_rate":0.0,"timestamp":1612541323,"path_taken":["M","?","?","M","?","E","R","M","T","E","?","?","M","?","R","BOSS"],"items_purchased_type":["Card"],"build_version":"2020-12-22","purchased_purges":1,"victory":false,"max_hp_per_floor":[70,70,70,70,70,70,70,70,70,70,70,70,70,70,70,70,70],"card_choices":[{"not_picked":["Backflip","Outmaneuver"],"picked":"Poisoned Stab","floor":1.0},{"not_picked":["Underhanded Strike","Escape Plan"],"picked":"Crippling Poison","floor":4.0},{"not_picked":["Tactician","Cloak And Dagger"],"picked":"Flying Knee","floor":5.0},{"not_picked":["Cloak And Dagger","Tactician"],"picked":"Heel Hook","floor":6},{"not_picked":["Poisoned Stab","Slice"],"picked":"Terror","floor":8},{"not_picked":["After Image","PiercingWail","Dagger Throw"],"picked":"SKIP","floor":10},{"not_picked":["PiercingWail","Deflect"],"picked":"Deadly Poison","floor":13}],"player_experience":552551,"relics_obtained":[{"floor":6,"key":"Snake Skull"},{"floor":9,"key":"Vajra"},{"floor":10,"key":"Bag of Preparation"},{"floor":11,"key":"Gremlin Horn"}],"event_choices":[{"cards_removed":["Strike_G"],"damage_healed":0.0,"max_hp_gain":0.0,"max_hp_loss":0.0,"gold_gain":0.0,"event_name":"The Cleric","player_choice":"Card Removal","floor":2.0,"gold_loss":50.0,"damage_taken":0.0},{"damage_healed":0.0,"max_hp_gain":0.0,"max_hp_loss":0.0,"gold_gain":0.0,"event_name":"The Woman in Blue","player_choice":"Bought 0 Potions","floor":3.0,"gold_loss":0.0,"damage_taken":0.0}],"is_beta":false,"boss_relics":[],"items_purged_floors":[12],"is_endless":false,"potions_floor_spawned":[4,6,8,13],"killed_by":"Slime Boss","ascension_level":9}}