{"host":"w4b7hmige5bnqipq","time":1612549445,"event":{"mods":["2.2 Compatiblity","BaseMod","Colored Map","DeckTracker","Keyboard Shortcuts","Minty Spire (QoL Compilation)","Permanent Neow","Rare Cards Sparkle","SuperFastMode","everything is the same but u backflip on backflip","slay the spire mod where everything is the same but ironclad has a cowboy hat"],"gold_per_floor":[114,114,133,133,147,147,165,176,176,187,187,187],"floor_reached":11,"language":"KOR","playtime":707,"items_purged":[],"score":134,"play_id":"0ccd59d3-f079-489f-badd-7b7cdcc4860d","local_time":"20210206032405","is_ascension_mode":true,"campfire_choices":[{"data":"All Out Attack","floor":6,"key":"SMITH"}],"circlet_count":0,"master_deck":["AscendersBane","Strike_G","Strike_G","Strike_G","Defend_G","Defend_G","Defend_G","Defend_G","Defend_G","Survivor","Neutralize","All Out Attack+1","PiercingWail","Blur","Backflip","Reflex","Tools of the Trade"],"relics":["Ring of the Snake","Tough Bandages","InkBottle"],"acts_visited":["Exordium"],"potions_floor_usage":[7,11],"damage_taken":[{"damage":0.0,"enemies":"2 Louse","floor":1.0,"turns":3.0},{"damage":2,"enemies":"Jaw Worm","floor":3,"turns":5},{"damage":9,"enemies":"Cultist","floor":5,"turns":7},{"damage":11,"enemies":"Exordium Thugs","floor":7,"turns":6},{"damage":2,"enemies":"2 Fungi Beasts","floor":8,"turns":4},{"damage":1,"enemies":"Red Slaver","floor":10,"turns":5},{"damage":0,"enemies":"Lagavulin","floor":11,"turns":5}],"seed_played":"-6502361318584960744","potions_obtained":[{"floor":1,"key":"ColorlessPotion"},{"floor":10,"key":"Poison Potion"}],"is_trial":false,"path_per_floor":["M","?","M","?","M","R","M","M","T","M","E"],"character_chosen":"THE_SILENT","items_purchased":[],"campfire_rested":0,"item_purchase_floors":[],"current_hp_per_floor":[44,37,35,35,26,26,15,13,13,12,12,12],"gold":187,"neow_bonus":"ONE_RARE_RELIC","is_daily":false,"chose_seed":false,"campfire_upgraded":1,"win_rate":0.0,"timestamp":1612549445,"path_taken":["M","?","M","?","M","R","M","M","T","M","E"],"items_purchased_type":[],"build_version":"2020-12-22","purchased_purges":0,"victory":false,"max_hp_per_floor":[66,66,66,66,66,66,66,66,66,66,66,66],"card_choices":[{"not_picked":["Dagger Spray","Flying Knee"],"picked":"All Out Attack","floor":1},{"not_picked":["Riddle With Holes","Dagger Spray"],"picked":"PiercingWail","floor":3},{"not_picked":["Bane","Sucker Punch"],"picked":"Blur","floor":5},{"not_picked":["Slice","Outmaneuver"],"picked":"Backflip","floor":7},{"not_picked":["Distraction","PiercingWail"],"picked":"Reflex","floor":8},{"not_picked":["Dagger Throw","Deadly Poison"],"picked":"Tools of the Trade","floor":10}],"player_experience":713318,"relics_obtained":[{"floor":9,"key":"InkBottle"}],"event_choices":[{"cards_removed":["Strike_G"],"damage_healed":0,"gold_gain":0,"player_choice":"Card Removal","damage_taken":7,"max_hp_gain":0,"max_hp_loss":0,"event_name":"Golden Wing","floor":2,"gold_loss":0},{"cards_removed":["Strike_G"],"damage_healed":0,"gold_gain":0,"player_choice":"Card Removal","damage_taken":0,"max_hp_gain":0,"max_hp_loss":0,"event_name":"Wheel of Change","floor":4,"gold_loss":0}],"is_beta":false,"boss_relics":[],"items_purged_floors":[],"is_endless":false,"potions_floor_spawned":[1,10],"killed_by":"Lagavulin","ascension_level":20}}