{"host":"9d9dhukr2jywmy0f","time":1612494338,"event":{"mods":["2.2 Compatiblity","Alarm Clock","BaseMod","Bestiary","Block Reminder","Colored Map","Colored Powertips","Curses Come First","DeckTracker","Highlight Path","Key Reminder","Minty Spire (QoL Compilation)","Quick Restart","Rare Cards Sparkle","Relic Sorter","Relic Stats","Replay The Spire","Spire Birthday Party","StSLib","SuperFastMode","Synergy Search","Unceasing Turn Reminder","Unknown Chances"],"gold_per_floor":[110,110,110,110,158,187,187,214,214,232,232,232,0,0,0,0,0],"floor_reached":16,"language":"ZHS","playtime":397,"items_purged":["Pain"],"score":308,"play_id":"e619c204-aecd-4207-ab68-e04071dc6d26","local_time":"20210205110538","is_ascension_mode":true,"campfire_choices":[{"data":"Neutralize","floor":7.0,"key":"SMITH"},{"data":"Deadly Poison","floor":11.0,"key":"SMITH"},{"data":"Bane","floor":15,"key":"SMITH"}],"circlet_count":0,"master_deck":["AscendersBane","Strike_G","Strike_G","Strike_G","Strike_G","Defend_G","Defend_G","Defend_G","Defend_G","Defend_G","Survivor","Neutralize+1","Terror","Deadly Poison+1","Bane+1"],"relics":["Ring of the Snake","NeowsBlessing","Replay:Wax Seal","ReplayTheSpireMod:Ring of Exchange","Onion Ring","Boot","Art of War","keyreminder:keyreminder","Iron Hammer","Happy Flower","TheAbacus"],"acts_visited":["Exordium"],"potions_floor_usage":[16],"damage_taken":[{"damage":0.0,"enemies":"2 Louse","floor":1.0,"turns":1.0},{"damage":0.0,"enemies":"Lagavulin","floor":6.0,"turns":1.0},{"damage":0.0,"enemies":"Gremlin Nob","floor":8.0,"turns":1.0},{"damage":3.0,"enemies":"Small Slimes","floor":10.0,"turns":3.0},{"damage":9,"enemies":"Slime Boss","floor":16,"turns":7}],"seed_played":"6899929036960227613","potions_obtained":[{"floor":1.0,"key":"Adrenaline Potion"},{"floor":5.0,"key":"Cursed Concoction"},{"floor":8.0,"key":"Poison Potion"}],"is_trial":false,"path_per_floor":["M","?","?","?","?","E","R","E","T","M","R","T","$","$","R","B"],"character_chosen":"THE_SILENT","items_purchased":["TheAbacus"],"campfire_rested":0,"item_purchase_floors":[13],"current_hp_per_floor":[59,59,14,14,14,14,14,14,14,11,11,11,11,11,11,2,2],"gold":0,"neow_bonus":"THREE_ENEMY_KILL","is_daily":false,"chose_seed":false,"campfire_upgraded":3,"win_rate":0.0,"timestamp":1612494338,"path_taken":["M","?","?","?","?","E","R","E","T","M","R","?","?","$","R_BF","BOSS"],"items_purchased_type":["Relic"],"build_version":"2020-12-22","purchased_purges":1,"victory":false,"max_hp_per_floor":[66,66,66,66,66,66,66,66,66,66,66,66,66,66,66,66,66],"relic_stats":{"TheAbacus":[12],"Happy Flower":[2],"counters":[5,13],"Art of War":[1],"Boot":[0],"obtain_stats":[{"keyreminder:keyreminder":8,"ReplayTheSpireMod:Ring of Exchange":4,"TheAbacus":13,"NeowsBlessing":0,"Happy Flower":12,"Onion Ring":5,"Iron Hammer":9,"Art of War":8,"Replay:Wax Seal":3,"Boot":6,"Ring of the Snake":0},{"keyreminder:keyreminder":3,"ReplayTheSpireMod:Ring of Exchange":1,"TheAbacus":4,"NeowsBlessing":0,"Happy Flower":4,"Onion Ring":1,"Iron Hammer":3,"Art of War":3,"Replay:Wax Seal":1,"Boot":2,"Ring of the Snake":0},{"keyreminder:keyreminder":3,"ReplayTheSpireMod:Ring of Exchange":1,"TheAbacus":6,"NeowsBlessing":0,"Happy Flower":6,"Onion Ring":1,"Iron Hammer":3,"Art of War":3,"Replay:Wax Seal":1,"Boot":2,"Ring of the Snake":0}],"Ring of the Snake":[10]},"card_choices":[{"not_picked":["Endless Agony","Dodge and Roll","Prepared"],"picked":"SKIP","floor":1.0},{"not_picked":["Hidden Blade","Quick Slash"],"picked":"Terror","floor":5.0},{"not_picked":["Escape Plan","Atom Bomb"],"picked":"Deadly Poison","floor":6.0},{"not_picked":["Dagger Spray","Sucker Punch","Cloak And Dagger"],"picked":"SKIP","floor":8.0},{"not_picked":["Sucker Punch","Flying Knee"],"picked":"Bane","floor":10.0}],"player_experience":882145,"relics_obtained":[{"floor":4.0,"key":"ReplayTheSpireMod:Ring of Exchange"},{"floor":5.0,"key":"Onion Ring"},{"floor":6.0,"key":"Boot"},{"floor":8.0,"key":"Art of War"},{"floor":9.0,"key":"Iron Hammer"},{"floor":12.0,"key":"Happy Flower"}],"event_choices":[{"damage_healed":0.0,"max_hp_gain":0.0,"max_hp_loss":0.0,"gold_gain":0.0,"event_name":"Scrap Ooze","player_choice":"Success","floor":3.0,"gold_loss":0.0,"damage_taken":45.0,"relics_obtained":["Replay:Wax Seal"]}],"is_beta":false,"boss_relics":[],"items_purged_floors":[13],"is_endless":false,"potions_floor_spawned":[1,8,10],"killed_by":"Slime Boss","ascension_level":20}}