{"host":"gfxjwtol062e9znw","time":1612525176,"event":{"mods":["BaseMod","Colored Map","Minty Spire (QoL Compilation)","Rare Cards Sparkle"],"gold_per_floor":[114,128,142,142,152,152,164,164,212,212,227,262,262,273,273,370,370,389,409,25,25,25],"floor_reached":21,"language":"ENG","playtime":1040,"items_purged":["Defend_G"],"score":338,"play_id":"925cf083-c5c0-47f3-8e7a-4c9276eb3875","local_time":"20210205223936","is_ascension_mode":true,"campfire_choices":[{"floor":6,"key":"REST"},{"data":"Neutralize","floor":10,"key":"SMITH"},{"floor":13,"key":"REST"},{"data":"Footwork","floor":15,"key":"SMITH"}],"circlet_count":0,"master_deck":["Strike_G","Strike_G","Strike_G+1","Defend_G","Defend_G","Defend_G","Survivor","Neutralize+1","Calculated Gamble+1","Flechettes+1","Setup+1","Flying Knee+1","Prepared","Die Die Die","Blade Dance","Deflect","Dagger Spray","Expertise","Footwork+1","Adrenaline","Accuracy"],"relics":["Astrolabe","Paper Crane","Oddly Smooth Stone","Whetstone","Black Star","CaptainsWheel"],"acts_visited":["Exordium","TheCity"],"potions_floor_usage":[12,16,21,21],"damage_taken":[{"damage":4,"enemies":"Jaw Worm","floor":1,"turns":5},{"damage":4,"enemies":"2 Louse","floor":2,"turns":3},{"damage":0,"enemies":"Small Slimes","floor":3,"turns":3},{"damage":12,"enemies":"Gremlin Gang","floor":5,"turns":4},{"damage":18,"enemies":"3 Louse","floor":7,"turns":2},{"damage":4,"enemies":"Exordium Wildlife","floor":11,"turns":3},{"damage":17,"enemies":"Gremlin Nob","floor":12,"turns":4},{"damage":0,"enemies":"Exordium Thugs","floor":14,"turns":3},{"damage":0,"enemies":"Slime Boss","floor":16,"turns":10},{"damage":12,"enemies":"Shell Parasite","floor":18,"turns":6},{"damage":22,"enemies":"Spheric Guardian","floor":19,"turns":4},{"damage":35,"enemies":"Snecko","floor":21,"turns":7}],"seed_played":"-3979522269104515158","potions_obtained":[{"floor":1,"key":"CultistPotion"},{"floor":7,"key":"LiquidMemories"},{"floor":11,"key":"CultistPotion"},{"floor":14,"key":"LiquidMemories"},{"floor":18,"key":"BlessingOfTheForge"}],"is_trial":false,"path_per_floor":["M","M","M","?","M","R","M","?","T","R","M","E","R","M","R","B",null,"M","M","$","M"],"character_chosen":"THE_SILENT","items_purchased":["CaptainsWheel"],"campfire_rested":2,"item_purchase_floors":[20],"current_hp_per_floor":[59,55,55,43,31,52,34,57,57,57,53,36,57,57,57,57,67,55,33,33,0,0],"gold":25,"neow_bonus":"BOSS_RELIC","is_daily":false,"chose_seed":false,"campfire_upgraded":2,"win_rate":0.0,"timestamp":1612525176,"path_taken":["M","M","M","?","M","R","M","?","T","R","M","E","R","M","R","BOSS","M","M","$","M"],"items_purchased_type":["Relic"],"build_version":"2020-12-22","purchased_purges":1,"victory":false,"max_hp_per_floor":[70,70,70,70,70,70,70,70,70,70,70,70,70,70,70,70,70,70,70,70,70,70],"card_choices":[{"not_picked":["Flechettes","Quick Slash"],"picked":"Flying Knee","floor":1},{"not_picked":["Outmaneuver","Poisoned Stab"],"picked":"Prepared","floor":2},{"not_picked":["Underhanded Strike","Dash"],"picked":"Die Die Die","floor":3},{"not_picked":["Flying Knee","Skewer"],"picked":"Blade Dance","floor":5},{"not_picked":["All Out Attack","Outmaneuver"],"picked":"Deflect","floor":7},{"not_picked":["A Thousand Cuts","Flechettes"],"picked":"Dagger Spray","floor":11},{"not_picked":["Endless Agony","Setup"],"picked":"Expertise","floor":12},{"not_picked":["Catalyst","Well Laid Plans"],"picked":"Footwork","floor":14},{"not_picked":["Corpse Explosion","Glass Knife"],"picked":"Adrenaline","floor":16},{"not_picked":["Bane","Flying Knee"],"picked":"Accuracy","floor":18},{"not_picked":["Masterful Stab","Bane","Dagger Spray"],"picked":"SKIP","floor":19}],"player_experience":91272,"relics_obtained":[{"floor":9,"key":"Oddly Smooth Stone"},{"floor":12,"key":"Whetstone"}],"event_choices":[{"damage_healed":0,"gold_gain":0,"player_choice":"Success","damage_taken":12,"relics_obtained":["Paper Crane"],"max_hp_gain":0,"max_hp_loss":0,"event_name":"Scrap Ooze","floor":4,"gold_loss":0},{"damage_healed":23,"gold_gain":0,"player_choice":"Banana","damage_taken":0,"max_hp_gain":0,"max_hp_loss":0,"event_name":"Big Fish","floor":8,"gold_loss":0}],"is_beta":false,"boss_relics":[{"not_picked":["Fusion Hammer","HoveringKite"],"picked":"Black Star"}],"items_purged_floors":[20],"is_endless":false,"potions_floor_spawned":[1,7,11,14,18],"killed_by":"Snecko","ascension_level":9}}