{"host":"nozk9xg7ssf2drdi","time":1612501525,"event":{"mods":["BaseMod","Colored Map","Minty Spire (QoL Compilation)","Relic Stats","Slay the Relics Exporter","StSLib","everything is the same but u backflip on backflip"],"gold_per_floor":[18,18,38,38,38,38,70,86,86,86,118,118,146,166,166,241,241,257,273,288,301,320,353,353,303,303,4,338,338,372,84,84,163,163,182,26,43,68,68,95,110,144,144,164,174,174,190,237,237,237,237,237,237,16,43,43],"floor_reached":57,"language":"ENG","playtime":10551,"items_purged":["Strike_R"],"score":2980,"play_id":"752daf4d-eaab-4eff-ab12-38a7ebd20ce6","local_time":"20210204230525","is_ascension_mode":true,"campfire_choices":[{"data":"Rampage","floor":6,"key":"SMITH"},{"data":"Cleave","floor":10,"key":"SMITH"},{"data":"Blood for Blood","floor":15,"key":"SMITH"},{"floor":24,"key":"REST"},{"data":"Fiend Fire","floor":29,"key":"SMITH"},{"floor":32,"key":"REST"},{"floor":49,"key":"RECALL"},{"data":"Feel No Pain","floor":53,"key":"SMITH"}],"circlet_count":0,"master_deck":["AscendersBane","Strike_R","Strike_R+1","Strike_R","Strike_R","Defend_R","Defend_R","Defend_R","Defend_R","Bash+1","Master of Strategy","Disarm","Rampage+1","Cleave+1","Ghostly Armor+1","Blood for Blood+1","Fire Breathing","Evolve+1","Corruption","Power Through","Dual Wield+1","Clothesline","Cleave+1","Fiend Fire+1","Feel No Pain+1","True Grit","Battle Trance","Disarm","Night Terror","Predator+1","Immolate+1","ThirdEye","Shrug It Off+1","Acrobatics","Leg Sweep+1","Discovery","Master of Strategy","Chrysalis","Impervious"],"relics":["Burning Blood","Torii","Pear","Art of War","Nunchaku","Snecko Eye","Bronze Scales","Molten Egg 2","Sling","Old Coin","Mercury Hourglass","PrismaticShard","Mark of Pain","Dead Branch","White Beast Statue","Letter Opener","FossilizedHelix","War Paint"],"acts_visited":["Exordium","TheCity","TheBeyond","TheEnding"],"potions_floor_usage":[11,13,21,23,28,44,47,50,55,56,56],"damage_taken":[{"damage":7,"enemies":"Small Slimes","floor":1,"turns":3},{"damage":0,"enemies":"Jaw Worm","floor":3,"turns":5},{"damage":34,"enemies":"Gremlin Nob","floor":7,"turns":4},{"damage":0,"enemies":"Cultist","floor":8,"turns":4},{"damage":42,"enemies":"Lagavulin","floor":11,"turns":10},{"damage":11,"enemies":"3 Sentries","floor":13,"turns":4},{"damage":9,"enemies":"Red Slaver","floor":14,"turns":3},{"damage":14,"enemies":"Hexaghost","floor":16,"turns":8},{"damage":10,"enemies":"Shell Parasite","floor":18,"turns":3},{"damage":12,"enemies":"Spheric Guardian","floor":19,"turns":4},{"damage":12,"enemies":"Centurion and Healer","floor":20,"turns":5},{"damage":19,"enemies":"Sentry and Sphere","floor":21,"turns":4},{"damage":9,"enemies":"Snecko","floor":22,"turns":6},{"damage":39,"enemies":"Book of Stabbing","floor":23,"turns":6},{"damage":16,"enemies":"Slavers","floor":28,"turns":4},{"damage":19,"enemies":"Gremlin Leader","floor":30,"turns":3},{"damage":43,"enemies":"Champ","floor":33,"turns":14},{"damage":0,"enemies":"Orb Walker","floor":35,"turns":2},{"damage":0,"enemies":"3 Shapes","floor":37,"turns":3},{"damage":0,"enemies":"Mind Bloom Boss Battle","floor":38,"turns":5},{"damage":36,"enemies":"Nemesis","floor":40,"turns":5},{"damage":2,"enemies":"Sphere and 2 Shapes","floor":41,"turns":4},{"damage":0,"enemies":"Giant Head","floor":42,"turns":5},{"damage":6,"enemies":"Spire Growth","floor":44,"turns":4},{"damage":1,"enemies":"Transient","floor":45,"turns":6},{"damage":0,"enemies":"Writhing Mass","floor":47,"turns":5},{"damage":0,"enemies":"2 Orb Walkers","floor":48,"turns":2},{"damage":10,"enemies":"Awakened One","floor":50,"turns":7},{"damage":4,"enemies":"Time Eater","floor":51,"turns":8},{"damage":35,"enemies":"Shield and Spear","floor":55,"turns":4},{"damage":7,"enemies":"The Heart","floor":56,"turns":6}],"seed_played":"-571058557561325269","potions_obtained":[{"floor":7,"key":"Regen Potion"},{"floor":8,"key":"Ancient Potion"},{"floor":11,"key":"DuplicationPotion"},{"floor":20,"key":"DistilledChaos"},{"floor":22,"key":"Regen Potion"},{"floor":23,"key":"ColorlessPotion"},{"floor":30,"key":"Fire Potion"},{"floor":41,"key":"DistilledChaos"},{"floor":44,"key":"BloodPotion"},{"floor":47,"key":"Regen Potion"},{"floor":55,"key":"Swift Potion"}],"is_trial":false,"path_per_floor":["M","?","M","?","$","R","E","M","T","R","E","?","E","M","R","B",null,"M","M","M","M","M","E","R","?","T","$","E","R","E","$","R","B",null,"M","$","M","?","?","E","M","E","T","M","M","?","M","?","R","B","B",null,"R","$","E","B",null],"character_chosen":"IRONCLAD","items_purchased":["Sling","Feel No Pain","True Grit","Disarm","PrismaticShard","Immolate+1","Impervious","BloodPotion"],"campfire_rested":2,"item_purchase_floors":[27,27,27,31,31,36,54,54],"current_hp_per_floor":[67,67,73,78,78,78,50,56,66,66,45,40,35,32,32,24,74,70,64,58,45,42,24,51,51,51,51,41,41,28,28,55,18,72,78,78,84,90,85,55,59,65,65,65,70,60,83,85,85,81,83,85,85,85,73,85],"gold":43,"neow_bonus":"RANDOM_COLORLESS_2","is_daily":false,"chose_seed":false,"campfire_upgraded":5,"win_rate":0.0,"timestamp":1612501525,"path_taken":["M","?","M","?","?","R","E","?","T","R","E","?","E","?","R","BOSS","M","M","M","M","M","E","R","?","T","$","E","R","E","?","R","BOSS","M","$","M","?","?","E","M","E","T","M","M","?","M","?","R","BOSS","BOSS","R","$","E","BOSS"],"items_purchased_type":["Relic","Card","Card","Card","Relic","Card","Card","Potion"],"build_version":"2020-12-22","purchased_purges":1,"victory":true,"max_hp_per_floor":[75,75,75,80,80,80,80,80,90,90,90,90,90,90,90,90,90,90,90,90,90,90,90,90,90,90,90,90,90,90,90,90,90,90,90,90,90,90,85,85,85,85,85,85,85,85,85,85,85,85,85,85,85,85,85,85],"relic_stats":{"Nunchaku":[28],"Torii":69,"counters":[31,156],"Bronze Scales":[283],"Dead Branch":[419],"Snecko Eye":[232,206,255,240],"Art of War":[23],"Letter Opener":[310],"War Paint":["Ghostly Armor","Leg Sweep"],"obtain_stats":[{"Pear":9,"Torii":7,"Dead Branch":38,"Letter Opener":42,"War Paint":55,"Sling":27,"PrismaticShard":31,"Burning Blood":0,"White Beast Statue":40,"Old Coin":28,"Mercury Hourglass":30,"Nunchaku":13,"Bronze Scales":23,"Snecko Eye":17,"Molten Egg 2":26,"Mark of Pain":34,"Art of War":11,"FossilizedHelix":48},{"Pear":4,"Torii":3,"Dead Branch":20,"Letter Opener":23,"War Paint":30,"Sling":14,"PrismaticShard":16,"Burning Blood":0,"White Beast Statue":21,"Old Coin":15,"Mercury Hourglass":16,"Nunchaku":6,"Bronze Scales":14,"Snecko Eye":8,"Molten Egg 2":14,"Mark of Pain":17,"Art of War":5,"FossilizedHelix":27},{"Pear":16,"Torii":12,"Dead Branch":100,"Letter Opener":114,"War Paint":150,"Sling":69,"PrismaticShard":76,"Burning Blood":0,"White Beast Statue":105,"Old Coin":73,"Mercury Hourglass":76,"Nunchaku":30,"Bronze Scales":69,"Snecko Eye":41,"Molten Egg 2":69,"Mark of Pain":90,"Art of War":26,"FossilizedHelix":131}],"Burning Blood":180,"Mercury Hourglass":[231]},"card_choices":[{"not_picked":["Violence","Metamorphosis"],"picked":"Master of Strategy","floor":0},{"not_picked":["Iron Wave","Clash"],"picked":"Disarm","floor":1},{"not_picked":["Whirlwind","Burning Pact"],"picked":"Rampage","floor":3},{"not_picked":["Wild Strike","Armaments"],"picked":"Cleave","floor":7},{"not_picked":["Cleave","Warcry"],"picked":"Ghostly Armor","floor":8},{"not_picked":["Reckless Charge","Thunderclap"],"picked":"Blood for Blood","floor":11},{"not_picked":["Metallicize","Uppercut"],"picked":"Fire Breathing","floor":13},{"not_picked":["Thunderclap","Rupture"],"picked":"Evolve","floor":14},{"not_picked":["Limit Break","Reaper"],"picked":"Corruption","floor":16},{"not_picked":["Iron Wave","Intimidate"],"picked":"Power Through","floor":18},{"not_picked":["Seeing Red","Evolve","Armaments"],"picked":"SKIP","floor":19},{"not_picked":["Metallicize+1","Pommel Strike"],"picked":"Dual Wield+1","floor":20},{"not_picked":["Twin Strike","Perfected Strike"],"picked":"Clothesline","floor":21},{"not_picked":["Headbutt","Armaments"],"picked":"Cleave+1","floor":22},{"not_picked":["Perfected Strike","Hemokinesis"],"picked":"Fiend Fire","floor":23},{"not_picked":["Sentinel","Perfected Strike+1","Rupture"],"picked":"SKIP","floor":28},{"not_picked":["Sever Soul+1","Seeing Red"],"picked":"Battle Trance","floor":30},{"not_picked":["Biased Cognition","Transmutation"],"picked":"Night Terror","floor":33},{"not_picked":["Flame Barrier","Coolheaded"],"picked":"Predator+1","floor":35},{"not_picked":["Halt","Turbo+1"],"picked":"ThirdEye","floor":37},{"not_picked":["Intimidate","Clothesline+1"],"picked":"Shrug It Off+1","floor":38},{"not_picked":["Heavy Blade+1","Reprogram","Poisoned Stab+1"],"picked":"SKIP","floor":40},{"not_picked":["Storm","Sunder+1"],"picked":"Acrobatics","floor":41},{"not_picked":["Leap","Blade Dance"],"picked":"Leg Sweep","floor":42},{"not_picked":["Sword Boomerang+1","FollowUp+1","Prepared"],"picked":"SKIP","floor":44},{"not_picked":["FlyingSleeves+1","Judgement","Footwork"],"picked":"SKIP","floor":45},{"not_picked":["FlyingSleeves+1","Judgement","Footwork"],"picked":"SKIP","floor":45},{"not_picked":["Secret Technique","Panacea"],"picked":"Discovery","floor":46},{"not_picked":["Magnetism","Violence"],"picked":"Master of Strategy","floor":46},{"not_picked":["Jack Of All Trades","Secret Technique"],"picked":"Chrysalis","floor":46},{"not_picked":["Halt","Bane+1","Compile Driver+1"],"picked":"SKIP","floor":47},{"not_picked":["Steam","Rebound+1","Gash+1"],"picked":"SKIP","floor":55}],"player_experience":6051331,"relics_obtained":[{"floor":7,"key":"Torii"},{"floor":9,"key":"Pear"},{"floor":11,"key":"Art of War"},{"floor":13,"key":"Nunchaku"},{"floor":23,"key":"Bronze Scales"},{"floor":26,"key":"Molten Egg 2"},{"floor":28,"key":"Old Coin"},{"floor":30,"key":"Mercury Hourglass"},{"floor":38,"key":"Dead Branch"},{"floor":40,"key":"White Beast Statue"},{"floor":42,"key":"Letter Opener"},{"floor":48,"key":"FossilizedHelix"},{"floor":55,"key":"War Paint"}],"event_choices":[{"damage_healed":0,"gold_gain":0,"player_choice":"Grow","damage_taken":0,"max_hp_gain":0,"max_hp_loss":0,"event_name":"Living Wall","floor":2,"gold_loss":0,"cards_upgraded":["Bash"]},{"damage_healed":0,"gold_gain":0,"player_choice":"Donut","damage_taken":0,"max_hp_gain":5,"max_hp_loss":0,"event_name":"Big Fish","floor":4,"gold_loss":0},{"damage_healed":0,"gold_gain":0,"player_choice":"Bought 0 Potions","damage_taken":0,"max_hp_gain":0,"max_hp_loss":0,"event_name":"The Woman in Blue","floor":12,"gold_loss":0},{"damage_healed":0,"gold_gain":0,"player_choice":"Upgraded Two","damage_taken":0,"max_hp_gain":0,"max_hp_loss":0,"event_name":"Designer","floor":25,"gold_loss":50,"cards_upgraded":["Evolve","Strike_R"]},{"damage_healed":0,"gold_gain":0,"player_choice":"Fight","damage_taken":0,"max_hp_gain":0,"max_hp_loss":0,"event_name":"MindBloom","floor":38,"gold_loss":0},{"damage_healed":0,"gold_gain":0,"player_choice":"Max HP","damage_taken":0,"max_hp_gain":0,"max_hp_loss":5,"event_name":"Winding Halls","floor":39,"gold_loss":0},{"damage_healed":0,"gold_gain":0,"player_choice":"Memory 3","damage_taken":10,"max_hp_gain":0,"max_hp_loss":0,"event_name":"SensoryStone","floor":46,"gold_loss":0},{"damage_healed":0,"gold_gain":0,"player_choice":"Fight","damage_taken":0,"max_hp_gain":0,"max_hp_loss":0,"event_name":"Mysterious Sphere","floor":48,"gold_loss":0}],"is_beta":false,"boss_relics":[{"not_picked":["Fusion Hammer","Runic Cube"],"picked":"Snecko Eye"},{"not_picked":["Cursed Key","Runic Pyramid"],"picked":"Mark of Pain"}],"items_purged_floors":[31],"is_endless":false,"potions_floor_spawned":[7,8,11,20,22,23,30,35,41,42,44,45,47,48,55],"ascension_level":20}}