{"host":"i0avyit1s6jb1siw","time":1612556263,"event":{"mods":["BaseMod","DeckTracker","Dota2Spire","Highlight Path","Minty Spire (QoL Compilation)","Quick Restart","StSLib","SuperFastMode"],"gold_per_floor":[118,43,43,62,62,23,66,66,114,114,132,175,175,175,175,190,190,283,283,297,315,48,91,91,91,91,132,132,132,175,199,220,244,244,244,244,244,244],"floor_reached":37,"language":"ENG","playtime":836,"items_purged":["Strike_G","Strike_G"],"score":726,"play_id":"1c596488-e278-42c1-9875-3abbc4eef0f8","local_time":"20210205211743","is_ascension_mode":true,"campfire_choices":[{"data":"Cloak And Dagger","floor":8.0,"key":"SMITH"},{"data":"Blade Dance","floor":13.0,"key":"SMITH"},{"data":"Crippling Poison","floor":15.0,"key":"SMITH"},{"data":"Footwork","floor":17.0,"key":"SMITH"},{"floor":25.0,"key":"REST"},{"data":"Wraith Form v2","floor":29,"key":"SMITH"},{"data":"Accuracy","floor":35,"key":"SMITH"},{"data":"Wraith Form v2","floor":36,"key":"SMITH"}],"circlet_count":0,"master_deck":["AscendersBane","Strike_G","Strike_G","Defend_G","Defend_G","Defend_G","Defend_G","Defend_G","Survivor","Neutralize","Blade Dance+1","Dagger Spray","Backstab","Cloak And Dagger+1","Footwork+1","Crippling Poison+1","Venomology","Predator","PiercingWail","Wraith Form v2+1","Accuracy+1","Noxious Fumes+1","Wraith Form v2+1"],"relics":["Ring of the Snake","NeowsBlessing","Golden Idol","Ornamental Fan","Pen Nib","Orichalcum","PreservedInsect","Snecko Eye","Dota2Spire:EchoSabre","Red Mask","Dota2Spire:Desolator","Potion Belt"],"acts_visited":["Exordium","TheCity"],"potions_floor_usage":[27,32,33,37,37,37,37],"damage_taken":[{"damage":0.0,"enemies":"Cultist","floor":1.0,"turns":1.0},{"damage":0.0,"enemies":"2 Louse","floor":4.0,"turns":1.0},{"damage":0.0,"enemies":"Gremlin Nob","floor":7.0,"turns":1.0},{"damage":0.0,"enemies":"Jaw Worm","floor":11.0,"turns":2.0},{"damage":5.0,"enemies":"3 Sentries","floor":12.0,"turns":7.0},{"damage":2.0,"enemies":"Large Slime","floor":16.0,"turns":6.0},{"damage":32.0,"enemies":"Hexaghost","floor":18.0,"turns":14.0},{"damage":8.0,"enemies":"2 Thieves","floor":20.0,"turns":3.0},{"damage":4.0,"enemies":"Chosen","floor":21.0,"turns":4.0},{"damage":4.0,"enemies":"Masked Bandits","floor":23.0,"turns":3.0},{"damage":12,"enemies":"Gremlin Leader","floor":27,"turns":5},{"damage":0,"enemies":"Slavers","floor":30,"turns":3},{"damage":0,"enemies":"Snake Plant","floor":31,"turns":2},{"damage":0,"enemies":"Snecko","floor":32,"turns":4},{"damage":10,"enemies":"Centurion and Healer","floor":33,"turns":7},{"damage":44,"enemies":"Collector","floor":37,"turns":10}],"seed_played":"3718772927051282838","potions_obtained":[{"floor":4.0,"key":"PowerPotion"},{"floor":7.0,"key":"CunningPotion"},{"floor":18.0,"key":"AttackPotion"},{"floor":23.0,"key":"Block Potion"},{"floor":32,"key":"SpeedPotion"},{"floor":33,"key":"DuplicationPotion"}],"is_trial":false,"path_per_floor":["M","$","?","M","?","$","E","R","T","T","M","E","R","?","R","M","R","B",null,"M","M","$","?","?","R","$","E","T","R","E","M","M","M","?","R","R","B"],"character_chosen":"THE_SILENT","items_purchased":["Backstab","Dota2Spire:EchoSabre"],"campfire_rested":1,"item_purchase_floors":[6,22],"current_hp_per_floor":[59,59,59,59,59,59,59,59,59,59,59,54,54,47,47,45,45,13,48,40,36,36,32,32,50,50,38,38,38,38,38,38,28,28,28,28,0,0],"gold":244,"neow_bonus":"THREE_ENEMY_KILL","is_daily":false,"chose_seed":false,"campfire_upgraded":7,"win_rate":0.0,"timestamp":1612556263,"path_taken":["M","$","?","M","?","$","E","R","T","T","M","E","R","?","R","M","R","BOSS","M","M","$","?","?","R","?","E","T","R","E","M","M","M","?","R","R","BOSS"],"items_purchased_type":["Card","Relic"],"build_version":"2020-12-22","purchased_purges":2,"victory":false,"max_hp_per_floor":[66,66,66,66,60,60,60,60,60,60,60,60,60,60,60,60,60,60,60,60,60,60,60,60,60,60,60,60,60,60,60,60,60,60,60,60,60,60],"card_choices":[{"not_picked":["Sucker Punch","Caltrops"],"picked":"Blade Dance","floor":1.0},{"not_picked":["Backflip","Slice"],"picked":"Dagger Spray","floor":4.0},{"not_picked":["Heel Hook","Blur"],"picked":"Cloak And Dagger","floor":7.0},{"not_picked":["Acrobatics","All Out Attack"],"picked":"Footwork","floor":11.0},{"not_picked":["Cloak And Dagger","Predator"],"picked":"Crippling Poison","floor":12.0},{"not_picked":["Riddle With Holes","Backstab","Unload"],"picked":"SKIP","floor":16.0},{"not_picked":["Unload","Night Terror"],"picked":"Venomology","floor":18.0},{"not_picked":["Terror","Backflip"],"picked":"Predator","floor":20.0},{"not_picked":["Dodge and Roll+1","Setup","Flechettes"],"picked":"SKIP","floor":21.0},{"not_picked":["Slice","Deflect"],"picked":"PiercingWail","floor":23.0},{"not_picked":["Tactician","Bane"],"picked":"Wraith Form v2","floor":27},{"not_picked":["Underhanded Strike","Sucker Punch"],"picked":"Accuracy","floor":30},{"not_picked":["Predator","Heel Hook","Setup"],"picked":"SKIP","floor":31},{"not_picked":["Catalyst","Blade Dance"],"picked":"Noxious Fumes+1","floor":32},{"not_picked":["Backflip","Quick Slash+1"],"picked":"Wraith Form v2","floor":33}],"player_experience":2415192,"relics_obtained":[{"floor":7.0,"key":"Ornamental Fan"},{"floor":9.0,"key":"Pen Nib"},{"floor":10.0,"key":"Orichalcum"},{"floor":12.0,"key":"PreservedInsect"},{"floor":23.0,"key":"Red Mask"},{"floor":27,"key":"Dota2Spire:Desolator"},{"floor":30,"key":"Potion Belt"}],"event_choices":[{"damage_healed":0.0,"max_hp_gain":0.0,"max_hp_loss":0.0,"gold_gain":0.0,"event_name":"The Cleric","player_choice":"Leave","floor":3.0,"gold_loss":0.0,"damage_taken":0.0},{"damage_healed":0.0,"max_hp_gain":0.0,"max_hp_loss":6.0,"gold_gain":0.0,"event_name":"Golden Idol","player_choice":"Lose Max HP","floor":5.0,"gold_loss":0.0,"damage_taken":0.0,"relics_obtained":["Golden Idol"]},{"cards_removed":["Strike_G"],"damage_healed":0.0,"max_hp_gain":0.0,"max_hp_loss":0.0,"gold_gain":0.0,"event_name":"Golden Wing","player_choice":"Card Removal","floor":14.0,"gold_loss":0.0,"damage_taken":7.0},{"damage_healed":0.0,"max_hp_gain":0.0,"max_hp_loss":0.0,"gold_gain":0.0,"event_name":"Masked Bandits","player_choice":"Fought Bandits","floor":23.0,"gold_loss":0.0,"damage_taken":0.0},{"damage_healed":0.0,"max_hp_gain":0.0,"max_hp_loss":0.0,"gold_gain":0.0,"event_name":"Ghosts","player_choice":"Ignored","floor":24.0,"gold_loss":0.0,"damage_taken":0.0},{"damage_healed":0,"gold_gain":0,"player_choice":"Ignored","damage_taken":0,"max_hp_gain":0,"max_hp_loss":0,"event_name":"Cursed Tome","floor":34,"gold_loss":0}],"is_beta":false,"boss_relics":[{"not_picked":["Cursed Key","Philosopher\u0027s Stone"],"picked":"Snecko Eye"}],"items_purged_floors":[2,22],"is_endless":false,"potions_floor_spawned":[4,7,18,20,23,32,33],"killed_by":"Collector","ascension_level":20}}