{"host":"h5acbxt0wmjo1kpm","time":1612517570,"event":{"mods":["2.2 Compatiblity","Act Like it!","AlwaysNeverKeys","Aspiration","Bard","Bartender","BaseMod","Better Third Choice","Colored Map","Downfall","Elementarium","Gensokyo","GifTheSpireLib","Hallownest","Marisa????????","Menagerie","Minty Spire (QoL Compilation)","Permanent Neow","Potionbrewer","Quick Restart","Relic Filter","Reliquary","Robot Space Explorer","RumiaBox-????????","Shade Mod","Spicy Shops","StSLib","Strawberry Spire","The Blackbeard","The Dragon Tamer","The Gatherer","The Hayseed","The Problem Sleuth","The Servant 0.9.4","Wandering Minibosses","Wide Potions"],"gold_per_floor":[99,45,45,45,65,65,90,110,126,126,126,159,159,184,197,299,299,299,316,316,316,316,327,353,353,353,353],"floor_reached":25,"language":"ENG","playtime":930,"items_purged":[],"score":361,"play_id":"c5d41b98-b698-4f23-9e6c-ef195f9c97f1","local_time":"20210205013250","is_ascension_mode":true,"campfire_choices":[{"data":"bronze:Goto","floor":1,"key":"SMITH"},{"data":"All Out Attack","floor":6,"key":"SMITH"},{"data":"bronze:Backtrace","floor":10,"key":"SMITH"},{"data":"bronze:AlphaBuild","floor":13,"key":"SMITH"},{"data":"bronze:Mutator","floor":18,"key":"SMITH"}],"circlet_count":0,"master_deck":["bronze:Defend","bronze:Defend","bronze:Defend","bronze:Defend","bronze:Replicate","bronze:Goto+1","bronze:Separator","bronze:CloningBeam","Eviscerate","Strike_G","All Out Attack+1","bronze:Backtrace+1","bronze:Branch","bronze:Backtrace","Clumsy","bronze:AlphaBuild+1","bronze:BronzeOrb","bronze:Overload","bronze:Mutator+1","Gensokyo:FourOfAKind","Gensokyo:FourOfAKind","Gensokyo:FourOfAKind","Gensokyo:FourOfAKind","bronze:FineTuning"],"relics":["bronze:BronzeCore","aspiration:Nostalgia","RobotSpaceExplorer:RoboCore","reliquary:SilkGlove","Gensokyo:NagashiBinaDoll","Darkstone Periapt","reliquary:SharkskinSheath","TheSimpletonMod:WoodChipper"],"acts_visited":["Gensokyo:Gensokyo","Gensokyo:Gensokyoer"],"potions_floor_usage":[14],"damage_taken":[{"damage":0,"enemies":"downfall:FleeingMerchant","floor":2,"turns":4},{"damage":15,"enemies":"Gensokyo:Python","floor":5,"turns":6},{"damage":0,"enemies":"Gensokyo:3_Fairies","floor":8,"turns":2},{"damage":0,"enemies":"Gensokyo:2_Kodama","floor":9,"turns":1},{"damage":0,"enemies":"Gensokyo:Mamizou","floor":12,"turns":7},{"damage":0,"enemies":"Gensokyo:Aya","floor":14,"turns":1},{"damage":0,"enemies":"Gensokyo:LivingMonolith","floor":15,"turns":1},{"damage":0,"enemies":"SI_SHIV_ARCHETYPE","floor":16,"turns":10},{"damage":0,"enemies":"Gensokyo:Chomper","floor":19,"turns":2},{"damage":11,"enemies":"Gensokyo:3_Dogs","floor":23,"turns":4},{"damage":29,"enemies":"Gensokyo:Chomper_and_Gloop","floor":25,"turns":5}],"seed_played":"7574411938956650056","potions_obtained":[{"floor":5,"key":"Strength Potion"},{"floor":14,"key":"SteroidPotion"},{"floor":15,"key":"bronze:BurnAndBuffPotion"}],"is_trial":false,"path_per_floor":["R","$","?","?","M","R","T","M","M","R","?","E","R","E","M","B",null,"R","M","?","?","?","M","T","M"],"character_chosen":"THE_AUTOMATON","items_purchased":["bronze:CloningBeam"],"campfire_rested":0,"item_purchase_floors":[2],"current_hp_per_floor":[70,70,70,70,55,55,55,55,55,55,55,55,55,55,55,55,70,70,70,70,49,46,35,35,6,6,6],"gold":353,"neow_bonus":"NOSTALGIA","is_daily":false,"chose_seed":false,"campfire_upgraded":5,"win_rate":0.0,"timestamp":1612517570,"path_taken":["R","$","?","?","M","R","T","M","?","R","?","E","R","E","M","BOSS","R","M","?","?","?","M","T","M"],"items_purchased_type":["Card"],"build_version":"2020-12-22","purchased_purges":0,"victory":false,"max_hp_per_floor":[70,70,70,70,70,70,70,70,70,70,70,70,70,70,70,70,70,70,70,70,49,46,46,46,44,44,44],"card_choices":[{"not_picked":["bronze:Overload","bronze:WhirlingStrike"],"picked":"bronze:Separator","floor":2},{"not_picked":["bronze:Iterate","bronze:Overload"],"picked":"bronze:Backtrace","floor":5},{"not_picked":["bronze:DarkDash","bronze:Turbo"],"picked":"bronze:Branch","floor":8},{"not_picked":["bronze:MaxOutput","bronze:Fortify"],"picked":"bronze:Backtrace","floor":9},{"not_picked":["bronze:Overheat","bronze:FollowUp"],"picked":"bronze:AlphaBuild","floor":12},{"not_picked":["bronze:BugBarrage","bronze:BitShift"],"picked":"bronze:BronzeOrb","floor":14},{"not_picked":["bronze:Constructor","bronze:BugBarrage"],"picked":"bronze:Overload","floor":15},{"not_picked":["bronze:ShipIt","bronze:Assembly"],"picked":"bronze:Mutator","floor":16},{"not_picked":["bronze:MaxOutput","bronze:Invalidate","bronze:BuggyMess"],"picked":"SKIP","floor":19},{"not_picked":["bronze:MaxOutput","bronze:Overheat"],"picked":"bronze:FineTuning","floor":23}],"player_experience":2666293,"relics_obtained":[{"floor":7,"key":"reliquary:SilkGlove"},{"floor":12,"key":"Darkstone Periapt"},{"floor":14,"key":"reliquary:SharkskinSheath"}],"event_choices":[],"is_beta":false,"boss_relics":[{"not_picked":["aspiration:WatcherSkillbook","Fusion Hammer","Busted Crown"]}],"items_purged_floors":[],"is_endless":false,"potions_floor_spawned":[5,14,15],"killed_by":"Gensokyo:Chomper_and_Gloop","ascension_level":2}}