{"host":"efgqx4zs42teb71b","time":1612560908,"event":{"mods":["AchievementEnabler","BaseMod","Minty Spire (QoL Compilation)","Relic Stats","StSLib"],"gold_per_floor":[112,187,187,200,200,200,226,226,226,260,277,277,296,329,329,329,329],"floor_reached":16,"language":"ENG","playtime":654,"items_purged":[],"score":236,"play_id":"019f1b51-08ee-405c-9a24-04ab908765d4","local_time":"20210205163508","is_ascension_mode":true,"campfire_choices":[{"data":"Dualcast","floor":6,"key":"SMITH"},{"floor":8,"key":"REST"},{"floor":12,"key":"REST"},{"data":"Hologram","floor":15,"key":"SMITH"}],"circlet_count":0,"master_deck":["AscendersBane","Strike_B","Strike_B","Strike_B","Strike_B","Defend_B","Defend_B+1","Defend_B","Defend_B","Zap+1","Dualcast+1","Melter","Coolheaded","Turbo","Glacier","Go for the Eyes","Chill","Cold Snap","Hologram+1"],"relics":["Cracked Core","Meat on the Bone","Symbiotic Virus","Blue Candle","Boot"],"acts_visited":["Exordium"],"potions_floor_usage":[7,14],"damage_taken":[{"damage":7,"enemies":"2 Louse","floor":1,"turns":2},{"damage":0,"enemies":"Cultist","floor":4,"turns":3},{"damage":34,"enemies":"3 Sentries","floor":7,"turns":8},{"damage":10,"enemies":"Lagavulin","floor":10,"turns":6},{"damage":0,"enemies":"Small Slimes","floor":11,"turns":3},{"damage":0,"enemies":"Looter","floor":13,"turns":4},{"damage":29,"enemies":"3 Sentries","floor":14,"turns":11},{"damage":51,"enemies":"Slime Boss","floor":16,"turns":7}],"seed_played":"3479560133438015038","potions_obtained":[{"floor":4,"key":"SneckoOil"},{"floor":7,"key":"PowerPotion"}],"is_trial":false,"path_per_floor":["M","?","?","M","?","R","E","R","T","E","M","R","M","E","R","B"],"character_chosen":"DEFECT","items_purchased":[],"campfire_rested":2,"item_purchase_floors":[],"current_hp_per_floor":[57,46,25,25,48,48,14,35,35,37,37,58,58,41,41,0,0],"gold":329,"neow_bonus":"THREE_CARDS","is_daily":false,"chose_seed":false,"campfire_upgraded":2,"win_rate":0.0,"timestamp":1612560908,"path_taken":["M","?","?","M","?","R","E","R","T","E","M","R","M","E","R","BOSS"],"items_purchased_type":[],"build_version":"2020-12-22","purchased_purges":0,"victory":false,"max_hp_per_floor":[71,71,71,71,71,71,71,71,71,71,71,71,71,71,71,71,71],"relic_stats":{"counters":[8,44],"Blue Candle":[0],"Boot":[4],"obtain_stats":[{"Blue Candle":10,"Cracked Core":0,"Symbiotic Virus":9,"Boot":14,"Meat on the Bone":7},{"Blue Candle":4,"Cracked Core":0,"Symbiotic Virus":3,"Boot":7,"Meat on the Bone":3},{"Blue Candle":19,"Cracked Core":0,"Symbiotic Virus":13,"Boot":37,"Meat on the Bone":13}],"Meat on the Bone":24},"card_choices":[{"not_picked":["Force Field","Barrage"],"picked":"Melter","floor":0},{"not_picked":["Redo","Conserve Battery"],"picked":"Coolheaded","floor":1},{"not_picked":["Barrage","Steam Power"],"picked":"Turbo","floor":4},{"not_picked":["Doom and Gloom","Beam Cell"],"picked":"Glacier","floor":7},{"not_picked":["Heatsinks","Sunder"],"picked":"Go for the Eyes","floor":10},{"not_picked":["Sweeping Beam","Gash"],"picked":"Chill","floor":11},{"not_picked":["Meteor Strike","Rip and Tear"],"picked":"Cold Snap","floor":13},{"not_picked":["Barrage","Cold Snap"],"picked":"Hologram","floor":14}],"player_experience":631947,"relics_obtained":[{"floor":7,"key":"Meat on the Bone"},{"floor":9,"key":"Symbiotic Virus"},{"floor":10,"key":"Blue Candle"},{"floor":14,"key":"Boot"}],"event_choices":[{"damage_healed":0,"gold_gain":75,"player_choice":"Gather Gold","damage_taken":11,"max_hp_gain":0,"max_hp_loss":0,"event_name":"World of Goop","floor":2,"gold_loss":0},{"damage_healed":0,"gold_gain":0,"player_choice":"Entered Light","damage_taken":21,"max_hp_gain":0,"max_hp_loss":0,"event_name":"Shining Light","floor":3,"gold_loss":0,"cards_upgraded":["Defend_B","Zap"]},{"damage_healed":23,"gold_gain":0,"player_choice":"Banana","damage_taken":0,"max_hp_gain":0,"max_hp_loss":0,"event_name":"Big Fish","floor":5,"gold_loss":0}],"is_beta":false,"boss_relics":[],"items_purged_floors":[],"is_endless":false,"potions_floor_spawned":[4,7],"killed_by":"Slime Boss","ascension_level":20}}