{"host":"2pmmafybkq7zb6na","time":1612527009,"event":{"mods":["AchievementEnabler","BaseMod","Colored Map","Highlight Path","Keyboard Shortcuts","Minty Spire (QoL Compilation)","Quick Restart","StSLib","SuperFastMode"],"gold_per_floor":[117,132,145,67,81,108,108,140,166,176,176,200,200,234,234,357,357,373,251,431,47,67,67,100,100,125,125,159,258,258,258,258],"floor_reached":31,"language":"KOR","playtime":1322,"items_purged":["Defend_B","Defend_B"],"score":392,"play_id":"c5922c98-d6de-4b42-b31f-8a6905debedd","local_time":"20210205211009","is_ascension_mode":true,"campfire_choices":[{"floor":7,"key":"REST"},{"data":"Gash","floor":13,"key":"SMITH"},{"data":"Reinforced Body","floor":15,"key":"SMITH"},{"floor":23,"key":"REST"},{"floor":25,"key":"REST"},{"floor":27,"key":"REST"}],"circlet_count":0,"master_deck":["Strike_B+1","Defend_B+1","Defend_B+1","Zap","Dualcast","Sunder","Gash+1","Glacier+1","Coolheaded","Sweeping Beam","Undo","Gash+1","Reinforced Body+1","Seek","Sweeping Beam+1","Rip and Tear+1","Undo+1","Redo","Ball Lightning","Hello World","Turbo","Conserve Battery","Chaos+1"],"relics":["Cracked Core","Happy Flower","Ice Cream","War Paint","Whetstone","Golden Idol","Smiling Mask","Astrolabe","Mummified Hand","InkBottle","Ancient Tea Set","Turnip"],"acts_visited":["Exordium","TheCity"],"potions_floor_usage":[6,6,14,16,18,31],"damage_taken":[{"damage":11,"enemies":"2 Louse","floor":1,"turns":2},{"damage":1,"enemies":"Cultist","floor":2,"turns":3},{"damage":6,"enemies":"Jaw Worm","floor":3,"turns":4},{"damage":4,"enemies":"Exordium Wildlife","floor":5,"turns":2},{"damage":20,"enemies":"3 Sentries","floor":6,"turns":13},{"damage":6,"enemies":"Lagavulin","floor":8,"turns":7},{"damage":10,"enemies":"Large Slime","floor":10,"turns":5},{"damage":0,"enemies":"3 Louse","floor":12,"turns":3},{"damage":17,"enemies":"3 Sentries","floor":14,"turns":7},{"damage":0,"enemies":"Slime Boss","floor":16,"turns":9},{"damage":14,"enemies":"3 Byrds","floor":18,"turns":4},{"damage":0,"enemies":"Shell Parasite","floor":22,"turns":5},{"damage":40,"enemies":"Gremlin Leader","floor":24,"turns":8},{"damage":52,"enemies":"Book of Stabbing","floor":28,"turns":7},{"damage":10,"enemies":"Shelled Parasite and Fungi","floor":31,"turns":1}],"seed_played":"2086937455989033522","potions_obtained":[{"floor":1,"key":"PowerPotion"},{"floor":5,"key":"PowerPotion"},{"floor":12,"key":"SteroidPotion"},{"floor":14,"key":"SteroidPotion"},{"floor":16,"key":"Fire Potion"},{"floor":28,"key":"EssenceOfDarkness"}],"is_trial":false,"path_per_floor":["M","M","M","$","M","E","R","E","T","M","?","M","R","E","R","B",null,"M","$","?","$","M","R","E","R","T","R","E","?","?","M"],"character_chosen":"DEFECT","items_purchased":["Glacier","Redo","Ball Lightning","Mummified Hand","Hello World","Turbo"],"campfire_rested":4,"item_purchase_floors":[4,19,19,21,21,21],"current_hp_per_floor":[64,63,57,57,53,33,55,49,49,39,39,39,39,22,22,22,69,55,55,36,36,36,56,16,36,36,56,4,4,4,0,0],"gold":258,"neow_bonus":"RANDOM_COMMON_RELIC","is_daily":false,"chose_seed":false,"campfire_upgraded":2,"win_rate":0.0,"timestamp":1612527009,"path_taken":["M","M","M","$","M","E","R","E","T","M","?","M","R","E","R","BOSS","M","$","?","$","?","R","E","R","T","R","E","?","?","M"],"items_purchased_type":["Card","Card","Card","Relic","Card","Card"],"build_version":"2020-12-22","purchased_purges":2,"victory":false,"max_hp_per_floor":[75,75,75,75,75,75,75,75,75,75,69,69,69,69,69,69,69,69,69,69,69,69,69,69,69,69,69,69,69,69,69,69],"card_choices":[{"not_picked":["Force Field","Blizzard","Rebound"],"picked":"SKIP","floor":1},{"not_picked":["Sweeping Beam","Tempest"],"picked":"Sunder","floor":2},{"not_picked":["Beam Cell","Rebound"],"picked":"Gash","floor":3},{"not_picked":["Force Field","Rip and Tear"],"picked":"Coolheaded","floor":5},{"not_picked":["Static Discharge","Genetic Algorithm"],"picked":"Sweeping Beam","floor":6},{"not_picked":["Coolheaded","Genetic Algorithm"],"picked":"Undo","floor":8},{"not_picked":["Redo","Doom and Gloom","Sweeping Beam"],"picked":"SKIP","floor":10},{"not_picked":["Stack","Scrape"],"picked":"Gash","floor":12},{"not_picked":["Rebound","Hello World"],"picked":"Reinforced Body","floor":14},{"not_picked":["Reboot","Hyperbeam"],"picked":"Seek","floor":16},{"not_picked":["Leap","Compile Driver+1","Undo+1"],"picked":"SKIP","floor":18},{"not_picked":["Beam Cell+1","Compile Driver+1"],"picked":"Conserve Battery","floor":22},{"not_picked":["Redo+1","Stack+1"],"picked":"Chaos+1","floor":24},{"not_picked":["Fusion","Barrage","Chill"],"picked":"SKIP","floor":28}],"player_experience":106690,"relics_obtained":[{"floor":6,"key":"Ice Cream"},{"floor":8,"key":"War Paint"},{"floor":9,"key":"Whetstone"},{"floor":14,"key":"Smiling Mask"},{"floor":24,"key":"InkBottle"},{"floor":26,"key":"Ancient Tea Set"},{"floor":28,"key":"Turnip"}],"event_choices":[{"damage_healed":0,"gold_gain":0,"player_choice":"Lose Max HP","damage_taken":0,"relics_obtained":["Golden Idol"],"max_hp_gain":0,"max_hp_loss":6,"event_name":"Golden Idol","floor":11,"gold_loss":0},{"damage_healed":0,"gold_gain":180,"player_choice":"GOLD GOLD ","damage_taken":19,"max_hp_gain":0,"max_hp_loss":0,"event_name":"Knowing Skull","floor":20,"potions_obtained":[],"gold_loss":0,"cards_obtained":[]},{"damage_healed":0,"gold_gain":99,"player_choice":"Stole From Cult","damage_taken":0,"max_hp_gain":0,"max_hp_loss":0,"event_name":"Nest","floor":29,"gold_loss":0},{"damage_healed":0,"gold_gain":0,"player_choice":"Upgraded","damage_taken":0,"max_hp_gain":0,"max_hp_loss":0,"event_name":"Upgrade Shrine","floor":30,"gold_loss":0,"cards_upgraded":["Glacier"]}],"is_beta":false,"boss_relics":[{"not_picked":["SlaversCollar","Inserter"],"picked":"Astrolabe"}],"items_purged_floors":[19,21],"is_endless":false,"potions_floor_spawned":[1,5,12,14,16,28],"killed_by":"Shelled Parasite and Fungi","ascension_level":3}}