{"host":"coat6gkfrd6s61c3","time":1612498086,"event":{"mods":["2.2 Compatiblity","AchievementEnabler","BaseMod","Colored Powertips","Conspire","Friendly Minions","Hermit","Hubris","Infinite Spire","Minty Spire (QoL Compilation)","Practice Mode","Replay The Spire","Shop Mod","StSLib","Waifu the Spire","everything is the same but u backflip on backflip","slay the spire mod where everything is the same but ironclad has a cowboy hat"],"gold_per_floor":[114,128,23,23,23,23,23,23,47,73,93,93,2,2,2,100,100,118,128,68,79,79,79,92,92,92,92,92,102,102,102],"floor_reached":30,"language":"ENG","playtime":4955,"items_purged":[],"score":226,"play_id":"a53aafd5-6680-40f9-9153-4502d43b6ed8","local_time":"20210205143806","is_ascension_mode":false,"campfire_choices":[{"data":"hermit:Cheat","floor":6,"key":"SMITH"},{"data":"hermit:Maintenance","floor":12,"key":"SMITH"},{"data":"hermit:Determination","floor":15,"key":"SMITH"},{"data":"Madness","floor":23,"key":"SMITH"},{"floor":25,"key":"REST"},{"floor":28,"key":"REST"}],"circlet_count":0,"master_deck":["hermit:Strike_Hermit","hermit:Strike_Hermit","hermit:Strike_Hermit","hermit:Strike_Hermit","hermit:Defend_Hermit","hermit:Defend_Hermit","hermit:Defend_Hermit","hermit:Defend_Hermit","hermit:Snapshot","hermit:Covet","hermit:Quickdraw","hermit:Cheat+1","hermit:HighCaliber+1","ReplayTheSpireMod:Private Reserves","ReplayTheSpireMod:Restless Dread","hubris:Insight","hermit:Maintenance+1","hermit:TrackingShot","hermit:BodyArmor","hermit:Determination+1","hermit:LowProfile","hermit:Reprieve","Regret","m_Survivalism","hermit:HeroicBravado","Madness+1","infinitespire:DeathsTouch","hermit:CalledShot","hermit:Dive","hermit:GhostlyPresence+1","hermit:HoleUp","hermit:Gestalt+1","hermit:EyeOfTheStorm"],"relics":["hermit:Momento","hubris:Icosahedron","Oddly Smooth Stone","Bag of Marbles","GremlinMask","ReplayTheSpireMod:SealedPack","Gremlin Horn"],"acts_visited":["Exordium","TheCity"],"potions_floor_usage":[30,30],"damage_taken":[{"damage":2,"enemies":"Small Slimes","floor":1,"turns":4},{"damage":1,"enemies":"conspire:RoseBush","floor":2,"turns":2},{"damage":10,"enemies":"Replay:BlueRogue","floor":10,"turns":5},{"damage":0,"enemies":"Cultist","floor":11,"turns":2},{"damage":59,"enemies":"Fading Forest","floor":16,"turns":11},{"damage":16,"enemies":"Chosen","floor":18,"turns":8},{"damage":15,"enemies":"Spheric Guardian","floor":19,"turns":8},{"damage":29,"enemies":"Snake Plant","floor":21,"turns":7},{"damage":37,"enemies":"3 Cultists","floor":24,"turns":7},{"damage":15,"enemies":"Centurion and Healer","floor":29,"turns":6},{"damage":55,"enemies":"Cultist and Chosen","floor":30,"turns":8}],"seed_played":"6978661566416713242","potions_obtained":[{"floor":16,"key":"SneckoOil"},{"floor":18,"key":"LiquidBronze"},{"floor":24,"key":"Weak Potion"}],"is_trial":false,"path_per_floor":["M","M","$","?","$","R","?","?","T","E","M","R","$","?","R","B",null,"M","M","$","M","?","R","M","R","T","?","R","M","M"],"character_chosen":"HERMIT","items_purchased":["hermit:HighCaliber","ReplayTheSpireMod:Private Reserves","hermit:Determination","hermit:LowProfile","hermit:GhostlyPresence+1"],"campfire_rested":2,"item_purchase_floors":[3,3,13,13,20],"current_hp_per_floor":[80,79,79,79,79,79,79,79,79,69,69,69,69,69,69,10,82,66,55,55,30,30,30,1,25,25,25,49,42,0,0],"gold":102,"neow_bonus":"TEN_PERCENT_HP_BONUS","is_daily":false,"chose_seed":false,"campfire_upgraded":4,"win_rate":0.0,"timestamp":1612498086,"path_taken":["M","M","$","?","$","R","?","?","T","E","?","R","?","?","R","BOSS","M","M","$","?","?","R","M","R","T","?","R","M","M"],"items_purchased_type":["Card","Card","Card","Card","Card"],"build_version":"2020-12-22","purchased_purges":0,"victory":false,"max_hp_per_floor":[82,82,82,82,82,82,82,82,82,82,82,82,82,82,82,82,82,82,82,82,82,82,82,82,82,82,82,82,82,82,82],"card_choices":[{"not_picked":["hermit:Enervate","hermit:Headshot"],"picked":"hermit:Quickdraw","floor":1},{"not_picked":["hermit:Snipe","hermit:CalledShot"],"picked":"hermit:Cheat","floor":2},{"not_picked":["hermit:Maintenance","hermit:Roulette"],"picked":"hermit:TrackingShot","floor":10},{"not_picked":["hermit:Quickdraw","hermit:WideOpen"],"picked":"hermit:BodyArmor","floor":11},{"not_picked":["hermit:DeadOrAlive","hermit:Gambit"],"picked":"hermit:Reprieve","floor":16},{"not_picked":["Vigilance","Neutralize"],"picked":"m_Survivalism","floor":17},{"not_picked":["hermit:EternalForm","hermit:Roughhouse"],"picked":"hermit:HeroicBravado","floor":17},{"not_picked":["Jack Of All Trades","hubris:Ssssneak"],"picked":"Madness","floor":17},{"not_picked":["infinitespire:TheBestDefense","hubris:InfiniteBlow"],"picked":"infinitespire:DeathsTouch","floor":17},{"not_picked":["hermit:Grudge","hermit:LoneWolf"],"picked":"hermit:CalledShot","floor":18},{"not_picked":["hermit:Headshot","hermit:Roulette"],"picked":"hermit:Dive","floor":19},{"not_picked":["hermit:Dive+1","hermit:BodyArmor"],"picked":"hermit:HoleUp","floor":21},{"not_picked":["hermit:FinalCanter","hermit:LowProfile+1"],"picked":"hermit:Gestalt+1","floor":24},{"not_picked":["hermit:Misfire","hermit:Vantage"],"picked":"hermit:EyeOfTheStorm","floor":29}],"player_experience":755109,"relics_obtained":[{"floor":9,"key":"Oddly Smooth Stone"},{"floor":10,"key":"Bag of Marbles"},{"floor":26,"key":"Gremlin Horn"}],"event_choices":[{"damage_healed":0,"gold_gain":0,"player_choice":"3 cards matched","damage_taken":0,"max_hp_gain":0,"max_hp_loss":0,"event_name":"Match and Keep!","floor":8,"gold_loss":0,"cards_obtained":["ReplayTheSpireMod:Restless Dread","hubris:Insight","hermit:Maintenance"]},{"damage_healed":0,"gold_gain":0,"player_choice":"Trade","damage_taken":0,"relics_obtained":["GremlinMask"],"max_hp_gain":0,"max_hp_loss":0,"event_name":"FaceTrader","floor":14,"gold_loss":0},{"damage_healed":0,"gold_gain":0,"player_choice":"Leave","damage_taken":0,"max_hp_gain":0,"max_hp_loss":0,"event_name":"conspire:Investor","floor":27,"gold_loss":0}],"is_beta":false,"boss_relics":[{"not_picked":["Ring of Chaos","hubris:HollowSoul"],"picked":"ReplayTheSpireMod:SealedPack"}],"items_purged_floors":[],"is_endless":false,"potions_floor_spawned":[16,18,24],"killed_by":"Cultist and Chosen","ascension_level":0}}