{"host":"og21o26alpnbwmz8","time":1612542720,"event":{"mods":["Act Like it!","Aspiration","BaseMod","Conspire","Downfall","Halation","Hallownest","Hubris","Jedi Mod","Mimic Mod","Minty Spire (QoL Compilation)","Pale of the Ancients","Reliquary","Replay The Spire","Shop Mod","Spikes Relics","StSLib","The Alterego","The Blackbeard","The Blue Laboratory","The Death Knight","The Runesmith","Waifu the Spire"],"gold_per_floor":[99,110,110,128,128,128,128,142,158,172,197,213,113,132,152,248,248,248,261,271,289,306,48,48,108,8,18,18,18,18,18,31,126,126,126,137,149,149,149,169,239,256,268,118,134,55,82,82,92,92,106,106,106,106],"floor_reached":52,"language":"ENG","playtime":3299,"items_purged":[],"score":784,"play_id":"7b135b1a-4c0a-4c59-922d-7592ea681f0e","local_time":"20210205113200","is_ascension_mode":false,"campfire_choices":[{"floor":1,"key":"RECALL"},{"floor":13,"key":"REST"},{"data":"hexamod:RainOfEmbers","floor":18,"key":"SMITH"},{"floor":26,"key":"REST"},{"floor":30,"key":"REST"},{"floor":35,"key":"REST"},{"floor":48,"key":"REST"}],"circlet_count":0,"master_deck":["hexamod:Defend+1","hexamod:Defend+1","hexamod:Defend+1","hexamod:Defend+1","hexamod:Sear+1","hexamod:Float+1","Grand Finale+1","ReplayTheSpireMod:From All Sides+1","m_BronzeAgony+1","hexamod:FastForward+1","hexamod:FastForward+1","hexamod:RainOfEmbers+1","hexamod:EmpoweredFlame+1"],"relics":["hexamod:SpiritBrand","Hallownest:DreamNailRelic","jedi:Pinwheel","MiniBlackHole","downfall:HeartBlessingRed","Philosopher\u0027s Stone","hexamod:TheBrokenSeal","hexamod:InflammatoryLetter","downfall:HeartBlessingBlue","Juzu Bracelet","MerchantsRug","Red Mask","halation:EternalFortune","halation:SmartPhone","hexamod:CandleOfCauterizing","Membership Card","jedi:shrinkray","Boot","paleoftheancients:Timepiece","paleoftheancients:KeyRelic","Oddly Smooth Stone"],"acts_visited":["Exordium","Hallownest:Greenpath","Hallownest:CityofTears","Hallownest:KingdomsEdge"],"potions_floor_usage":[10,21],"damage_taken":[{"damage":7,"enemies":"Hallownest:2_Baldur","floor":2,"turns":4},{"damage":0,"enemies":"Hallownest:monsterHuskGuard","floor":4,"turns":2},{"damage":0,"enemies":"Hallownest:monsterHuskWarrior","floor":8,"turns":2},{"damage":1,"enemies":"Hallownest:1_Baldur_1_Crawlid_1_Warrior","floor":9,"turns":7},{"damage":25,"enemies":"Hallownest:1_Ooma_and_2_Uuma","floor":10,"turns":6},{"damage":1,"enemies":"Hallownest:eliteCrystalGuardian","floor":11,"turns":5},{"damage":6,"enemies":"Hallownest:2_Tiktiks_1_Baldur_1_Crawlid","floor":12,"turns":5},{"damage":7,"enemies":"Hallownest:1_Baldur_1_Crawlid_1_Warrior","floor":14,"turns":6},{"damage":0,"enemies":"Hallownest:Guard_and_Warrior","floor":15,"turns":4},{"damage":15,"enemies":"WA_ARCHETYPE_RETAIN","floor":16,"turns":6},{"damage":17,"enemies":"Hallownest:Guard_and_Sentry","floor":19,"turns":4},{"damage":8,"enemies":"Hallownest:2_Mistakes","floor":20,"turns":5},{"damage":17,"enemies":"Hallownest:3_Mistakes","floor":21,"turns":3},{"damage":0,"enemies":"Hallownest:monsterMisterMushroom","floor":22,"turns":4},{"damage":0,"enemies":"downfall:FleeingMerchant","floor":23,"turns":4},{"damage":3,"enemies":"Hallownest:Glutton_and_Coward","floor":25,"turns":4},{"damage":0,"enemies":"downfall:FleeingMerchant","floor":27,"turns":4},{"damage":0,"enemies":"Hallownest:2_Husk_Sentries","floor":32,"turns":3},{"damage":31,"enemies":"DF_ARCHETYPE_CLAW","floor":33,"turns":8},{"damage":3,"enemies":"Hallownest:3_Siblings","floor":36,"turns":4},{"damage":8,"enemies":"Hallownest:2_Littles","floor":37,"turns":4},{"damage":3,"enemies":"Hallownest:monsterPrimalAspid","floor":40,"turns":2},{"damage":0,"enemies":"Hallownest:2_Great","floor":42,"turns":3},{"damage":0,"enemies":"Hallownest:2_Wandering_and_1_Horned","floor":43,"turns":5},{"damage":6,"enemies":"Hallownest:2_Wing_and_1_Kings","floor":45,"turns":4},{"damage":0,"enemies":"Hallownest:StalkingDevout","floor":47,"turns":4},{"damage":6,"enemies":"Hallownest:Xero_Hu_Marmu","floor":49,"turns":4},{"damage":14,"enemies":"SI_POISON_ARCHETYPE","floor":50,"turns":8},{"damage":53,"enemies":"SI_POISON_ARCHETYPE","floor":51,"turns":10},{"damage":218,"enemies":"paleoftheancients:N","floor":52,"turns":12}],"seed_played":"-4436650619572597462","potions_obtained":[{"floor":9,"key":"Regen Potion"},{"floor":10,"key":"blueLaboratory:Moonshine"},{"floor":11,"key":"FairyPotion"},{"floor":14,"key":"blueLaboratory:BottleOfRum"},{"floor":19,"key":"Energy Potion"},{"floor":21,"key":"ColorlessPotion"},{"floor":33,"key":"Reflective Coating"},{"floor":42,"key":"hexamod:DoubleChargePotion"}],"is_trial":false,"path_per_floor":["R","M","?","M","?","?","T","M","M","M","E","M","R","M","M","B",null,"R","M","M","M","M","$","T","M","R","$","?","?","R","$","M","B",null,"R","M","M","?","?","M","T","M","M","$","M","$","E","R","M","B","M","B"],"character_chosen":"THE_SPIRIT","items_purchased":["hexamod:InflammatoryLetter","Juzu Bracelet","MerchantsRug","Membership Card","jedi:shrinkray"],"campfire_rested":5,"item_purchase_floors":[23,27,27,44,46],"current_hp_per_floor":[70,63,63,63,63,63,63,63,62,49,48,42,63,56,56,41,70,70,53,45,35,42,80,80,77,90,90,90,93,93,93,93,62,93,93,90,82,82,82,79,79,79,79,79,73,73,73,88,82,92,66,0,0,0],"gold":106,"neow_bonus":"REMOVE_CARD","is_daily":false,"chose_seed":false,"campfire_upgraded":1,"win_rate":0.0,"timestamp":1612542720,"path_taken":["R","M","?","?","?","?","T","M","M","M","E","M","R","M","M","BOSS","R","M","M","M","M","$","T","M","R","$","?","?","R","$","M","BOSS","R","M","M","?","?","M","T","M","M","$","M","$","E","R","M","BOSS","M","BOSS"],"items_purchased_type":["Relic","Relic","Relic","Relic","Relic"],"build_version":"2020-12-22","purchased_purges":0,"victory":false,"max_hp_per_floor":[70,70,70,70,70,70,70,70,70,70,70,70,70,70,70,70,70,70,70,70,70,70,80,80,80,90,90,90,93,93,93,93,93,93,93,93,93,88,88,88,88,88,88,88,88,88,88,88,88,92,92,92,92,92],"card_choices":[{"not_picked":["hexamod:InspiringFlames","hexamod:GhostLash","hexamod:BacktrackSmack"],"picked":"SKIP","floor":2},{"not_picked":["hexamod:RetreatToShadows","hexamod:Firestarter","hexamod:BacktrackSmack"],"picked":"SKIP","floor":4},{"not_picked":["hexamod:Firestarter","hexamod:RecurringNightmare","hexamod:BacktrackSmack"],"picked":"SKIP","floor":8},{"not_picked":["hexamod:HauntingEcho","hexamod:SoulSteal"],"picked":"hexamod:FastForward","floor":9},{"not_picked":["hexamod:EtherealExpedition","hexamod:ShieldOfDarkness"],"picked":"hexamod:FastForward","floor":10},{"not_picked":["hexamod:StepThrough","hexamod:Haunt","hexamod:ThermalTransfer"],"picked":"SKIP","floor":11},{"not_picked":["hexamod:Incineration","hexamod:RecurringNightmare","hexamod:Hexaguard"],"picked":"SKIP","floor":12},{"not_picked":["hexamod:Incineration","hexamod:RecurringNightmare","hexamod:Hexaguard"],"picked":"SKIP","floor":12},{"not_picked":["hexamod:EtherealExpedition","hexamod:GhostLash"],"picked":"hexamod:RainOfEmbers","floor":14},{"not_picked":["hexamod:SuperheatedStrike","hexamod:SwordOfDarkness","hexamod:GhostShield"],"picked":"SKIP","floor":15},{"not_picked":["hexamod:ForkedFlame","hexamod:GiftsFromTheDead"],"picked":"hexamod:FifthSeal","floor":16},{"not_picked":["hexamod:SixthSeal","hexamod:SecondSeal"],"picked":"hexamod:FourthSeal","floor":19},{"not_picked":["hexamod:Incineration","hexamod:ShieldOfDarkness","hexamod:NightmareGuise"],"picked":"SKIP","floor":19},{"not_picked":["hexamod:SecondSeal","hexamod:SixthSeal"],"picked":"hexamod:FirstSeal","floor":20},{"not_picked":["hexamod:StepThrough","hexamod:PhantomFireball","hexamod:SpectersWail"],"picked":"SKIP","floor":20},{"not_picked":["hexamod:FourthSeal","hexamod:SixthSeal"],"picked":"hexamod:ThirdSeal","floor":21},{"not_picked":["hexamod:FlamesFromBeyond","hexamod:HauntingEcho","hexamod:RainOfEmbers"],"picked":"SKIP","floor":21},{"not_picked":["hexamod:FirstSeal","hexamod:FourthSeal"],"picked":"hexamod:SecondSeal","floor":22},{"not_picked":["hexamod:FastForward","hexamod:PhantomFireball","hexamod:GhostLash"],"picked":"SKIP","floor":22},{"not_picked":["hexamod:HauntingEcho","hexamod:SwordOfDarkness","hexamod:PhantomCloak"],"picked":"SKIP","floor":22},{"not_picked":["hexamod:NightmareGuise","hexamod:HauntingEcho","hexamod:ApocalypseNow"],"picked":"SKIP","floor":23},{"not_picked":["hexamod:BurningTouch+1","hexamod:GhostShield","hexamod:GhostLash"],"picked":"SKIP","floor":25},{"not_picked":["hexamod:GhostLash+1","hexamod:HauntingEcho","hexamod:ChargedBarrage+1"],"picked":"SKIP","floor":27},{"not_picked":["hexamod:Again","hexamod:PowerFromBeyond","hexamod:BacktrackSmack"],"picked":"SKIP","floor":32},{"not_picked":["hexamod:BurningTouch","hexamod:Rewind"],"picked":"hexamod:EmpoweredFlame+1","floor":36},{"not_picked":["hexamod:InspiringFlames+1","hexamod:NightmareStrike+1","hexamod:SkipABeat+1"],"picked":"SKIP","floor":37},{"not_picked":["hexamod:FourthSeal","hexamod:Firestarter+1","hexamod:SoulSteal"],"picked":"SKIP","floor":40},{"not_picked":["hexamod:Hexaguard+1","hexamod:Haunt+1","hexamod:SwordOfDarkness+1"],"picked":"SKIP","floor":42},{"not_picked":["hexamod:Firestarter+1","hexamod:NightmareStrike","hexamod:Hexaguard"],"picked":"SKIP","floor":43},{"not_picked":["hexamod:BurningTouch+1","hexamod:ShieldOfDarkness+1","hexamod:NightmareGuise"],"picked":"SKIP","floor":45},{"not_picked":["hexamod:ThirdSeal","hexamod:FastForward+1","hexamod:ApocalypticArmor"],"picked":"SKIP","floor":47},{"not_picked":["hexamod:PhantomCloak+1","hexamod:FlamesFromBeyond","hexamod:ShieldOfDarkness+1"],"picked":"SKIP","floor":49},{"not_picked":["hexamod:GhostLash","hexamod:Haunt","hexamod:AdvancingGuard+1"],"picked":"SKIP","floor":51}],"player_experience":228632,"relics_obtained":[{"floor":7,"key":"jedi:Pinwheel"},{"floor":11,"key":"MiniBlackHole"},{"floor":41,"key":"hexamod:CandleOfCauterizing"},{"floor":47,"key":"Boot"}],"event_choices":[],"is_beta":false,"boss_relics":[{"not_picked":["hubris:Backtick","Abe\u0027s Treasure"],"picked":"Philosopher\u0027s Stone"},{"not_picked":["conspire:SlowCooker","jedi:battlestandard"],"picked":"halation:SmartPhone"}],"items_purged_floors":[],"is_endless":false,"potions_floor_spawned":[9,10,11,14,15,19,21,22,32,33,42,43,47,49,51],"killed_by":"paleoftheancients:N","ascension_level":0}}