{"host":"xp5rvh2jwe2ejyfm","time":1612535284,"event":{"mods":["2.2 Compatiblity","Aspiration","BaseMod","BetterRewards","Colored Powertips","Conspire","Downfall","GifTheSpireLib","Gremlin Mod","Hermit","Hubris","Jorbs\u0027s Wanderer Trilogy","Minty Spire (QoL Compilation)","Replay The Spire","Robot Space Explorer","Shade Mod","Somnambulant","StSLib","The Bug Knight","The Clintock","The Construct","The Cursed","The Disciple","The Forsaken","The Hierophant","The Necromancer","The Runesmith","The Servant 0.9.4","The Valiant","The Witch","thorton"],"gold_per_floor":[125,140,162,201,201,201,226,226,226,278,307,348,26,60,60,188,188,228,7,55,55,80,80,100,100,100],"floor_reached":24,"language":"ENG","playtime":782,"items_purged":["Normality"],"score":202,"play_id":"bf67a742-ee94-4dcb-a6fd-add51e1a35c4","local_time":"20210205092804","is_ascension_mode":false,"campfire_choices":[{"floor":6,"key":"REST"},{"data":"thethorton:WhirlingBriefcase","floor":8,"key":"SMITH"},{"floor":15,"key":"REST"},{"floor":23,"key":"RECALL"}],"circlet_count":0,"master_deck":["thethorton:Strike","thethorton:Strike","thethorton:Strike","thethorton:Strike","thethorton:Defend","thethorton:Defend","thethorton:Defend","thethorton:Defend+1","thethorton:Heckle","thethorton:CreditCard","thethorton:WhirlingBriefcase+1","thethorton:CoinClash","thethorton:DockPay","thethorton:BusinessBash+1","thethorton:RunningKick","thethorton:SeeingDouble","thethorton:GoldBuffer","thethorton:PowerUp","thethorton:FeelNoBrain","thethorton:Distance","thethorton:ScalingIsWin","thethorton:LastDitchEffort"],"relics":["thethorton:CouragePotion","NeowsBlessing","Thread and Needle","Bottled Flame","thethorton:BottledFunds","PrismaticShard"],"acts_visited":["Exordium","TheCity"],"potions_floor_usage":[10,10,16,22,22,24],"damage_taken":[{"damage":0,"enemies":"Small Slimes","floor":1,"turns":2},{"damage":0,"enemies":"Jaw Worm","floor":2,"turns":1},{"damage":0,"enemies":"Cultist","floor":3,"turns":1},{"damage":17,"enemies":"2 Fungi Beasts","floor":4,"turns":3},{"damage":5,"enemies":"Looter","floor":7,"turns":3},{"damage":23,"enemies":"Lagavulin","floor":10,"turns":4},{"damage":4,"enemies":"Lots of Slimes","floor":11,"turns":2},{"damage":9,"enemies":"2 Fungi Beasts","floor":12,"turns":4},{"damage":7,"enemies":"Blue Slaver","floor":14,"turns":3},{"damage":30,"enemies":"Slime Boss","floor":16,"turns":9},{"damage":13,"enemies":"Chosen","floor":18,"turns":6},{"damage":26,"enemies":"3 Byrds","floor":20,"turns":8},{"damage":9,"enemies":"Snecko","floor":22,"turns":3},{"damage":21,"enemies":"Book of Stabbing","floor":24,"turns":4}],"seed_played":"3339232320465805453","potions_obtained":[{"floor":2,"key":"Toxic Potion"},{"floor":7,"key":"DistilledChaos"},{"floor":10,"key":"FairyPotion"},{"floor":11,"key":"Explosive Potion"},{"floor":12,"key":"FearPotion"},{"floor":20,"key":"champ:CounterPotion"},{"floor":22,"key":"SneckoOil"}],"is_trial":false,"path_per_floor":["M","M","M","M","?","R","M","R","T","E","M","M","$","M","R","B",null,"M","$","M","$","M","R","E"],"character_chosen":"THE_THORT","items_purchased":["Bottled Flame","thethorton:FeelNoBrain","PrismaticShard"],"campfire_rested":2,"item_purchase_floors":[13,13,19],"current_hp_per_floor":[68,68,68,51,37,57,52,52,52,29,25,16,16,9,29,20,68,55,55,29,29,20,20,0,0,0],"gold":100,"neow_bonus":"THREE_ENEMY_KILL","is_daily":false,"chose_seed":false,"campfire_upgraded":1,"win_rate":0.0,"timestamp":1612535284,"path_taken":["M","M","M","M","?","R","M","R","T","E","M","M","$","M","R","BOSS","M","$","M","$","M","R","E"],"items_purchased_type":["Relic","Card","Relic"],"build_version":"2020-12-22","purchased_purges":1,"victory":false,"max_hp_per_floor":[68,68,68,68,68,68,68,68,68,68,68,68,68,68,68,68,68,68,68,68,68,68,68,68,68,68],"card_choices":[{"not_picked":["thethorton:DualBap","thethorton:BookBash"],"picked":"thethorton:WhirlingBriefcase","floor":1},{"not_picked":["thethorton:BookBash","thethorton:DualBap"],"picked":"thethorton:CoinClash","floor":2},{"not_picked":["thethorton:GoldBuffer","thethorton:AngerMoment"],"picked":"thethorton:DockPay","floor":3},{"not_picked":["thethorton:PocketChange","thethorton:DockPay"],"picked":"thethorton:BusinessBash","floor":4},{"not_picked":["thethorton:DualBap","thethorton:DownPayment"],"picked":"thethorton:RunningKick","floor":7},{"not_picked":["thethorton:SnowDay","thethorton:WhirlingBriefcase"],"picked":"thethorton:SeeingDouble","floor":10},{"not_picked":["thethorton:SellShort","thethorton:DownPayment"],"picked":"thethorton:GoldBuffer","floor":11},{"not_picked":["thethorton:TakeAccounts","thethorton:ChartProject"],"picked":"thethorton:PowerUp","floor":12},{"not_picked":["thethorton:CannonShot","thethorton:RunningFeint"],"picked":"thethorton:Distance","floor":14},{"not_picked":["thethorton:Fatigue","thethorton:CardboardBox"],"picked":"thethorton:ScalingIsWin","floor":16},{"not_picked":["thethorton:Distance","thethorton:PocketChange"],"picked":"thethorton:LastDitchEffort","floor":18},{"not_picked":["Slimebound:LeechingTouch","hexamod:GhostflameBarrier+1","Havoc"],"picked":"SKIP","floor":20},{"not_picked":["ReplayTheSpireMod:Scrap Shanks+1","champ:PerfectedStrike","Slimebound:SplitMire"],"picked":"SKIP","floor":22}],"player_experience":432161,"relics_obtained":[{"floor":10,"key":"Thread and Needle"}],"event_choices":[{"damage_healed":0,"gold_gain":0,"player_choice":"Entered Light","damage_taken":14,"max_hp_gain":0,"max_hp_loss":0,"event_name":"Shining Light","floor":5,"gold_loss":0,"cards_upgraded":["thethorton:BusinessBash","thethorton:Defend"]}],"is_beta":false,"boss_relics":[{"not_picked":["Ectoplasm","Philosopher\u0027s Stone"],"picked":"thethorton:BottledFunds"}],"items_purged_floors":[19],"is_endless":false,"potions_floor_spawned":[2,7,10,11,12,20,22],"killed_by":"Book of Stabbing","ascension_level":0}}