{"host":"8v536rckjlpi3bq3","time":1612534480,"event":{"mods":["ATMod(阿瑾Mod)","Act Like it!","Aspiration","BaseMod","Colored Powertips","Conspire","Dota2Spire","Gensokyo","Hallownest","HololiveMod","Jedi Mod","KomeijiMod","Lobotomy","LobotomyExtend","Marisa（F雨　魔理沙）","Minty Spire (QoL Compilation)","MostiFishMod","Relic Stats","Reliquary","Replay The Spire","RumiaBox-露米娅的神秘盒子","Spicy Shops","StSLib","TestMod","The Blackbeard","The Hierophant","The Jungle","WarShipGirlsR/战舰少女R mod","Wide Potions","Youmu（魂魄妖梦）","【功能Mod】混沌之环修复补丁","【功能Mod】聪明的最终Boss","【角色mod】十八桐人","【遗物卡牌】REMEMod","篝火指南"],"gold_per_floor":[119,519,519,449,67,91,91,145,168,16,16,42,42],"floor_reached":12,"language":"ZHS","playtime":1522,"items_purged":[],"score":157,"play_id":"08a26171-0fec-4fdf-96d5-8c4a841a40e3","local_time":"20210205221439","daily_mods":["Vintage","Colorless Cards","Heirloom","Time Dilation","Flight"],"is_ascension_mode":false,"campfire_choices":[{"data":"MostiFishMod:BrokenBlackCloak","floor":11,"key":"SMITH"}],"circlet_count":0,"master_deck":["rmod:strick","rmod:strick+1","rmod:strick","rmod:strick","rmod:defend","rmod:defend+1","rmod:defend","rmod:defend","rmod:basicallowance","rmod:maingunfire","DarkMatter","AT_FamilyPortrait","HellFireSword+1","MostiFishMod:BrokenBlackCloak+1","rmod:intelligenceanalysis","Defender_Black","MostiFishMod:ButterFly","Gensokyo:TarnishedGold","Gensokyo:ScrapIron","Gensokyo:BlemishedSteel","DoubleAttack_Black"],"relics":["rmod:firstchargereward","jedi:maincommand","DaveBox","replay:Trail_Library","testmod-TestBox","AT_ATBox","MostiFishMod:Haymaker","testmod-Maize","BionicSphere","Frozen Egg 2","Baka","SynthV:TestCard","testmod-Charity","Juzu Bracelet","AT_ArchangelStaff","Potion Belt","White Beast Statue"],"acts_visited":["Gensokyo:Gensokyo"],"potions_floor_usage":[],"damage_taken":[{"damage":0.0,"enemies":"Gensokyo:Gryphon","floor":1.0,"turns":2.0},{"damage":0.0,"enemies":"Gensokyo:Mamizou","floor":6.0,"turns":9.0},{"damage":13,"enemies":"Gensokyo:Aya","floor":12,"turns":10}],"seed_played":"8875164437661769323","potions_obtained":[{"floor":1.0,"key":"Languid Potion"}],"is_trial":true,"path_per_floor":["M","?","?","?","$","E","?","T","T","COS","R","E"],"character_chosen":"PRAEFECT","items_purchased":["jedi:command_shop","MostiFishMod:BrokenBlackCloak"],"campfire_rested":0,"item_purchase_floors":[5,5],"current_hp_per_floor":[75,75,75,75,75,76,76,77,78,78,78,67,67],"gold":42,"neow_bonus":"","is_daily":false,"chose_seed":false,"campfire_upgraded":1,"win_rate":0.0,"timestamp":1612534479,"path_taken":["M","?","?","?","?","E","?","?","T","COS","R","E"],"items_purchased_type":["Relic","Card"],"build_version":"2020-12-22","purchased_purges":0,"victory":false,"max_hp_per_floor":[75,75,75,75,75,76,76,77,78,78,78,79,79],"relic_stats":{"counters":[3,21],"Juzu Bracelet":0,"obtain_stats":[{"Potion Belt":9,"testmod-Maize":0,"jedi:command_uncommon":1,"jedi:command_common":6,"testmod-TestBox":0,"AT_ATBox":0,"DaveBox":0,"MostiFishMod:Haymaker":0,"jedi:command_rare":0,"Baka":1,"Juzu Bracelet":6,"Frozen Egg 2":1,"AT_ArchangelStaff":8,"testmod-Charity":5,"White Beast Statue":12,"SynthV:TestCard":1,"BionicSphere":0,"rmod:firstchargereward":0,"jedi:maincommand":0,"jedi:command_shop":5,"replay:Trail_Library":0,"REME_ComplimentaryCards":0},{"Potion Belt":2,"testmod-Maize":0,"jedi:command_uncommon":1,"jedi:command_common":2,"testmod-TestBox":0,"AT_ATBox":0,"DaveBox":0,"MostiFishMod:Haymaker":0,"jedi:command_rare":0,"Baka":1,"Juzu Bracelet":2,"Frozen Egg 2":1,"AT_ArchangelStaff":2,"testmod-Charity":1,"White Beast Statue":3,"SynthV:TestCard":1,"BionicSphere":0,"rmod:firstchargereward":0,"jedi:maincommand":0,"jedi:command_shop":1,"replay:Trail_Library":0,"REME_ComplimentaryCards":0},{"Potion Belt":11,"testmod-Maize":0,"jedi:command_uncommon":2,"jedi:command_common":11,"testmod-TestBox":0,"AT_ATBox":0,"DaveBox":0,"MostiFishMod:Haymaker":0,"jedi:command_rare":0,"Baka":2,"Juzu Bracelet":11,"Frozen Egg 2":2,"AT_ArchangelStaff":11,"testmod-Charity":2,"White Beast Statue":21,"SynthV:TestCard":2,"BionicSphere":0,"rmod:firstchargereward":0,"jedi:maincommand":0,"jedi:command_shop":2,"replay:Trail_Library":0,"REME_ComplimentaryCards":0}]},"card_choices":[{"not_picked":["rmod:lonelyqueen","NotreDame_Black","Mark_Black+1","rmod:goodsister+1"],"picked":"rmod:intelligenceanalysis","floor":6.0},{"not_picked":["HellFireSword+1","Replay:Parry","PainBurst","PhosphoricSlash"],"picked":"DoubleAttack_Black","floor":12}],"player_experience":277786,"relics_obtained":[{"floor":1.0,"key":"jedi:command_uncommon"},{"floor":1.0,"key":"Baka"},{"floor":1.0,"key":"SynthV:TestCard"},{"floor":6.0,"key":"jedi:command_common"},{"floor":8,"key":"jedi:command_common"},{"floor":9,"key":"jedi:command_common"},{"floor":12,"key":"jedi:command_uncommon"}],"event_choices":[{"damage_healed":0.0,"max_hp_gain":0.0,"max_hp_loss":0.0,"gold_gain":400.0,"event_name":"恩洛斯的盘子","player_choice":"Sell","floor":2.0,"relics_lost":["REME_ComplimentaryCards"],"gold_loss":0.0,"damage_taken":0.0}],"is_beta":false,"boss_relics":[],"items_purged_floors":[],"is_endless":true,"potions_floor_spawned":[1],"killed_by":"Gensokyo:Aya","ascension_level":0}}