{"host":"7fyy23rucerupe6i","time":1612495725,"event":{"mods":["BaseMod","Minty Spire (QoL Compilation)","Reimu£®≤©¿ˆ¡È√Œ£©","StSLib"],"gold_per_floor":[115,115,132,151,151,161,161,236,236,236,196,196,196,83,83,83,83],"floor_reached":16,"language":"ZHS","playtime":676,"items_purged":["Defend_Lin:ReiMu"],"score":88,"play_id":"ffc880ef-c6e6-4e25-a205-23a868c1e938","local_time":"20210205112845","is_ascension_mode":false,"campfire_choices":[{"data":"SpringWay:ReiMu","floor":7.0,"key":"SMITH"},{"floor":10.0,"key":"REST"},{"data":"NB:ReiMu","floor":12,"key":"SMITH"},{"data":"OctopathBindingBorder2:ReiMu","floor":15,"key":"SMITH"}],"circlet_count":0,"master_deck":["Strike_Lin:ReiMu","Strike_Lin:ReiMu","Defend_Lin:ReiMu","Defend_Lin:ReiMu","Defend_Lin:ReiMu","NB:ReiMu+1","Stagnation:ReiMu","AlertArray:ReiMu","SpringWay:ReiMu+1","Dreaming:ReiMu","CareerPray:ReiMu","SpringWay:ReiMu","OctopathBindingBorder2:ReiMu+1"],"relics":["FlyPower:ReiMu","NeowsBlessing","Potion Belt","PaintedHorse:ReiMu"],"acts_visited":["Exordium"],"potions_floor_usage":[],"damage_taken":[{"damage":0.0,"enemies":"Small Slimes","floor":1.0,"turns":1.0},{"damage":0.0,"enemies":"Cultist","floor":3.0,"turns":1.0},{"damage":0.0,"enemies":"2 Louse","floor":4.0,"turns":3.0},{"damage":53.0,"enemies":"Gremlin Gang","floor":6.0,"turns":6.0},{"damage":21,"enemies":"Slime Boss","floor":16,"turns":6}],"seed_played":"1372074379452344358","potions_obtained":[],"is_trial":false,"path_per_floor":["M","?","M","M","?","M","R","?","T","R","?","R","?","$","R","B"],"character_chosen":"REIMU","items_purchased":["OctopathBindingBorder2:ReiMu"],"campfire_rested":1,"item_purchase_floors":[14],"current_hp_per_floor":[65,65,65,65,65,12,12,1,1,20,20,20,20,20,20,0,0],"gold":83,"neow_bonus":"THREE_ENEMY_KILL","is_daily":false,"chose_seed":false,"campfire_upgraded":3,"win_rate":0.0,"timestamp":1612495725,"path_taken":["M","?","M","M","?","?","R","?","T","R","?","R","?","$","R","BOSS"],"items_purchased_type":["Card"],"build_version":"2020-12-22","purchased_purges":1,"victory":false,"max_hp_per_floor":[65,65,65,65,65,65,65,65,65,65,65,65,65,65,65,65,65],"card_choices":[{"not_picked":["Enchanting:ReiMu","TightArray:ReiMu"],"picked":"AlertArray:ReiMu","floor":1.0},{"not_picked":["AirStrike:ReiMu","CareerPray:ReiMu"],"picked":"SpringWay:ReiMu","floor":3.0},{"not_picked":["TightArray:ReiMu","OctopathBindingBorder2:ReiMu"],"picked":"Dreaming:ReiMu","floor":4.0},{"not_picked":["WonderfulDomain:ReiMu","FantasyBorder:ReiMu"],"picked":"CareerPray:ReiMu","floor":6.0}],"player_experience":328068,"relics_obtained":[{"floor":9.0,"key":"Potion Belt"}],"event_choices":[{"damage_healed":0.0,"max_hp_gain":0.0,"max_hp_loss":0.0,"gold_gain":0.0,"event_name":"Liars Game","player_choice":"Ignored","floor":2.0,"gold_loss":0.0,"damage_taken":0.0},{"cards_removed":["Strike_Lin:ReiMu"],"damage_healed":0.0,"max_hp_gain":0.0,"max_hp_loss":0.0,"gold_gain":0.0,"event_name":"Bonfire Elementals","player_choice":"Offered Basic","floor":5.0,"gold_loss":0.0,"damage_taken":0.0},{"damage_healed":0.0,"max_hp_gain":0.0,"max_hp_loss":0.0,"gold_gain":75.0,"event_name":"World of Goop","player_choice":"Gather Gold","floor":8.0,"gold_loss":0.0,"damage_taken":11.0},{"damage_healed":0,"gold_gain":0,"player_choice":"»˚«Æ","damage_taken":0,"relics_obtained":["PaintedHorse:ReiMu"],"max_hp_gain":0,"max_hp_loss":0,"event_name":"yidonshenshe","floor":11,"gold_loss":40},{"damage_healed":0,"gold_gain":0,"cards_transformed":["Strike_Lin:ReiMu"],"player_choice":"Transformed","damage_taken":0,"max_hp_gain":0,"max_hp_loss":0,"event_name":"Transmorgrifier","floor":13,"gold_loss":0,"cards_obtained":["SpringWay:ReiMu"]}],"is_beta":false,"boss_relics":[],"items_purged_floors":[14],"is_endless":false,"potions_floor_spawned":[],"killed_by":"Slime Boss","ascension_level":0}}