{"host":"aapp7ew3jk5k1bvd","time":1612528261,"event":{"mods":["AchievementEnabler","BaseMod","Colored Map","Minty Spire (QoL Compilation)","Permanent Neow","StSLib","SuperFastMode"],"gold_per_floor":[111,111,127,147,160,160,175,186,186,216,231,231,265,279,279,377,377,388,399,414,425,437,437,437,456,510,525,525,536,549,474,474,579,579,594,594,605,655,555,555,555,571,618,618,628,352,372,385,385,385],"floor_reached":51,"language":"KOR","playtime":1399,"items_purged":["Strike_R","Strike_R","Defend_R"],"score":671,"play_id":"6b33d05d-7003-4ce6-acd2-f2912c70c574","local_time":"20210205213101","is_ascension_mode":false,"campfire_choices":[{"data":"Flex","floor":6,"key":"SMITH"},{"data":"Corruption","floor":12,"key":"SMITH"},{"floor":15,"key":"REST"},{"data":"Inflame","floor":23,"key":"SMITH"},{"data":"Dark Embrace","floor":32,"key":"SMITH"},{"data":"Demon Form","floor":40,"key":"SMITH"},{"floor":49,"key":"REST"}],"circlet_count":0,"master_deck":["Defend_R","Bash","Flex+1","Corruption+1","Sword Boomerang","Whirlwind+1","Heavy Blade+1","Flame Barrier","Inflame+1","Fiend Fire","Dropkick+1","Hemokinesis+1","Shockwave+1","Sword Boomerang","Fiend Fire","Dark Embrace+1","Demon Form+1","Dark Embrace+1","Fiend Fire"],"relics":["Burning Blood","Dead Branch","Whetstone","Pocketwatch","Astrolabe","Happy Flower","MutagenicStrength","Snecko Eye","Incense Burner","Lantern"],"acts_visited":["Exordium","TheCity","TheBeyond"],"potions_floor_usage":[33,50,50,50],"damage_taken":[{"damage":5,"enemies":"Jaw Worm","floor":1,"turns":5},{"damage":5,"enemies":"Cultist","floor":3,"turns":4},{"damage":0,"enemies":"Small Slimes","floor":4,"turns":4},{"damage":9,"enemies":"Blue Slaver","floor":5,"turns":3},{"damage":0,"enemies":"Exordium Wildlife","floor":7,"turns":2},{"damage":9,"enemies":"2 Fungi Beasts","floor":8,"turns":3},{"damage":31,"enemies":"Lagavulin","floor":10,"turns":6},{"damage":15,"enemies":"Large Slime","floor":11,"turns":5},{"damage":32,"enemies":"Gremlin Nob","floor":13,"turns":4},{"damage":1,"enemies":"3 Louse","floor":14,"turns":3},{"damage":16,"enemies":"The Guardian","floor":16,"turns":7},{"damage":0,"enemies":"Chosen","floor":18,"turns":4},{"damage":0,"enemies":"Shell Parasite","floor":19,"turns":2},{"damage":6,"enemies":"Centurion and Healer","floor":20,"turns":4},{"damage":0,"enemies":"Snecko","floor":21,"turns":2},{"damage":2,"enemies":"Cultist and Chosen","floor":22,"turns":4},{"damage":9,"enemies":"Snake Plant","floor":25,"turns":2},{"damage":5,"enemies":"Chosen and Byrds","floor":27,"turns":3},{"damage":5,"enemies":"Sentry and Sphere","floor":29,"turns":3},{"damage":0,"enemies":"Snecko","floor":30,"turns":3},{"damage":34,"enemies":"Champ","floor":33,"turns":7},{"damage":8,"enemies":"3 Shapes","floor":35,"turns":4},{"damage":10,"enemies":"Orb Walker","floor":37,"turns":2},{"damage":15,"enemies":"Mind Bloom Boss Battle","floor":38,"turns":5},{"damage":8,"enemies":"3 Darklings","floor":42,"turns":3},{"damage":25,"enemies":"Maw","floor":45,"turns":5},{"damage":10,"enemies":"Sphere and 2 Shapes","floor":47,"turns":2},{"damage":26,"enemies":"Transient","floor":48,"turns":5},{"damage":40,"enemies":"Awakened One","floor":50,"turns":6}],"seed_played":"3912840341032021187","potions_obtained":[{"floor":4,"key":"SteroidPotion"},{"floor":5,"key":"Ancient Potion"},{"floor":10,"key":"AttackPotion"},{"floor":20,"key":"DistilledChaos"},{"floor":33,"key":"Strength Potion"}],"is_trial":false,"path_per_floor":["M","?","M","M","M","R","M","M","T","E","M","R","E","M","R","B",null,"M","M","M","M","M","R","?","M","T","M","?","M","M","$","R","B",null,"M","?","M","?","$","R","?","M","T","?","M","$","M","M","R","B",null],"character_chosen":"IRONCLAD","items_purchased":["Fiend Fire"],"campfire_rested":2,"item_purchase_floors":[46],"current_hp_per_floor":[88,88,88,88,85,85,88,85,85,60,51,51,25,30,56,46,88,88,88,88,88,88,88,88,85,85,86,86,87,88,88,88,60,88,86,86,82,73,73,73,73,71,71,71,52,52,48,28,53,19],"gold":385,"neow_bonus":"TEN_PERCENT_HP_BONUS","is_daily":false,"chose_seed":false,"campfire_upgraded":5,"win_rate":0.0,"timestamp":1612528261,"path_taken":["M","?","M","?","M","R","M","M","T","E","M","R","E","?","R","BOSS","M","M","M","M","M","R","?","M","T","M","?","M","?","$","R","BOSS","M","?","M","?","$","R","?","M","T","?","M","?","M","M","R","BOSS"],"items_purchased_type":["Card"],"build_version":"2020-12-22","purchased_purges":3,"victory":true,"max_hp_per_floor":[88,88,88,88,88,88,88,88,88,88,88,88,88,88,88,88,88,88,88,88,88,88,88,88,88,88,88,88,88,88,88,88,88,88,88,88,88,88,88,88,88,88,88,84,84,84,84,84,84,84],"card_choices":[{"not_picked":["Warcry","Iron Wave"],"picked":"Flex","floor":1},{"not_picked":["Thunderclap","Wild Strike","Bloodletting"],"picked":"SKIP","floor":3},{"not_picked":["Armaments","Infernal Blade"],"picked":"Sword Boomerang","floor":4},{"not_picked":["Body Slam","Clash"],"picked":"Whirlwind","floor":5},{"not_picked":["Entrench","Rupture","Clothesline"],"picked":"SKIP","floor":7},{"not_picked":["Perfected Strike","Immolate"],"picked":"Heavy Blade","floor":8},{"not_picked":["Heavy Blade","Fire Breathing","Burning Pact"],"picked":"SKIP","floor":10},{"not_picked":["Dropkick","Carnage","Havoc"],"picked":"SKIP","floor":11},{"not_picked":["Feed","Clash"],"picked":"Flame Barrier","floor":13},{"not_picked":["Dark Embrace","Clothesline"],"picked":"Inflame","floor":14},{"not_picked":["Juggernaut","Brutality"],"picked":"Fiend Fire","floor":16},{"not_picked":["Rage","Anger","Iron Wave+1"],"picked":"SKIP","floor":18},{"not_picked":["Sever Soul+1","Wild Strike","Headbutt+1"],"picked":"SKIP","floor":19},{"not_picked":["Seeing Red","Body Slam","Sentinel"],"picked":"SKIP","floor":20},{"not_picked":["Exhume","True Grit"],"picked":"Sword Boomerang","floor":21},{"not_picked":["Ghostly Armor","True Grit","Pommel Strike"],"picked":"SKIP","floor":22},{"not_picked":["Body Slam","Pommel Strike","Fire Breathing"],"picked":"SKIP","floor":25},{"not_picked":["Clothesline","Entrench"],"picked":"Fiend Fire","floor":27},{"not_picked":["Battle Trance","Uppercut"],"picked":"Dark Embrace","floor":29},{"not_picked":["Perfected Strike","Wild Strike","Headbutt+1"],"picked":"SKIP","floor":30},{"not_picked":["Immolate","Berserk"],"picked":"Demon Form","floor":33},{"not_picked":["True Grit+1","Armaments+1","Second Wind+1"],"picked":"SKIP","floor":35},{"not_picked":["Heavy Blade","Fire Breathing+1","Sentinel+1"],"picked":"SKIP","floor":37},{"not_picked":["True Grit+1","Pommel Strike"],"picked":"Dark Embrace+1","floor":38},{"not_picked":["Feel No Pain+1","Infernal Blade+1","Havoc"],"picked":"SKIP","floor":42},{"not_picked":["Iron Wave+1","Sentinel+1","Burning Pact+1"],"picked":"SKIP","floor":45},{"not_picked":["Iron Wave","True Grit+1","Twin Strike+1"],"picked":"SKIP","floor":47},{"not_picked":["Armaments+1","Pommel Strike+1","Searing Blow+1"],"picked":"SKIP","floor":48}],"player_experience":1316436,"relics_obtained":[{"floor":9,"key":"Dead Branch"},{"floor":10,"key":"Whetstone"},{"floor":13,"key":"Pocketwatch"},{"floor":26,"key":"Happy Flower"},{"floor":38,"key":"Incense Burner"},{"floor":43,"key":"Lantern"}],"event_choices":[{"damage_healed":0,"gold_gain":0,"cards_transformed":["Strike_R"],"player_choice":"Transformed","damage_taken":0,"max_hp_gain":0,"max_hp_loss":0,"event_name":"Transmorgrifier","floor":2,"gold_loss":0,"cards_obtained":["Corruption"]},{"damage_healed":0,"gold_gain":0,"player_choice":"Ignored","damage_taken":0,"max_hp_gain":0,"max_hp_loss":0,"event_name":"Cursed Tome","floor":24,"gold_loss":0},{"damage_healed":0,"gold_gain":0,"player_choice":"Inject Mutagens","damage_taken":0,"relics_obtained":["MutagenicStrength"],"max_hp_gain":0,"max_hp_loss":0,"event_name":"Drug Dealer","floor":28,"gold_loss":0},{"cards_removed":["Defend_R"],"damage_healed":0,"gold_gain":0,"player_choice":"Removed Skill","damage_taken":0,"max_hp_gain":0,"max_hp_loss":0,"event_name":"Falling","floor":36,"gold_loss":0},{"damage_healed":0,"gold_gain":0,"player_choice":"Fight","damage_taken":0,"max_hp_gain":0,"max_hp_loss":0,"event_name":"MindBloom","floor":38,"gold_loss":0},{"damage_healed":0,"gold_gain":0,"player_choice":"Memory 1","damage_taken":0,"max_hp_gain":0,"max_hp_loss":0,"event_name":"SensoryStone","floor":41,"gold_loss":0},{"damage_healed":0,"gold_gain":0,"player_choice":"Max HP","damage_taken":0,"max_hp_gain":0,"max_hp_loss":4,"event_name":"Winding Halls","floor":44,"gold_loss":0}],"is_beta":false,"boss_relics":[{"not_picked":["Runic Dome","Mark of Pain"],"picked":"Astrolabe"},{"not_picked":["Fusion Hammer","Busted Crown"],"picked":"Snecko Eye"}],"items_purged_floors":[31,39,46],"is_endless":false,"potions_floor_spawned":[4,5,10,11,13,16,19,20,25,33,37,38,42,45],"ascension_level":0}}