{"host":"qxeepl7ydvsgmfdb","time":1612505083,"event":{"mods":["AchievementEnabler","BaseMod","Colored Powertips","Minty Spire (QoL Compilation)","Quick Restart","slay the spire mod where everything is the same but ironclad has a cowboy hat"],"gold_per_floor":[218,218,233,50,63,397,163,179,255,280,280,280,102,121,121,221,221,240,330,340,80,80,80,80,80],"floor_reached":24,"language":"ENG","playtime":755,"items_purged":["Strike_B","Strike_B"],"score":235,"play_id":"d5d65433-08b4-4fed-8b12-b8ec333e7def","local_time":"20210205010443","is_ascension_mode":true,"campfire_choices":[{"floor":11.0,"key":"REST"},{"floor":15.0,"key":"REST"},{"floor":23,"key":"REST"}],"circlet_count":0,"master_deck":["Strike_B+1","Strike_B+1","Defend_B","Defend_B","Defend_B","Defend_B","Zap","Dualcast","Glacier","Redo","Defragment","Redo","Doom and Gloom","Capacitor","Dramatic Entrance","Sweeping Beam","Melter","Redo","Chaos","Ball Lightning"],"relics":["Cracked Core","Membership Card","Old Coin","Bottled Lightning","Bottled Tornado","Odd Mushroom","Strawberry","Potion Belt","HandDrill","Oddly Smooth Stone","Orichalcum"],"acts_visited":["Exordium","TheCity"],"potions_floor_usage":[20,24],"damage_taken":[{"damage":0.0,"enemies":"Small Slimes","floor":1.0,"turns":2.0},{"damage":7.0,"enemies":"Jaw Worm","floor":3.0,"turns":2.0},{"damage":0.0,"enemies":"Cultist","floor":5.0,"turns":3.0},{"damage":30.0,"enemies":"Gremlin Nob","floor":6.0,"turns":6.0},{"damage":0.0,"enemies":"3 Louse","floor":8.0,"turns":1.0},{"damage":22.0,"enemies":"The Mushroom Lair","floor":10.0,"turns":3.0},{"damage":0.0,"enemies":"Large Slime","floor":12.0,"turns":1.0},{"damage":11.0,"enemies":"Blue Slaver","floor":14.0,"turns":3.0},{"damage":37.0,"enemies":"The Guardian","floor":16.0,"turns":13.0},{"damage":47.0,"enemies":"3 Byrds","floor":18.0,"turns":4.0},{"damage":18,"enemies":"Shell Parasite","floor":20,"turns":9},{"damage":29,"enemies":"Slavers","floor":24,"turns":3}],"seed_played":"-7020052095806733533","potions_obtained":[{"floor":3.0,"key":"Ancient Potion"},{"floor":6.0,"key":"SmokeBomb"},{"floor":10.0,"key":"PowerPotion"},{"floor":16.0,"key":"SpeedPotion"},{"floor":20,"key":"Dexterity Potion"}],"is_trial":false,"path_per_floor":["M","?","M","$","M","E","$","M","T","?","R","M","$","M","R","B",null,"M","?","M","$","?","R","E"],"character_chosen":"DEFECT","items_purchased":["Membership Card","Defragment","Capacitor","Dramatic Entrance","Bottled Lightning","Sweeping Beam","Strawberry","Potion Belt","Chaos","HandDrill","Oddly Smooth Stone","Ball Lightning"],"campfire_rested":3,"item_purchase_floors":[4,4,7,7,7,13,13,13,21,21,21,21],"current_hp_per_floor":[75,60,53,53,53,23,23,23,23,1,23,23,30,19,43,6,82,35,23,5,5,5,29,0,0],"gold":80,"neow_bonus":"HUNDRED_GOLD","is_daily":false,"chose_seed":false,"campfire_upgraded":0,"win_rate":0.0,"timestamp":1612505083,"path_taken":["M","?","M","$","M","E","$","M","T","?","R","M","$","M","R","BOSS","M","?","?","$","?","R","E"],"items_purchased_type":["Relic","Card","Card","Card","Relic","Card","Relic","Relic","Card","Relic","Relic","Card"],"build_version":"2020-12-22","purchased_purges":2,"victory":false,"max_hp_per_floor":[75,75,75,75,75,75,75,75,75,75,75,75,82,82,82,82,82,82,82,82,82,82,82,82,82],"card_choices":[{"not_picked":["Steam","Gash"],"picked":"Glacier","floor":1.0},{"not_picked":["Coolheaded","Streamline"],"picked":"Redo","floor":3.0},{"not_picked":["Leap","Gash"],"picked":"Redo","floor":5.0},{"not_picked":["Melter","Turbo"],"picked":"Doom and Gloom","floor":6.0},{"not_picked":["Streamline","Aggregate","Reinforced Body"],"picked":"SKIP","floor":8.0},{"not_picked":["Stack","Consume"],"picked":"Melter","floor":14.0},{"not_picked":["Self Repair+1","Turbo","Static Discharge"],"picked":"SKIP","floor":18.0},{"not_picked":["Hologram+1","Consume+1"],"picked":"Redo","floor":20}],"player_experience":168208,"relics_obtained":[{"floor":6.0,"key":"Old Coin"},{"floor":9.0,"key":"Bottled Tornado"},{"floor":10.0,"key":"Odd Mushroom"}],"event_choices":[{"damage_healed":0.0,"max_hp_gain":0.0,"max_hp_loss":0.0,"gold_gain":0.0,"event_name":"Shining Light","player_choice":"Entered Light","floor":2.0,"gold_loss":0.0,"damage_taken":15.0,"cards_upgraded":["Strike_B","Strike_B"]},{"damage_healed":0.0,"max_hp_gain":0.0,"max_hp_loss":0.0,"gold_gain":0.0,"event_name":"Mushrooms","player_choice":"Fought Mushrooms","floor":10.0,"gold_loss":0.0,"damage_taken":0.0},{"damage_healed":0.0,"max_hp_gain":0.0,"max_hp_loss":0.0,"gold_gain":90.0,"event_name":"Knowing Skull","player_choice":"GOLD ","floor":19.0,"potions_obtained":[],"gold_loss":0.0,"damage_taken":12.0,"cards_obtained":[]},{"damage_healed":0,"gold_gain":0,"player_choice":"Opened","damage_taken":0,"relics_obtained":["Orichalcum"],"max_hp_gain":0,"max_hp_loss":0,"event_name":"The Mausoleum","floor":22,"gold_loss":0}],"is_beta":false,"boss_relics":[{"not_picked":["Astrolabe","Velvet Choker","Coffee Dripper"]}],"items_purged_floors":[7,21],"is_endless":false,"potions_floor_spawned":[3,6,10,12,16,20],"killed_by":"Slavers","ascension_level":4}}