{"host":"7j2n82b2zha9fuyn","time":1612489074,"event":{"mods":["BaseMod","Block Reminder","Minty Spire (QoL Compilation)","StSLib"],"gold_per_floor":[117,117,117,134,59,89,89,89,89,430,177,177,177,226,226,358,358,344,353,353,73,102,102,140,164,164,183,201,159,177,226,226,226,226],"floor_reached":33,"language":"ENG","playtime":2538,"items_purged":["Regret","Strike_R","Writhe"],"score":518,"play_id":"f54f9c95-9a8d-4e4e-aa92-fdb8e92c760b","local_time":"20210204183754","is_ascension_mode":true,"campfire_choices":[{"data":"Uppercut","floor":8.0,"key":"SMITH"},{"data":"Bash","floor":13.0,"key":"SMITH"},{"data":"Metallicize","floor":15.0,"key":"SMITH"},{"data":"Seeing Red","floor":23.0,"key":"SMITH"},{"data":"Ghostly Armor","floor":32,"key":"SMITH"}],"circlet_count":0,"master_deck":["AscendersBane","Strike_R","Strike_R","Strike_R","Defend_R","Defend_R","Defend_R","Bash+1","Clothesline","Uppercut+1","Seeing Red+1","Inflame+1","Metallicize+1","Reaper","Inflame+1","Cleave","Shrug It Off","Combust","Flex","Ghostly Armor+1"],"relics":["Burning Blood","NeowsBlessing","StrikeDummy","Meat on the Bone","Golden Idol","Potion Belt","Old Coin","Frozen Eye","CeramicFish","Philosopher\u0027s Stone","Magic Flower","OrangePellets","Mummified Hand","Happy Flower","Strawberry"],"acts_visited":["Exordium","TheCity"],"potions_floor_usage":[31,31],"damage_taken":[{"damage":0.0,"enemies":"2 Louse","floor":1.0,"turns":1.0},{"damage":0.0,"enemies":"Jaw Worm","floor":4.0,"turns":1.0},{"damage":0.0,"enemies":"Gremlin Nob","floor":6.0,"turns":1.0},{"damage":22.0,"enemies":"3 Sentries","floor":10.0,"turns":7.0},{"damage":25.0,"enemies":"Lagavulin","floor":14.0,"turns":5.0},{"damage":22.0,"enemies":"Slime Boss","floor":16.0,"turns":9.0},{"damage":21.0,"enemies":"2 Thieves","floor":18.0,"turns":4.0},{"damage":22.0,"enemies":"Spheric Guardian","floor":22.0,"turns":4.0},{"damage":59.0,"enemies":"Book of Stabbing","floor":24.0,"turns":6.0},{"damage":31,"enemies":"Shelled Parasite and Fungi","floor":25,"turns":4},{"damage":27,"enemies":"Snake Plant","floor":27,"turns":3},{"damage":37,"enemies":"3 Cultists","floor":28,"turns":6},{"damage":88,"enemies":"Slavers","floor":31,"turns":4},{"damage":55,"enemies":"Collector","floor":33,"turns":5}],"seed_played":"6908477966649973882","potions_obtained":[{"floor":1.0,"key":"CultistPotion"},{"floor":4.0,"key":"Strength Potion"},{"floor":18.0,"key":"LiquidMemories"},{"floor":24.0,"key":"Fire Potion"},{"floor":27,"key":"LiquidBronze"}],"is_trial":false,"path_per_floor":["M","?","?","M","$","E","?","R","T","E","$","?","R","E","R","B",null,"M","?","?","$","M","R","E","M","T","M","M","$","?","E","R","B"],"character_chosen":"IRONCLAD","items_purchased":["Frozen Eye","OrangePellets","Shrug It Off"],"campfire_rested":0,"item_purchase_floors":[11,21,29],"current_hp_per_floor":[78,78,78,80,80,80,60,60,60,56,56,56,56,49,49,45,71,66,66,51,51,56,56,47,66,66,66,57,57,57,39,39,0,0],"gold":226,"neow_bonus":"THREE_ENEMY_KILL","is_daily":false,"chose_seed":false,"campfire_upgraded":5,"win_rate":0.0,"timestamp":1612489074,"path_taken":["M","?","?","?","$","E","?","R","T","E","?","?","R","E","R","BOSS","M","?","?","?","M","R","E","M","T","?","M","?","?","E","R","BOSS"],"items_purchased_type":["Relic","Relic","Card"],"build_version":"2020-12-22","purchased_purges":3,"victory":false,"max_hp_per_floor":[80,80,80,80,80,80,80,80,80,80,80,80,80,80,80,80,80,80,80,85,85,85,85,85,85,85,85,85,85,85,92,92,92,92],"card_choices":[{"not_picked":["Metallicize","Power Through"],"picked":"Clothesline","floor":1.0},{"not_picked":["Rampage","Second Wind","Carnage"],"picked":"SKIP","floor":4.0},{"not_picked":["Feel No Pain","Havoc"],"picked":"Seeing Red","floor":6.0},{"not_picked":["Clash","Flame Barrier"],"picked":"Inflame","floor":10.0},{"not_picked":["Battle Trance","Thunderclap"],"picked":"Metallicize","floor":14.0},{"not_picked":["Exhume","Brutality"],"picked":"Reaper","floor":16.0},{"not_picked":["Feel No Pain","Searing Blow","Anger+1"],"picked":"SKIP","floor":18.0},{"not_picked":["Reckless Charge","Iron Wave"],"picked":"Inflame+1","floor":22.0},{"not_picked":["Warcry","Body Slam","Juggernaut"],"picked":"SKIP","floor":24.0},{"not_picked":["Headbutt","Warcry"],"picked":"Cleave","floor":25},{"not_picked":["Twin Strike","Sever Soul","Intimidate"],"picked":"SKIP","floor":27},{"not_picked":["Clothesline","Sever Soul","Entrench"],"picked":"SKIP","floor":28},{"not_picked":["Clothesline","Disarm"],"picked":"Ghostly Armor","floor":31}],"player_experience":1985481,"relics_obtained":[{"floor":6.0,"key":"Meat on the Bone"},{"floor":9.0,"key":"Potion Belt"},{"floor":10.0,"key":"Old Coin"},{"floor":14.0,"key":"CeramicFish"},{"floor":24.0,"key":"Mummified Hand"},{"floor":26,"key":"Happy Flower"},{"floor":31,"key":"Strawberry"}],"event_choices":[{"damage_healed":0.0,"max_hp_gain":0.0,"max_hp_loss":0.0,"gold_gain":0.0,"event_name":"Big Fish","player_choice":"Box","floor":2.0,"gold_loss":0.0,"damage_taken":0.0,"relics_obtained":["StrikeDummy"],"cards_obtained":["Regret"]},{"damage_healed":0.0,"max_hp_gain":0.0,"max_hp_loss":0.0,"gold_gain":0.0,"event_name":"Match and Keep!","player_choice":"1 cards matched","floor":3.0,"gold_loss":0.0,"damage_taken":0.0,"cards_obtained":["Uppercut"]},{"damage_healed":0.0,"max_hp_gain":0.0,"max_hp_loss":0.0,"gold_gain":0.0,"event_name":"Match and Keep!","player_choice":"1 cards matched","floor":3.0,"gold_loss":0.0,"damage_taken":0.0,"cards_obtained":["Uppercut"]},{"damage_healed":0.0,"max_hp_gain":0.0,"max_hp_loss":0.0,"gold_gain":0.0,"event_name":"Golden Idol","player_choice":"Take Damage","floor":7.0,"gold_loss":0.0,"damage_taken":20.0,"relics_obtained":["Golden Idol"]},{"damage_healed":0.0,"max_hp_gain":0.0,"max_hp_loss":0.0,"gold_gain":0.0,"event_name":"Living Wall","player_choice":"Grow","floor":12.0,"gold_loss":0.0,"damage_taken":0.0,"cards_upgraded":["Inflame"]},{"damage_healed":0.0,"max_hp_gain":0.0,"max_hp_loss":0.0,"gold_gain":0.0,"event_name":"The Mausoleum","player_choice":"Opened","floor":19.0,"gold_loss":0.0,"damage_taken":0.0,"relics_obtained":["Magic Flower"],"cards_obtained":["Writhe"]},{"damage_healed":0.0,"max_hp_gain":5.0,"max_hp_loss":0.0,"gold_gain":0.0,"event_name":"Forgotten Altar","player_choice":"Shed Blood","floor":20.0,"gold_loss":0.0,"damage_taken":20.0},{"damage_healed":0,"gold_gain":0,"cards_transformed":["Strike_R","Defend_R"],"player_choice":"Became Test Subject","damage_taken":0,"max_hp_gain":0,"max_hp_loss":0,"event_name":"Drug Dealer","floor":30,"gold_loss":0,"cards_obtained":["Combust","Flex"]}],"is_beta":false,"boss_relics":[{"not_picked":["Busted Crown","Black Star"],"picked":"Philosopher\u0027s Stone"}],"items_purged_floors":[5,11,21],"is_endless":false,"potions_floor_spawned":[1,4,6,18,24,27,28],"killed_by":"Collector","ascension_level":12}}