{"host":"3y2rtlgteqp2nuo3","time":1612528216,"event":{"mods":["2.2 Compatiblity","AchievementEnabler","BaseMod","Colored Map","DeckTracker","Highlight Path","Keyboard Shortcuts","Minty Spire (QoL Compilation)","Permanent Neow","Quick Restart","StSLib","SuperFastMode","everything is the same but u backflip on backflip"],"gold_per_floor":[114,125,193,206,225,225,243,243,243,258,258,258,258,271,271,344,344,359,371,386,396,410,410,410],"floor_reached":23,"language":"KOR","playtime":618,"items_purged":[],"score":350,"play_id":"0ad7ad9b-53a0-422e-8161-ff7dea0b5c32","local_time":"20210205213016","is_ascension_mode":true,"campfire_choices":[{"data":"Blade Dance","floor":6.0,"key":"SMITH"},{"floor":8.0,"key":"REST"},{"data":"Accuracy","floor":11.0,"key":"SMITH"},{"data":"Blade Dance","floor":15.0,"key":"SMITH"}],"circlet_count":0,"master_deck":["AscendersBane","Strike_G","Strike_G","Defend_G","Defend_G","Defend_G","Defend_G","Defend_G","Survivor","Neutralize+1","Dodge and Roll","Blade Dance+1","Sucker Punch","Cloak And Dagger","Reflex","Accuracy+1","Blade Dance+1","Envenom","Catalyst+1","Concentrate+1","Unload+1","Calculated Gamble","Eviscerate","Calculated Gamble","Finisher"],"relics":["Ring of the Snake","White Beast Statue","InkBottle","Astrolabe"],"acts_visited":["Exordium","TheCity"],"potions_floor_usage":[22,22,23],"damage_taken":[{"damage":0.0,"enemies":"Cultist","floor":1.0,"turns":5.0},{"damage":0.0,"enemies":"Small Slimes","floor":2.0,"turns":4.0},{"damage":0.0,"enemies":"2 Louse","floor":4.0,"turns":4.0},{"damage":36.0,"enemies":"Gremlin Gang","floor":5.0,"turns":7.0},{"damage":11.0,"enemies":"Large Slime","floor":7.0,"turns":7.0},{"damage":1.0,"enemies":"Exordium Wildlife","floor":10.0,"turns":3.0},{"damage":10.0,"enemies":"2 Fungi Beasts","floor":14.0,"turns":3.0},{"damage":22.0,"enemies":"The Guardian","floor":16.0,"turns":9.0},{"damage":14.0,"enemies":"Spheric Guardian","floor":18.0,"turns":4.0},{"damage":0.0,"enemies":"2 Thieves","floor":19.0,"turns":2.0},{"damage":13.0,"enemies":"Centurion and Healer","floor":20.0,"turns":5.0},{"damage":2.0,"enemies":"Snecko","floor":21.0,"turns":4.0},{"damage":8,"enemies":"3 Cultists","floor":22,"turns":5},{"damage":24,"enemies":"Book of Stabbing","floor":23,"turns":3}],"seed_played":"839898115711868888","potions_obtained":[{"floor":1.0,"key":"PowerPotion"},{"floor":4.0,"key":"BlessingOfTheForge"},{"floor":13.0,"key":"EssenceOfSteel"},{"floor":13.0,"key":"Ancient Potion"},{"floor":16.0,"key":"FearPotion"},{"floor":19.0,"key":"EntropicBrew"},{"floor":20.0,"key":"FearPotion"},{"floor":22,"key":"GamblersBrew"}],"is_trial":false,"path_per_floor":["M","M","T","M","M","R","M","R","T","M","R","?","?","M","R","B",null,"M","M","M","M","M","E"],"character_chosen":"THE_SILENT","items_purchased":[],"campfire_rested":1,"item_purchase_floors":[],"current_hp_per_floor":[59,59,59,59,23,23,12,31,31,30,30,52,52,42,42,20,55,41,41,28,26,18,0,0],"gold":410,"neow_bonus":"UPGRADE_CARD","is_daily":false,"chose_seed":false,"campfire_upgraded":3,"win_rate":0.0,"timestamp":1612528216,"path_taken":["M","M","?","M","M","R","M","R","T","M","R","?","?","M","R","BOSS","M","M","?","M","M","E"],"items_purchased_type":[],"build_version":"2020-12-22","purchased_purges":0,"victory":false,"max_hp_per_floor":[66,66,66,66,66,66,66,66,66,66,66,66,66,66,66,66,66,66,66,66,66,66,66,66],"card_choices":[{"not_picked":["Calculated Gamble","Finisher"],"picked":"Dodge and Roll","floor":1.0},{"not_picked":["Bane","Masterful Stab"],"picked":"Blade Dance","floor":2.0},{"not_picked":["PiercingWail","Underhanded Strike"],"picked":"Sucker Punch","floor":4.0},{"not_picked":["Quick Slash","Underhanded Strike"],"picked":"Cloak And Dagger","floor":5.0},{"not_picked":["Dodge and Roll","Doppelganger"],"picked":"Reflex","floor":7.0},{"not_picked":["Dash","Catalyst"],"picked":"Accuracy","floor":10.0},{"not_picked":["Dash","Acrobatics"],"picked":"Blade Dance","floor":14.0},{"not_picked":["Bullet Time","Night Terror"],"picked":"Envenom","floor":16.0},{"not_picked":["PiercingWail","Reflex"],"picked":"Calculated Gamble","floor":18.0},{"not_picked":["Blade Dance","Flechettes"],"picked":"Eviscerate","floor":19.0},{"not_picked":["Eviscerate","Dagger Throw"],"picked":"Calculated Gamble","floor":20.0},{"not_picked":["Escape Plan","Acrobatics"],"picked":"Finisher","floor":21.0},{"not_picked":["Dodge and Roll","Bane","Dagger Throw"],"picked":"SKIP","floor":22}],"player_experience":757037,"relics_obtained":[{"floor":3.0,"key":"White Beast Statue"},{"floor":9.0,"key":"InkBottle"}],"event_choices":[{"damage_healed":22.0,"max_hp_gain":0.0,"max_hp_loss":0.0,"gold_gain":0.0,"event_name":"Big Fish","player_choice":"Banana","floor":12.0,"gold_loss":0.0,"damage_taken":0.0},{"damage_healed":0.0,"max_hp_gain":0.0,"max_hp_loss":0.0,"gold_gain":0.0,"event_name":"Lab","player_choice":"Got Potions","floor":13.0,"gold_loss":0.0,"damage_taken":0.0}],"is_beta":false,"boss_relics":[{"not_picked":["Ectoplasm","Runic Pyramid"],"picked":"Astrolabe"}],"items_purged_floors":[],"is_endless":false,"potions_floor_spawned":[1,4,5,7,10,14,16,18,19,20,21,22],"killed_by":"Book of Stabbing","ascension_level":17}}