{"host":"1gxyv4nzk9y6vrq3","time":1612558005,"event":{"mods":["Bartender","BaseMod","Downfall","Duelist Mod","Marisa????????","Minty Spire (QoL Compilation)","Relic Stats","StSLib","The Servant 0.9.4"],"gold_per_floor":[113,126,126,126,144,144,144,158,204,53,82,97,107,135,135,237,237,255,268,281,51,69,69,69,82,129,129,129,162,162,173,173,173,173],"floor_reached":33,"language":"ENG","playtime":2950,"items_purged":[],"score":304,"play_id":"876c88c4-6676-4e9e-bad4-61869bfa6ee5","local_time":"20210205124645","is_ascension_mode":false,"campfire_choices":[{"data":"Ricochet","floor":6.0,"key":"SMITH"},{"floor":15,"key":"REST"},{"floor":23,"key":"REST"},{"data":"MurderousAura","floor":28,"key":"SMITH"},{"floor":32,"key":"RECALL"}],"circlet_count":0,"master_deck":["Strike_S","Strike_S","Strike_S","Strike_S","Defend_S","Defend_S","Defend_S","Defend_S","KidneyShot","Exchange","Ricochet+1","BottledTime","GearUp","GearUp","BottledTime","Initiator","MurderousAura+1","FastForward","SoulSculpture","FanOfKnives","Starlight+1"],"relics":["Uniform","Centennial Puzzle","Nunchaku","Boot","Busted Crown","Strawberry","Toy Ornithopter","MutagenicStrength","Orichalcum","Nloth\u0027s Gift"],"acts_visited":["Exordium","TheCity"],"potions_floor_usage":[11,14,16,16,16,22,33,33],"damage_taken":[{"damage":2.0,"enemies":"Jaw Worm","floor":1.0,"turns":6.0},{"damage":9.0,"enemies":"Cultist","floor":2.0,"turns":4.0},{"damage":0.0,"enemies":"2 Louse","floor":5.0,"turns":2.0},{"damage":6.0,"enemies":"Red Slaver","floor":8.0,"turns":6.0},{"damage":26,"enemies":"Gremlin Nob","floor":11,"turns":5},{"damage":4,"enemies":"Lots of Slimes","floor":12,"turns":2},{"damage":0,"enemies":"2 Fungi Beasts","floor":13,"turns":2},{"damage":9,"enemies":"Lagavulin","floor":14,"turns":5},{"damage":7,"enemies":"The Guardian","floor":16,"turns":15},{"damage":9,"enemies":"Chosen","floor":18,"turns":5},{"damage":23,"enemies":"2 Thieves","floor":19,"turns":4},{"damage":11,"enemies":"3 Cultists","floor":20,"turns":5},{"damage":2,"enemies":"Snake Plant","floor":22,"turns":4},{"damage":19,"enemies":"Cultist and Chosen","floor":25,"turns":5},{"damage":0,"enemies":"Gremlin Leader","floor":29,"turns":4},{"damage":4,"enemies":"Chosen and Byrds","floor":31,"turns":3},{"damage":65,"enemies":"Automaton","floor":33,"turns":10}],"seed_played":"-5927402812770767132","potions_obtained":[{"floor":2.0,"key":"SpeedPotion"},{"floor":7.0,"key":"DuplicationPotion"},{"floor":7.0,"key":"Swift Potion"},{"floor":7.0,"key":"CultistPotion"},{"floor":12,"key":"GamblersBrew"},{"floor":13,"key":"FearPotion"},{"floor":14,"key":"Energy Potion"},{"floor":19,"key":"Block Potion"},{"floor":25,"key":"Energy Potion"},{"floor":31,"key":"SkillPotion"}],"is_trial":false,"path_per_floor":["M","M","?","?","M","R","?","M","T","$","E","M","M","E","R","B",null,"M","M","M","$","M","R","?","M","T","?","R","E","?","M","R","B"],"character_chosen":"THE_SERVANT","items_purchased":["Centennial Puzzle","Strawberry","FanOfKnives"],"campfire_rested":2,"item_purchase_floors":[10,21,21],"current_hp_per_floor":[63,54,65,65,65,65,65,59,59,59,33,29,29,20,39,32,65,56,33,22,29,27,48,72,53,53,53,53,53,53,49,49,0,0],"gold":173,"neow_bonus":"THREE_CARDS","is_daily":false,"chose_seed":false,"campfire_upgraded":2,"win_rate":0.0,"timestamp":1612558005,"path_taken":["M","M","?","?","?","R","?","?","T","?","E","?","M","E","R","BOSS","M","M","M","$","M","R","?","?","T","?","R","E","?","M","R","BOSS"],"items_purchased_type":["Relic","Relic","Card"],"build_version":"2020-12-22","purchased_purges":0,"victory":false,"max_hp_per_floor":[65,65,65,65,65,65,65,65,65,65,65,65,65,65,65,65,65,65,65,65,72,72,72,72,72,72,72,72,72,72,72,72,72,72],"relic_stats":{"Centennial Puzzle":[33],"Nunchaku":[13],"Busted Crown":14,"counters":[17,87],"Nloth\u0027s Gift":0,"Orichalcum":[30],"Boot":[35],"obtain_stats":[{"Centennial Puzzle":10,"Nunchaku":11,"Busted Crown":17,"Strawberry":21,"MutagenicStrength":27,"PreservedInsect":4,"Uniform":0,"Nloth\u0027s Gift":30,"Orichalcum":29,"Boot":14,"Toy Ornithopter":26},{"Centennial Puzzle":4,"Nunchaku":5,"Busted Crown":9,"Strawberry":12,"MutagenicStrength":14,"PreservedInsect":2,"Uniform":0,"Nloth\u0027s Gift":15,"Orichalcum":15,"Boot":8,"Toy Ornithopter":14},{"Centennial Puzzle":18,"Nunchaku":23,"Busted Crown":47,"Strawberry":61,"MutagenicStrength":70,"PreservedInsect":10,"Uniform":0,"Nloth\u0027s Gift":74,"Orichalcum":74,"Boot":32,"Toy Ornithopter":70}],"Toy Ornithopter":10},"card_choices":[{"not_picked":["Collapse","Alleviate"],"picked":"Ricochet","floor":0.0},{"not_picked":["Ricochet","FanOfKnives"],"picked":"BottledTime","floor":1.0},{"not_picked":["Desolation","ShatteredReality"],"picked":"GearUp","floor":2.0},{"not_picked":["Rewind","Ricochet","Alleviate"],"picked":"SKIP","floor":5.0},{"not_picked":["Ricochet","Gouge"],"picked":"GearUp","floor":8.0},{"not_picked":["Spin","ShiftingGears"],"picked":"BottledTime","floor":11},{"not_picked":["DualDimension","Revamp","Foresight"],"picked":"SKIP","floor":12},{"not_picked":["PendulumOfEternity","BottledTime","DoubleEdge"],"picked":"SKIP","floor":13},{"not_picked":["Spin","TimeWarp"],"picked":"Initiator","floor":14},{"not_picked":["LightFlow","Duplication"],"picked":"MurderousAura","floor":16},{"not_picked":["Rewind+1"],"picked":"SKIP","floor":18},{"not_picked":[],"picked":"FastForward","floor":19},{"not_picked":[],"picked":"SoulSculpture","floor":20},{"not_picked":["Ricochet"],"picked":"SKIP","floor":22},{"not_picked":["FastForward"],"picked":"SKIP","floor":25},{"not_picked":["Rewind+1"],"picked":"SKIP","floor":29},{"not_picked":[],"picked":"Starlight+1","floor":31}],"player_experience":54453,"relics_obtained":[{"floor":11,"key":"Nunchaku"},{"floor":14,"key":"Boot"},{"floor":26,"key":"Toy Ornithopter"},{"floor":29,"key":"Orichalcum"}],"event_choices":[{"damage_healed":21.0,"max_hp_gain":0.0,"max_hp_loss":0.0,"gold_gain":0.0,"event_name":"Big Fish","player_choice":"Banana","floor":3.0,"gold_loss":0.0,"damage_taken":0.0},{"damage_healed":0.0,"max_hp_gain":0.0,"max_hp_loss":0.0,"gold_gain":0.0,"event_name":"WeMeetAgain","player_choice":"Gave Potion","floor":4.0,"gold_loss":0.0,"damage_taken":0.0,"relics_obtained":["PreservedInsect"]},{"damage_healed":0.0,"max_hp_gain":0.0,"max_hp_loss":0.0,"gold_gain":0.0,"event_name":"Lab","player_choice":"Got Potions","floor":7.0,"gold_loss":0.0,"damage_taken":0.0},{"damage_healed":24,"gold_gain":0,"player_choice":"Full Heal","damage_taken":0,"max_hp_gain":0,"max_hp_loss":0,"event_name":"Wheel of Change","floor":24,"gold_loss":0},{"damage_healed":0,"gold_gain":0,"player_choice":"Inject Mutagens","damage_taken":0,"relics_obtained":["MutagenicStrength"],"max_hp_gain":0,"max_hp_loss":0,"event_name":"Drug Dealer","floor":27,"gold_loss":0},{"damage_healed":0,"gold_gain":0,"player_choice":"Traded Relic","damage_taken":0,"relics_obtained":["Nloth\u0027s Gift"],"max_hp_gain":0,"max_hp_loss":0,"event_name":"N\u0027loth","floor":30,"relics_lost":["PreservedInsect"],"gold_loss":0}],"is_beta":false,"boss_relics":[{"not_picked":["SacredBark","Sozu"],"picked":"Busted Crown"}],"items_purged_floors":[],"is_endless":false,"potions_floor_spawned":[2,8,12,13,14,19,25,31],"killed_by":"Automaton","ascension_level":0}}