{"host":"u0hb5we0hmj7y3yv","time":1612538769,"event":{"mods":["BaseMod","Colored Powertips","Conspire","KinomotoSakuraMod(Ä¾Ö®±¾Ó£)","Minty Spire (QoL Compilation)"],"gold_per_floor":[116,116,127,145,163,198,208,234,234,234,234,234,268,268,268,365,365,380,65,79,79,90,90,107,107,107,142,160,160,160],"floor_reached":29,"language":"ZHS","playtime":1334,"items_purged":["ClowCardTheSword"],"score":406,"play_id":"1658262d-71f8-49b4-8347-deee4107275e","local_time":"20210205232609","is_ascension_mode":true,"campfire_choices":[{"data":"ClowCardTheWave","floor":10.0,"key":"SMITH"},{"data":"ClowCardTheArrow","floor":12.0,"key":"SMITH"},{"data":"ClowCardTheMove","floor":15.0,"key":"SMITH"},{"data":"ClowCardTheGlow","floor":23,"key":"SMITH"},{"data":"ClowCardTheTwin","floor":25,"key":"SMITH"}],"circlet_count":0,"master_deck":["SakuraCardTheEarthy+","SakuraCardTheSword+","ClowCardTheSword","ClowCardTheShield+1","ClowCardTheShield+1","SpellCardSeal","SpellCardRelease","ClowCardTheMove+1","ClowCardTheArrow+1","ClowCardTheWave+1","ClowCardTheBubbles","ClowCardTheRain","ClowCardTheShot","ClowCardTheTwin+1","ClowCardTheLoop","ClowCardTheGlow+1","Writhe","ClowCardTheRain+1","ClowCardTheShadow"],"relics":["KSMOD_SealedBook","KSMOD_SealedWand","Strawberry","KSMOD_TeddyBear","Philosopher\u0027s Stone","Sundial","InkBottle","conspire:Dentures","Calipers"],"acts_visited":["Exordium","TheCity"],"potions_floor_usage":[24,29],"damage_taken":[{"damage":0.0,"enemies":"Small Slimes","floor":1.0,"turns":4.0},{"damage":0.0,"enemies":"2 Louse","floor":3.0,"turns":4.0},{"damage":0.0,"enemies":"Cultist","floor":4.0,"turns":4.0},{"damage":0.0,"enemies":"Gremlin Gang","floor":5.0,"turns":4.0},{"damage":11.0,"enemies":"Lagavulin","floor":6.0,"turns":3.0},{"damage":0.0,"enemies":"Blue Slaver","floor":7.0,"turns":4.0},{"damage":15.0,"enemies":"3 Sentries","floor":8.0,"turns":8.0},{"damage":0.0,"enemies":"Gremlin Nob","floor":13.0,"turns":2.0},{"damage":4.0,"enemies":"The Guardian","floor":16.0,"turns":7.0},{"damage":0.0,"enemies":"3 Byrds","floor":18.0,"turns":3.0},{"damage":17.0,"enemies":"2 Thieves","floor":20.0,"turns":5.0},{"damage":20,"enemies":"Snake Plant","floor":22,"turns":4},{"damage":3,"enemies":"Centurion and Healer","floor":24,"turns":4},{"damage":2,"enemies":"Gremlin Leader","floor":27,"turns":5},{"damage":6,"enemies":"Snecko","floor":28,"turns":4},{"damage":25,"enemies":"Slavers","floor":29,"turns":1}],"seed_played":"4230950775783571969","potions_obtained":[{"floor":3.0,"key":"SkillPotion"},{"floor":4.0,"key":"SpeedPotion"},{"floor":8.0,"key":"Block Potion"},{"floor":20.0,"key":"Regen Potion"},{"floor":22,"key":"SkillPotion"},{"floor":24,"key":"SpeedPotion"}],"is_trial":false,"path_per_floor":["M","?","M","M","M","E","M","E","T","R","?","R","E","?","R","B",null,"M","$","M","?","M","R","M","R","T","E","M","E"],"character_chosen":"KINOMOTOSAKURA","items_purchased":["Sundial"],"campfire_rested":0,"item_purchase_floors":[19],"current_hp_per_floor":[63,49,49,49,49,45,45,30,30,30,23,23,23,23,23,19,63,63,63,46,46,26,26,28,28,28,26,20,0,0],"gold":160,"neow_bonus":"REMOVE_CARD","is_daily":false,"chose_seed":false,"campfire_upgraded":5,"win_rate":0.0,"timestamp":1612538769,"path_taken":["M","?","M","M","M","E","M","E","T","R","?","R","E","?","R","BOSS","M","$","M","?","M","R","M","R","T","E","M","E"],"items_purchased_type":["Relic"],"build_version":"2020-12-22","purchased_purges":1,"victory":false,"max_hp_per_floor":[70,70,70,70,70,77,77,77,77,77,77,77,77,77,77,77,77,77,77,77,77,77,77,77,77,77,77,77,77,77],"card_choices":[{"not_picked":["ClowCardTheMist","ClowCardTheMirror","ClowCardTheWindy"],"picked":"SKIP","floor":1.0},{"not_picked":["ClowCardTheSilent","ClowCardTheLibra"],"picked":"ClowCardTheMove","floor":3.0},{"not_picked":["ClowCardTheSnow","ClowCardTheWood"],"picked":"ClowCardTheEarthy","floor":4.0},{"not_picked":["ClowCardTheLittle","ClowCardTheShadow"],"picked":"ClowCardTheArrow","floor":5.0},{"not_picked":["ClowCardTheFly","ClowCardTheShot","ClowCardTheVoice"],"picked":"SKIP","floor":6.0},{"not_picked":["ClowCardTheBubbles","ClowCardTheErase"],"picked":"ClowCardTheWave","floor":7.0},{"not_picked":["ClowCardTheThrough","ClowCardTheSilent"],"picked":"ClowCardTheBubbles","floor":8.0},{"not_picked":["ClowCardThePower","ClowCardTheFreeze"],"picked":"ClowCardTheRain","floor":13.0},{"not_picked":["ClowCardTheThrough","ClowCardTheFight"],"picked":"ClowCardTheTwin","floor":16.0},{"not_picked":["ClowCardTheIllusion","ClowCardTheLoop","ClowCardTheWindy"],"picked":"SKIP","floor":18.0},{"not_picked":["ClowCardTheIllusion","ClowCardTheWindy"],"picked":"ClowCardTheLoop","floor":18.0},{"not_picked":["ClowCardTheIllusion+1","ClowCardTheSleep"],"picked":"ClowCardTheGlow","floor":20.0},{"not_picked":["ClowCardTheShot+1","ClowCardTheArrow","ClowCardTheMist"],"picked":"SKIP","floor":22},{"not_picked":["ClowCardTheFloat","ClowCardTheArrow"],"picked":"ClowCardTheRain+1","floor":24},{"not_picked":["ClowCardTheCloud","ClowCardTheWatery","ClowCardTheReturn"],"picked":"SKIP","floor":27},{"not_picked":["ClowCardTheMaze","ClowCardTheBubbles"],"picked":"ClowCardTheShadow","floor":28}],"player_experience":90192,"relics_obtained":[{"floor":6.0,"key":"Strawberry"},{"floor":13.0,"key":"KSMOD_TeddyBear"},{"floor":26,"key":"conspire:Dentures"},{"floor":27,"key":"Calipers"}],"event_choices":[{"damage_healed":0.0,"max_hp_gain":0.0,"max_hp_loss":0.0,"gold_gain":0.0,"event_name":"Shining Light","player_choice":"Entered Light","floor":2.0,"gold_loss":0.0,"damage_taken":14.0,"cards_upgraded":["ClowCardTheShield","ClowCardTheShield"]},{"cards_removed":["ClowCardTheSword"],"damage_healed":0.0,"max_hp_gain":0.0,"max_hp_loss":0.0,"gold_gain":0.0,"event_name":"Golden Wing","player_choice":"Card Removal","floor":11.0,"gold_loss":0.0,"damage_taken":7.0},{"damage_healed":0.0,"max_hp_gain":0.0,"max_hp_loss":0.0,"gold_gain":0.0,"cards_transformed":["ClowCardTheShield"],"event_name":"Living Wall","player_choice":"Change","floor":14.0,"gold_loss":0.0,"damage_taken":0.0,"cards_obtained":["ClowCardTheShot"]},{"damage_healed":0.0,"max_hp_gain":0.0,"max_hp_loss":0.0,"gold_gain":0.0,"event_name":"The Mausoleum","player_choice":"Opened","floor":21.0,"gold_loss":0.0,"damage_taken":0.0,"relics_obtained":["InkBottle"],"cards_obtained":["Writhe"]}],"is_beta":false,"boss_relics":[{"not_picked":["Black Star","Runic Pyramid"],"picked":"Philosopher\u0027s Stone"}],"items_purged_floors":[19],"is_endless":false,"potions_floor_spawned":[3,4,8,20,22,24],"killed_by":"Slavers","ascension_level":8}}