{"host":"3r0rstuivtslg15m","time":1612541048,"event":{"mods":["AchievementEnabler","BaseMod","Colored Map","DeckTracker","Minty Spire (QoL Compilation)","Permanent Neow","StSLib","SuperFastMode"],"gold_per_floor":[19,38,38,56,56,56,94,94,127,153,165,191,48,72,85,85,206,206,225,225,78,101,121,121,140,140,163,179,215,115,154,169,169,290,290,308,308,333,333,357,357,422,755,779,807,827,827,841,841,841,841,841,841,227,255,255],"floor_reached":57,"language":"KOR","playtime":1375,"items_purged":["Defend_P","LessonLearned+1"],"score":1359,"play_id":"d7b987d3-c29d-407d-b82d-d3906aeda681","local_time":"20210206010408","is_ascension_mode":false,"campfire_choices":[{"data":"Eruption","floor":8.0,"key":"SMITH"},{"data":"Tantrum","floor":11.0,"key":"SMITH"},{"data":"SandsOfTime","floor":16.0,"key":"SMITH"},{"floor":24.0,"key":"RECALL"},{"data":"TalkToTheHand","floor":26.0,"key":"SMITH"},{"data":"InnerPeace","floor":33.0,"key":"SMITH"},{"floor":41.0,"key":"REST"},{"floor":47.0,"key":"REST"},{"floor":50,"key":"REST"},{"floor":53,"key":"REST"}],"circlet_count":0,"master_deck":["Eruption+1","Vigilance+1","Halt+1","Tantrum+1","SandsOfTime+1","TalkToTheHand+1","Evaluate+1","WheelKick+1","TalkToTheHand+1","InnerPeace+1","Study+1","DeusExMachina","WaveOfTheHand","Wallop","Master of Strategy"],"relics":["PureWater","Toy Ornithopter","Nunchaku","MawBank","Astrolabe","PreservedInsect","Meat on the Bone","Strawberry","Fusion Hammer","Ice Cream","Pen Nib","Frozen Egg 2","Membership Card","Unceasing Top","Letter Opener","Bag of Preparation"],"acts_visited":["Exordium","TheCity","TheBeyond","TheEnding"],"potions_floor_usage":[51],"damage_taken":[{"damage":0.0,"enemies":"Small Slimes","floor":1.0,"turns":3.0},{"damage":0.0,"enemies":"Cultist","floor":2.0,"turns":2.0},{"damage":0.0,"enemies":"Jaw Worm","floor":4.0,"turns":2.0},{"damage":18.0,"enemies":"Lagavulin","floor":7.0,"turns":6.0},{"damage":0.0,"enemies":"Gremlin Nob","floor":9.0,"turns":2.0},{"damage":0.0,"enemies":"Large Slime","floor":12.0,"turns":3.0},{"damage":4.0,"enemies":"Lots of Slimes","floor":14.0,"turns":3.0},{"damage":0.0,"enemies":"Exordium Thugs","floor":15.0,"turns":3.0},{"damage":0.0,"enemies":"Slime Boss","floor":17.0,"turns":6.0},{"damage":0.0,"enemies":"Spheric Guardian","floor":19.0,"turns":3.0},{"damage":2.0,"enemies":"3 Byrds","floor":22.0,"turns":4.0},{"damage":0.0,"enemies":"3 Cultists","floor":23.0,"turns":4.0},{"damage":3.0,"enemies":"Cultist and Chosen","floor":25.0,"turns":3.0},{"damage":0.0,"enemies":"Centurion and Healer","floor":28.0,"turns":4.0},{"damage":1.0,"enemies":"Slavers","floor":29.0,"turns":3.0},{"damage":6.0,"enemies":"Book of Stabbing","floor":31.0,"turns":3.0},{"damage":1.0,"enemies":"Shelled Parasite and Fungi","floor":32.0,"turns":4.0},{"damage":1.0,"enemies":"Collector","floor":34.0,"turns":8.0},{"damage":1.0,"enemies":"3 Darklings","floor":36.0,"turns":3.0},{"damage":0.0,"enemies":"Orb Walker","floor":38.0,"turns":3.0},{"damage":0.0,"enemies":"Jaw Worm Horde","floor":40.0,"turns":3.0},{"damage":16.0,"enemies":"2 Orb Walkers","floor":42.0,"turns":4.0},{"damage":0.0,"enemies":"Reptomancer","floor":45.0,"turns":3.0},{"damage":6.0,"enemies":"Writhing Mass","floor":46.0,"turns":3.0},{"damage":2.0,"enemies":"Sphere and 2 Shapes","floor":48.0,"turns":3.0},{"damage":43,"enemies":"Time Eater","floor":51,"turns":6},{"damage":10,"enemies":"Shield and Spear","floor":55,"turns":4},{"damage":21,"enemies":"The Heart","floor":56,"turns":10}],"seed_played":"2832888562785504436","potions_obtained":[{"floor":1.0,"key":"SmokeBomb"},{"floor":9.0,"key":"Ambrosia"},{"floor":12.0,"key":"ColorlessPotion"},{"floor":17.0,"key":"LiquidMemories"},{"floor":29.0,"key":"FearPotion"},{"floor":42.0,"key":"Ancient Potion"},{"floor":46.0,"key":"FairyPotion"}],"is_trial":false,"path_per_floor":["M","M","?","M","M","?","E","R","E","T","R","M","$","M","M","R","B",null,"M","?","$","M","M","R","M","R","T","M","E","$","E","M","R","B",null,"M","$","M","?","M","R","?","?","T","E","M","R","M","?","R","B",null,"R","$","E","B",null],"character_chosen":"WATCHER","items_purchased":["TalkToTheHand","PreservedInsect","Membership Card","Unceasing Top","Wallop","Letter Opener","EntropicBrew","Master of Strategy"],"campfire_rested":4,"item_purchase_floors":[13,21,54,54,54,54,54,54],"current_hp_per_floor":[72,72,54,54,54,54,36,36,36,36,36,36,36,32,32,32,32,72,72,72,72,70,70,70,67,67,67,67,66,66,67,66,66,65,79,78,78,78,78,78,79,68,68,68,68,62,79,77,77,79,48,79,79,79,69,48],"gold":255,"neow_bonus":"REMOVE_TWO","is_daily":false,"chose_seed":false,"campfire_upgraded":5,"win_rate":0.0,"timestamp":1612541048,"path_taken":["M","M","?","M","M","?","E","R","E","T","R","M","$","M","M","R","BOSS","M","?","$","M","?","R","M","R","T","M","E","$","E","M","R","BOSS","M","$","M","?","M","R","?","?","T","E","M","R","M","?","R","BOSS","R","$","E","BOSS"],"items_purchased_type":["Card","Relic","Relic","Relic","Card","Relic","Potion","Card"],"build_version":"2020-12-22","purchased_purges":2,"victory":true,"max_hp_per_floor":[72,72,72,72,72,72,72,72,72,72,72,72,72,72,72,72,72,72,72,72,72,72,72,72,72,72,72,72,72,72,79,79,79,79,79,79,79,79,79,79,79,79,79,79,79,79,79,79,79,79,79,79,79,79,79,79],"card_choices":[{"not_picked":["WindmillStrike","ThirdEye"],"picked":"Halt","floor":1.0},{"not_picked":["BowlingBash","ClearTheMind"],"picked":"Tantrum","floor":2.0},{"not_picked":["Swivel","FollowUp"],"picked":"SandsOfTime","floor":4.0},{"not_picked":["Halt","Pray","ThirdEye"],"picked":"SKIP","floor":7.0},{"not_picked":["SandsOfTime","FearNoEvil"],"picked":"LessonLearned","floor":9.0},{"not_picked":["FlyingSleeves","Halt","Crescendo"],"picked":"SKIP","floor":12.0},{"not_picked":["WreathOfFlame","Perseverance","Weave"],"picked":"SKIP","floor":14.0},{"not_picked":["SashWhip","FlyingSleeves","BattleHymn"],"picked":"SKIP","floor":15.0},{"not_picked":["SashWhip","ReachHeaven","Conclude"],"picked":"SKIP","floor":19.0},{"not_picked":["EmptyBody","FlurryOfBlows","BowlingBash+1"],"picked":"SKIP","floor":22.0},{"not_picked":["SashWhip","Halt","Weave"],"picked":"SKIP","floor":23.0},{"not_picked":["BattleHymn+1","EmptyFist"],"picked":"TalkToTheHand","floor":25.0},{"not_picked":["PathToVictory","Protect","CutThroughFate"],"picked":"SKIP","floor":28.0},{"not_picked":["FlurryOfBlows","Consecrate","DeceiveReality+1"],"picked":"SKIP","floor":29.0},{"not_picked":["DevaForm","Swivel"],"picked":"InnerPeace","floor":31.0},{"not_picked":["BowlingBash","Collect+1"],"picked":"Study+1","floor":32.0},{"not_picked":["DeceiveReality+1","PathToVictory","Consecrate+1"],"picked":"SKIP","floor":36.0},{"not_picked":["BowlingBash+1","Halt+1","LikeWater+1"],"picked":"SKIP","floor":38.0},{"not_picked":["Crescendo","FollowUp","InnerPeace+1"],"picked":"SKIP","floor":40.0},{"not_picked":["Crescendo+1","EmptyFist"],"picked":"DeusExMachina","floor":42.0},{"not_picked":["SashWhip+1","FlurryOfBlows+1","Brilliance"],"picked":"SKIP","floor":45.0},{"not_picked":["Evaluate","Crescendo","ThirdEye+1"],"picked":"SKIP","floor":46.0},{"not_picked":["FollowUp","ThirdEye"],"picked":"WaveOfTheHand","floor":48.0},{"not_picked":["ReachHeaven","Weave+1","Brilliance"],"picked":"SKIP","floor":55}],"player_experience":3352,"relics_obtained":[{"floor":7.0,"key":"Toy Ornithopter"},{"floor":9.0,"key":"Nunchaku"},{"floor":10.0,"key":"MawBank"},{"floor":29.0,"key":"Meat on the Bone"},{"floor":31.0,"key":"Strawberry"},{"floor":42.0,"key":"Ice Cream"},{"floor":44.0,"key":"Pen Nib"},{"floor":45.0,"key":"Frozen Egg 2"},{"floor":55,"key":"Bag of Preparation"}],"event_choices":[{"damage_healed":0.0,"max_hp_gain":0.0,"max_hp_loss":0.0,"gold_gain":0.0,"event_name":"Golden Idol","player_choice":"Take Damage","floor":3.0,"gold_loss":0.0,"damage_taken":18.0,"relics_obtained":["Golden Idol"]},{"cards_removed":["Defend_P"],"damage_healed":0.0,"max_hp_gain":0.0,"max_hp_loss":0.0,"gold_gain":0.0,"event_name":"Living Wall","player_choice":"Forget","floor":6.0,"gold_loss":0.0,"damage_taken":0.0},{"cards_removed":["Defend_P"],"damage_healed":0.0,"max_hp_gain":0.0,"max_hp_loss":0.0,"gold_gain":0.0,"event_name":"Bonfire Elementals","player_choice":"Offered Basic","floor":20.0,"gold_loss":0.0,"damage_taken":0.0},{"cards_removed":["ClearTheMind"],"damage_healed":0.0,"max_hp_gain":0.0,"max_hp_loss":0.0,"gold_gain":0.0,"event_name":"Falling","player_choice":"Removed Skill","floor":39.0,"gold_loss":0.0,"damage_taken":0.0},{"damage_healed":0.0,"max_hp_gain":0.0,"max_hp_loss":0.0,"gold_gain":0.0,"event_name":"Mysterious Sphere","player_choice":"Fight","floor":42.0,"gold_loss":0.0,"damage_taken":0.0},{"damage_healed":0.0,"max_hp_gain":0.0,"max_hp_loss":0.0,"gold_gain":333.0,"event_name":"The Moai Head","player_choice":"Gave Idol","floor":43.0,"relics_lost":["Golden Idol"],"gold_loss":0.0,"damage_taken":0.0},{"damage_healed":0,"gold_gain":0,"player_choice":"Ignored","damage_taken":0,"max_hp_gain":0,"max_hp_loss":0,"event_name":"Purifier","floor":49,"gold_loss":0}],"is_beta":false,"boss_relics":[{"not_picked":["HolyWater","SlaversCollar"],"picked":"Astrolabe"},{"not_picked":["Busted Crown","Cursed Key"],"picked":"Fusion Hammer"}],"items_purged_floors":[13,30],"is_endless":false,"potions_floor_spawned":[1,9,12,15,17,25,28,29,32,34,42,45,46,55],"ascension_level":0}}