{"host":"2js2pxuugveqjuf7","time":1612506100,"event":{"mods":["BaseMod","Colored Map","Minty Spire (QoL Compilation)","Quick Restart","Random Character Button","Relic Stats","StSLib"],"gold_per_floor":[366,383,383,383,231,231,38,51,74,113,113,113,132,175,175,305,305,318,334,1,26,47,47,91,91,117,160,160,176,176,194,194,315,315,336,361,19,37,51,89,89,89,89],"floor_reached":42,"language":"ENG","playtime":14363,"items_purged":["Strike_B","Defend_B"],"score":789,"play_id":"213ca4c8-8f92-4a49-a1c9-6bc3d722b6a7","local_time":"20210205002140","is_ascension_mode":true,"campfire_choices":[{"data":"Consume","floor":6.0,"key":"SMITH"},{"data":"Capacitor","floor":12.0,"key":"SMITH"},{"data":"Doom and Gloom","floor":15.0,"key":"SMITH"},{"data":"Dramatic Entrance","floor":23.0,"key":"SMITH"},{"floor":25.0,"key":"REST"},{"data":"Fission","floor":32,"key":"SMITH"},{"data":"Amplify","floor":41,"key":"SMITH"}],"circlet_count":0,"master_deck":["Defend_B","Defend_B","Defend_B","Zap","Dualcast","Capacitor+1","Consume+1","Chill","Cold Snap","Compile Driver","Tempest","Turbo","Doom and Gloom+1","Multi-Cast","Sweeping Beam","Cold Snap","Amplify+1","Buffer+1","Barrage+1","Compile Driver+1","Dramatic Entrance+1","Capacitor+1","Go for the Eyes","Heatsinks+1","Force Field","Electrodynamics+1","Consume","Leap","Conserve Battery+1","Fission+1","Glacier","Self Repair+1","Buffer+1","Cold Snap","Lockon+1","Defragment+1","Dark Shackles","Recycle","Defragment+1","Fusion+1","Darkness+1"],"relics":["Cracked Core","Golden Idol","Orrery","Akabeko","Bag of Marbles","Frozen Egg 2","Torii","Nuclear Battery","DollysMirror","Regal Pillow","Centennial Puzzle","Omamori","Runic Pyramid","Nunchaku"],"acts_visited":["Exordium","TheCity","TheBeyond"],"potions_floor_usage":[33,33,39],"damage_taken":[{"damage":4.0,"enemies":"Jaw Worm","floor":1.0,"turns":4.0},{"damage":7.0,"enemies":"2 Louse","floor":2.0,"turns":2.0},{"damage":2.0,"enemies":"Small Slimes","floor":8.0,"turns":2.0},{"damage":16.0,"enemies":"Gremlin Nob","floor":10.0,"turns":3.0},{"damage":0.0,"enemies":"Gremlin Gang","floor":13.0,"turns":1.0},{"damage":3.0,"enemies":"3 Sentries","floor":14.0,"turns":7.0},{"damage":8.0,"enemies":"The Guardian","floor":16.0,"turns":11.0},{"damage":15.0,"enemies":"Shell Parasite","floor":18.0,"turns":6.0},{"damage":24.0,"enemies":"2 Thieves","floor":19.0,"turns":4.0},{"damage":15.0,"enemies":"Snake Plant","floor":21.0,"turns":4.0},{"damage":2.0,"enemies":"Snecko","floor":22.0,"turns":5.0},{"damage":14.0,"enemies":"Gremlin Leader","floor":24.0,"turns":5.0},{"damage":22.0,"enemies":"Book of Stabbing","floor":27.0,"turns":5.0},{"damage":0.0,"enemies":"Chosen and Byrds","floor":29.0,"turns":7.0},{"damage":0,"enemies":"Snake Plant","floor":31,"turns":7},{"damage":0,"enemies":"Automaton","floor":33,"turns":10},{"damage":0,"enemies":"Orb Walker","floor":35,"turns":3},{"damage":8,"enemies":"3 Shapes","floor":36,"turns":3},{"damage":0,"enemies":"Jaw Worm Horde","floor":38,"turns":2},{"damage":43,"enemies":"Spire Growth","floor":39,"turns":10},{"damage":1,"enemies":"Reptomancer","floor":40,"turns":8},{"damage":28,"enemies":"Nemesis","floor":42,"turns":2}],"seed_played":"-1999030874281073529","potions_obtained":[{"floor":8.0,"key":"Energy Potion"},{"floor":13.0,"key":"SkillPotion"},{"floor":14.0,"key":"Swift Potion"},{"floor":16.0,"key":"FocusPotion"},{"floor":22.0,"key":"Regen Potion"},{"floor":27.0,"key":"SkillPotion"},{"floor":33,"key":"FocusPotion"},{"floor":35,"key":"Swift Potion"},{"floor":38,"key":"PotionOfCapacity"},{"floor":39,"key":"EssenceOfDarkness"}],"is_trial":false,"path_per_floor":["M","M","?","?","$","R","$","M","T","E","?","R","M","E","R","B",null,"M","M","$","M","M","R","E","R","T","E","?","M","?","M","R","B",null,"M","M","$","M","M","E","R","E"],"character_chosen":"DEFECT","items_purchased":["Orrery","Akabeko","Doom and Gloom","Dramatic Entrance","DollysMirror","Go for the Eyes","Defragment+1","Dark Shackles","Recycle"],"campfire_rested":1,"item_purchase_floors":[5,7,7,20,20,20,37,37,37],"current_hp_per_floor":[46,39,64,64,64,64,64,62,62,46,46,46,46,43,43,35,61,46,22,22,7,5,5,5,40,40,18,18,18,18,18,18,28,59,59,51,51,51,28,27,27,0,0],"gold":89,"neow_bonus":"TWO_FIFTY_GOLD","is_daily":false,"chose_seed":false,"campfire_upgraded":6,"win_rate":0.0,"timestamp":1612506100,"path_taken":["M","M","?","?","$","R","$","M","T","E","?","R","M","E","R","BOSS","M","M","$","M","M","R","E","R","T","E","?","M","?","M","R","BOSS","M","?","$","M","M","E","R","E"],"items_purchased_type":["Relic","Relic","Card","Card","Relic","Card","Card","Card","Card"],"build_version":"2020-12-22","purchased_purges":2,"victory":false,"max_hp_per_floor":[75,75,75,69,69,69,69,69,69,69,69,69,69,69,69,69,69,69,69,69,69,69,69,69,69,69,69,69,69,69,69,69,69,69,69,69,69,69,69,69,69,69,69],"relic_stats":{"Regal Pillow":15,"Centennial Puzzle":[12],"Nunchaku":[0],"Torii":18,"counters":[22,111],"Golden Idol":138,"obtain_stats":[{"Regal Pillow":24,"Torii":14,"Golden Idol":4,"Omamori":27,"Frozen Egg 2":10,"Akabeko":7,"Nuclear Battery":17,"Centennial Puzzle":26,"Nunchaku":40,"DollysMirror":20,"Orrery":5,"Bag of Marbles":9,"Cracked Core":0,"Runic Pyramid":34},{"Regal Pillow":12,"Torii":6,"Golden Idol":2,"Omamori":13,"Frozen Egg 2":4,"Akabeko":2,"Nuclear Battery":7,"Centennial Puzzle":12,"Nunchaku":21,"DollysMirror":9,"Orrery":2,"Bag of Marbles":3,"Cracked Core":0,"Runic Pyramid":16},{"Regal Pillow":54,"Torii":19,"Golden Idol":6,"Omamori":59,"Frozen Egg 2":11,"Akabeko":6,"Nuclear Battery":30,"Centennial Puzzle":54,"Nunchaku":109,"DollysMirror":40,"Orrery":6,"Bag of Marbles":8,"Cracked Core":0,"Runic Pyramid":83}]},"card_choices":[{"not_picked":["Turbo","Compile Driver"],"picked":"Capacitor","floor":1.0},{"not_picked":["Conserve Battery","Go for the Eyes"],"picked":"Consume","floor":2.0},{"not_picked":["Redo","Stack"],"picked":"Chill","floor":5.0},{"not_picked":["Steam","Rebound"],"picked":"Cold Snap","floor":5.0},{"not_picked":["Beam Cell","Thunder Strike"],"picked":"Compile Driver","floor":5.0},{"not_picked":["Blizzard","Coolheaded"],"picked":"Tempest","floor":5.0},{"not_picked":["Go for the Eyes","Fusion"],"picked":"Turbo","floor":5.0},{"not_picked":["Darkness","White Noise","Streamline"],"picked":"SKIP","floor":8.0},{"not_picked":["Storm+1","Turbo"],"picked":"Multi-Cast","floor":10.0},{"not_picked":["Consume","Hologram"],"picked":"Cold Snap","floor":13.0},{"not_picked":["Compile Driver","Streamline"],"picked":"Amplify","floor":14.0},{"not_picked":["Amplify","Reboot"],"picked":"Buffer+1","floor":16.0},{"not_picked":["Rebound","Redo"],"picked":"Barrage+1","floor":18.0},{"not_picked":["Cold Snap","Heatsinks+1"],"picked":"Compile Driver+1","floor":19.0},{"not_picked":["Steam","Rebound"],"picked":"Heatsinks+1","floor":21.0},{"not_picked":["Stack","Conserve Battery"],"picked":"Force Field","floor":22.0},{"not_picked":["Stack","Scrape","Hyperbeam"],"picked":"SKIP","floor":24.0},{"not_picked":["Sunder","Tempest"],"picked":"Electrodynamics+1","floor":27.0},{"not_picked":["Ball Lightning","FTL"],"picked":"Conserve Battery+1","floor":29.0},{"not_picked":["Coolheaded","Steam"],"picked":"Self Repair+1","floor":31},{"not_picked":["Hyperbeam","Rainbow"],"picked":"Buffer+1","floor":33},{"not_picked":["Go for the Eyes","Gash+1"],"picked":"Cold Snap","floor":35},{"not_picked":["Beam Cell","Steam Power+1"],"picked":"Lockon+1","floor":36},{"not_picked":["Stack","Undo+1"],"picked":"Defragment+1","floor":38},{"not_picked":["Doom and Gloom+1","Sweeping Beam+1"],"picked":"Fusion+1","floor":39},{"not_picked":["Rebound+1","Conserve Battery"],"picked":"Darkness+1","floor":40}],"player_experience":370037,"relics_obtained":[{"floor":9.0,"key":"Bag of Marbles"},{"floor":10.0,"key":"Frozen Egg 2"},{"floor":14.0,"key":"Torii"},{"floor":24.0,"key":"Regal Pillow"},{"floor":26.0,"key":"Centennial Puzzle"},{"floor":27.0,"key":"Omamori"},{"floor":40,"key":"Nunchaku"}],"event_choices":[{"damage_healed":25.0,"max_hp_gain":0.0,"max_hp_loss":0.0,"gold_gain":0.0,"event_name":"Big Fish","player_choice":"Banana","floor":3.0,"gold_loss":0.0,"damage_taken":0.0},{"damage_healed":0.0,"max_hp_gain":0.0,"max_hp_loss":6.0,"gold_gain":0.0,"event_name":"Golden Idol","player_choice":"Lose Max HP","floor":4.0,"gold_loss":0.0,"damage_taken":0.0,"relics_obtained":["Golden Idol"]},{"damage_healed":0.0,"max_hp_gain":0.0,"max_hp_loss":0.0,"gold_gain":0.0,"cards_transformed":["Strike_B"],"event_name":"Living Wall","player_choice":"Change","floor":11.0,"gold_loss":0.0,"damage_taken":0.0,"cards_obtained":["Sweeping Beam"]},{"damage_healed":0.0,"max_hp_gain":0.0,"max_hp_loss":0.0,"gold_gain":0.0,"cards_transformed":["Strike_B","Strike_B"],"event_name":"Drug Dealer","player_choice":"Became Test Subject","floor":28.0,"gold_loss":0.0,"damage_taken":0.0,"cards_obtained":["Consume","Leap"]},{"damage_healed":0,"gold_gain":0,"player_choice":"2 cards matched","damage_taken":0,"max_hp_gain":0,"max_hp_loss":0,"event_name":"Match and Keep!","floor":30,"gold_loss":0,"cards_obtained":["Fission","Glacier"]}],"is_beta":false,"boss_relics":[{"not_picked":["FrozenCore","Snecko Eye"],"picked":"Nuclear Battery"},{"not_picked":["Astrolabe","Velvet Choker"],"picked":"Runic Pyramid"}],"items_purged_floors":[20,37],"is_endless":false,"potions_floor_spawned":[8,13,14,16,22,27,33,35,38,39],"killed_by":"Nemesis","ascension_level":8}}