{"host":"978e30ws7ao5zzzo","time":1612487823,"event":{"mods":["A Penny For Your Troubles","AchievementEnabler","AlwaysNeverKeys","Aspiration","Bard","BaseMod","Bestiary","Better Altar","Better Debug","Better Match","Better Note","Better Sensory Stone","Better Skull","Better Third Choice","Better Vampires","BetterRewards","Conspire","Curses Come First","Custom Start","Displayed Cursed Tome","Grow up Mod","Hubris","Hunter ??","Infinite Spire","Ironclad Rager","Marisa????????","Minty Spire (QoL Compilation)","Permanent Neow","Quick Restart","Random Character Button","Relic Stats","Remove Card Discount Mod","Replay The Spire","Retaliation","Shade Mod","Spicy Shops","Spikes Relics","Spire Arcade","StS++","StSLib","The Bug Knight","The Cursed","The Disciple","The Florist","The Gatherer","The Hierophant","The Marked","The Necromancer","The Runesmith","The Servant 0.9.4","The Spell Scribe","TheBandit","TheSwordswoman","TheVacant","Transform Curses","Treasure Hunter","????"],"gold_per_floor":[119,219,230,241,260,274,274,289,289,1,17,29,0,25,25,127,127,139,139,149,149,24,50,50,80,80,141,1,17,117,117,267,371,371,381,531,531,551,561,561,521,553,553,567,587,606,606,620,50,51,51,71,80,80,80,48,48],"floor_reached":56,"language":"ENG","playtime":5169,"items_purged":["Regret","Wraith"],"score":948,"play_id":"5e3f63e3-d5a1-4d8c-85e9-231d0ce86edf","local_time":"20210204171703","is_ascension_mode":false,"campfire_choices":[{"data":"theVacant:CleanseSoul","floor":15.0,"key":"SMITH"},{"floor":32.0,"key":"DIG"},{"floor":40.0,"key":"REST"},{"floor":47.0,"key":"REST"}],"circlet_count":0,"master_deck":["theVacant:VacantStarterStrike","theVacant:VacantStarterStrike","theVacant:VacantStarterStrike","theVacant:VacantStarterStrike+1","theVacant:VacantStarterDefend+1","theVacant:VacantStarterDefend","theVacant:VacantStarterDefend","theVacant:VacantStarterDefend","theVacant:Release","theVacant:Crunch","theVacant:PitOfDespair","theVacant:ShriekingBlast","theVacant:Anguish+1","theVacant:CleanseSoul+1","theVacant:WaitInWrath+1","theVacant:BattleScars","TH:PixieDust","theVacant:Husk","theVacant:Spinshield","TH:ArmorSpikes","theVacant:PitOfDespair","TH:BikiniMail","theVacant:VoidForm","theVacant:Barrage+1","TH:DeckOfManyThings+1","theVacant:ShutAway+1","Metamorphosis","Metamorphosis","TH:BikiniMail","theVacant:WaitInWrath+1","TH:BikiniMail","theVacant:GraveWave+1","TH:BikiniMail","theVacant:Barrage+1","theVacant:Immaterialize","TH:BikiniMail","theVacant:DimensionTear","theVacant:Soothe","hubris:Fate+1","theVacant:Whip+1","theVacant:VoidEmbrace","theVacant:WaitInWrath+1","TH:ArmorSpikes","theVacant:CursedBlast","TH:ElvenBoots","theVacant:BurdenBreak+1","theVacant:LashOut","theVacant:Gloom+1","theVacant:Hex+1","theVacant:ForgeSoul","Enlightenment","infinitespire:Collect+1"],"relics":["theVacant:BrassGoblet","Blood Vial","infinitespire:Joker Card","Strawberry","Membership Card","StSpp:BoiledEgg","betterThird:SlimedRelic","Replay:Multitool","Fusion Hammer","Singing Bowl","Blue Candle","ReplayTheSpireMod:ShopPack","Oddly Smooth Stone","conspire:BottledYoYo","conspire:Dentures","Replay:Kaleidoscope","SpikesRelics:ToyHorsey","hubris:MobiusCoin","SacredBark","Counterbalance","ReplayTheSpireMod:Ninjato","StSpp:PetrifiedCaterpillar","StoneCalendar","Toolbox","Akabeko","TH:HealthInsurance","infinitespire:Satchel","aspiration:SecretTechniqueScroll","aspiration:Lifesprig","aspiration:StickyExplosives_weak","Art of War","Letter Opener","Blue Doll","infinitespire:Golems Mask","StSpp:Dice","Replay:Baseball","hubris:CuriousFeather","Ancient Tea Set","Tiny Chest","Bronze Scales","Juzu Bracelet","HollowMod:PaleOreRelic","Bottled Tornado","StSpp:GiftCard","Turnip","Gremlin Horn","Mirror","Pet Ghost","Quantum Egg","Replay:Ringing Soul","White Beast Statue","Toxic Egg 2","Simple Rune","aspiration:SeaSaltIceCream","aspiration:Nostalgia","Shade:YorickSkull","ReplayFunnel","CeramicFish","hubris:Spice","Replay:Bottled Steam","infinitespire:PuzzleCube","Pear","Vajra","aspiration:ChemicalBlood","Replay:Towering Pillar of Hats","hubris:SlimyHat","hubris:EvacipatedBox","hubris:KleinBottle","Incense Burner"],"acts_visited":["Exordium","TheCity","TheBeyond","Exordium"],"potions_floor_usage":[],"damage_taken":[{"damage":1.0,"enemies":"Jaw Worm","floor":1.0,"turns":5.0},{"damage":0.0,"enemies":"Cultist","floor":3.0,"turns":3.0},{"damage":7.0,"enemies":"2 Louse","floor":4.0,"turns":2.0},{"damage":6.0,"enemies":"Exordium Thugs","floor":5.0,"turns":5.0},{"damage":11.0,"enemies":"Large Slime","floor":6.0,"turns":8.0},{"damage":19.0,"enemies":"Blue Slaver","floor":8.0,"turns":4.0},{"damage":12.0,"enemies":"Exordium Wildlife","floor":11.0,"turns":3.0},{"damage":1.0,"enemies":"Large Slime","floor":12.0,"turns":5.0},{"damage":21.0,"enemies":"Replay:BlueRogue","floor":14.0,"turns":7.0},{"damage":31.0,"enemies":"The Guardian","floor":16.0,"turns":11.0},{"damage":26.0,"enemies":"Chosen","floor":18.0,"turns":7.0},{"damage":29.0,"enemies":"Snake Plant","floor":20.0,"turns":6.0},{"damage":44.0,"enemies":"conspire:SneckoGhost","floor":23.0,"turns":7.0},{"damage":39.0,"enemies":"Book of Stabbing","floor":25.0,"turns":5.0},{"damage":15.0,"enemies":"conspire:HollyBat","floor":29.0,"turns":8.0},{"damage":53.0,"enemies":"Colosseum Slavers","floor":30.0,"turns":5.0},{"damage":48.0,"enemies":"Colosseum Nobs","floor":30.0,"turns":5.0},{"damage":75.0,"enemies":"Champ","floor":33.0,"turns":13.0},{"damage":34.0,"enemies":"Orb Walker","floor":35.0,"turns":5.0},{"damage":60.0,"enemies":"infinitespire:Three Voidlings","floor":36.0,"turns":6.0},{"damage":109.0,"enemies":"Nightmare_Alpha","floor":36.0,"turns":14.0},{"damage":114.0,"enemies":"3 Shapes","floor":38.0,"turns":6.0},{"damage":28.0,"enemies":"Writhing Mass","floor":39.0,"turns":3.0},{"damage":103.0,"enemies":"Giant Head","floor":42.0,"turns":14.0},{"damage":14.0,"enemies":"Spire Growth","floor":44.0,"turns":5.0},{"damage":17.0,"enemies":"3 Darklings","floor":45.0,"turns":2.0},{"damage":44.0,"enemies":"Sphere and 2 Shapes","floor":46.0,"turns":6.0},{"damage":29.0,"enemies":"Transient","floor":48.0,"turns":5.0},{"damage":67.0,"enemies":"hubris:GrandSnecko","floor":50.0,"turns":7.0},{"damage":0.0,"enemies":"Small Slimes","floor":52.0,"turns":3.0},{"damage":7,"enemies":"Cultist","floor":56,"turns":3}],"seed_played":"-696449940643003331","potions_obtained":[{"floor":3.0,"key":"SpeedPotion"},{"floor":5.0,"key":"Dexterity Potion"},{"floor":14.0,"key":"LiquidMemories"},{"floor":18.0,"key":"ColorlessPotion"},{"floor":30.0,"key":"EntropicBrew"},{"floor":38.0,"key":"StSpp:ScatteredPotion"},{"floor":44.0,"key":"SkillPotion"},{"floor":48.0,"key":"ColorlessPotion"},{"floor":52.0,"key":"PowerPotion"}],"is_trial":false,"path_per_floor":["M","?","M","M","M","M","?","M","T","$","M","M","?","E","R","B",null,"M","?","M","?","$","E","R","E","T","R","?","M","?","?","R","B",null,"M","?","?","M","M","R","?","E","T","M","M","M","R","M","R","B",null,"M","$","?","?","M"],"character_chosen":"THE_VACANT","items_purchased":["Membership Card","StSpp:BoiledEgg","Blue Candle","ReplayTheSpireMod:ShopPack","StoneCalendar","Toolbox","Akabeko","infinitespire:BlackPotion","TH:HealthInsurance","infinitespire:Satchel","theVacant:ForgeSoul","Enlightenment","aspiration:Lifesprig","aspiration:StickyExplosives_weak","Art of War","Letter Opener","Blue Doll","infinitespire:Golems Mask","StSpp:Dice","Replay:Baseball","hubris:CuriousFeather","Ancient Tea Set","Tiny Chest","Bronze Scales","Juzu Bracelet","HollowMod:PaleOreRelic","Bottled Tornado","StSpp:GiftCard","Turnip","Gremlin Horn","Mirror","Pet Ghost","Quantum Egg","Replay:Ringing Soul","White Beast Statue","Toxic Egg 2","Simple Rune","aspiration:SeaSaltIceCream","ReplayFunnel","CeramicFish","hubris:Spice","hubris:Spice","Replay:Bottled Steam","infinitespire:PuzzleCube","Pear","hubris:Spice","Vajra","aspiration:ChemicalBlood","hubris:Spice","hubris:Spice","Replay:Towering Pillar of Hats","hubris:SlimyHat","hubris:Spice","hubris:EvacipatedBox","hubris:KleinBottle"],"campfire_rested":2,"item_purchase_floors":[10,10,22,22,49,49,49,49,49,49,49,49,53,53,53,53,53,53,53,53,53,53,53,53,53,53,53,53,53,53,53,53,53,53,53,53,53,53,53,53,53,53,53,53,53,53,53,53,53,53,53,53,53,53,53],"current_hp_per_floor":[99,109,120,123,129,130,140,133,150,160,160,171,170,161,171,152,267,251,261,244,254,266,234,339,310,320,330,340,337,250,260,270,207,439,415,274,284,182,166,322,332,256,266,264,259,227,404,387,397,342,609,621,27,225,235,260,260],"gold":48,"neow_bonus":"RANDOM_COMMON_RELIC","is_daily":false,"chose_seed":false,"campfire_upgraded":1,"win_rate":0.0,"timestamp":1612487823,"path_taken":["M","?","M","M","M","?","?","M","T","?","M","M","?","E","R","BOSS","M","?","M","?","?","E","R","E","T","R","?","M","?","?","R","BOSS","M","?","?","M","M","R","?","E","T","M","?","M","R","M","R","BOSS","M","?","?","?","M"],"items_purchased_type":["Relic","Relic","Relic","Relic","Relic","Relic","Relic","Potion","Relic","Relic","Card","Card","Relic","Relic","Relic","Relic","Relic","Relic","Relic","Relic","Relic","Relic","Relic","Relic","Relic","Relic","Relic","Relic","Relic","Relic","Relic","Relic","Relic","Relic","Relic","Relic","Relic","Relic","Relic","Relic","Relic","Relic","Relic","Relic","Relic","Relic","Relic","Relic","Relic","Relic","Relic","Relic","Relic","Relic","Relic"],"build_version":"2020-12-22","purchased_purges":2,"victory":false,"max_hp_per_floor":[100,110,120,130,140,150,160,170,187,197,207,217,227,237,247,257,267,277,287,297,307,319,329,339,349,359,369,379,389,399,409,419,429,439,449,459,469,479,489,499,509,519,529,539,549,559,569,579,589,599,609,621,628,638,648,648,648],"relic_stats":{"Singing Bowl":4,"Gremlin Horn":[0,0],"counters":[31,188],"Blue Candle":[1],"CeramicFish":9,"StoneCalendar":[0],"Juzu Bracelet":0,"Letter Opener":[0],"Blood Vial":49,"Bronze Scales":[3],"Tiny Chest":0,"Turnip":[0],"Art of War":[2],"obtain_stats":[{"Gremlin Horn":53,"CeramicFish":53,"Vajra":53,"StSpp:PetrifiedCaterpillar":43,"StSpp:GiftCard":53,"Bottled Tornado":53,"Blood Vial":0,"Replay:Ringing Soul":53,"SpikesRelics:ToyHorsey":30,"Strawberry":9,"infinitespire:Golems Mask":53,"Fusion Hammer":17,"HollowMod:PaleOreRelic":53,"Toxic Egg 2":53,"Replay:Bottled Steam":53,"conspire:Dentures":26,"hubris:MobiusCoin":32,"Pear":53,"aspiration:Nostalgia":53,"Blue Candle":22,"Counterbalance":36,"Oddly Smooth Stone":23,"Replay:Kaleidoscope":30,"Letter Opener":53,"aspiration:SeaSaltIceCream":53,"Akabeko":49,"StSpp:Dice":53,"Replay:Baseball":53,"Bronze Scales":53,"Simple Rune":53,"conspire:BottledYoYo":25,"Mirror":53,"infinitespire:PuzzleCube":53,"ReplayFunnel":53,"aspiration:Lifesprig":53,"theVacant:BrassGoblet":0,"Singing Bowl":21,"Shade:YorickSkull":53,"SacredBark":34,"StSpp:BoiledEgg":10,"StoneCalendar":49,"Blue Doll":53,"Replay:Multitool":14,"Juzu Bracelet":53,"hubris:SlimyHat":53,"Incense Burner":56,"Ancient Tea Set":53,"Pet Ghost":53,"hubris:EvacipatedBox":53,"aspiration:StickyExplosives_weak":53,"Toolbox":49,"Tiny Chest":53,"hubris:CuriousFeather":53,"aspiration:ChemicalBlood":53,"hubris:KleinBottle":53,"ReplayTheSpireMod:Ninjato":42,"Replay:Towering Pillar of Hats":53,"Quantum Egg":53,"infinitespire:Joker Card":7,"aspiration:SecretTechniqueScroll":51,"White Beast Statue":53,"hubris:Spice":53,"betterThird:SlimedRelic":13,"infinitespire:Satchel":49,"Turnip":53,"TH:HealthInsurance":49,"Art of War":53,"Membership Card":10,"ReplayTheSpireMod:ShopPack":22},{"Gremlin Horn":30,"CeramicFish":30,"Vajra":30,"StSpp:PetrifiedCaterpillar":24,"StSpp:GiftCard":30,"Bottled Tornado":30,"Blood Vial":0,"Replay:Ringing Soul":30,"SpikesRelics:ToyHorsey":17,"Strawberry":6,"infinitespire:Golems Mask":30,"Fusion Hammer":10,"HollowMod:PaleOreRelic":30,"Toxic Egg 2":30,"Replay:Bottled Steam":30,"conspire:Dentures":14,"hubris:MobiusCoin":17,"Pear":30,"aspiration:Nostalgia":30,"Blue Candle":12,"Counterbalance":21,"Oddly Smooth Stone":13,"Replay:Kaleidoscope":17,"Letter Opener":30,"aspiration:SeaSaltIceCream":30,"Akabeko":28,"StSpp:Dice":30,"Replay:Baseball":30,"Bronze Scales":30,"Simple Rune":30,"conspire:BottledYoYo":14,"Mirror":30,"infinitespire:PuzzleCube":30,"ReplayFunnel":30,"aspiration:Lifesprig":30,"theVacant:BrassGoblet":0,"Singing Bowl":12,"Shade:YorickSkull":30,"SacredBark":18,"StSpp:BoiledEgg":6,"StoneCalendar":28,"Blue Doll":30,"Replay:Multitool":9,"Juzu Bracelet":30,"hubris:SlimyHat":30,"Incense Burner":31,"Ancient Tea Set":30,"Pet Ghost":30,"hubris:EvacipatedBox":30,"aspiration:StickyExplosives_weak":30,"Toolbox":28,"Tiny Chest":30,"hubris:CuriousFeather":30,"aspiration:ChemicalBlood":30,"hubris:KleinBottle":30,"ReplayTheSpireMod:Ninjato":24,"Replay:Towering Pillar of Hats":30,"Quantum Egg":30,"infinitespire:Joker Card":5,"aspiration:SecretTechniqueScroll":29,"White Beast Statue":30,"hubris:Spice":30,"betterThird:SlimedRelic":8,"infinitespire:Satchel":28,"Turnip":30,"TH:HealthInsurance":28,"Art of War":30,"Membership Card":6,"ReplayTheSpireMod:ShopPack":12},{"Gremlin Horn":185,"CeramicFish":185,"Vajra":185,"StSpp:PetrifiedCaterpillar":157,"StSpp:GiftCard":185,"Bottled Tornado":185,"Blood Vial":0,"Replay:Ringing Soul":185,"SpikesRelics:ToyHorsey":96,"Strawberry":27,"infinitespire:Golems Mask":185,"Fusion Hammer":53,"HollowMod:PaleOreRelic":185,"Toxic Egg 2":185,"Replay:Bottled Steam":185,"conspire:Dentures":78,"hubris:MobiusCoin":96,"Pear":185,"aspiration:Nostalgia":185,"Blue Candle":66,"Counterbalance":134,"Oddly Smooth Stone":73,"Replay:Kaleidoscope":96,"Letter Opener":185,"aspiration:SeaSaltIceCream":185,"Akabeko":175,"StSpp:Dice":185,"Replay:Baseball":185,"Bronze Scales":185,"Simple Rune":185,"conspire:BottledYoYo":78,"Mirror":185,"infinitespire:PuzzleCube":185,"ReplayFunnel":185,"aspiration:Lifesprig":185,"theVacant:BrassGoblet":0,"Singing Bowl":66,"Shade:YorickSkull":185,"SacredBark":109,"StSpp:BoiledEgg":27,"StoneCalendar":175,"Blue Doll":185,"Replay:Multitool":42,"Juzu Bracelet":185,"hubris:SlimyHat":185,"Incense Burner":186,"Ancient Tea Set":185,"Pet Ghost":185,"hubris:EvacipatedBox":185,"aspiration:StickyExplosives_weak":185,"Toolbox":175,"Tiny Chest":185,"hubris:CuriousFeather":185,"aspiration:ChemicalBlood":185,"hubris:KleinBottle":185,"ReplayTheSpireMod:Ninjato":157,"Replay:Towering Pillar of Hats":185,"Quantum Egg":185,"infinitespire:Joker Card":23,"aspiration:SecretTechniqueScroll":182,"White Beast Statue":185,"hubris:Spice":185,"betterThird:SlimedRelic":35,"infinitespire:Satchel":175,"Turnip":185,"TH:HealthInsurance":175,"Art of War":185,"Membership Card":27,"ReplayTheSpireMod:ShopPack":66}]},"card_choices":[{"not_picked":["theVacant:Fling","theVacant:Enrage"],"picked":"theVacant:PitOfDespair","floor":1.0},{"not_picked":["theVacant:Whip","theVacant:Spinshield"],"picked":"theVacant:ShriekingBlast","floor":3.0},{"not_picked":["theVacant:ShriekingBlast","theVacant:FiendFrost"],"picked":"theVacant:Anguish","floor":4.0},{"not_picked":["theVacant:LashOut","theVacant:ShutAway"],"picked":"theVacant:CleanseSoul","floor":5.0},{"not_picked":["theVacant:Fling","theVacant:Dig"],"picked":"theVacant:WaitInWrath","floor":6.0},{"not_picked":["theVacant:OnSecondThought","theVacant:FranticBlow"],"picked":"theVacant:BattleScars","floor":8.0},{"not_picked":["TH:CursedSword"],"picked":"TH:PixieDust","floor":9.0},{"not_picked":["theVacant:Thoughtseize","theVacant:EmptyShield"],"picked":"theVacant:Husk","floor":11.0},{"not_picked":["theVacant:LashOut","theVacant:Throttle"],"picked":"theVacant:Spinshield","floor":12.0},{"not_picked":["TH:ElvenBoots"],"picked":"TH:ArmorSpikes","floor":14.0},{"not_picked":["theVacant:DeathSpiral","theVacant:Spinshield"],"picked":"theVacant:PitOfDespair","floor":14.0},{"not_picked":["TH:TreasureMap"],"picked":"TH:BikiniMail","floor":16.0},{"not_picked":["theVacant:Showdown","theVacant:DeathSpiral"],"picked":"theVacant:VoidForm","floor":16.0},{"not_picked":["theVacant:EyePoke+1","theVacant:EmptyShield"],"picked":"theVacant:Barrage+1","floor":18.0},{"not_picked":["theVacant:Spinshield","theVacant:Whip+1"],"picked":"theVacant:ShutAway","floor":20.0},{"not_picked":["TH:Mimic","DDmod:PotionAddictCard"],"picked":"Metamorphosis","floor":22.0},{"not_picked":["StSpp:Cataclysm","Good Instincts"],"picked":"Metamorphosis","floor":22.0},{"not_picked":["Bandage Up","Assess","Dark Shackles"],"picked":"Singing Bowl","floor":22.0},{"not_picked":["TH:ArmorSpikes"],"picked":"TH:BikiniMail","floor":23.0},{"not_picked":["theVacant:Exorcise","theVacant:Hex+1"],"picked":"theVacant:WaitInWrath+1","floor":23.0},{"not_picked":["TH:Mimic"],"picked":"TH:BikiniMail","floor":25.0},{"not_picked":["theVacant:ShutAway","theVacant:LashOut"],"picked":"theVacant:GraveWave+1","floor":25.0},{"not_picked":["TH:EnergyPotion"],"picked":"TH:BikiniMail","floor":26.0},{"not_picked":["theVacant:Dig","theVacant:EmbraceDarkness"],"picked":"theVacant:Barrage+1","floor":29.0},{"not_picked":["theVacant:OnSecondThought","theVacant:EmptyShield"],"picked":"theVacant:Immaterialize","floor":30.0},{"not_picked":["TH:Mimic"],"picked":"TH:BikiniMail","floor":33.0},{"not_picked":["theVacant:DeathSpiral","theVacant:Voidstone"],"picked":"theVacant:DimensionTear","floor":33.0},{"not_picked":["theVacant:GraveWave+1","theVacant:BurdenBreak+1"],"picked":"theVacant:Soothe","floor":35.0},{"not_picked":["hubris:InfiniteBlow+80","infinitespire:Starlight"],"picked":"hubris:Fate","floor":36.0},{"not_picked":["theVacant:Enrage+1","theVacant:FranticBlow"],"picked":"theVacant:Whip+1","floor":36.0},{"not_picked":["theVacant:Carve","theVacant:Return+1"],"picked":"theVacant:VoidEmbrace","floor":38.0},{"not_picked":["theVacant:Soothe+1","theVacant:ShutAway+1"],"picked":"theVacant:WaitInWrath+1","floor":39.0},{"not_picked":["TH:TreasureMap"],"picked":"TH:ArmorSpikes","floor":42.0},{"not_picked":["theVacant:Exorcise","theVacant:ShutAway"],"picked":"theVacant:CursedBlast","floor":42.0},{"not_picked":["TH:BikiniMail"],"picked":"TH:ElvenBoots","floor":43.0},{"not_picked":["theVacant:PitOfDespair","theVacant:GraveWave+1"],"picked":"theVacant:BurdenBreak+1","floor":44.0},{"not_picked":["theVacant:Acceptance+1","theVacant:Thoughtseize"],"picked":"theVacant:LashOut","floor":45.0},{"not_picked":["theVacant:EmbraceDarkness+1","theVacant:ShutAway+1"],"picked":"theVacant:Gloom+1","floor":46.0},{"not_picked":["theVacant:Soothe","theVacant:OnSecondThought+1"],"picked":"theVacant:Hex+1","floor":48.0},{"not_picked":["theVacant:BellToll","theVacant:GraveWave","theVacant:Enrage"],"picked":"Singing Bowl","floor":52.0},{"not_picked":["ReplayTheSpireMod:Haul","hubris:Rewind"],"picked":"infinitespire:Collect","floor":53.0}],"player_experience":379281,"relics_obtained":[{"floor":9.0,"key":"Strawberry"},{"floor":14.0,"key":"Replay:Multitool"},{"floor":23.0,"key":"Oddly Smooth Stone"},{"floor":25.0,"key":"conspire:BottledYoYo"},{"floor":26.0,"key":"conspire:Dentures"},{"floor":30.0,"key":"Replay:Kaleidoscope"},{"floor":30.0,"key":"SpikesRelics:ToyHorsey"},{"floor":32.0,"key":"hubris:MobiusCoin"},{"floor":36.0,"key":"Counterbalance"},{"floor":42.0,"key":"ReplayTheSpireMod:Ninjato"},{"floor":43.0,"key":"StSpp:PetrifiedCaterpillar"}],"event_choices":[{"damage_healed":0.0,"max_hp_gain":0.0,"max_hp_loss":0.0,"gold_gain":100.0,"event_name":"Wheel of Change","player_choice":"Gold","floor":2.0,"gold_loss":0.0,"damage_taken":0.0},{"damage_healed":0.0,"max_hp_gain":0.0,"max_hp_loss":0.0,"gold_gain":0.0,"event_name":"Big Fish","player_choice":"Box","floor":7.0,"gold_loss":0.0,"damage_taken":0.0,"relics_obtained":["infinitespire:Joker Card"],"cards_obtained":["Regret"]},{"damage_healed":0.0,"max_hp_gain":0.0,"max_hp_loss":0.0,"gold_gain":0.0,"event_name":"betterThird:BetterGoop","player_choice":"Slimed","floor":13.0,"gold_loss":29.0,"damage_taken":11.0},{"damage_healed":0.0,"max_hp_gain":0.0,"max_hp_loss":0.0,"gold_gain":0.0,"event_name":"betterNote:BetterNote","player_choice":"Take","floor":19.0,"gold_loss":0.0,"damage_taken":0.0,"cards_obtained":["TH:DeckOfManyThings"]},{"damage_healed":0.0,"max_hp_gain":0.0,"max_hp_loss":0.0,"gold_gain":0.0,"event_name":"The Mausoleum","player_choice":"Opened","floor":21.0,"gold_loss":0.0,"damage_taken":0.0,"relics_obtained":["Singing Bowl"]},{"damage_healed":0.0,"max_hp_gain":0.0,"max_hp_loss":0.0,"gold_gain":0.0,"event_name":"Colosseum","player_choice":"Fight","floor":30.0,"gold_loss":0.0,"damage_taken":0.0},{"damage_healed":0.0,"max_hp_gain":0.0,"max_hp_loss":0.0,"gold_gain":0.0,"event_name":"Colosseum","player_choice":"Fought Nobs","floor":30.0,"gold_loss":0.0,"damage_taken":0.0},{"damage_healed":0.0,"max_hp_gain":0.0,"max_hp_loss":0.0,"gold_gain":0.0,"event_name":"conspire:Investor","player_choice":"Leave","floor":31.0,"gold_loss":0.0,"damage_taken":0.0},{"damage_healed":0.0,"max_hp_gain":0.0,"max_hp_loss":0.0,"gold_gain":0.0,"event_name":"OrinTheCat","player_choice":"Ignored","floor":37.0,"gold_loss":0.0,"damage_taken":0.0},{"damage_healed":0.0,"max_hp_gain":0.0,"max_hp_loss":0.0,"gold_gain":0.0,"event_name":"Designer","player_choice":"Upgraded Two","floor":41.0,"gold_loss":40.0,"damage_taken":0.0,"cards_upgraded":["theVacant:ShutAway","theVacant:WaitInWrath"]},{"damage_healed":0.0,"max_hp_gain":0.0,"max_hp_loss":0.0,"gold_gain":0.0,"event_name":"Accursed Blacksmith","player_choice":"Forge","floor":55.0,"gold_loss":0.0,"damage_taken":0.0,"cards_upgraded":["hubris:Fate"]}],"is_beta":false,"boss_relics":[{"not_picked":["conspire:RoyalGoblet","Cursed Key"],"picked":"Fusion Hammer"},{"not_picked":["Runesmith:UraniumAnvil","hubris:HollowSoul"],"picked":"SacredBark"},{"not_picked":["Painkiller Herb","aspiration:FutureDiary"],"picked":"aspiration:SecretTechniqueScroll"}],"items_purged_floors":[22,53],"is_endless":true,"potions_floor_spawned":[3,5,14,16,18,23,29,30,33,38,39,42,44,48,52],"killed_by":"Cultist","ascension_level":0}}