{"host":"h5adlgqa5ddydyk8","time":1612545783,"event":{"mods":["2.2 Compatiblity","BaseMod","Colored Map","Colored Powertips","Curses Come First","Downfall","Highlight Path","Keyboard Shortcuts","Minty Spire (QoL Compilation)","Relic Stats","StSLib","SuperFastMode","The Marked"],"gold_per_floor":[116,130,156,5,15,15,41,60,60,79,79,105,105,4,15,117,117,131,147,159,13,13,13,13,45,57,57,57,74,90,115,115,115,115,115],"floor_reached":33,"language":"ENG","playtime":2451,"items_purged":[],"score":269,"play_id":"b31bb702-d591-4820-90e5-2336fff9eb93","local_time":"20210205182303","is_ascension_mode":false,"campfire_choices":[{"data":"Slimebound:CorrosiveSpit","floor":6.0,"key":"SMITH"},{"floor":9.0,"key":"REST"},{"data":"Slimebound:HauntingLick","floor":11.0,"key":"SMITH"},{"floor":13.0,"key":"REST"},{"data":"Slimebound:AcidTongue","floor":23,"key":"SMITH"},{"data":"Slimebound:RejuvenatingLick","floor":27,"key":"SMITH"},{"floor":32,"key":"REST"}],"circlet_count":1,"master_deck":["Slimebound:Strike_Slimebound","Slimebound:Strike_Slimebound","Slimebound:Tackle","Slimebound:Defend_Slimebound","Slimebound:Defend_Slimebound+1","Slimebound:Defend_Slimebound","Slimebound:Defend_Slimebound","Slimebound:Split","Slimebound:CorrosiveSpit+1","Slimebound:SlimeSpikes","Slimebound:SplitAcid","Slimebound:LevelUp","Slimebound:LivingWall+1","Slimebound:SlimeBarrage","Slimebound:HauntingLick+1","Slimebound:MinionMaster","Slimebound:RejuvenatingLick+1","Slimebound:SplitLeeching","Slimebound:SplitBruiser","Slimebound:LeechLife","Slimebound:ProtectTheBoss+1","Slimebound:DuplicatedForm+1","Slimebound:ViciousTackle+1","Slimebound:SamplingLick","Slimebound:RejuvenatingLick+1","Slimebound:LivingWall+1","Slimebound:AcidTongue+1","Slimebound:SplitLeeching","Slimebound:SplitMire","Slimebound:GoopSpray+1","Slimebound:LeechingTouch"],"relics":["Slimebound:AbsorbEndCombat","Circlet","Bronze Scales","War Paint","Astrolabe","Bottled Tornado","Happy Flower","Potion Belt"],"acts_visited":["Exordium","TheCity"],"potions_floor_usage":[20,21,25,30],"damage_taken":[{"damage":7.0,"enemies":"Cultist","floor":1.0,"turns":3.0},{"damage":6.0,"enemies":"Jaw Worm","floor":2.0,"turns":3.0},{"damage":0.0,"enemies":"downfall:FleeingMerchant","floor":4.0,"turns":4.0},{"damage":17.0,"enemies":"2 Louse","floor":5.0,"turns":3.0},{"damage":17.0,"enemies":"Blue Slaver","floor":8.0,"turns":4.0},{"damage":10.0,"enemies":"Exordium Thugs","floor":10.0,"turns":5.0},{"damage":34.0,"enemies":"Gremlin Nob","floor":12.0,"turns":4.0},{"damage":3.0,"enemies":"downfall:FleeingMerchant","floor":14.0,"turns":4.0},{"damage":9.0,"enemies":"Exordium Wildlife","floor":15.0,"turns":4.0},{"damage":13.0,"enemies":"SI_SHIV_ARCHETYPE","floor":16.0,"turns":8.0},{"damage":16,"enemies":"3 Byrds","floor":18,"turns":3},{"damage":2,"enemies":"Shell Parasite","floor":19,"turns":5},{"damage":0,"enemies":"Snecko","floor":20,"turns":4},{"damage":23,"enemies":"downfall:FleeingMerchant","floor":21,"turns":4},{"damage":44,"enemies":"Slavers","floor":25,"turns":6},{"damage":39,"enemies":"3 Cultists","floor":26,"turns":8},{"damage":28,"enemies":"Centurion and Healer","floor":29,"turns":8},{"damage":20,"enemies":"Snake Plant","floor":30,"turns":3},{"damage":46,"enemies":"DF_ARCHETYPE_CLAW","floor":33,"turns":5}],"seed_played":"1451895645432432277","potions_obtained":[{"floor":5.0,"key":"Energy Potion"},{"floor":10.0,"key":"LiquidBronze"},{"floor":12.0,"key":"hexamod:SoulburnPotion"},{"floor":25,"key":"Dexterity Potion"},{"floor":26,"key":"hexamod:SoulburnPotion"},{"floor":29,"key":"FearPotion"}],"is_trial":false,"path_per_floor":["M","M","T","$","M","R","T","M","R","M","R","E","R","$","M","B",null,"M","M","M","$","?","R","T","E","M","R","?","M","M","T","R","B"],"character_chosen":"SLIMEBOUND","items_purchased":["Slimebound:Repurpose","Slimebound:SpawnSlimePotion","Slimebound:RejuvenatingLick","Slimebound:SplitLeeching","Slimebound:AcidTongue","Slimebound:SplitLeeching"],"campfire_rested":3,"item_purchase_floors":[4,4,14,14,21,21],"current_hp_per_floor":[68,66,66,66,49,49,49,34,55,47,47,17,38,41,36,29,71,57,61,63,57,57,57,57,30,38,38,38,26,8,8,29,0,0,0],"gold":115,"neow_bonus":"TEN_PERCENT_HP_BONUS","is_daily":false,"chose_seed":false,"campfire_upgraded":4,"win_rate":0.0,"timestamp":1612545783,"path_taken":["R","M","?","$","M","R","T","M","R","?","R","E","R","?","M","BOSS","M","M","M","$","?","R","T","E","M","R","?","M","M","?","R","BOSS"],"items_purchased_type":["Card","Potion","Card","Card","Card","Card"],"build_version":"2020-12-22","purchased_purges":0,"victory":false,"max_hp_per_floor":[71,71,71,71,71,71,71,71,71,71,71,71,71,71,71,71,71,71,71,71,71,71,71,71,71,71,71,71,71,71,71,71,71,71,71],"relic_stats":{"Happy Flower":[8],"counters":[19,83],"Bronze Scales":[251],"Astrolabe":["Slimebound:ProtectTheBoss","Slimebound:DuplicatedForm","Slimebound:ViciousTackle"],"War Paint":["Slimebound:LivingWall","Slimebound:Defend_Slimebound"],"obtain_stats":[{"Potion Belt":31,"Happy Flower":25,"Bronze Scales":7,"Astrolabe":17,"Circlet":0,"Slimebound:AbsorbEndCombat":0,"EVO:Axolotl":0,"War Paint":12,"Bottled Tornado":24},{"Potion Belt":18,"Happy Flower":15,"Bronze Scales":4,"Astrolabe":10,"Circlet":0,"Slimebound:AbsorbEndCombat":0,"EVO:Axolotl":0,"War Paint":7,"Bottled Tornado":14},{"Potion Belt":78,"Happy Flower":60,"Bronze Scales":13,"Astrolabe":39,"Circlet":0,"Slimebound:AbsorbEndCombat":0,"EVO:Axolotl":0,"War Paint":24,"Bottled Tornado":55}]},"card_choices":[{"not_picked":["Slimebound:ForwardTackle","Slimebound:FinishingTackle"],"picked":"Slimebound:SlimeSpikes","floor":1.0},{"not_picked":["Slimebound:Prepare","Slimebound:DisruptingSlam"],"picked":"Slimebound:SplitAcid","floor":2.0},{"not_picked":["Slimebound:LeechingTouch","Slimebound:PressTheAttack"],"picked":"Slimebound:LevelUp","floor":4.0},{"not_picked":["Slimebound:LeechEnergy","Slimebound:Grow"],"picked":"Slimebound:LivingWall","floor":5.0},{"not_picked":["Slimebound:HauntingLick","Slimebound:ForwardTackle"],"picked":"Slimebound:SlimeBarrage","floor":8.0},{"not_picked":["Slimebound:ForwardTackle","Slimebound:GoopTackle"],"picked":"Slimebound:HauntingLick","floor":10.0},{"not_picked":["Slimebound:OneTwoCombo","Slimebound:TongueLash"],"picked":"Slimebound:MinionMaster","floor":12.0},{"not_picked":["Slimebound:BestDefense","Slimebound:Replication"],"picked":"Slimebound:SlimeBrawl","floor":14.0},{"not_picked":["Slimebound:HauntingLick","Slimebound:GoopTackle"],"picked":"Slimebound:SplitBruiser","floor":15.0},{"not_picked":["Slimebound:MinionMaster","Slimebound:FirmFortitude"],"picked":"Slimebound:LeechLife","floor":16.0},{"not_picked":["Slimebound:SplitBruiser","Slimebound:ProtectTheBoss"],"picked":"Slimebound:SamplingLick","floor":18},{"not_picked":["Slimebound:ViciousTackle","Slimebound:Prepare+1"],"picked":"Slimebound:RejuvenatingLick+1","floor":19},{"not_picked":["Slimebound:DisruptingSlam","Slimebound:LeechingTouch","Slimebound:GoopTackle+1"],"picked":"SKIP","floor":20},{"not_picked":["Slimebound:GoopTackle+1","Slimebound:PressTheAttack"],"picked":"Slimebound:LivingWall+1","floor":21},{"not_picked":["Slimebound:SlimeTap","Slimebound:FormOfPuddle","Slimebound:FlameTackle"],"picked":"SKIP","floor":25},{"not_picked":["Slimebound:FormOfPuddle","Slimebound:RollThrough","Slimebound:Nibble"],"picked":"SKIP","floor":26},{"not_picked":["Slimebound:LivingWall","Slimebound:SplitLeeching"],"picked":"Slimebound:GoopSpray+1","floor":29},{"not_picked":["Slimebound:SplitAcid+1","Slimebound:SlimeSpikes+1"],"picked":"Slimebound:LeechingTouch","floor":30}],"player_experience":622695,"relics_obtained":[{"floor":7.0,"key":"Bronze Scales"},{"floor":12.0,"key":"War Paint"},{"floor":24,"key":"Bottled Tornado"},{"floor":25,"key":"Happy Flower"},{"floor":31,"key":"Potion Belt"}],"event_choices":[{"damage_healed":0,"gold_gain":0,"player_choice":"Ignored","damage_taken":0,"max_hp_gain":0,"max_hp_loss":0,"event_name":"Ghosts","floor":22,"gold_loss":0},{"damage_healed":0,"gold_gain":0,"player_choice":"Read","damage_taken":0,"max_hp_gain":0,"max_hp_loss":0,"event_name":"The Library","floor":28,"gold_loss":0,"cards_obtained":["Slimebound:SplitMire"]}],"is_beta":false,"boss_relics":[{"not_picked":["Empty Cage","Cursed Key"],"picked":"Astrolabe"}],"items_purged_floors":[],"is_endless":false,"potions_floor_spawned":[5,10,12,19,25,26,29],"killed_by":"DF_ARCHETYPE_CLAW","ascension_level":0}}