{"host":"uhnh33uh34qot0et","time":1612560502,"event":{"mods":["BaseMod","Colored Map","Downfall","Hermit","Marisa????????","Minty Spire (QoL Compilation)","StSLib","The Bug Knight","The Cursed","The Servant 0.9.4"],"gold_per_floor":[99,111,121,138,138,166,166,187,220,233,245,255,255,255,275,378,378,378,390,139,152,152,152,152,164,197,209,194,194,194,214,226,226,226,226],"floor_reached":33,"language":"ENG","playtime":1536,"items_purged":[],"score":381,"play_id":"3a6853b2-f00a-41f5-b2a9-a76cc93b45ef","local_time":"20210205222822","is_ascension_mode":false,"campfire_choices":[{"data":"hexamod:Strike","floor":1.0,"key":"SMITH"},{"data":"hexamod:ForkedFlame","floor":18,"key":"SMITH"},{"floor":23,"key":"REST"},{"floor":30,"key":"REST"}],"circlet_count":0,"master_deck":["hexamod:Strike+1","hexamod:Strike+1","hexamod:Strike+1","hexamod:Strike","hexamod:Defend+1","hexamod:Defend+1","hexamod:Defend+1","hexamod:Defend+1","hexamod:Sear","hexamod:Float","hexamod:SpectersWail+1","hexamod:ShieldOfDarkness","hexamod:RadiantFlame","hexamod:EmpoweredFlame","hexamod:GhostLash","hexamod:UnlimitedPower","hexamod:SoulSteal","hexamod:ForkedFlame+1","hexamod:RadiantFlame+1","downfall:Malfunctioning","hexamod:ChargedBarrage","hexamod:SixthSeal","hexamod:HeatCrush+1","hexamod:HeatMetal+1","hexamod:ExtraCrispy+1","hexamod:Hexaguard+1","Writhe","hexamod:NightmareStrike+1","hexamod:Incineration+1","hexamod:FirstSeal","hexamod:BurningTouch+1","hexamod:PhantomFireball","hexamod:BurningTouch+1","hexamod:Rewind+1","hexamod:VolcanoVisage+1"],"relics":["hexamod:SpiritBrand","White Beast Statue","Gremlin Horn","Odd Mushroom","Dream Catcher","SacredBark","PreservedInsect","HornCleat","Toxic Egg 2","Frozen Egg 2"],"acts_visited":["Exordium","TheCity"],"potions_floor_usage":[19,20,25,26,26,27,31,32,33,33,33,33,33,33],"damage_taken":[{"damage":1.0,"enemies":"Jaw Worm","floor":2.0,"turns":3.0},{"damage":0.0,"enemies":"Small Slimes","floor":3.0,"turns":2.0},{"damage":0.0,"enemies":"2 Louse","floor":4.0,"turns":2.0},{"damage":9.0,"enemies":"Lagavulin","floor":6.0,"turns":5.0},{"damage":19.0,"enemies":"The Mushroom Lair","floor":8.0,"turns":3.0},{"damage":14.0,"enemies":"Gremlin Nob","floor":9.0,"turns":4.0},{"damage":11.0,"enemies":"2 Fungi Beasts","floor":10.0,"turns":3.0},{"damage":9.0,"enemies":"Gremlin Gang","floor":11.0,"turns":4.0},{"damage":0.0,"enemies":"Exordium Wildlife","floor":12.0,"turns":1.0},{"damage":0.0,"enemies":"Exordium Thugs","floor":15.0,"turns":3.0},{"damage":0.0,"enemies":"SI_SHIV_ARCHETYPE","floor":16.0,"turns":6.0},{"damage":32,"enemies":"Spheric Guardian","floor":19,"turns":5},{"damage":5,"enemies":"downfall:FleeingMerchant","floor":20,"turns":4},{"damage":16,"enemies":"3 Byrds","floor":21,"turns":3},{"damage":17,"enemies":"Snake Plant","floor":25,"turns":4},{"damage":2,"enemies":"Slavers","floor":26,"turns":3},{"damage":10,"enemies":"3 Cultists","floor":27,"turns":6},{"damage":0,"enemies":"downfall:FleeingMerchant","floor":28,"turns":4},{"damage":24,"enemies":"Centurion and Healer","floor":31,"turns":4},{"damage":19,"enemies":"Sentry and Sphere","floor":32,"turns":6},{"damage":19,"enemies":"WA_ARCHETYPE_CALM","floor":33,"turns":5}],"seed_played":"-8174279061785648069","potions_obtained":[{"floor":3.0,"key":"hexamod:SoulburnPotion"},{"floor":6.0,"key":"SteroidPotion"},{"floor":8.0,"key":"Block Potion"},{"floor":9.0,"key":"EssenceOfSteel"},{"floor":10.0,"key":"Slimebound:ThreeZeroPotion"},{"floor":11.0,"key":"BlessingOfTheForge"},{"floor":12.0,"key":"Energy Potion"},{"floor":15.0,"key":"EntropicBrew"},{"floor":19,"key":"Fire Potion"},{"floor":20,"key":"hexamod:InfernoChargePotion"},{"floor":21,"key":"Energy Potion"},{"floor":25,"key":"SteroidPotion"},{"floor":26,"key":"Dexterity Potion"},{"floor":27,"key":"Dexterity Potion"},{"floor":28,"key":"CultistPotion"},{"floor":29,"key":"EntropicBrew"},{"floor":31,"key":"EssenceOfSteel"},{"floor":32,"key":"SpeedPotion"}],"is_trial":false,"path_per_floor":["R","M","M","M","?","E","T","?","E","M","M","M","?","?","M","B",null,"R","M","$","M","?","R","T","M","E","M","$","?","R","M","M","B"],"character_chosen":"THE_SPIRIT","items_purchased":["PreservedInsect","hexamod:ExtraCrispy"],"campfire_rested":2,"item_purchase_floors":[20,20],"current_hp_per_floor":[70,69,69,69,69,60,60,41,27,16,7,7,7,7,7,7,70,70,38,33,17,17,38,38,21,19,16,23,23,44,27,15,0,0,0],"gold":226,"neow_bonus":"UPGRADE_CARD","is_daily":false,"chose_seed":false,"campfire_upgraded":2,"win_rate":0.0,"timestamp":1612560502,"path_taken":["R","M","M","M","?","E","T","?","E","M","M","M","?","?","M","BOSS","R","M","$","?","?","R","T","M","E","M","$","?","R","M","M","BOSS"],"items_purchased_type":["Relic","Card"],"build_version":"2020-12-22","purchased_purges":0,"victory":false,"max_hp_per_floor":[70,70,70,70,70,70,70,70,70,70,70,70,70,70,70,70,70,70,70,70,70,70,70,70,70,70,70,70,70,70,70,70,70,70,70],"card_choices":[{"not_picked":["hexamod:InspiringFlames","hexamod:ShieldOfDarkness"],"picked":"hexamod:SpectersWail","floor":2.0},{"not_picked":["hexamod:PhantomCloak","hexamod:InspiringFlames"],"picked":"hexamod:ShieldOfDarkness","floor":3.0},{"not_picked":["hexamod:InspiringFlames","hexamod:NightmareGuise"],"picked":"hexamod:RadiantFlame","floor":4.0},{"not_picked":["hexamod:NightmareGuise","hexamod:ThermalTransfer"],"picked":"hexamod:EmpoweredFlame","floor":6.0},{"not_picked":["hexamod:RetreatToShadows","hexamod:InspiringFlames"],"picked":"hexamod:GhostLash","floor":8.0},{"not_picked":["hexamod:AdvancingGuard","hexamod:HeatMetal"],"picked":"hexamod:UnlimitedPower","floor":9.0},{"not_picked":["hexamod:HeatCrush","hexamod:ExtraCrispy"],"picked":"hexamod:SoulSteal","floor":10.0},{"not_picked":["hexamod:FastForward","hexamod:GhostflameBarrier"],"picked":"hexamod:ForkedFlame","floor":11.0},{"not_picked":["hexamod:BurningTouch","hexamod:SkipABeat"],"picked":"hexamod:RadiantFlame","floor":12.0},{"not_picked":["hexamod:GhostShield","hexamod:Again"],"picked":"hexamod:ChargedBarrage","floor":15.0},{"not_picked":["hexamod:FifthSeal","hexamod:WildfireWeapon"],"picked":"hexamod:SixthSeal","floor":16.0},{"not_picked":["hexamod:EtherealExpedition+1","hexamod:SwordOfDarkness"],"picked":"hexamod:HeatCrush+1","floor":19},{"not_picked":["hexamod:FastForward+1","hexamod:ShieldOfDarkness+1"],"picked":"hexamod:HeatMetal+1","floor":20},{"not_picked":["hexamod:AdvancingGuard","hexamod:GhostShield"],"picked":"hexamod:Hexaguard","floor":21},{"not_picked":["hexamod:AdvancingGuard+1","hexamod:SecondSeal"],"picked":"hexamod:NightmareStrike","floor":23},{"not_picked":["hexamod:SecondSeal","hexamod:HeatMetal"],"picked":"hexamod:Incineration+1","floor":25},{"not_picked":["hexamod:PhantomCloak+1","hexamod:ShieldOfDarkness+1"],"picked":"hexamod:FirstSeal","floor":26},{"not_picked":["hexamod:GhostOfSpirePast+1","hexamod:SecondSeal"],"picked":"hexamod:BurningTouch+1","floor":27},{"not_picked":["hexamod:Rewind+1","hexamod:ThermalTransfer+1"],"picked":"hexamod:PhantomFireball","floor":28},{"not_picked":["hexamod:ShieldOfDarkness+1","hexamod:HauntingEcho+1"],"picked":"hexamod:BurningTouch+1","floor":30},{"not_picked":["hexamod:GhostShield+1","hexamod:FastForward+1"],"picked":"hexamod:Rewind+1","floor":31},{"not_picked":["hexamod:Hexaguard+1","hexamod:Firestarter"],"picked":"hexamod:VolcanoVisage+1","floor":32}],"player_experience":9958,"relics_obtained":[{"floor":6.0,"key":"White Beast Statue"},{"floor":7.0,"key":"Gremlin Horn"},{"floor":8.0,"key":"Odd Mushroom"},{"floor":9.0,"key":"Dream Catcher"},{"floor":24,"key":"Toxic Egg 2"},{"floor":26,"key":"Frozen Egg 2"}],"event_choices":[{"damage_healed":0.0,"max_hp_gain":0.0,"max_hp_loss":0.0,"gold_gain":0.0,"event_name":"Living Wall","player_choice":"Grow","floor":5.0,"gold_loss":0.0,"damage_taken":0.0,"cards_upgraded":["hexamod:SpectersWail"]},{"damage_healed":0.0,"max_hp_gain":0.0,"max_hp_loss":0.0,"gold_gain":0.0,"event_name":"Mushrooms","player_choice":"Fought Mushrooms","floor":8.0,"gold_loss":0.0,"damage_taken":0.0},{"damage_healed":0.0,"max_hp_gain":0.0,"max_hp_loss":0.0,"gold_gain":0.0,"event_name":"NoteForYourself","player_choice":"Ignored","floor":14.0,"gold_loss":0.0,"damage_taken":0.0},{"damage_healed":0,"gold_gain":0,"player_choice":"Got Potions","damage_taken":0,"max_hp_gain":0,"max_hp_loss":0,"event_name":"Lab","floor":29,"gold_loss":0}],"is_beta":false,"boss_relics":[{"not_picked":["Runic Pyramid","Fusion Hammer"],"picked":"SacredBark"}],"items_purged_floors":[],"is_endless":false,"potions_floor_spawned":[3,6,8,9,10,11,12,15,16,19,20,21,25,26,27,28,31,32],"killed_by":"WA_ARCHETYPE_CALM","ascension_level":0}}