{"host":"23qk1co0p3p8qz56","time":1612515749,"event":{"mods":["100% Spire Juice","AchievementEnabler","Act Like it!","Arknights","BaseMod","Better Note","Better Third Choice","BetterRewards","CapriCore","Chen","Colored Map","Gensokyo","Gold Saver","KinomotoSakuraMod(木之本?)","Koishi","Lobotomy","LobotomyExtend","Marisa（霧雨　魔理沙）","Minty Spire (QoL Compilation)","Prisma Mod","Reimu（博??梦）","StSLib","The Alterego","The Animator","The Immortal","The Senshi","Waifu the Spire","Yakumo Yukari mod"],"gold_per_floor":[141,158,88,108,108,108,121,121,121,121,133,145,161,172,172,172,172],"floor_reached":16,"language":"ENG","playtime":1718,"items_purged":[],"score":96,"play_id":"f5961f1e-8676-4049-a599-8395943b9766","local_time":"20210205020229","is_ascension_mode":false,"campfire_choices":[{"data":"PrismaMod:ChloeDemonicTutor","floor":6,"key":"SMITH"},{"data":"PrismaMod:ChloeCheapDefend","floor":8,"key":"SMITH"},{"data":"PrismaMod:ChloeAnySkillTrace","floor":15,"key":"SMITH"}],"circlet_count":0,"master_deck":["PrismaMod:ChloeCommonAttack","PrismaMod:ChloeCommonAttack","PrismaMod:ChloeCommonAttack","PrismaMod:ChloeCommonAttack","PrismaMod:ChloeCommonAttack","PrismaMod:ChloeCommonDefend","PrismaMod:ChloeCommonDefend","PrismaMod:ChloeCommonDefend","PrismaMod:ChloeCommonDefend+1","PrismaMod:ChloeCommonDefend","PrismaMod:ChloeCheapAttack+1","PrismaMod:ChloeCheapDefend+1","PrismaMod:ChloeCheapAttackTwo","PrismaMod:ChloeEyeOfTheEuryale","PrismaMod:ChloeDemonicTutor+1","PrismaMod:ChloeCommonAOEAttack","PrismaMod:ChloeDiscardRecovery","PrismaMod:ChloeCaladbolg","PrismaMod:ChloeCheapAttackTwo","PrismaMod:ChloeAnySkillTrace+1"],"relics":["PrismaMod:PrismaTraceOn","NeowsBlessing","LetterFromLob","Gensokyo:PortableGap","Sundial"],"acts_visited":["Gensokyo:Gensokyo"],"potions_floor_usage":[],"damage_taken":[{"damage":0,"enemies":"Gensokyo:2_Kodama","floor":1,"turns":1},{"damage":0,"enemies":"Gensokyo:3_Fairies","floor":2,"turns":2},{"damage":0,"enemies":"Gensokyo:Python","floor":4,"turns":1},{"damage":1,"enemies":"Gensokyo:2_Rabbits","floor":7,"turns":5},{"damage":0,"enemies":"Gensokyo:LivingMonolith","floor":11,"turns":3},{"damage":0,"enemies":"Gensokyo:Kitsune","floor":12,"turns":3},{"damage":5,"enemies":"Gensokyo:2_Rabbits","floor":13,"turns":4},{"damage":0,"enemies":"Gensokyo:3_Kodama","floor":14,"turns":2},{"damage":95,"enemies":"Gensokyo:Reimu","floor":16,"turns":21}],"seed_played":"8854814348852926614","potions_obtained":[{"floor":7,"key":"DistilledChaos"},{"floor":11,"key":"Explosive Potion"},{"floor":12,"key":"MagicPotion:ReiMu"}],"is_trial":false,"path_per_floor":["M","M","?","M","?","R","M","R","T","E","M","M","M","M","R","B"],"character_chosen":"CHLOE","items_purchased":[],"campfire_rested":0,"item_purchase_floors":[],"current_hp_per_floor":[75,75,75,75,68,68,67,67,67,67,67,67,62,62,62,0,0],"gold":172,"neow_bonus":"THREE_ENEMY_KILL","is_daily":false,"chose_seed":false,"campfire_upgraded":3,"win_rate":0.0,"timestamp":1612515749,"path_taken":["M","M","?","M","?","R","M","R","T","E","?","M","M","M","R","BOSS"],"items_purchased_type":[],"build_version":"2020-12-22","purchased_purges":0,"victory":false,"max_hp_per_floor":[75,75,75,75,68,68,68,68,68,68,68,68,68,68,68,68,68],"card_choices":[{"not_picked":["PrismaMod:ChloeExhaustOne","PrismaMod:ChloeCheapDefendTwo"],"picked":"PrismaMod:ChloeCheapAttackTwo","floor":1},{"not_picked":["PrismaMod:ChloeExhaustTwo","PrismaMod:ChloeCheapDefendTwo"],"picked":"PrismaMod:ChloeEyeOfTheEuryale","floor":2},{"not_picked":["PrismaMod:ChloeExhaustOne","PrismaMod:ChloeCheapDefend"],"picked":"PrismaMod:ChloeDemonicTutor","floor":4},{"not_picked":["PrismaMod:ChloeExhaustOne","PrismaMod:ChloeRhongomyniad"],"picked":"PrismaMod:ChloeCommonAOEAttack","floor":7},{"not_picked":["PrismaMod:ChloeCheapDefendTwo","PrismaMod:ChloeChristmas"],"picked":"PrismaMod:ChloeDiscardRecovery","floor":11},{"not_picked":["PrismaMod:ChloeCommonAOEAttack","PrismaMod:ChloeDiscardRecovery"],"picked":"PrismaMod:ChloeCaladbolg","floor":12},{"not_picked":["PrismaMod:ChloeExhaustTwo","PrismaMod:ChloeCheapAttack"],"picked":"PrismaMod:ChloeCheapAttackTwo","floor":13},{"not_picked":["PrismaMod:ChloeCheapAttack","PrismaMod:ChloeRitsuka"],"picked":"PrismaMod:ChloeAnySkillTrace","floor":14}],"player_experience":32706,"relics_obtained":[{"floor":1,"key":"LetterFromLob"},{"floor":9,"key":"Sundial"}],"event_choices":[],"is_beta":false,"boss_relics":[],"items_purged_floors":[],"is_endless":false,"potions_floor_spawned":[7,11,12,14],"killed_by":"Gensokyo:Reimu","ascension_level":0}}