{"host":"hlz9nytggqnehs39","time":1612529697,"event":{"mods":["BaseMod","Highlight Path","Minty Spire (QoL Compilation)","Relic Stats"],"gold_per_floor":[362,374,374,40,51,51,81,81,81,100,116,145,203,220,220,297,297,297,297,297,311,311,311,89,105,105,105,105,153,68,97,97,179,179,203,203,232,232,251,281,281,57,57,57,341,341,11,31,31,31,31],"floor_reached":50,"language":"ENG","playtime":2869,"items_purged":["Strike_G","Strike_G","Parasite","Regret"],"score":881,"play_id":"863fe0a1-52ad-49ab-acb6-f8dca4dcd388","local_time":"20210205135457","is_ascension_mode":true,"campfire_choices":[{"floor":6.0,"key":"REST"},{"floor":8.0,"key":"REST"},{"floor":15.0,"key":"REST"},{"data":"Night Terror","floor":23.0,"key":"SMITH"},{"data":"Ghostly","floor":27.0,"key":"SMITH"},{"data":"Ghostly","floor":32.0,"key":"SMITH"},{"data":"Ghostly","floor":41,"key":"SMITH"},{"data":"After Image","floor":46,"key":"SMITH"},{"data":"Catalyst","floor":49,"key":"SMITH"}],"circlet_count":0,"master_deck":["AscendersBane","Strike_G+1","Strike_G+1","Strike_G+1","Defend_G+1","Defend_G+1","Defend_G+1","Defend_G+1","Defend_G+1","Survivor","Neutralize","Deadly Poison","Crippling Poison","Blade Dance","Finisher","Footwork","Backflip","Deflect","Noxious Fumes","Cloak And Dagger","Finisher","Night Terror+1","Accuracy","Escape Plan","Backflip","Die Die Die","Ghostly+1","Ghostly+1","Ghostly+1","RitualDagger","Footwork","PiercingWail+1","Deadly Poison","Footwork","After Image+1","Well Laid Plans+1","Dodge and Roll","Backstab+1","Endless Agony","Concentrate","Catalyst+1","Outmaneuver","Outmaneuver","Deflect"],"relics":["Ring of the Snake","InkBottle","OrangePellets","Prayer Wheel","White Beast Statue","Gremlin Horn","Oddly Smooth Stone","SacredBark","MealTicket","CeramicFish","WingedGreaves","Runic Pyramid","Unceasing Top","Membership Card","Lantern"],"acts_visited":["Exordium","TheCity","TheBeyond"],"potions_floor_usage":[39,40,48,50,50],"damage_taken":[{"damage":1.0,"enemies":"Cultist","floor":1.0,"turns":5.0},{"damage":1.0,"enemies":"Small Slimes","floor":2.0,"turns":3.0},{"damage":1.0,"enemies":"2 Louse","floor":5.0,"turns":2.0},{"damage":0.0,"enemies":"Lagavulin","floor":7.0,"turns":3.0},{"damage":0.0,"enemies":"Blue Slaver","floor":10.0,"turns":3.0},{"damage":12.0,"enemies":"Exordium Wildlife","floor":11.0,"turns":5.0},{"damage":19.0,"enemies":"3 Sentries","floor":12.0,"turns":6.0},{"damage":15.0,"enemies":"Lagavulin Event","floor":13.0,"turns":5.0},{"damage":0.0,"enemies":"Looter","floor":14.0,"turns":1.0},{"damage":4.0,"enemies":"The Guardian","floor":16.0,"turns":12.0},{"damage":0.0,"enemies":"2 Thieves","floor":18.0,"turns":1.0},{"damage":0.0,"enemies":"Chosen","floor":21.0,"turns":1.0},{"damage":1.0,"enemies":"Snecko","floor":25.0,"turns":7.0},{"damage":0.0,"enemies":"Snake Plant","floor":31.0,"turns":7.0},{"damage":5.0,"enemies":"Automaton","floor":33.0,"turns":18.0},{"damage":7.0,"enemies":"3 Shapes","floor":35.0,"turns":6.0},{"damage":5,"enemies":"Orb Walker","floor":37,"turns":7},{"damage":2,"enemies":"Spire Growth","floor":39,"turns":13},{"damage":0,"enemies":"Writhing Mass","floor":40,"turns":15},{"damage":1,"enemies":"4 Shapes","floor":48,"turns":6},{"damage":38,"enemies":"Donu and Deca","floor":50,"turns":14}],"seed_played":"3756980560467935182","potions_obtained":[{"floor":2.0,"key":"SteroidPotion"},{"floor":5.0,"key":"ColorlessPotion"},{"floor":10.0,"key":"EntropicBrew"},{"floor":11.0,"key":"GamblersBrew"},{"floor":12.0,"key":"Weak Potion"},{"floor":13.0,"key":"SmokeBomb"},{"floor":14.0,"key":"DistilledChaos"},{"floor":16.0,"key":"SteroidPotion"},{"floor":21.0,"key":"SmokeBomb"},{"floor":25.0,"key":"PowerPotion"},{"floor":31.0,"key":"DuplicationPotion"},{"floor":33.0,"key":"Swift Potion"},{"floor":35.0,"key":"LiquidBronze"},{"floor":37,"key":"Dexterity Potion"},{"floor":39,"key":"DistilledChaos"},{"floor":40,"key":"Dexterity Potion"},{"floor":48,"key":"Explosive Potion"}],"is_trial":false,"path_per_floor":["M","M","?","$","M","R","E","R","T","M","M","E","?","M","R","B",null,"M","?","?","M","?","R","$","M","T","R","?","T","?","M","R","B",null,"M","?","M","?","M","M","R","$","T","$","?","R","$","M","R","B"],"character_chosen":"THE_SILENT","items_purchased":["OrangePellets","Blade Dance","Finisher","Footwork","Deadly Poison","Catalyst","Outmaneuver","Membership Card","Lantern","Outmaneuver","SpeedPotion"],"campfire_rested":3,"item_purchase_floors":[4,4,4,24,24,42,42,47,47,47,47],"current_hp_per_floor":[58,57,12,12,11,29,29,47,47,47,35,16,1,1,19,15,49,49,30,24,24,24,24,24,23,23,23,23,23,23,23,23,18,27,20,20,15,25,23,23,23,22,22,22,22,22,22,21,21,0,0],"gold":31,"neow_bonus":"TWO_FIFTY_GOLD","is_daily":false,"chose_seed":false,"campfire_upgraded":6,"win_rate":0.0,"timestamp":1612529697,"path_taken":["M","M","?","$","M","R","E","R","T","M","M","E","?","M","R","BOSS","M","?","?","?","?","R","$","M","T","R","?","?","?","M","R","BOSS","M","?","M","?","M","M","R","$","T","?","?","R","$","M","R","BOSS"],"items_purchased_type":["Relic","Card","Card","Card","Card","Card","Card","Relic","Relic","Card","Potion"],"build_version":"2020-12-22","purchased_purges":4,"victory":false,"max_hp_per_floor":[60,60,60,60,60,60,60,60,60,60,60,60,60,60,60,60,60,60,30,30,30,30,30,30,30,30,30,30,30,30,30,30,30,30,30,30,30,25,25,25,25,22,22,22,22,22,22,22,22,22,22],"relic_stats":{"OrangePellets":[10],"Gremlin Horn":[6,6],"counters":[21,140],"CeramicFish":117,"Prayer Wheel":11,"MealTicket":2,"obtain_stats":[{"Lantern":47,"Gremlin Horn":12,"SacredBark":17,"CeramicFish":29,"Oddly Smooth Stone":13,"White Beast Statue":9,"OrangePellets":4,"Prayer Wheel":7,"MealTicket":26,"WingedGreaves":30,"Membership Card":47,"InkBottle":3,"Unceasing Top":43,"Ring of the Snake":0,"Runic Pyramid":34},{"Lantern":19,"Gremlin Horn":7,"SacredBark":10,"CeramicFish":13,"Oddly Smooth Stone":8,"White Beast Statue":4,"OrangePellets":2,"Prayer Wheel":4,"MealTicket":13,"WingedGreaves":13,"Membership Card":19,"InkBottle":2,"Unceasing Top":19,"Ring of the Snake":0,"Runic Pyramid":15},{"Lantern":120,"Gremlin Horn":27,"SacredBark":45,"CeramicFish":54,"Oddly Smooth Stone":32,"White Beast Statue":13,"OrangePellets":8,"Prayer Wheel":13,"MealTicket":54,"WingedGreaves":54,"Membership Card":120,"InkBottle":8,"Unceasing Top":120,"Ring of the Snake":0,"Runic Pyramid":79}],"InkBottle":[47],"Unceasing Top":[0],"Ring of the Snake":[42]},"card_choices":[{"not_picked":["Quick Slash","Cloak And Dagger"],"picked":"Deadly Poison","floor":1.0},{"not_picked":["Well Laid Plans","Outmaneuver"],"picked":"Crippling Poison","floor":2.0},{"not_picked":["Terror","Noxious Fumes"],"picked":"Footwork","floor":5.0},{"not_picked":["Prepared","Choke"],"picked":"Backflip","floor":7.0},{"not_picked":["Riddle With Holes","Sucker Punch"],"picked":"Deflect","floor":10.0},{"not_picked":["Dodge and Roll","Distraction"],"picked":"Noxious Fumes","floor":10.0},{"not_picked":["Acrobatics","Dodge and Roll"],"picked":"Cloak And Dagger","floor":11.0},{"not_picked":["Dagger Throw","After Image"],"picked":"Finisher","floor":11.0},{"not_picked":["Cloak And Dagger","Doppelganger"],"picked":"Night Terror","floor":12.0},{"not_picked":["Leg Sweep","Expertise"],"picked":"Accuracy","floor":13.0},{"not_picked":["Reflex","Acrobatics"],"picked":"Escape Plan","floor":14.0},{"not_picked":["Expertise","Cloak And Dagger"],"picked":"Backflip","floor":14.0},{"not_picked":["Phantasmal Killer","A Thousand Cuts"],"picked":"Die Die Die","floor":16.0},{"not_picked":["Dagger Spray","Heel Hook","Outmaneuver"],"picked":"SKIP","floor":21.0},{"not_picked":["Choke","Distraction","Quick Slash"],"picked":"SKIP","floor":21.0},{"not_picked":["Skewer","Escape Plan"],"picked":"PiercingWail+1","floor":25.0},{"not_picked":["Dagger Throw+1","Phantasmal Killer"],"picked":"Deadly Poison","floor":25.0},{"not_picked":["Bane","Slice"],"picked":"Footwork","floor":31.0},{"not_picked":["Outmaneuver","Dagger Spray+1","Quick Slash"],"picked":"SKIP","floor":31.0},{"not_picked":["Envenom","Die Die Die"],"picked":"After Image","floor":33.0},{"not_picked":["All Out Attack","Tactician+1"],"picked":"Well Laid Plans+1","floor":35.0},{"not_picked":["Slice+1","Predator","Flechettes+1"],"picked":"SKIP","floor":35.0},{"not_picked":["Dagger Throw+1","Masterful Stab+1"],"picked":"Dodge and Roll","floor":37},{"not_picked":["PiercingWail","Deadly Poison+1"],"picked":"Backstab+1","floor":37},{"not_picked":["Backflip+1","Finisher"],"picked":"Endless Agony","floor":39},{"not_picked":["Deadly Poison","Backstab","Predator+1"],"picked":"SKIP","floor":39},{"not_picked":["Blur","Noxious Fumes"],"picked":"Concentrate","floor":40},{"not_picked":["Deadly Poison","Underhanded Strike","Flying Knee"],"picked":"SKIP","floor":40},{"not_picked":["Expertise","Crippling Poison+1"],"picked":"Deflect","floor":48},{"not_picked":["Blur","Deadly Poison","Cloak And Dagger"],"picked":"SKIP","floor":48}],"player_experience":415984,"relics_obtained":[{"floor":7.0,"key":"Prayer Wheel"},{"floor":9.0,"key":"White Beast Statue"},{"floor":12.0,"key":"Gremlin Horn"},{"floor":13.0,"key":"Oddly Smooth Stone"},{"floor":26.0,"key":"MealTicket"},{"floor":29.0,"key":"CeramicFish"},{"floor":43,"key":"Unceasing Top"}],"event_choices":[{"damage_healed":0.0,"max_hp_gain":0.0,"max_hp_loss":0.0,"gold_gain":0.0,"event_name":"Scrap Ooze","player_choice":"Success","floor":3.0,"gold_loss":0.0,"damage_taken":45.0,"relics_obtained":["InkBottle"]},{"damage_healed":0.0,"max_hp_gain":0.0,"max_hp_loss":0.0,"gold_gain":0.0,"event_name":"Dead Adventurer","player_choice":"Searched \u00271\u0027 times","floor":13.0,"gold_loss":0.0,"damage_taken":0.0},{"damage_healed":0.0,"max_hp_gain":0.0,"max_hp_loss":30.0,"gold_gain":0.0,"event_name":"Ghosts","player_choice":"Became a Ghost","floor":19.0,"gold_loss":0.0,"damage_taken":0.0,"cards_obtained":["Ghostly","Ghostly","Ghostly"]},{"damage_healed":0.0,"max_hp_gain":0.0,"max_hp_loss":0.0,"gold_gain":0.0,"event_name":"Nest","player_choice":"Joined the Cult","floor":20.0,"gold_loss":0.0,"damage_taken":6.0,"cards_obtained":["RitualDagger"]},{"damage_healed":0.0,"max_hp_gain":0.0,"max_hp_loss":0.0,"gold_gain":0.0,"event_name":"Cursed Tome","player_choice":"Ignored","floor":22.0,"gold_loss":0.0,"damage_taken":0.0},{"damage_healed":0.0,"max_hp_gain":0.0,"max_hp_loss":0.0,"gold_gain":0.0,"event_name":"Back to Basics","player_choice":"Simplicity","floor":28.0,"gold_loss":0.0,"damage_taken":0.0,"cards_upgraded":["Strike_G","Strike_G","Strike_G","Defend_G","Defend_G","Defend_G","Defend_G","Defend_G"]},{"damage_healed":0.0,"max_hp_gain":0.0,"max_hp_loss":0.0,"gold_gain":0.0,"event_name":"Addict","player_choice":"Obtained Relic","floor":30.0,"gold_loss":85.0,"damage_taken":0.0,"relics_obtained":["WingedGreaves"]},{"cards_removed":["Deadly Poison"],"damage_healed":0.0,"max_hp_gain":0.0,"max_hp_loss":0.0,"gold_gain":0.0,"event_name":"Falling","player_choice":"Removed Skill","floor":36.0,"gold_loss":0.0,"damage_taken":0.0},{"damage_healed":25,"gold_gain":0,"player_choice":"Heal","damage_taken":0,"max_hp_gain":0,"max_hp_loss":5,"event_name":"The Moai Head","floor":38,"gold_loss":0},{"damage_healed":0,"gold_gain":275,"player_choice":"Desecrate","damage_taken":0,"max_hp_gain":0,"max_hp_loss":0,"event_name":"Golden Shrine","floor":45,"gold_loss":0,"cards_obtained":["Regret"]}],"is_beta":false,"boss_relics":[{"not_picked":["Philosopher\u0027s Stone","Velvet Choker"],"picked":"SacredBark"},{"not_picked":["Coffee Dripper","Runic Dome"],"picked":"Runic Pyramid"}],"items_purged_floors":[4,24,42,47],"is_endless":false,"potions_floor_spawned":[2,5,10,11,12,13,14,16,18,21,25,31,33,35,37,39,40,48],"killed_by":"Donu and Deca","ascension_level":15}}