{"host":"2mxajwyidsax8sss","time":1612550183,"event":{"mods":["100% Spire Juice","2.2 Compatiblity","Act Like it!","Arknights","Aspiration","Bartender","BaseMod","Better Match","Better Note","Better Sensory Stone","Better Vampires","BetterRewards","Block Reminder","CapriCore","ChefMod","Chen","Colored Powertips","Conspire","Decade(???)","Defuse TimeMaze Blight","Downfall","Energized Spire","Friendly Minions","Gensokyo","Googly Eyes","GungeonMod","Hallownest","Hermit","HololiveMod","Hubris","Humility","Jorbs\u0027s Wanderer Trilogy","Koishi","Luminous","Marked Mod","Minty Spire (QoL Compilation)","Nova Terra(??·??)","Pale of the Ancients","Permanent Neow","Prisma Mod","Quick Restart","Random Character Button","Reimu??????","Relic Filter","Relic Stats","Reliquary","Remilia??????","Replay The Spire","SIMod","SOS???????","StSLib","The Animator","The Bug Knight","The Death Knight","The Dragon Tamer","The Immortal","The Kombatant","Wandering Minibosses"],"gold_per_floor":[110,110,110,4,24,59,75,75,98,112,444,460,265,281,281,384,384,399,324,65,0,20,20,45,45,69,87,115,115,115,115],"floor_reached":30,"language":"ENG","playtime":3429,"items_purged":["KamenRideDecade"],"score":315,"play_id":"35dc3c45-b253-495f-8589-edbed3a9fc9c","local_time":"20210205193623","is_ascension_mode":true,"campfire_choices":[{"data":"FormRideDragon","floor":8,"key":"SMITH"},{"data":"Blade_Metal","floor":15,"key":"SMITH"},{"data":"AttackRide","floor":23,"key":"SMITH"},{"data":"Kuuga_Rising","floor":29,"key":"SMITH"}],"circlet_count":0,"master_deck":["Decade_Attack","Decade_Attack","Decade_Attack","Decade_Attack","KamenRide","Decade_SpecialSkill+1","Decade_Defend","Decade_Defend","Decade_Defend","Decade_Defend","DenO_Sword","RideBooker_Skill_2","DenO_Gun","FormRideDragon+1","Blade_Metal+1","Pot Of Greed+1","Pot Of Greed","Kuuga_GouramAttack","UnarmedAttack1+1","UnarmedAttack5","Kuuga_Rising+1","FormRide+1","AttackRide+1","Pot Of Greed","Blade_Metal","AutoVajin"],"relics":["Decadriver","TOEIDeficitBill","NeowsBlessing","conspire:Flyswatter","Grinning Jar","DemoMod:WhiteGuonStone","Juzu Bracelet","conspire:TreasureMap","energizedSpire:DeadBattery","aspiration:Nostalgia","m_BurningSludge","reliquary:HotPoker","StoneCalendar"],"acts_visited":["Gensokyo:Gensokyo","Gensokyo:Gensokyoer"],"potions_floor_usage":[11,27],"damage_taken":[{"damage":0,"enemies":"Gensokyo:Gryphon","floor":1,"turns":1},{"damage":7,"enemies":"Gensokyo:2_Kodama","floor":5,"turns":2},{"damage":0,"enemies":"Gensokyo:Cirno","floor":6,"turns":2},{"damage":0,"enemies":"Gensokyo:3_Fairies","floor":7,"turns":3},{"damage":0,"enemies":"Gensokyo:Kitsune","floor":10,"turns":5},{"damage":5,"enemies":"Gensokyo:Mamizou","floor":11,"turns":10},{"damage":10,"enemies":"Gensokyo:LivingMonolith","floor":12,"turns":5},{"damage":0,"enemies":"Gensokyo:VengefulSpirit","floor":14,"turns":5},{"damage":14,"enemies":"Gensokyo:Kokoro","floor":16,"turns":10},{"damage":7,"enemies":"Gensokyo:CosmicMonolith","floor":18,"turns":3},{"damage":3,"enemies":"Gensokyo:AngelMirror","floor":22,"turns":4},{"damage":55,"enemies":"Gensokyo:Reisen","floor":24,"turns":7},{"damage":0,"enemies":"Gensokyo:Swordslinger","floor":27,"turns":4},{"damage":18,"enemies":"Gensokyo:Tenshi","floor":28,"turns":5},{"damage":24,"enemies":"Gensokyo:3_Gloops","floor":30,"turns":4}],"seed_played":"-5701971899811325813","potions_obtained":[{"floor":5,"key":"DeathKnight:RimePotion"},{"floor":7,"key":"DemoMod:LeadSkinPotion"},{"floor":12,"key":"Block Potion"},{"floor":14,"key":"LiquidMemories"}],"is_trial":false,"path_per_floor":["M","?","?","COS","M","E","M","R","T","M","E","M","$","M","R","B",null,"M","?","$","?","M","R","E","?","T","M","E","R","M"],"character_chosen":"Decade","items_purchased":["UnarmedAttack1+1","conspire:TreasureMap","AttackRide","aspiration:Nostalgia"],"campfire_rested":0,"item_purchase_floors":[13,13,20,20],"current_hp_per_floor":[70,70,70,70,63,70,70,70,70,70,65,55,55,70,70,62,70,63,63,63,63,65,65,10,10,10,22,22,22,0,0],"gold":115,"neow_bonus":"THREE_ENEMY_KILL","is_daily":false,"chose_seed":false,"campfire_upgraded":4,"win_rate":0.0,"timestamp":1612550183,"path_taken":["M","?","?","COS","M","E","M","R","T","M","E","M","$","M","R","BOSS","M","?","$","?","M","R","E","?","T","M","E","R","M"],"items_purchased_type":["Card","Relic","Card","Relic"],"build_version":"2020-12-22","purchased_purges":1,"victory":false,"max_hp_per_floor":[70,70,70,70,70,70,70,70,70,70,70,70,70,70,70,70,70,70,70,70,70,70,70,70,63,63,63,63,63,63,63],"relic_stats":{"counters":[15,70],"StoneCalendar":[0],"Juzu Bracelet":0,"obtain_stats":[{"conspire:TreasureMap":13,"NeowsBlessing":0,"aspiration:Nostalgia":20,"Decadriver":0,"StoneCalendar":28,"DemoMod:GlassGuonStoneRelic":5,"Juzu Bracelet":11,"TOEIDeficitBill":0,"DemoMod:WhiteGuonStone":10,"energizedSpire:DeadBattery":17,"reliquary:HotPoker":24,"Grinning Jar":9,"conspire:Flyswatter":6,"m_BurningSludge":20},{"conspire:TreasureMap":7,"NeowsBlessing":0,"aspiration:Nostalgia":10,"Decadriver":0,"StoneCalendar":14,"DemoMod:GlassGuonStoneRelic":2,"Juzu Bracelet":6,"TOEIDeficitBill":0,"DemoMod:WhiteGuonStone":5,"energizedSpire:DeadBattery":9,"reliquary:HotPoker":12,"Grinning Jar":4,"conspire:Flyswatter":3,"m_BurningSludge":10},{"conspire:TreasureMap":28,"NeowsBlessing":0,"aspiration:Nostalgia":46,"Decadriver":0,"StoneCalendar":66,"DemoMod:GlassGuonStoneRelic":3,"Juzu Bracelet":23,"TOEIDeficitBill":0,"DemoMod:WhiteGuonStone":10,"energizedSpire:DeadBattery":43,"reliquary:HotPoker":57,"Grinning Jar":8,"conspire:Flyswatter":5,"m_BurningSludge":46}]},"card_choices":[{"not_picked":["UnarmedAttack5","DragShield"],"picked":"DenO_Sword","floor":1},{"not_picked":["DenO_Ax","RideBooker_Skill_1"],"picked":"RideBooker_Skill_2","floor":2},{"not_picked":["Decade_Dash2","RideBooker_Skill_1"],"picked":"DenO_Gun","floor":2},{"not_picked":["Blade_Slash","KamenRideKuuga"],"picked":"FormRideDragon","floor":6},{"not_picked":["FormRideFlame","UnarmedAttack5"],"picked":"Blade_Metal","floor":7},{"not_picked":["DenO_Sword","Hibiki_Attack1"],"picked":"Kuuga_GouramAttack","floor":12},{"not_picked":["KamenRideFaiz","AutoVajin"],"picked":"KamenRideDecade","floor":14},{"not_picked":["RideBooker_Skill_2","Blade_Slash"],"picked":"UnarmedAttack5","floor":14},{"not_picked":["Kiva_Eat","FormRideAxel"],"picked":"Kuuga_Rising","floor":16},{"not_picked":["FormRideJack+1","PhotonAcceleration+1"],"picked":"FormRide+1","floor":19},{"not_picked":["Hibiki_Attack1","FormRideBasshaa"],"picked":"Blade_Metal","floor":22},{"not_picked":["Slimebound:FinishingTackle","DenO_Sword","Slimebound:ViciousTackle"],"picked":"SKIP","floor":22},{"not_picked":["Hibiki_Attack2","DenO_Ax"],"picked":"AutoVajin","floor":24}],"player_experience":242368,"relics_obtained":[{"floor":6,"key":"conspire:Flyswatter"},{"floor":9,"key":"Grinning Jar"},{"floor":11,"key":"Juzu Bracelet"},{"floor":24,"key":"reliquary:HotPoker"},{"floor":28,"key":"StoneCalendar"}],"event_choices":[{"damage_healed":0,"gold_gain":0,"player_choice":"2","damage_taken":0,"max_hp_gain":0,"max_hp_loss":0,"event_name":"betterMatch:BetterMatch","floor":19,"gold_loss":0,"cards_obtained":["betterMatch:UncommonCard"]}],"is_beta":false,"boss_relics":[{"not_picked":["Tiny House","Abe\u0027s Treasure"],"picked":"energizedSpire:DeadBattery"}],"items_purged_floors":[20],"is_endless":false,"potions_floor_spawned":[5,7,12,14,18,24],"killed_by":"Gensokyo:3_Gloops","ascension_level":1,"is_humility":true}}