{"host":"f3zi5bw4of71qj4o","time":1612554150,"event":{"mods":["BaseMod","DeckTracker","Highlight Path","Minty Spire (QoL Compilation)","Relic Stats","StSLib","SuperFastMode"],"gold_per_floor":[115,115,12,12,30,30,48,67,67,102,102,129,129,129,129,204,204,219,236,286,261,311,311,311,311],"floor_reached":24,"language":"ENG","playtime":3011,"items_purged":["Defend_B"],"score":504,"play_id":"41c3bf0a-9065-4d65-aa1f-dd5cd94376cc","local_time":"20210205204230","is_ascension_mode":true,"campfire_choices":[{"floor":6.0,"key":"RECALL"},{"floor":11,"key":"REST"},{"floor":15,"key":"REST"},{"floor":23,"key":"REST"}],"circlet_count":0,"master_deck":["AscendersBane","Strike_B","Strike_B","Defend_B","Defend_B","Defend_B","Zap","Dualcast","Streamline","Conserve Battery","Beam Cell","Coolheaded","Auto Shields","Chaos","Buffer","Fission","Sweeping Beam+1","Self Repair"],"relics":["Fusion Hammer","Smiling Mask","Ornamental Fan","Matryoshka","Eternal Feather","Juzu Bracelet","SsserpentHead","Black Star","MutagenicStrength"],"acts_visited":["Exordium","TheCity"],"potions_floor_usage":[10,19,24],"damage_taken":[{"damage":0.0,"enemies":"2 Louse","floor":1.0,"turns":2.0},{"damage":0.0,"enemies":"Jaw Worm","floor":5.0,"turns":3.0},{"damage":0.0,"enemies":"Cultist","floor":7.0,"turns":3.0},{"damage":1.0,"enemies":"Looter","floor":8.0,"turns":3.0},{"damage":35,"enemies":"Gremlin Nob","floor":10,"turns":5},{"damage":12,"enemies":"Lagavulin","floor":12,"turns":7},{"damage":0,"enemies":"Slime Boss","floor":16,"turns":6},{"damage":21,"enemies":"Spheric Guardian","floor":18,"turns":7},{"damage":9,"enemies":"Shell Parasite","floor":19,"turns":7},{"damage":77,"enemies":"Book of Stabbing","floor":24,"turns":7}],"seed_played":"2763154780304924265","potions_obtained":[{"floor":1.0,"key":"Weak Potion"},{"floor":7.0,"key":"ColorlessPotion"},{"floor":12,"key":"Block Potion"},{"floor":16,"key":"Swift Potion"}],"is_trial":false,"path_per_floor":["M","?","$","?","M","R","M","M","T","E","R","E","T","?","R","B",null,"M","M","?","?","?","R","E"],"character_chosen":"DEFECT","items_purchased":["Conserve Battery"],"campfire_rested":3,"item_purchase_floors":[3],"current_hp_per_floor":[64,69,69,69,69,69,69,68,68,33,55,43,43,43,74,74,76,55,46,46,46,46,76,0,0],"gold":311,"neow_bonus":"BOSS_RELIC","is_daily":false,"chose_seed":false,"campfire_upgraded":0,"win_rate":0.0,"timestamp":1612554150,"path_taken":["M","?","$","?","M","R","M","M","T","E","R","E","?","?","R","BOSS","M","M","?","?","?","R","E"],"items_purchased_type":["Card"],"build_version":"2020-12-22","purchased_purges":1,"victory":false,"max_hp_per_floor":[71,76,76,76,76,76,76,76,76,76,76,76,76,76,76,76,76,76,76,76,76,76,76,76,76],"relic_stats":{"SsserpentHead":150,"counters":[10,50],"Ornamental Fan":[16],"Eternal Feather":18,"Juzu Bracelet":0,"Black Star":0,"Smiling Mask":0,"obtain_stats":[{"SsserpentHead":14,"Matryoshka":12,"Ornamental Fan":10,"MutagenicStrength":20,"Eternal Feather":13,"Fusion Hammer":0,"Juzu Bracelet":13,"Black Star":17,"Cracked Core":0,"Smiling Mask":9},{"SsserpentHead":6,"Matryoshka":6,"Ornamental Fan":5,"MutagenicStrength":9,"Eternal Feather":6,"Fusion Hammer":0,"Juzu Bracelet":6,"Black Star":7,"Cracked Core":0,"Smiling Mask":4},{"SsserpentHead":23,"Matryoshka":23,"Ornamental Fan":16,"MutagenicStrength":43,"Eternal Feather":23,"Fusion Hammer":0,"Juzu Bracelet":23,"Black Star":29,"Cracked Core":0,"Smiling Mask":11}]},"card_choices":[{"not_picked":["Static Discharge","Cold Snap"],"picked":"Streamline","floor":1.0},{"not_picked":["Darkness","Storm"],"picked":"Beam Cell","floor":5.0},{"not_picked":["Steam","Heatsinks"],"picked":"Coolheaded","floor":7.0},{"not_picked":["Leap","Streamline"],"picked":"Auto Shields","floor":8.0},{"not_picked":["Leap","Streamline"],"picked":"Chaos","floor":10},{"not_picked":["Rainbow","Hello World"],"picked":"Buffer","floor":12},{"not_picked":["Creative AI","Meteor Strike"],"picked":"Fission","floor":16},{"not_picked":["Stack","Steam"],"picked":"Sweeping Beam+1","floor":18},{"not_picked":["Stack","Rebound","Turbo"],"picked":"SKIP","floor":19}],"player_experience":2579789,"relics_obtained":[{"floor":9.0,"key":"Smiling Mask"},{"floor":10,"key":"Ornamental Fan"},{"floor":12,"key":"Matryoshka"},{"floor":13,"key":"Eternal Feather"},{"floor":13,"key":"Juzu Bracelet"}],"event_choices":[{"damage_healed":0.0,"max_hp_gain":5.0,"max_hp_loss":0.0,"gold_gain":0.0,"event_name":"Big Fish","player_choice":"Donut","floor":2.0,"gold_loss":0.0,"damage_taken":0.0},{"cards_removed":["Strike_B"],"damage_healed":0.0,"max_hp_gain":0.0,"max_hp_loss":0.0,"gold_gain":0.0,"event_name":"Living Wall","player_choice":"Forget","floor":4.0,"gold_loss":0.0,"damage_taken":0.0},{"damage_healed":0,"gold_gain":0,"player_choice":"Trade","damage_taken":0,"relics_obtained":["SsserpentHead"],"max_hp_gain":0,"max_hp_loss":0,"event_name":"FaceTrader","floor":14,"gold_loss":0},{"damage_healed":0,"gold_gain":0,"player_choice":"Inject Mutagens","damage_taken":0,"relics_obtained":["MutagenicStrength"],"max_hp_gain":0,"max_hp_loss":0,"event_name":"Drug Dealer","floor":20,"gold_loss":0},{"cards_removed":["Strike_B"],"damage_healed":0,"gold_gain":0,"player_choice":"Gave Gold","damage_taken":0,"max_hp_gain":0,"max_hp_loss":0,"event_name":"Beggar","floor":21,"gold_loss":75},{"damage_healed":0,"gold_gain":0,"player_choice":"Read","damage_taken":0,"max_hp_gain":0,"max_hp_loss":0,"event_name":"The Library","floor":22,"gold_loss":0,"cards_obtained":["Self Repair"]}],"is_beta":false,"boss_relics":[{"not_picked":["Calling Bell","Runic Pyramid"],"picked":"Black Star"}],"items_purged_floors":[3],"is_endless":false,"potions_floor_spawned":[1,7,12,16,18],"killed_by":"Book of Stabbing","ascension_level":20}}