{"host":"aapp7ew3jk5k1bvd","time":1612531486,"event":{"mods":["AchievementEnabler","BaseMod","Colored Map","Minty Spire (QoL Compilation)","Permanent Neow","StSLib","SuperFastMode"],"gold_per_floor":[360,199,215,72,85,99,118,134,134,134,147,147,182,82,82,181,181,201,215,215,315,330,330,330,330],"floor_reached":24,"language":"KOR","playtime":441,"items_purged":["Strike_R","Strike_R"],"score":310,"play_id":"7ac5e286-ab27-4e3e-8a1e-89e78021836a","local_time":"20210205222446","is_ascension_mode":true,"campfire_choices":[{"floor":10.0,"key":"REST"},{"data":"Flex","floor":12.0,"key":"SMITH"},{"floor":15.0,"key":"REST"},{"floor":23,"key":"REST"}],"circlet_count":0,"master_deck":["AscendersBane","Strike_R","Strike_R","Strike_R","Defend_R","Defend_R","Defend_R","Defend_R","Bash","Flex+1","Pummel","Pummel","Sword Boomerang","Flex","Flex","Flame Barrier","Sword Boomerang"],"relics":["Burning Blood","Vajra","Gremlin Horn","Darkstone Periapt"],"acts_visited":["Exordium","TheCity"],"potions_floor_usage":[16,16,19],"damage_taken":[{"damage":0.0,"enemies":"Small Slimes","floor":1.0,"turns":3.0},{"damage":18.0,"enemies":"Jaw Worm","floor":3.0,"turns":4.0},{"damage":0.0,"enemies":"Cultist","floor":5.0,"turns":2.0},{"damage":16.0,"enemies":"Gremlin Gang","floor":6.0,"turns":6.0},{"damage":10.0,"enemies":"Large Slime","floor":7.0,"turns":4.0},{"damage":11.0,"enemies":"Blue Slaver","floor":8.0,"turns":3.0},{"damage":7.0,"enemies":"3 Louse","floor":11.0,"turns":3.0},{"damage":25.0,"enemies":"Lagavulin","floor":13.0,"turns":5.0},{"damage":44,"enemies":"Hexaghost","floor":16,"turns":9},{"damage":7,"enemies":"Chosen","floor":18,"turns":4},{"damage":16,"enemies":"Shell Parasite","floor":19,"turns":4},{"damage":55,"enemies":"Snake Plant","floor":22,"turns":5},{"damage":0,"enemies":"Gremlin Leader","floor":24,"turns":1}],"seed_played":"1179665498752313097","potions_obtained":[{"floor":1.0,"key":"PowerPotion"},{"floor":6.0,"key":"ElixirPotion"},{"floor":8.0,"key":"EntropicBrew"},{"floor":13.0,"key":"CultistPotion"},{"floor":19,"key":"BloodPotion"},{"floor":22,"key":"CultistPotion"}],"is_trial":false,"path_per_floor":["M","$","M","$","M","M","M","M","T","R","M","R","E","$","R","B",null,"M","M","?","?","M","R","E"],"character_chosen":"IRONCLAD","items_purchased":["Flex","Pummel","Vajra"],"campfire_rested":3,"item_purchase_floors":[2,2,4],"current_hp_per_floor":[57,57,45,45,51,41,37,32,32,56,55,55,36,36,60,22,66,65,71,71,71,22,46,46,46],"gold":330,"neow_bonus":"TWO_FIFTY_GOLD","is_daily":false,"chose_seed":false,"campfire_upgraded":1,"win_rate":0.0,"timestamp":1612531486,"path_taken":["M","$","M","$","M","M","M","M","T","R","M","R","E","$","R","BOSS","M","M","?","?","M","R","E"],"items_purchased_type":["Card","Card","Relic"],"build_version":"2020-12-22","purchased_purges":2,"victory":false,"max_hp_per_floor":[80,80,80,80,80,80,80,80,80,80,80,80,80,80,80,80,80,80,80,80,80,80,80,80,80],"card_choices":[{"not_picked":["Armaments","Ghostly Armor","Cleave"],"picked":"SKIP","floor":1.0},{"not_picked":["Dropkick","Warcry"],"picked":"Pummel","floor":3.0},{"not_picked":["Feel No Pain","Pommel Strike","Combust"],"picked":"SKIP","floor":5.0},{"not_picked":["Iron Wave","Blood for Blood"],"picked":"Sword Boomerang","floor":6.0},{"not_picked":["Clash","Dual Wield"],"picked":"Flex","floor":7.0},{"not_picked":["Berserk","Body Slam","Headbutt"],"picked":"SKIP","floor":8.0},{"not_picked":["Dropkick","Warcry"],"picked":"Flex","floor":11.0},{"not_picked":["Feel No Pain","Bloodletting"],"picked":"Flame Barrier","floor":13.0},{"not_picked":["Perfected Strike","Havoc","Anger+1"],"picked":"SKIP","floor":18},{"not_picked":["Clothesline","Headbutt","Burning Pact+1"],"picked":"SKIP","floor":19},{"not_picked":["Shockwave+1","Perfected Strike"],"picked":"Sword Boomerang","floor":22}],"player_experience":1319957,"relics_obtained":[{"floor":9.0,"key":"Gremlin Horn"},{"floor":13.0,"key":"Darkstone Periapt"}],"event_choices":[{"damage_healed":0,"gold_gain":0,"player_choice":"Ignored","damage_taken":0,"max_hp_gain":0,"max_hp_loss":0,"event_name":"Vampires","floor":20,"gold_loss":0},{"damage_healed":0,"gold_gain":100,"player_choice":"Pray","damage_taken":0,"max_hp_gain":0,"max_hp_loss":0,"event_name":"Golden Shrine","floor":21,"gold_loss":0}],"is_beta":false,"boss_relics":[{"not_picked":["Snecko Eye","Mark of Pain","Cursed Key"]}],"items_purged_floors":[2,14],"is_endless":false,"potions_floor_spawned":[1,6,8,13,19,22],"killed_by":"Gremlin Leader","ascension_level":11}}