{"host":"yqw1zpryoutrnocq","time":1612549075,"event":{"mods":["2.2 Compatiblity","AchievementEnabler","BaseMod","Colored Map","Custom Start","DeckTracker","Minty Spire (QoL Compilation)","StSLib","SuperFastMode"],"gold_per_floor":[116,135,59,334,352,362,396,408,420,30,30,30,30,42,42,42,42],"floor_reached":16,"language":"KOR","playtime":318,"items_purged":["Strike_B","Regret"],"score":125,"play_id":"49d670f4-f54a-4bcb-a43a-e7d26627280f","local_time":"20210205121755","is_ascension_mode":true,"campfire_choices":[{"data":"Zap","floor":11,"key":"SMITH"},{"data":"Defragment","floor":13,"key":"SMITH"},{"floor":15,"key":"REST"}],"circlet_count":0,"master_deck":["Strike_B","Strike_B","Strike_B","Defend_B","Defend_B","Defend_B","Defend_B","Zap+1","Dualcast","Blizzard","Cold Snap","Static Discharge","Defragment+1","Redo","Coolheaded"],"relics":["Cracked Core","Smiling Mask","MawBank","Turnip"],"acts_visited":["Exordium"],"potions_floor_usage":[7,14],"damage_taken":[{"damage":4,"enemies":"Small Slimes","floor":1,"turns":3},{"damage":1,"enemies":"Cultist","floor":2,"turns":3},{"damage":2,"enemies":"2 Louse","floor":5,"turns":2},{"damage":14,"enemies":"2 Fungi Beasts","floor":6,"turns":3},{"damage":41,"enemies":"Lagavulin","floor":7,"turns":7},{"damage":11,"enemies":"Gremlin Gang","floor":14,"turns":5},{"damage":26,"enemies":"Hexaghost","floor":16,"turns":10}],"seed_played":"-5323695699765931328","potions_obtained":[{"floor":1,"key":"FocusPotion"},{"floor":2,"key":"SpeedPotion"}],"is_trial":false,"path_per_floor":["M","M","$","?","M","M","E","?","T","$","R","$","R","M","R","B"],"character_chosen":"DEFECT","items_purchased":["Cold Snap","Turnip","Redo"],"campfire_rested":1,"item_purchase_floors":[3,10,10],"current_hp_per_floor":[71,70,70,70,68,54,13,13,13,13,13,13,13,2,24,0,0],"gold":42,"neow_bonus":"RANDOM_COMMON_RELIC","is_daily":false,"chose_seed":false,"campfire_upgraded":2,"win_rate":0.0,"timestamp":1612549075,"path_taken":["M","M","$","?","?","?","E","?","T","$","R","$","R","M","R","BOSS"],"items_purchased_type":["Card","Relic","Card"],"build_version":"2020-12-22","purchased_purges":2,"victory":false,"max_hp_per_floor":[75,75,75,75,75,75,75,75,75,75,75,75,75,75,75,75,75],"card_choices":[{"not_picked":["Redo","Darkness"],"picked":"Blizzard","floor":1},{"not_picked":["Consume","Beam Cell","Stack"],"picked":"SKIP","floor":2},{"not_picked":["Barrage","Streamline","Leap"],"picked":"SKIP","floor":5},{"not_picked":["Cold Snap","Steam"],"picked":"Static Discharge","floor":6},{"not_picked":["Fission","Skim"],"picked":"Defragment","floor":7},{"not_picked":["Beam Cell","Conserve Battery"],"picked":"Coolheaded","floor":14}],"player_experience":290828,"relics_obtained":[{"floor":7,"key":"MawBank"}],"event_choices":[{"damage_healed":0,"gold_gain":275,"player_choice":"Desecrate","damage_taken":0,"max_hp_gain":0,"max_hp_loss":0,"event_name":"Golden Shrine","floor":4,"gold_loss":0,"cards_obtained":["Regret"]},{"damage_healed":0,"gold_gain":0,"player_choice":"Ignored","damage_taken":0,"max_hp_gain":0,"max_hp_loss":0,"event_name":"Shining Light","floor":8,"gold_loss":0}],"is_beta":false,"boss_relics":[],"items_purged_floors":[3,10],"is_endless":false,"potions_floor_spawned":[1,2],"killed_by":"Hexaghost","ascension_level":5}}