{"host":"5ezk7t18wcb10u1o","time":1612554169,"event":{"mods":["BaseMod","Bestiary","Colored Powertips","Minty Spire (QoL Compilation)","Relic Sorter"],"gold_per_floor":[117,117,196,196,107,107,118,133,156,168,168,168,187,214,214,290,340,357,357,357,357],"floor_reached":20,"language":"ENG","playtime":815,"items_purged":[],"score":344,"play_id":"58ae385d-0ddb-49bd-9877-692024d08162","local_time":"20210205194249","is_ascension_mode":true,"campfire_choices":[{"floor":6.0,"key":"REST"},{"floor":12.0,"key":"REST"},{"floor":15.0,"key":"REST"}],"circlet_count":0,"master_deck":["AscendersBane","Strike_B","Strike_B","Strike_B","Defend_B","Defend_B+1","Defend_B","Zap","Dualcast+1","Sunder","Panacea","Cold Snap","Seek","Streamline+1","Beam Cell","Leap","Multi-Cast","Conserve Battery","Sweeping Beam"],"relics":["Cracked Core","Happy Flower","Regal Pillow","DataDisk","Tiny House"],"acts_visited":["Exordium","TheCity"],"potions_floor_usage":[],"damage_taken":[{"damage":7.0,"enemies":"Small Slimes","floor":1.0,"turns":4.0},{"damage":0.0,"enemies":"2 Louse","floor":7.0,"turns":1.0},{"damage":2.0,"enemies":"Jaw Worm","floor":8.0,"turns":3.0},{"damage":11.0,"enemies":"Exordium Thugs","floor":10.0,"turns":3.0},{"damage":8.0,"enemies":"Gremlin Gang","floor":13.0,"turns":3.0},{"damage":29.0,"enemies":"Lagavulin","floor":14.0,"turns":4.0},{"damage":23.0,"enemies":"The Guardian","floor":16.0,"turns":10.0},{"damage":21.0,"enemies":"2 Thieves","floor":18.0,"turns":4.0},{"damage":29,"enemies":"3 Byrds","floor":20,"turns":3}],"seed_played":"7237873449493347527","potions_obtained":[{"floor":14.0,"key":"Fruit Juice"},{"floor":17.0,"key":"CultistPotion"}],"is_trial":false,"path_per_floor":["M","?","?","?","$","R","M","M","T","M","?","R","M","E","R","B",null,"M","?","M"],"character_chosen":"DEFECT","items_purchased":["Panacea"],"campfire_rested":3,"item_purchase_floors":[5],"current_hp_per_floor":[57,57,57,22,22,41,41,39,39,28,28,62,54,30,65,42,67,46,25,0,0],"gold":357,"neow_bonus":"REMOVE_TWO","is_daily":false,"chose_seed":false,"campfire_upgraded":0,"win_rate":0.0,"timestamp":1612554169,"path_taken":["M","?","?","?","?","R","?","?","T","M","?","R","?","E","R","BOSS","M","?","M"],"items_purchased_type":["Card"],"build_version":"2020-12-22","purchased_purges":0,"victory":false,"max_hp_per_floor":[64,64,64,64,64,64,64,64,64,64,64,64,64,69,69,69,74,74,79,79,79],"card_choices":[{"not_picked":["Turbo","Ball Lightning"],"picked":"Sunder","floor":1.0},{"not_picked":["Barrage","Coolheaded"],"picked":"Cold Snap","floor":7.0},{"not_picked":["Cold Snap","Redo"],"picked":"Seek","floor":8.0},{"not_picked":["Darkness","Steam Power"],"picked":"Streamline","floor":10.0},{"not_picked":["Defragment","Steam Power"],"picked":"Beam Cell","floor":13.0},{"not_picked":["Ball Lightning","Storm"],"picked":"Leap","floor":14.0},{"not_picked":["Creative AI","Fission"],"picked":"Multi-Cast","floor":16.0},{"not_picked":["Double Energy","Gash"],"picked":"Conserve Battery","floor":17.0},{"not_picked":["FTL","Conserve Battery"],"picked":"Sweeping Beam","floor":18.0}],"player_experience":1202276,"relics_obtained":[{"floor":9.0,"key":"Regal Pillow"},{"floor":14.0,"key":"DataDisk"}],"event_choices":[{"damage_healed":0.0,"max_hp_gain":0.0,"max_hp_loss":0.0,"gold_gain":0.0,"event_name":"Living Wall","player_choice":"Grow","floor":2.0,"gold_loss":0.0,"damage_taken":0.0,"cards_upgraded":["Dualcast"]},{"damage_healed":0.0,"max_hp_gain":0.0,"max_hp_loss":0.0,"gold_gain":79.0,"event_name":"Golden Wing","player_choice":"Gained Gold","floor":3.0,"gold_loss":0.0,"damage_taken":0.0},{"damage_healed":0.0,"max_hp_gain":0.0,"max_hp_loss":0.0,"gold_gain":0.0,"event_name":"Scrap Ooze","player_choice":"Success","floor":4.0,"gold_loss":0.0,"damage_taken":35.0,"relics_obtained":["Happy Flower"]},{"damage_healed":0.0,"max_hp_gain":0.0,"max_hp_loss":0.0,"gold_gain":0.0,"event_name":"Upgrade Shrine","player_choice":"Upgraded","floor":11.0,"gold_loss":0.0,"damage_taken":0.0,"cards_upgraded":["Streamline"]},{"damage_healed":0.0,"max_hp_gain":5.0,"max_hp_loss":0.0,"gold_gain":0.0,"event_name":"Forgotten Altar","player_choice":"Shed Blood","floor":19.0,"gold_loss":0.0,"damage_taken":26.0}],"is_beta":false,"boss_relics":[{"not_picked":["Snecko Eye","Pandora\u0027s Box"],"picked":"Tiny House"}],"items_purged_floors":[],"is_endless":false,"potions_floor_spawned":[14],"killed_by":"3 Byrds","ascension_level":20}}