{"host":"lklj3eidp7g5an38","time":1612491720,"event":{"mods":["AchievementEnabler","BaseMod","Colored Map","Colored Powertips","Curses Come First","DeckTracker","Highlight Path","Minty Spire (QoL Compilation)","Relic Stats","StSLib"],"gold_per_floor":[111,126,126,143,68,98,147,147,147,13,41,41,91,109,109,181,181,198,273,273,35,35,63,63,75,148,176,189,218,218,229,229,303,303,318,337,22,41,58,91,91,107,133,147,172,183,211,211,211,211,211,211,10,42,42,42],"floor_reached":55,"language":"ENG","playtime":4407,"items_purged":["Strike_B","Strike_B","Strike_B"],"score":1780,"play_id":"f9314210-7fb4-4537-9af2-44cbaa08b74e","local_time":"20210205022200","is_ascension_mode":true,"campfire_choices":[{"data":"Dualcast","floor":8,"key":"SMITH"},{"data":"Coolheaded","floor":12,"key":"SMITH"},{"data":"Fission","floor":15,"key":"SMITH"},{"data":"Defragment","floor":24,"key":"SMITH"},{"data":"Echo Form","floor":30,"key":"SMITH"},{"data":"Skim","floor":32,"key":"SMITH"},{"data":"Hologram","floor":41,"key":"SMITH"},{"floor":49,"key":"RECALL"},{"data":"1","floor":52,"key":"LIFT"}],"circlet_count":0,"master_deck":["AscendersBane","Defend_B","Defend_B","Defend_B","Zap+1","Dualcast+1","Gash","Coolheaded+1","Glacier","Skim+1","Gash","Doom and Gloom","Fission+1","Echo Form+1","White Noise","Gash","Defragment+1","Force Field","Coolheaded+1","Compile Driver+1","Gash+1","All For One+1","Consume+1","Self Repair","Scrape+1","Steam","Hologram+1","Electrodynamics","Steam+1","Recycle","Fission","Tempest"],"relics":["Cracked Core","NeowsBlessing","WarpedTongs","Akabeko","Centennial Puzzle","White Beast Statue","Shuriken","Nuclear Battery","Gremlin Horn","Membership Card","Ice Cream","Cables","Molten Egg 2","Happy Flower","Inserter","Anchor","Thread and Needle","Dream Catcher","The Courier","Girya","Turnip","War Paint"],"acts_visited":["Exordium","TheCity","TheBeyond","TheEnding"],"potions_floor_usage":[6,11,18,23,25,27,28,29,31,33,40,50,55,55],"damage_taken":[{"damage":0,"enemies":"Small Slimes","floor":1,"turns":1},{"damage":0,"enemies":"Cultist","floor":2,"turns":1},{"damage":0,"enemies":"Jaw Worm","floor":4,"turns":1},{"damage":13,"enemies":"3 Sentries","floor":6,"turns":6},{"damage":3,"enemies":"Lagavulin","floor":11,"turns":5},{"damage":0,"enemies":"2 Fungi Beasts","floor":14,"turns":3},{"damage":4,"enemies":"Hexaghost","floor":16,"turns":9},{"damage":1,"enemies":"3 Byrds","floor":18,"turns":3},{"damage":18,"enemies":"Gremlin Leader","floor":23,"turns":3},{"damage":0,"enemies":"Chosen","floor":25,"turns":2},{"damage":0,"enemies":"Book of Stabbing","floor":27,"turns":4},{"damage":0,"enemies":"Snake Plant","floor":28,"turns":4},{"damage":0,"enemies":"Gremlin Leader","floor":29,"turns":5},{"damage":0,"enemies":"Centurion and Healer","floor":31,"turns":4},{"damage":0,"enemies":"Automaton","floor":33,"turns":5},{"damage":0,"enemies":"3 Darklings","floor":35,"turns":2},{"damage":0,"enemies":"3 Shapes","floor":36,"turns":3},{"damage":0,"enemies":"Spire Growth","floor":38,"turns":4},{"damage":3,"enemies":"4 Shapes","floor":39,"turns":2},{"damage":0,"enemies":"Nemesis","floor":40,"turns":7},{"damage":0,"enemies":"Sphere and 2 Shapes","floor":42,"turns":3},{"damage":16,"enemies":"3 Darklings","floor":44,"turns":3},{"damage":0,"enemies":"Reptomancer","floor":45,"turns":3},{"damage":0,"enemies":"4 Shapes","floor":46,"turns":2},{"damage":0,"enemies":"Nemesis","floor":47,"turns":7},{"damage":40,"enemies":"Awakened One","floor":50,"turns":8},{"damage":45,"enemies":"Shield and Spear","floor":54,"turns":11},{"damage":45,"enemies":"The Heart","floor":55,"turns":3}],"seed_played":"-399474185192791316","potions_obtained":[{"floor":1,"key":"BlessingOfTheForge"},{"floor":2,"key":"Explosive Potion"},{"floor":6,"key":"SkillPotion"},{"floor":11,"key":"Fire Potion"},{"floor":14,"key":"Block Potion"},{"floor":16,"key":"LiquidMemories"},{"floor":18,"key":"AttackPotion"},{"floor":23,"key":"ColorlessPotion"},{"floor":25,"key":"FearPotion"},{"floor":27,"key":"EssenceOfSteel"},{"floor":28,"key":"AttackPotion"},{"floor":29,"key":"Dexterity Potion"},{"floor":31,"key":"LiquidBronze"},{"floor":33,"key":"SpeedPotion"},{"floor":35,"key":"FairyPotion"},{"floor":36,"key":"GamblersBrew"},{"floor":39,"key":"Strength Potion"},{"floor":40,"key":"FocusPotion"},{"floor":45,"key":"LiquidMemories"},{"floor":54,"key":"AttackPotion"}],"is_trial":false,"path_per_floor":["M","M","?","M","?","E","T","R","T","$","E","R","?","M","R","B",null,"M","T","?","$","?","E","R","M","T","E","M","E","R","M","R","B",null,"M","M","$","M","M","E","R","M","T","M","E","M","E","?","R","B",null,"R","$","E","B"],"character_chosen":"DEFECT","items_purchased":["Gash","Membership Card","Defragment","Anchor","Thread and Needle","Scrape+1","Steam","Turnip"],"campfire_rested":0,"item_purchase_floors":[10,21,21,37,37,37,37,53],"current_hp_per_floor":[64,64,64,64,64,51,51,51,51,51,48,48,41,41,41,37,63,62,62,62,62,62,44,44,44,44,44,44,44,44,44,44,44,64,64,64,64,71,71,71,71,71,71,65,71,71,71,71,71,51,66,66,66,41,0,0],"gold":42,"neow_bonus":"THREE_ENEMY_KILL","is_daily":false,"chose_seed":false,"campfire_upgraded":7,"win_rate":0.0,"timestamp":1612491720,"path_taken":["M","M","?","?","?","E","?","R","T","$","E","R","?","M","R","BOSS","M","?","?","$","?","E","R","M","T","E","M","E","R","M","R","BOSS","M","M","$","?","M","E","R","M","T","M","E","M","E","?","R","BOSS","R","$","E","BOSS"],"items_purchased_type":["Card","Relic","Card","Relic","Relic","Card","Card","Relic"],"build_version":"2020-12-22","purchased_purges":3,"victory":false,"max_hp_per_floor":[71,71,71,71,71,71,71,71,71,71,71,71,71,71,71,71,71,71,71,71,71,71,71,71,71,71,71,71,71,71,71,71,71,71,71,71,71,71,71,71,71,71,71,71,71,71,71,71,71,71,71,71,71,71,71,71],"relic_stats":{"Centennial Puzzle":[27],"Dream Catcher":0,"Inserter":[29],"Gremlin Horn":[31,31],"Happy Flower":[22],"counters":[28,114],"Shuriken":[67],"Turnip":[2],"War Paint":["Zap","Coolheaded"],"obtain_stats":[{"Ice Cream":23,"Girya":47,"Inserter":34,"NeowsBlessing":0,"Gremlin Horn":19,"Happy Flower":29,"Thread and Needle":37,"The Courier":45,"War Paint":54,"Akabeko":6,"White Beast Statue":9,"WarpedTongs":3,"Nuclear Battery":17,"Cables":26,"Centennial Puzzle":7,"Anchor":37,"Dream Catcher":40,"Shuriken":11,"Molten Egg 2":27,"Turnip":53,"Membership Card":21,"Cracked Core":0},{"Ice Cream":9,"Girya":25,"Inserter":15,"NeowsBlessing":0,"Gremlin Horn":8,"Happy Flower":13,"Thread and Needle":17,"The Courier":23,"War Paint":27,"Akabeko":4,"White Beast Statue":4,"WarpedTongs":2,"Nuclear Battery":7,"Cables":10,"Centennial Puzzle":4,"Anchor":17,"Dream Catcher":20,"Shuriken":5,"Molten Egg 2":11,"Turnip":26,"Membership Card":8,"Cracked Core":0},{"Ice Cream":32,"Girya":92,"Inserter":56,"NeowsBlessing":0,"Gremlin Horn":29,"Happy Flower":47,"Thread and Needle":61,"The Courier":83,"War Paint":111,"Akabeko":9,"White Beast Statue":9,"WarpedTongs":2,"Nuclear Battery":26,"Cables":34,"Centennial Puzzle":9,"Anchor":61,"Dream Catcher":74,"Shuriken":14,"Molten Egg 2":38,"Turnip":100,"Membership Card":29,"Cracked Core":0}],"WarpedTongs":[111],"Cables":[58,15,30,5,8]},"card_choices":[{"not_picked":["Capacitor","Cold Snap"],"picked":"Gash","floor":1},{"not_picked":["Fusion","Heatsinks"],"picked":"Coolheaded","floor":2},{"not_picked":["Reprogram","Redo"],"picked":"Glacier","floor":4},{"not_picked":["Storm","Genetic Algorithm"],"picked":"Skim","floor":6},{"not_picked":["Leap","Consume"],"picked":"Doom and Gloom","floor":11},{"not_picked":["Chaos","Coolheaded"],"picked":"Fission","floor":14},{"not_picked":["Amplify","Thunder Strike"],"picked":"Echo Form","floor":16},{"not_picked":["Cold Snap","Streamline","Force Field"],"picked":"SKIP","floor":18},{"not_picked":["Cold Snap","Leap","BootSequence"],"picked":"SKIP","floor":23},{"not_picked":["Doom and Gloom","Stack"],"picked":"Force Field","floor":25},{"not_picked":["Leap","Echo Form"],"picked":"Coolheaded","floor":27},{"not_picked":["Fusion","Lockon+1"],"picked":"Compile Driver+1","floor":28},{"not_picked":["Go for the Eyes+1","Ball Lightning+1"],"picked":"Gash+1","floor":29},{"not_picked":["Storm","Force Field","Fusion"],"picked":"SKIP","floor":31},{"not_picked":["Amplify","Buffer"],"picked":"All For One+1","floor":33},{"not_picked":["Beam Cell+1","Compile Driver+1"],"picked":"Consume","floor":35},{"not_picked":["Streamline+1","Ball Lightning+1"],"picked":"Self Repair","floor":36},{"not_picked":["Stack+1","Chill+1"],"picked":"Hologram","floor":38},{"not_picked":["Go for the Eyes+1","Barrage+1"],"picked":"Electrodynamics","floor":39},{"not_picked":["Force Field","Coolheaded+1","Steam"],"picked":"SKIP","floor":40},{"not_picked":["Force Field","Coolheaded+1","Steam"],"picked":"SKIP","floor":40},{"not_picked":["Skim","FTL+1","Capacitor"],"picked":"SKIP","floor":42},{"not_picked":["Coolheaded","Melter+1","Beam Cell+1"],"picked":"SKIP","floor":44},{"not_picked":["Genetic Algorithm+1","Darkness"],"picked":"Steam+1","floor":45},{"not_picked":["Beam Cell+1","Ball Lightning+1"],"picked":"Recycle","floor":46},{"not_picked":["Tempest","Compile Driver+1"],"picked":"Fission","floor":47},{"not_picked":["Genetic Algorithm","Chaos"],"picked":"Tempest","floor":54}],"player_experience":925019,"relics_obtained":[{"floor":6,"key":"Akabeko"},{"floor":7,"key":"Centennial Puzzle"},{"floor":9,"key":"White Beast Statue"},{"floor":11,"key":"Shuriken"},{"floor":19,"key":"Gremlin Horn"},{"floor":23,"key":"Ice Cream"},{"floor":26,"key":"Cables"},{"floor":27,"key":"Molten Egg 2"},{"floor":29,"key":"Happy Flower"},{"floor":40,"key":"Dream Catcher"},{"floor":45,"key":"The Courier"},{"floor":47,"key":"Girya"},{"floor":54,"key":"War Paint"}],"event_choices":[{"damage_healed":0,"gold_gain":0,"player_choice":"Rummage","damage_taken":0,"relics_obtained":["WarpedTongs"],"max_hp_gain":0,"max_hp_loss":0,"event_name":"Accursed Blacksmith","floor":3,"gold_loss":0,"cards_obtained":["Pain"]},{"cards_removed":["Pain"],"damage_healed":0,"gold_gain":0,"player_choice":"Card Removal","damage_taken":0,"max_hp_gain":0,"max_hp_loss":0,"event_name":"The Cleric","floor":5,"gold_loss":75},{"damage_healed":0,"gold_gain":50,"player_choice":"Touch","damage_taken":7,"max_hp_gain":0,"max_hp_loss":0,"event_name":"FaceTrader","floor":13,"gold_loss":0},{"damage_healed":0,"gold_gain":0,"cards_transformed":["Strike_B","Defend_B"],"player_choice":"Became Test Subject","damage_taken":0,"max_hp_gain":0,"max_hp_loss":0,"event_name":"Drug Dealer","floor":20,"gold_loss":0,"cards_obtained":["White Noise","Gash"]},{"damage_healed":0,"gold_gain":0,"player_choice":"Ignored","damage_taken":0,"max_hp_gain":0,"max_hp_loss":0,"event_name":"N\u0027loth","floor":22,"gold_loss":0},{"damage_healed":0,"gold_gain":0,"player_choice":"Upgraded","damage_taken":0,"max_hp_gain":0,"max_hp_loss":0,"event_name":"Upgrade Shrine","floor":48,"gold_loss":0,"cards_upgraded":["Consume"]}],"is_beta":false,"boss_relics":[{"not_picked":["Fusion Hammer","SlaversCollar"],"picked":"Nuclear Battery"},{"not_picked":["Velvet Choker","Tiny House"],"picked":"Inserter"}],"items_purged_floors":[10,21,53],"is_endless":false,"potions_floor_spawned":[1,2,6,11,14,16,18,23,25,27,28,29,31,33,35,36,38,39,40,42,44,45,46,47,54],"killed_by":"The Heart","ascension_level":16}}