{"host":"test","time":1612550463,"event":{"mods":["BaseMod","Colored Map","Colored Powertips","Minty Spire (QoL Compilation)","Relic Stats","Slay the Relics Exporter","SpireBot","StSLib","ojb\u0027s Better Paths Mod","ojb\u0027s Info Mod"],"gold_per_floor":[112,123,140,140,50,85,85,85,137,137,158,184,184,201,201,274,274,285,285,300,7,7,7,7,7,77,77,107,117,133,147,147,219,219,236,246,246,132,132,132],"floor_reached":39,"language":"JPN","playtime":1986,"items_purged":["Blood for Blood"],"score":814,"play_id":"f2bda397-c82b-4174-9518-2036e167dae5","local_time":"20210206034103","is_ascension_mode":true,"campfire_choices":[{"floor":7.0,"key":"REST"},{"floor":10.0,"key":"REST"},{"data":"Uppercut","floor":13.0,"key":"SMITH"},{"data":"Disarm","floor":15.0,"key":"SMITH"},{"data":"Armaments","floor":23.0,"key":"SMITH"},{"floor":32.0,"key":"REST"}],"circlet_count":0,"master_deck":["AscendersBane","Defend_R+1","Defend_R","Defend_R","Bash","Shrug It Off","Thunderclap","Clothesline","Bludgeon+1","Rage","Uppercut+1","Disarm+1","Feed","Sentinel","True Grit","Dropkick","Armaments+1","Corruption","RitualDagger","Injury","Berserk","Infernal Blade+1","Shrug It Off","Immolate","Whirlwind+1","Dropkick+1","Uppercut+1","Madness","Madness","Dark Embrace"],"relics":["Burning Blood","Anchor","Art of War","Odd Mushroom","Blue Candle","Cursed Key","ClockworkSouvenir","Pantograph","Pear","Astrolabe"],"acts_visited":["Exordium","TheCity","TheBeyond"],"potions_floor_usage":[39],"damage_taken":[{"damage":1.0,"enemies":"Small Slimes","floor":1.0,"turns":5.0},{"damage":11.0,"enemies":"2 Louse","floor":2.0,"turns":2.0},{"damage":7.0,"enemies":"Jaw Worm","floor":3.0,"turns":4.0},{"damage":39.0,"enemies":"3 Sentries","floor":6.0,"turns":9.0},{"damage":6.0,"enemies":"The Mushroom Lair","floor":11.0,"turns":5.0},{"damage":7.0,"enemies":"Lagavulin","floor":12.0,"turns":7.0},{"damage":0.0,"enemies":"Looter","floor":14.0,"turns":3.0},{"damage":33.0,"enemies":"The Guardian","floor":16.0,"turns":10.0},{"damage":14.0,"enemies":"Chosen","floor":18.0,"turns":6.0},{"damage":14.0,"enemies":"3 Byrds","floor":20.0,"turns":4.0},{"damage":15.0,"enemies":"Gremlin Leader","floor":28.0,"turns":7.0},{"damage":28.0,"enemies":"Sentry and Sphere","floor":29.0,"turns":6.0},{"damage":10.0,"enemies":"Chosen and Byrds","floor":30.0,"turns":8.0},{"damage":10.0,"enemies":"Shelled Parasite and Fungi","floor":31.0,"turns":7.0},{"damage":49.0,"enemies":"Champ","floor":33.0,"turns":18.0},{"damage":33,"enemies":"3 Darklings","floor":35,"turns":6},{"damage":2,"enemies":"Orb Walker","floor":36,"turns":4},{"damage":39,"enemies":"Transient","floor":39,"turns":5}],"seed_played":"2120159253969947729","potions_obtained":[{"floor":11.0,"key":"ColorlessPotion"},{"floor":14.0,"key":"Fire Potion"},{"floor":16.0,"key":"Block Potion"},{"floor":20.0,"key":"SkillPotion"},{"floor":30.0,"key":"SkillPotion"},{"floor":31.0,"key":"AttackPotion"},{"floor":36,"key":"AttackPotion"}],"is_trial":false,"path_per_floor":["M","M","M","?","$","E","R","?","T","R","?","E","R","M","R","B",null,"M","?","M","$","?","R","?","?","T","?","E","M","M","M","R","B",null,"M","M","?","$","M"],"character_chosen":"IRONCLAD","items_purchased":["Bludgeon","ClockworkSouvenir","Dropkick","Armaments","Dark Embrace"],"campfire_rested":3,"item_purchase_floors":[5,21,21,21,38],"current_hp_per_floor":[68,63,62,42,42,9,29,29,29,49,49,48,48,54,54,27,58,53,53,48,48,48,48,42,42,42,42,43,24,20,20,47,29,76,49,53,37,37,0,0],"gold":132,"neow_bonus":"REMOVE_TWO","is_daily":false,"chose_seed":true,"campfire_upgraded":3,"win_rate":0.0,"timestamp":1612550463,"path_taken":["M","M","M","?","$","E","R","?","T","R","?","E","R","M","R","BOSS","M","?","M","$","?","R","?","?","T","?","E","M","M","M","R","BOSS","M","M","?","$","M"],"items_purchased_type":["Card","Relic","Card","Card","Card"],"build_version":"2020-12-18","purchased_purges":1,"victory":false,"max_hp_per_floor":[68,68,68,68,68,68,68,68,68,68,68,68,68,68,68,68,68,71,71,74,74,74,74,74,74,74,74,84,87,87,91,91,91,91,91,91,91,91,91,91],"relic_stats":{"counters":[18,116],"Blue Candle":[6],"Pantograph":25,"Astrolabe":["Whirlwind","Dropkick","Uppercut"],"Art of War":[5],"Cursed Key":1,"obtain_stats":[{"Anchor":6,"Pear":28,"Blue Candle":12,"Pantograph":26,"Astrolabe":34,"Art of War":9,"Odd Mushroom":11,"Cursed Key":17,"Burning Blood":0,"ClockworkSouvenir":21},{"Anchor":4,"Pear":11,"Blue Candle":6,"Pantograph":10,"Astrolabe":15,"Art of War":4,"Odd Mushroom":5,"Cursed Key":8,"Burning Blood":0,"ClockworkSouvenir":10},{"Anchor":20,"Pear":62,"Blue Candle":32,"Pantograph":55,"Astrolabe":101,"Art of War":20,"Odd Mushroom":25,"Cursed Key":45,"Burning Blood":0,"ClockworkSouvenir":55}],"Burning Blood":97},"card_choices":[{"not_picked":["Wild Strike","Clash"],"picked":"Shrug It Off","floor":1.0},{"not_picked":["Body Slam","Flex"],"picked":"Thunderclap","floor":2.0},{"not_picked":["Entrench","True Grit"],"picked":"Clothesline","floor":3.0},{"not_picked":["Havoc","Flex"],"picked":"Rage","floor":6.0},{"not_picked":["Headbutt","Pommel Strike"],"picked":"Uppercut","floor":11.0},{"not_picked":["Body Slam","Berserk"],"picked":"Disarm","floor":12.0},{"not_picked":["Pummel","Second Wind"],"picked":"Anger","floor":14.0},{"not_picked":["Juggernaut","Berserk"],"picked":"Feed","floor":16.0},{"not_picked":["Sentinel","Anger","Perfected Strike"],"picked":"SKIP","floor":18.0},{"not_picked":["Sentinel","Body Slam"],"picked":"True Grit","floor":20.0},{"not_picked":["Clash","Fire Breathing"],"picked":"Berserk","floor":28.0},{"not_picked":["Cleave","Anger"],"picked":"Infernal Blade+1","floor":29.0},{"not_picked":["Sever Soul","Clash+1","Flex"],"picked":"SKIP","floor":30.0},{"not_picked":["Bloodletting","Twin Strike"],"picked":"Shrug It Off","floor":31.0},{"not_picked":["Juggernaut","Bludgeon"],"picked":"Immolate","floor":33.0},{"not_picked":["Clothesline","Heavy Blade","Combust"],"picked":"SKIP","floor":35},{"not_picked":["Pommel Strike","Clash","Twin Strike"],"picked":"SKIP","floor":36}],"player_experience":2029771,"relics_obtained":[{"floor":6.0,"key":"Anchor"},{"floor":9.0,"key":"Art of War"},{"floor":11.0,"key":"Odd Mushroom"},{"floor":12.0,"key":"Blue Candle"},{"floor":26.0,"key":"Pantograph"},{"floor":28.0,"key":"Pear"}],"event_choices":[{"damage_healed":0.0,"max_hp_gain":0.0,"max_hp_loss":0.0,"gold_gain":0.0,"event_name":"Shining Light","player_choice":"Entered Light","floor":4.0,"gold_loss":0.0,"damage_taken":20.0,"cards_upgraded":["Strike_R","Defend_R"]},{"damage_healed":0.0,"max_hp_gain":0.0,"max_hp_loss":0.0,"gold_gain":0.0,"event_name":"Living Wall","player_choice":"Grow","floor":8.0,"gold_loss":0.0,"damage_taken":0.0,"cards_upgraded":["Bludgeon"]},{"damage_healed":0.0,"max_hp_gain":0.0,"max_hp_loss":0.0,"gold_gain":0.0,"event_name":"Mushrooms","player_choice":"Fought Mushrooms","floor":11.0,"gold_loss":0.0,"damage_taken":0.0},{"damage_healed":0.0,"max_hp_gain":0.0,"max_hp_loss":0.0,"gold_gain":0.0,"cards_transformed":["Strike_R","Strike_R"],"event_name":"Drug Dealer","player_choice":"Became Test Subject","floor":19.0,"gold_loss":0.0,"damage_taken":0.0,"cards_obtained":["Sentinel","Blood for Blood"]},{"damage_healed":0.0,"max_hp_gain":0.0,"max_hp_loss":0.0,"gold_gain":0.0,"event_name":"The Library","player_choice":"Read","floor":22.0,"gold_loss":0.0,"damage_taken":0.0,"cards_obtained":["Corruption"]},{"damage_healed":0.0,"max_hp_gain":0.0,"max_hp_loss":0.0,"gold_gain":0.0,"event_name":"Nest","player_choice":"Joined the Cult","floor":24.0,"gold_loss":0.0,"damage_taken":6.0,"cards_obtained":["RitualDagger"]},{"damage_healed":0.0,"max_hp_gain":0.0,"max_hp_loss":0.0,"gold_gain":0.0,"event_name":"The Mausoleum","player_choice":"Ignored","floor":27.0,"gold_loss":0.0,"damage_taken":0.0},{"damage_healed":0,"gold_gain":0,"player_choice":"Embrace Madness","damage_taken":16,"max_hp_gain":0,"max_hp_loss":0,"event_name":"Winding Halls","floor":37,"gold_loss":0,"cards_obtained":["Madness","Madness"]}],"is_beta":true,"boss_relics":[{"not_picked":["Fusion Hammer","SacredBark"],"picked":"Cursed Key"},{"not_picked":["Tiny House","Runic Cube"],"picked":"Astrolabe"}],"items_purged_floors":[38],"is_endless":false,"potions_floor_spawned":[11,14,16,20,30,31,36],"killed_by":"Transient","ascension_level":20}}