{"host":"n9fx05aq4lr38byd","time":1612547470,"event":{"mods":["BaseMod","Minty Spire (QoL Compilation)","Permanent Neow","Relic Stats"],"gold_per_floor":[113,113,127,127,141,141,172,172,254,285,316,48,98,118,118,192,192,207,218,218,218],"floor_reached":20,"language":"ENG","playtime":711,"items_purged":["Strike_R"],"score":368,"play_id":"998257f8-bb25-4ba9-bbd8-b6a815fd965e","local_time":"20210205175110","is_ascension_mode":true,"campfire_choices":[{"data":"Bash","floor":6,"key":"SMITH"},{"data":"Cleave","floor":8,"key":"SMITH"},{"data":"Flex","floor":15,"key":"SMITH"}],"circlet_count":0,"master_deck":["AscendersBane","Strike_R","Strike_R","Strike_R","Defend_R","Defend_R","Defend_R","Defend_R","Bash+1","Iron Wave","Cleave+1","Second Wind","Anger","Flex+1","Corruption","Shrug It Off","Offering","Combust+1"],"relics":["Burning Blood","Red Skull","Nunchaku","Orichalcum","Blue Candle","MawBank","Coffee Dripper"],"acts_visited":["Exordium","TheCity"],"potions_floor_usage":[7,19,20],"damage_taken":[{"damage":4,"enemies":"Jaw Worm","floor":1,"turns":5},{"damage":3,"enemies":"2 Louse","floor":3,"turns":3},{"damage":1,"enemies":"Cultist","floor":5,"turns":3},{"damage":28,"enemies":"Lagavulin","floor":7,"turns":8},{"damage":19,"enemies":"3 Sentries","floor":10,"turns":7},{"damage":3,"enemies":"Blue Slaver","floor":11,"turns":2},{"damage":0,"enemies":"2 Fungi Beasts","floor":14,"turns":2},{"damage":27,"enemies":"Slime Boss","floor":16,"turns":9},{"damage":24,"enemies":"Shell Parasite","floor":18,"turns":3},{"damage":16,"enemies":"2 Thieves","floor":19,"turns":3},{"damage":38,"enemies":"Shelled Parasite and Fungi","floor":20,"turns":3}],"seed_played":"-5886351077357056897","potions_obtained":[{"floor":1,"key":"Dexterity Potion"},{"floor":3,"key":"Fruit Juice"},{"floor":16,"key":"AttackPotion"}],"is_trial":false,"path_per_floor":["M","?","M","?","M","R","E","R","T","E","M","$","?","M","R","B",null,"M","M","M"],"character_chosen":"IRONCLAD","items_purchased":["Corruption","Shrug It Off"],"campfire_rested":0,"item_purchase_floors":[12,12],"current_hp_per_floor":[70,52,55,55,60,60,38,38,38,25,28,28,28,34,34,13,60,42,32,0,0],"gold":218,"neow_bonus":"RANDOM_COMMON_RELIC","is_daily":false,"chose_seed":false,"campfire_upgraded":3,"win_rate":0.0,"timestamp":1612547470,"path_taken":["M","?","M","?","M","R","E","R","T","E","?","$","?","M","R","BOSS","M","M","?"],"items_purchased_type":["Card","Card"],"build_version":"2020-12-22","purchased_purges":1,"victory":false,"max_hp_per_floor":[75,75,75,75,75,75,75,75,75,75,75,75,75,75,75,75,75,75,75,80,80],"relic_stats":{"Nunchaku":[9],"counters":[11,48],"Blue Candle":[0],"Orichalcum":[60],"MawBank":24,"obtain_stats":[{"Nunchaku":2,"Blue Candle":9,"Coffee Dripper":17,"Orichalcum":7,"MawBank":10,"Burning Blood":0,"Red Skull":0},{"Nunchaku":1,"Blue Candle":4,"Coffee Dripper":8,"Orichalcum":4,"MawBank":5,"Burning Blood":0,"Red Skull":0},{"Nunchaku":5,"Blue Candle":19,"Coffee Dripper":39,"Orichalcum":19,"MawBank":26,"Burning Blood":0,"Red Skull":0}],"Burning Blood":60},"card_choices":[{"not_picked":["Dark Embrace","Rage"],"picked":"Iron Wave","floor":1},{"not_picked":["Armaments","Heavy Blade"],"picked":"Cleave","floor":3},{"not_picked":["Armaments","Dual Wield","Burning Pact"],"picked":"SKIP","floor":5},{"not_picked":["Exhume","Clothesline"],"picked":"Anger","floor":7},{"not_picked":["Anger","Dropkick"],"picked":"Flex","floor":10},{"not_picked":["Wild Strike","Headbutt","Iron Wave"],"picked":"SKIP","floor":11},{"not_picked":["Corruption","Thunderclap","Twin Strike"],"picked":"SKIP","floor":14},{"not_picked":["Double Tap","Juggernaut"],"picked":"Offering","floor":16},{"not_picked":["Perfected Strike","Havoc"],"picked":"Combust+1","floor":18},{"not_picked":["Heavy Blade","Combust","Power Through"],"picked":"SKIP","floor":19}],"player_experience":832989,"relics_obtained":[{"floor":7,"key":"Orichalcum"},{"floor":9,"key":"Blue Candle"},{"floor":10,"key":"MawBank"}],"event_choices":[{"damage_healed":0,"gold_gain":0,"player_choice":"Success","damage_taken":18,"relics_obtained":["Nunchaku"],"max_hp_gain":0,"max_hp_loss":0,"event_name":"Scrap Ooze","floor":2,"gold_loss":0},{"damage_healed":0,"gold_gain":0,"cards_transformed":["Strike_R"],"player_choice":"Change","damage_taken":0,"max_hp_gain":0,"max_hp_loss":0,"event_name":"Living Wall","floor":4,"gold_loss":0,"cards_obtained":["Second Wind"]},{"damage_healed":0,"gold_gain":50,"player_choice":"Pray","damage_taken":0,"max_hp_gain":0,"max_hp_loss":0,"event_name":"Golden Shrine","floor":13,"gold_loss":0}],"is_beta":false,"boss_relics":[{"not_picked":["Ectoplasm","Runic Pyramid"],"picked":"Coffee Dripper"}],"items_purged_floors":[12],"is_endless":false,"potions_floor_spawned":[1,3,16],"killed_by":"Shelled Parasite and Fungi","ascension_level":20}}