{"host":"j4g6ia6asvpyu2b0","time":1612538681,"event":{"mods":["BaseMod","Colored Map","Downfall","Minty Spire (QoL Compilation)","Permanent Neow","Quick Restart","Relic Stats","StSLib","Unceasing Turn Reminder"],"gold_per_floor":[99,115,134,39,59,92,92,92,92,106,118,110,110,136,146,258,258,258,280,295,321,345,345,345,372,412,512,528,300,300,232,251,357,357,357,357,357,375,375,388,388,426,439,472,145,45,70,82,109,109,109,109],"floor_reached":50,"language":"ENG","playtime":3430,"items_purged":["hexamod:Strike"],"score":661,"play_id":"9c233cba-78af-4c10-b0a5-f837fb54003f","local_time":"20210205082441","is_ascension_mode":false,"campfire_choices":[{"data":"hexamod:Sear","floor":1.0,"key":"SMITH"},{"data":"hexamod:VolcanoVisage","floor":9.0,"key":"SMITH"},{"data":"hexamod:HexaLevel","floor":13.0,"key":"SMITH"},{"data":"hexamod:UnlimitedPower","floor":18.0,"key":"SMITH"},{"floor":23.0,"key":"REST"},{"data":"hexamod:TimeWarp","floor":35.0,"key":"SMITH"},{"data":"expansioncontent:YouAreMine","floor":46.0,"key":"SMITH"}],"circlet_count":0,"master_deck":["hexamod:Strike","hexamod:Strike","hexamod:Strike","hexamod:Defend","hexamod:Defend","hexamod:Defend","hexamod:Defend","hexamod:Sear+1","hexamod:Float","hexamod:GhostflameBarrier","hexamod:Incineration","hexamod:NecessarySacrifice","hexamod:VolcanoVisage+1","hexamod:RadiantFlame","hexamod:HexaLevel+1","hexamod:FirstSeal","hexamod:SecondSeal","hexamod:ThirdSeal","hexamod:FourthSeal","hexamod:UnlimitedPower+1","hexamod:ForkedFlame","hexamod:SkipABeat","hexamod:RecurringNightmare","hexamod:WildfireWeapon","hexamod:ChargedBarrage","hexamod:RadiantFlame+1","hexamod:SoulSteal","hexamod:Hexaguard","hexamod:ThermalTransfer+1","hexamod:ExtraCrispy+1","hexamod:TimeWarp+1","hexamod:EtherealExpedition+1","hexamod:StepThrough","hexamod:HeatShield+1","hexamod:EmpoweredFlame+1","hexamod:ForkedFlame","hexamod:SearingWound","expansioncontent:YouAreMine+1","expansioncontent:Chronoboost","expansioncontent:PrepareCrush","hexamod:ParanormalForm+1","hexamod:Firestarter+1","hexamod:HeatShield+1","hexamod:RadiantFlame+1","hexamod:RadiantFlame+1","hexamod:SkipABeat+1","hexamod:BurningTouch+1","hexamod:EmpoweredFlame+1","hexamod:HeatMetal+1"],"relics":["hexamod:UnbrokenSoul","Happy Flower","Pear","Omamori","Ginger","Cursed Key","Bronze Scales","Bag of Preparation","Red Mask","hexamod:SoulConsumer","HornCleat","Lee\u0027s Waffle","Enchiridion","OrangePellets","Eternal Feather","Frozen Egg 2","Art of War","Meat on the Bone","hexamod:InflammatoryLetter","downfall:HeartBlessingGreen"],"acts_visited":["Exordium","TheCity","TheBeyond"],"potions_floor_usage":[50,50,50],"damage_taken":[{"damage":0.0,"enemies":"Cultist","floor":2.0,"turns":3.0},{"damage":0.0,"enemies":"Small Slimes","floor":3.0,"turns":3.0},{"damage":0.0,"enemies":"downfall:FleeingMerchant","floor":4.0,"turns":4.0},{"damage":0.0,"enemies":"2 Louse","floor":5.0,"turns":3.0},{"damage":13.0,"enemies":"Gremlin Nob","floor":6.0,"turns":4.0},{"damage":7.0,"enemies":"2 Fungi Beasts","floor":10.0,"turns":3.0},{"damage":0.0,"enemies":"Large Slime","floor":11.0,"turns":4.0},{"damage":31.0,"enemies":"3 Sentries","floor":14.0,"turns":8.0},{"damage":8.0,"enemies":"Red Slaver","floor":15.0,"turns":3.0},{"damage":2.0,"enemies":"SI_SHIV_ARCHETYPE","floor":16.0,"turns":6.0},{"damage":10.0,"enemies":"Chosen","floor":19.0,"turns":4.0},{"damage":28.0,"enemies":"3 Byrds","floor":20.0,"turns":4.0},{"damage":28.0,"enemies":"Snake Plant","floor":21.0,"turns":5.0},{"damage":21.0,"enemies":"Shelled Parasite and Fungi","floor":22.0,"turns":3.0},{"damage":0.0,"enemies":"Gremlin Leader","floor":25.0,"turns":6.0},{"damage":18.0,"enemies":"Masked Bandits","floor":26.0,"turns":4.0},{"damage":13.0,"enemies":"Colosseum Nobs","floor":27.0,"turns":3.0},{"damage":1.0,"enemies":"Snecko","floor":28.0,"turns":4.0},{"damage":0.0,"enemies":"downfall:FleeingMerchant","floor":29.0,"turns":4.0},{"damage":0.0,"enemies":"downfall:FleeingMerchant","floor":31.0,"turns":4.0},{"damage":0.0,"enemies":"3 Cultists","floor":32.0,"turns":4.0},{"damage":59.0,"enemies":"IC_MUSHROOM_ARCHETYPE","floor":33.0,"turns":8.0},{"damage":0.0,"enemies":"3 Darklings","floor":38.0,"turns":5.0},{"damage":2.0,"enemies":"3 Shapes","floor":40.0,"turns":4.0},{"damage":30.0,"enemies":"Reptomancer","floor":42.0,"turns":6.0},{"damage":12.0,"enemies":"Jaw Worm Horde","floor":43.0,"turns":4.0},{"damage":30.0,"enemies":"Nemesis","floor":44.0,"turns":7.0},{"damage":2.0,"enemies":"Transient","floor":47.0,"turns":5.0},{"damage":37,"enemies":"Writhing Mass","floor":48,"turns":5},{"damage":0,"enemies":"4 Shapes","floor":49,"turns":5},{"damage":90,"enemies":"DF_ARCHETYPE_ORBS","floor":50,"turns":8}],"seed_played":"-8606134835025717908","potions_obtained":[{"floor":3.0,"key":"Regen Potion"},{"floor":5.0,"key":"LiquidBronze"},{"floor":10.0,"key":"hexamod:SoulburnPotion"},{"floor":14.0,"key":"Strength Potion"},{"floor":22.0,"key":"Slimebound:ThreeZeroPotion"},{"floor":25.0,"key":"SkillPotion"},{"floor":27.0,"key":"DistilledChaos"},{"floor":28.0,"key":"LiquidMemories"},{"floor":31.0,"key":"Regen Potion"},{"floor":33.0,"key":"Explosive Potion"},{"floor":37.0,"key":"Fruit Juice"},{"floor":37.0,"key":"Energy Potion"},{"floor":43.0,"key":"hexamod:EctoCoolerPotion"},{"floor":44.0,"key":"LiquidMemories"},{"floor":47.0,"key":"Weak Potion"},{"floor":47.0,"key":"LiquidBronze"},{"floor":48,"key":"Strength Potion"}],"is_trial":false,"path_per_floor":["R","M","M","$","M","E","T","?","R","M","M","?","R","E","M","B",null,"R","M","M","M","M","R","T","E","?","?","M","$","?","$","M","B",null,"R","?","?","M","?","M","T","E","M","E","$","R","M","M","M","B"],"character_chosen":"THE_SPIRIT","items_purchased":["hexamod:VolcanoVisage","Lee\u0027s Waffle","OrangePellets","Eternal Feather","hexamod:RadiantFlame+1","hexamod:InflammatoryLetter"],"campfire_rested":1,"item_purchase_floors":[4,29,31,31,45,45],"current_hp_per_floor":[70,70,70,70,70,67,67,67,67,60,60,53,53,29,21,26,80,80,70,49,28,7,31,31,38,20,7,10,87,71,75,79,31,87,87,77,82,86,86,92,92,66,65,46,46,73,82,68,72,0,0,0],"gold":109,"neow_bonus":"RANDOM_COMMON_RELIC","is_daily":false,"chose_seed":false,"campfire_upgraded":6,"win_rate":0.0,"timestamp":1612538681,"path_taken":["R","M","M","$","M","E","T","?","R","?","M","?","R","E","M","BOSS","R","M","M","M","M","R","T","E","?","?","M","$","?","$","M","BOSS","R","?","?","?","?","M","T","E","M","E","$","R","M","M","M","BOSS"],"items_purchased_type":["Card","Relic","Relic","Relic","Card","Relic"],"build_version":"2020-12-22","purchased_purges":1,"victory":false,"max_hp_per_floor":[70,70,70,70,70,80,80,80,80,80,80,80,80,80,80,80,80,80,80,80,80,80,80,80,80,80,80,80,87,87,87,87,87,87,87,87,92,92,92,92,92,92,92,92,92,92,92,92,92,92,92,92],"relic_stats":{"OrangePellets":[0],"Lee\u0027s Waffle":73,"Happy Flower":[47],"counters":[31,143],"Bronze Scales":[204],"Eternal Feather":27,"Bag of Preparation":[32],"Art of War":[6],"Ginger":[20],"Cursed Key":2,"obtain_stats":[{"Lee\u0027s Waffle":29,"Pear":6,"Happy Flower":0,"Enchiridion":30,"Eternal Feather":31,"downfall:HeartBlessingGreen":46,"hexamod:InflammatoryLetter":45,"Omamori":7,"Bag of Preparation":25,"Ginger":14,"Frozen Egg 2":41,"Cursed Key":17,"OrangePellets":31,"HornCleat":27,"hexamod:UnbrokenSoul":34,"Bronze Scales":24,"Red Mask":26,"Art of War":42,"hexamod:SoulConsumer":27,"hexamod:SpiritBrand":0,"Meat on the Bone":44},{"Lee\u0027s Waffle":19,"Pear":5,"Happy Flower":0,"Enchiridion":19,"Eternal Feather":20,"downfall:HeartBlessingGreen":27,"hexamod:InflammatoryLetter":27,"Omamori":5,"Bag of Preparation":15,"Ginger":8,"Frozen Egg 2":24,"Cursed Key":10,"OrangePellets":20,"HornCleat":17,"hexamod:UnbrokenSoul":22,"Bronze Scales":14,"Red Mask":16,"Art of War":25,"hexamod:SoulConsumer":17,"hexamod:SpiritBrand":0,"Meat on the Bone":27},{"Lee\u0027s Waffle":78,"Pear":17,"Happy Flower":0,"Enchiridion":78,"Eternal Feather":82,"downfall:HeartBlessingGreen":120,"hexamod:InflammatoryLetter":120,"Omamori":17,"Bag of Preparation":63,"Ginger":32,"Frozen Egg 2":103,"Cursed Key":41,"OrangePellets":82,"HornCleat":70,"hexamod:UnbrokenSoul":94,"Bronze Scales":57,"Red Mask":67,"Art of War":109,"hexamod:SoulConsumer":70,"hexamod:SpiritBrand":0,"Meat on the Bone":120}],"Meat on the Bone":12},"card_choices":[{"not_picked":["hexamod:BurningTouch","hexamod:GhostLash"],"picked":"hexamod:GhostflameBarrier","floor":2.0},{"not_picked":["hexamod:FastForward","hexamod:GhostLash"],"picked":"hexamod:Incineration","floor":3.0},{"not_picked":["hexamod:BacktrackSmack","hexamod:ShieldOfDarkness"],"picked":"hexamod:NecessarySacrifice","floor":4.0},{"not_picked":["hexamod:BurningTouch","hexamod:HauntingEcho"],"picked":"hexamod:RadiantFlame","floor":5.0},{"not_picked":["hexamod:ShieldOfDarkness","hexamod:BacktrackSmack","hexamod:NightmareGuise"],"picked":"SKIP","floor":6.0},{"not_picked":["hexamod:NecessarySacrifice","hexamod:NightmareGuise"],"picked":"hexamod:Firestarter","floor":10.0},{"not_picked":["hexamod:SecondSeal","hexamod:RadiantFlame"],"picked":"hexamod:HexaLevel","floor":11.0},{"not_picked":["hexamod:HeatShield","hexamod:FourthSeal"],"picked":"hexamod:UnlimitedPower","floor":14.0},{"not_picked":["hexamod:HeatMetal","hexamod:GhostOfSpirePast"],"picked":"hexamod:ForkedFlame","floor":14.0},{"not_picked":["hexamod:SwordOfDarkness","hexamod:NightmareStrike"],"picked":"hexamod:SkipABeat","floor":15.0},{"not_picked":["hexamod:NightmareStrike","hexamod:GhostLash"],"picked":"hexamod:RecurringNightmare","floor":15.0},{"not_picked":["hexamod:TurnItUp","hexamod:UnlimitedPower"],"picked":"hexamod:WildfireWeapon","floor":16.0},{"not_picked":["hexamod:FastForward","hexamod:AdvancingGuard"],"picked":"hexamod:ChargedBarrage","floor":19.0},{"not_picked":["hexamod:NightmareStrike","hexamod:PhantomCloak"],"picked":"hexamod:RadiantFlame+1","floor":20.0},{"not_picked":["hexamod:HeatMetal","hexamod:FourthSeal"],"picked":"hexamod:SoulSteal","floor":20.0},{"not_picked":["hexamod:Hexaguard","hexamod:InspiringFlames","hexamod:SpectersWail"],"picked":"SKIP","floor":21.0},{"not_picked":["hexamod:InspiringFlames","hexamod:SpectersWail"],"picked":"hexamod:Hexaguard","floor":21.0},{"not_picked":["hexamod:GhostLash+1","hexamod:Rewind"],"picked":"hexamod:ThermalTransfer+1","floor":22.0},{"not_picked":["hexamod:FastForward+1","hexamod:NightmareStrike","hexamod:HauntingEcho"],"picked":"SKIP","floor":25.0},{"not_picked":["hexamod:Firestarter","hexamod:ThermalTransfer+1"],"picked":"hexamod:ExtraCrispy+1","floor":26.0},{"not_picked":["hexamod:SwordOfDarkness","hexamod:EmpoweredFlame"],"picked":"hexamod:TimeWarp","floor":26.0},{"not_picked":["hexamod:StepThrough","hexamod:SpectersWail"],"picked":"hexamod:EtherealExpedition+1","floor":27.0},{"not_picked":["hexamod:BacktrackSmack","hexamod:AdvancingGuard","hexamod:Rewind"],"picked":"SKIP","floor":28.0},{"not_picked":["hexamod:RadiantFlame","hexamod:Rewind+1"],"picked":"hexamod:StepThrough","floor":29.0},{"not_picked":["hexamod:NightmareGuise","hexamod:Hexaguard"],"picked":"hexamod:HeatShield+1","floor":29.0},{"not_picked":["hexamod:Haunt","hexamod:HeatMetal","hexamod:GhostOfSpireFuture"],"picked":"SKIP","floor":31.0},{"not_picked":["hexamod:SwordOfDarkness","hexamod:RetreatToShadows+1"],"picked":"hexamod:EmpoweredFlame+1","floor":32.0},{"not_picked":["hexamod:HexaLevel","hexamod:GhostOfSpirePresent"],"picked":"hexamod:ForkedFlame","floor":33.0},{"not_picked":["hexamod:HexaLevel","hexamod:VolcanoVisage"],"picked":"hexamod:SearingWound","floor":33.0},{"not_picked":["expansioncontent:AwakenDeath","expansioncontent:Chronoboost"],"picked":"expansioncontent:YouAreMine","floor":36.0},{"not_picked":["expansioncontent:GuardianWhirl","expansioncontent:LastStand"],"picked":"expansioncontent:Chronoboost","floor":36.0},{"not_picked":["expansioncontent:LastStand","expansioncontent:AwakenDeath"],"picked":"expansioncontent:PrepareCrush","floor":36.0},{"not_picked":["hexamod:SwordOfDarkness+1","hexamod:GhostOfSpireFuture+1","hexamod:CatchUp+1"],"picked":"SKIP","floor":38.0},{"not_picked":["hexamod:GhostOfSpirePast","hexamod:ThermalTransfer","hexamod:HauntingEcho+1"],"picked":"SKIP","floor":40.0},{"not_picked":["hexamod:SecondSeal","hexamod:SpectersWail"],"picked":"hexamod:ParanormalForm+1","floor":42.0},{"not_picked":["hexamod:EtherealExpedition","hexamod:ShieldOfDarkness+1"],"picked":"hexamod:Firestarter+1","floor":43.0},{"not_picked":["hexamod:GhostShield+1","hexamod:FastForward+1","hexamod:InspiringFlames"],"picked":"SKIP","floor":43.0},{"not_picked":["hexamod:Hexaguard+1","hexamod:Incineration"],"picked":"hexamod:HeatShield+1","floor":44.0},{"not_picked":["hexamod:NightmareGuise","hexamod:HauntingEcho"],"picked":"hexamod:RadiantFlame+1","floor":44.0},{"not_picked":["hexamod:NightmareGuise","hexamod:ThermalTransfer+1"],"picked":"hexamod:SkipABeat+1","floor":47.0},{"not_picked":["hexamod:HauntingEcho","hexamod:NightmareStrike"],"picked":"hexamod:BurningTouch+1","floor":48},{"not_picked":["hexamod:AdvancingGuard+1","hexamod:FirstSeal","hexamod:GhostOfSpirePast+1"],"picked":"SKIP","floor":48},{"not_picked":["hexamod:ThirdSeal","hexamod:Rewind+1"],"picked":"hexamod:EmpoweredFlame+1","floor":49},{"not_picked":["hexamod:SecondSeal","hexamod:ThirdSeal"],"picked":"hexamod:HeatMetal+1","floor":49}],"player_experience":1170618,"relics_obtained":[{"floor":6.0,"key":"Pear"},{"floor":7.0,"key":"Omamori"},{"floor":14.0,"key":"Ginger"},{"floor":24.0,"key":"Bronze Scales"},{"floor":25.0,"key":"Bag of Preparation"},{"floor":26.0,"key":"Red Mask"},{"floor":27.0,"key":"hexamod:SoulConsumer"},{"floor":27.0,"key":"HornCleat"},{"floor":30.0,"key":"Enchiridion"},{"floor":41.0,"key":"Frozen Egg 2"},{"floor":42.0,"key":"Art of War"},{"floor":44.0,"key":"Meat on the Bone"}],"event_choices":[{"damage_healed":0.0,"max_hp_gain":0.0,"max_hp_loss":0.0,"gold_gain":0.0,"event_name":"NoteForYourself","player_choice":"Ignored","floor":8.0,"gold_loss":0.0,"damage_taken":0.0},{"damage_healed":0.0,"max_hp_gain":0.0,"max_hp_loss":0.0,"gold_gain":0.0,"event_name":"Masked Bandits","player_choice":"Fought Bandits","floor":26.0,"gold_loss":0.0,"damage_taken":0.0},{"damage_healed":0.0,"max_hp_gain":0.0,"max_hp_loss":0.0,"gold_gain":0.0,"event_name":"Lab","player_choice":"Got Potions","floor":37.0,"gold_loss":0.0,"damage_taken":0.0}],"is_beta":false,"boss_relics":[{"not_picked":["Empty Cage","SacredBark"],"picked":"Cursed Key"},{"not_picked":["Sozu","Pandora\u0027s Box"],"picked":"hexamod:UnbrokenSoul"}],"items_purged_floors":[29],"is_endless":false,"potions_floor_spawned":[3,5,10,14,16,25,27,28,32,33,44,47,48,49],"killed_by":"DF_ARCHETYPE_ORBS","ascension_level":0}}