{"host":"v2nniiiz7kpx7fwo","time":1612544429,"event":{"mods":["2.2 Compatiblity","AchievementEnabler","BaseMod","Colored Map","Colored Powertips","DeckTracker","Highlight Path","KOR Keyword Fix","Minty Spire (QoL Compilation)","Permanent Neow","Rare Cards Sparkle","StSLib","SuperFastMode"],"gold_per_floor":[115,45,65,15,29,29,42,68,68,68,84,95,125,138,138,233,233,251,262,262,278,290,290,324,324,375,3,3,36,36,64,64,160,160,176,230,230,246,246,246],"floor_reached":39,"language":"KOR","playtime":1662,"items_purged":["Strike_R"],"score":620,"play_id":"17ce55e8-12d8-49d8-a20c-97f4f5aaf665","local_time":"20210206020029","is_ascension_mode":true,"campfire_choices":[{"data":"Wild Strike","floor":6.0,"key":"SMITH"},{"data":"Fiend Fire","floor":10.0,"key":"SMITH"},{"data":"Flex","floor":15.0,"key":"SMITH"},{"data":"Bloodletting","floor":23.0,"key":"SMITH"},{"floor":25.0,"key":"REST"},{"data":"Spot Weakness","floor":28.0,"key":"SMITH"},{"floor":32.0,"key":"REST"}],"circlet_count":0,"master_deck":["Defend_R","Defend_R","Defend_R","Defend_R","Bash","Fiend Fire+1","Wild Strike+1","Battle Trance","Flex+1","Double Tap+1","Spot Weakness+1","Bloodletting+1","Demon Form","Cleave+1","Evolve","Feed","Reaper","Shrug It Off+1","Bludgeon+1","Bludgeon+1","Body Slam+1","True Grit+1"],"relics":["Burning Blood","Akabeko","Mango","Sozu","Bronze Scales","Strawberry","Anchor","Dream Catcher","Ancient Tea Set","Astrolabe","Torii"],"acts_visited":["Exordium","TheCity","TheBeyond"],"potions_floor_usage":[],"damage_taken":[{"damage":14.0,"enemies":"Jaw Worm","floor":1.0,"turns":3.0},{"damage":2.0,"enemies":"2 Louse","floor":3.0,"turns":3.0},{"damage":0.0,"enemies":"Cultist","floor":5.0,"turns":2.0},{"damage":18.0,"enemies":"Large Slime","floor":7.0,"turns":6.0},{"damage":2.0,"enemies":"Gremlin Nob","floor":8.0,"turns":3.0},{"damage":17.0,"enemies":"Exordium Thugs","floor":11.0,"turns":3.0},{"damage":2.0,"enemies":"Exordium Wildlife","floor":12.0,"turns":2.0},{"damage":0.0,"enemies":"Lagavulin","floor":13.0,"turns":2.0},{"damage":20.0,"enemies":"Lots of Slimes","floor":14.0,"turns":4.0},{"damage":42.0,"enemies":"Slime Boss","floor":16.0,"turns":9.0},{"damage":33.0,"enemies":"3 Byrds","floor":18.0,"turns":5.0},{"damage":19.0,"enemies":"Shell Parasite","floor":19.0,"turns":3.0},{"damage":24.0,"enemies":"Snake Plant","floor":21.0,"turns":2.0},{"damage":24.0,"enemies":"Centurion and Healer","floor":22.0,"turns":4.0},{"damage":25.0,"enemies":"Gremlin Leader","floor":24.0,"turns":5.0},{"damage":25.0,"enemies":"Book of Stabbing","floor":29.0,"turns":3.0},{"damage":41.0,"enemies":"Slavers","floor":31.0,"turns":6.0},{"damage":68.0,"enemies":"Champ","floor":33.0,"turns":7.0},{"damage":3.0,"enemies":"3 Shapes","floor":35.0,"turns":4.0},{"damage":49,"enemies":"2 Orb Walkers","floor":36,"turns":5},{"damage":0,"enemies":"Orb Walker","floor":38,"turns":2},{"damage":57,"enemies":"Spire Growth","floor":39,"turns":4}],"seed_played":"-3065232930798215569","potions_obtained":[{"floor":1.0,"key":"EssenceOfSteel"},{"floor":5.0,"key":"BlessingOfTheForge"},{"floor":7.0,"key":"EssenceOfSteel"},{"floor":8.0,"key":"AttackPotion"},{"floor":14.0,"key":"SpeedPotion"}],"is_trial":false,"path_per_floor":["M","$","M","?","M","R","M","E","T","R","M","M","E","M","R","B",null,"M","M","?","M","M","R","E","R","T","$","R","E","?","E","R","B",null,"M","?","?","M","M"],"character_chosen":"IRONCLAD","items_purchased":["Battle Trance","Reaper","Anchor"],"campfire_rested":2,"item_purchase_floors":[2,27,27],"current_hp_per_floor":[72,72,76,76,80,80,68,72,72,72,61,65,85,71,71,35,79,52,39,70,52,34,34,15,43,50,50,50,47,47,27,58,8,80,94,51,41,47,0,0],"gold":246,"neow_bonus":"ONE_RANDOM_RARE_CARD","is_daily":false,"chose_seed":false,"campfire_upgraded":5,"win_rate":0.0,"timestamp":1612544429,"path_taken":["M","$","M","?","M","R","M","E","T","R","M","M","E","M","R","BOSS","M","M","?","M","M","R","E","R","T","$","R","E","?","E","R","BOSS","M","?","?","M","M"],"items_purchased_type":["Card","Card","Relic"],"build_version":"2020-12-22","purchased_purges":1,"victory":false,"max_hp_per_floor":[80,80,80,80,80,80,80,80,80,80,80,80,94,94,94,94,94,94,94,94,94,94,94,94,94,101,101,101,101,101,104,104,104,104,107,107,107,107,107,107],"card_choices":[{"not_picked":["Warcry","Thunderclap"],"picked":"Wild Strike","floor":1.0},{"not_picked":["Rage","Uppercut"],"picked":"Flex","floor":3.0},{"not_picked":["Headbutt","Pommel Strike"],"picked":"Double Tap","floor":5.0},{"not_picked":["Warcry","Headbutt","Pommel Strike"],"picked":"SKIP","floor":7.0},{"not_picked":["Body Slam","Bloodletting"],"picked":"Spot Weakness","floor":8.0},{"not_picked":["Pommel Strike","Warcry","Thunderclap"],"picked":"SKIP","floor":11.0},{"not_picked":["Hemokinesis","Pommel Strike","Anger"],"picked":"SKIP","floor":12.0},{"not_picked":["Rage","Bloodletting","Combust"],"picked":"SKIP","floor":13.0},{"not_picked":["Flex","Metallicize"],"picked":"Bloodletting","floor":14.0},{"not_picked":["Impervious","Feed"],"picked":"Demon Form","floor":16.0},{"not_picked":["Spot Weakness","Iron Wave+1"],"picked":"Cleave+1","floor":18.0},{"not_picked":["Pommel Strike","Twin Strike"],"picked":"Evolve","floor":19.0},{"not_picked":["Burning Pact","Sever Soul+1","Cleave"],"picked":"SKIP","floor":21.0},{"not_picked":["Twin Strike+1","Clash+1","Perfected Strike"],"picked":"SKIP","floor":22.0},{"not_picked":["Iron Wave","Armaments"],"picked":"Feed","floor":24.0},{"not_picked":["Battle Trance","Flex","Rage"],"picked":"SKIP","floor":29.0},{"not_picked":["True Grit","Rage","Metallicize"],"picked":"SKIP","floor":31.0},{"not_picked":["True Grit","Spot Weakness"],"picked":"Body Slam+1","floor":35.0},{"not_picked":["Body Slam","Inflame"],"picked":"True Grit+1","floor":36},{"not_picked":["Iron Wave","Sentinel","Perfected Strike+1"],"picked":"SKIP","floor":38}],"player_experience":359349,"relics_obtained":[{"floor":8.0,"key":"Akabeko"},{"floor":13.0,"key":"Mango"},{"floor":24.0,"key":"Bronze Scales"},{"floor":26.0,"key":"Strawberry"},{"floor":29.0,"key":"Dream Catcher"},{"floor":31.0,"key":"Ancient Tea Set"},{"floor":36,"key":"Torii"}],"event_choices":[{"cards_removed":["Strike_R"],"damage_healed":0.0,"max_hp_gain":0.0,"max_hp_loss":0.0,"gold_gain":0.0,"event_name":"The Cleric","player_choice":"Card Removal","floor":4.0,"gold_loss":50.0,"damage_taken":0.0},{"damage_healed":31.0,"max_hp_gain":0.0,"max_hp_loss":0.0,"gold_gain":0.0,"event_name":"The Library","player_choice":"Heal","floor":20.0,"gold_loss":0.0,"damage_taken":0.0},{"damage_healed":0.0,"max_hp_gain":0.0,"max_hp_loss":0.0,"gold_gain":0.0,"event_name":"Upgrade Shrine","player_choice":"Upgraded","floor":30.0,"gold_loss":0.0,"damage_taken":0.0,"cards_upgraded":["Double Tap"]},{"damage_healed":0,"gold_gain":0,"player_choice":"Fight","damage_taken":0,"max_hp_gain":0,"max_hp_loss":0,"event_name":"Mysterious Sphere","floor":36,"gold_loss":0},{"damage_healed":0,"gold_gain":0,"player_choice":"Damaged","damage_taken":10,"max_hp_gain":0,"max_hp_loss":0,"event_name":"Wheel of Change","floor":37,"gold_loss":0}],"is_beta":false,"boss_relics":[{"not_picked":["Runic Pyramid","Ectoplasm"],"picked":"Sozu"},{"not_picked":["SacredBark","Black Star"],"picked":"Astrolabe"}],"items_purged_floors":[27],"is_endless":false,"potions_floor_spawned":[1,5,7,8,14,21,22,31,36],"killed_by":"Spire Growth","ascension_level":5}}