{"host":"sc0o2qwpf9j16a4i","time":1612537434,"event":{"mods":["AchievementEnabler","BaseMod","BetterRewards","Block Reminder","Colored Map","Colored Powertips","Custom Start","Highlight Path","Minty Spire (QoL Compilation)","Relic Stats"],"gold_per_floor":[112,112,181,181,196,254,254,273,298,329,329,329,604,61,61,192,192,212,236,141,162,208,272,272,631,631,631,631,220,220,239,239,363,363,412,412,201,224,269,285,211,231,231,264,337,377,393,406,406,406],"floor_reached":51,"language":"ENG","playtime":3072,"items_purged":["Regret"],"score":1032,"play_id":"5b684221-1247-436e-b89e-f6e3f0f16173","local_time":"20210205170354","daily_mods":["Shiny","Colorless Cards","Binary"],"is_ascension_mode":false,"campfire_choices":[{"data":"Apotheosis","floor":7,"key":"SMITH"},{"data":"Barricade","floor":11,"key":"SMITH"},{"data":"Master of Strategy","floor":15,"key":"SMITH"},{"floor":30,"key":"REST"},{"floor":32,"key":"REST"},{"data":"Limit Break","floor":49,"key":"SMITH"}],"circlet_count":0,"master_deck":["Double Tap","Demon Form","Bludgeon","Feed","Limit Break+1","Corruption","Barricade+1","Fiend Fire","Berserk","Impervious","Juggernaut","Brutality","Reaper","Exhume","Offering+1","Immolate+1","Metamorphosis","Master of Strategy+1","Magnetism","Chrysalis","Transmutation","HandOfGreed+1","Mayhem","Apotheosis+1","Secret Weapon","Panache","Violence","Secret Technique","The Bomb","Sadistic Nature","Panacea","Good Instincts","Battle Trance","Shrug It Off","Body Slam+1","Pommel Strike","Master of Strategy","Dark Shackles","True Grit+1","Enlightenment","Intimidate+1","Secret Technique","Dark Shackles","Shrug It Off","Enlightenment+1","Armaments+1","True Grit+1"],"relics":["Burning Blood","Golden Idol","Nunchaku","Smiling Mask","Dream Catcher","CaptainsWheel","Lee\u0027s Waffle","Meat on the Bone","MutagenicStrength","Old Coin","StrikeDummy","Membership Card","Lantern","SlaversCollar","Bag of Preparation","ClockworkSouvenir","Ancient Tea Set","Frozen Egg 2","Whetstone","Letter Opener"],"acts_visited":["Exordium","TheCity","TheBeyond"],"potions_floor_usage":[10,10,16,21,23,23,31,33,45,50],"damage_taken":[{"damage":12,"enemies":"Cultist","floor":1,"turns":5},{"damage":14,"enemies":"Jaw Worm","floor":5,"turns":4},{"damage":19,"enemies":"Lagavulin","floor":6,"turns":5},{"damage":0,"enemies":"2 Louse","floor":8,"turns":1},{"damage":0,"enemies":"3 Sentries","floor":10,"turns":1},{"damage":6,"enemies":"The Guardian","floor":16,"turns":5},{"damage":31,"enemies":"3 Byrds","floor":18,"turns":4},{"damage":20,"enemies":"Chosen","floor":19,"turns":5},{"damage":20,"enemies":"Centurion and Healer","floor":21,"turns":5},{"damage":33,"enemies":"Cultist and Chosen","floor":22,"turns":9},{"damage":15,"enemies":"Gremlin Leader","floor":23,"turns":5},{"damage":69,"enemies":"Slavers","floor":25,"turns":5},{"damage":6,"enemies":"Sentry and Sphere","floor":31,"turns":4},{"damage":9,"enemies":"Automaton","floor":33,"turns":7},{"damage":5,"enemies":"3 Shapes","floor":35,"turns":13},{"damage":6,"enemies":"Orb Walker","floor":38,"turns":1},{"damage":7,"enemies":"Sphere and 2 Shapes","floor":39,"turns":5},{"damage":7,"enemies":"Spire Growth","floor":40,"turns":5},{"damage":12,"enemies":"Writhing Mass","floor":42,"turns":4},{"damage":13,"enemies":"Giant Head","floor":44,"turns":4},{"damage":16,"enemies":"4 Shapes","floor":45,"turns":11},{"damage":6,"enemies":"Reptomancer","floor":46,"turns":6},{"damage":12,"enemies":"3 Darklings","floor":47,"turns":1},{"damage":6,"enemies":"Transient","floor":48,"turns":5},{"damage":56,"enemies":"Time Eater","floor":50,"turns":12}],"seed_played":"-7335678645105748721","potions_obtained":[{"floor":1,"key":"Energy Potion"},{"floor":6,"key":"BloodPotion"},{"floor":10,"key":"BlessingOfTheForge"},{"floor":21,"key":"Swift Potion"},{"floor":22,"key":"ElixirPotion"},{"floor":33,"key":"SpeedPotion"}],"is_trial":true,"path_per_floor":["M","?","?","?","M","E","R","M","T","E","R","?","?","$","R","B",null,"M","M","$","M","M","E","?","E","T","?","?","$","R","M","R","B",null,"M","?","$","M","M","M","?","M","T","E","M","E","M","M","R","B",null],"character_chosen":"IRONCLAD","items_purchased":["CaptainsWheel","Lee\u0027s Waffle","AttackPotion","Fruit Juice","Membership Card","Lantern","Master of Strategy","PowerPotion","LiquidMemories","Dark Shackles","Bag of Preparation","ClockworkSouvenir","DuplicationPotion","Shrug It Off"],"campfire_rested":2,"item_purchase_floors":[14,14,14,20,29,29,29,29,29,29,37,37,37,37],"current_hp_per_floor":[83,62,62,67,62,49,49,58,58,83,83,83,83,102,102,102,102,84,82,82,75,73,102,102,55,55,55,55,55,91,95,126,127,130,138,138,138,142,142,141,141,135,135,128,125,129,143,143,143,93],"gold":406,"neow_bonus":"","is_daily":false,"chose_seed":false,"campfire_upgraded":4,"win_rate":0.0,"timestamp":1612537434,"path_taken":["M","?","?","?","M","E","R","M","T","E","R","?","?","$","R","BOSS","M","?","$","M","M","E","?","E","T","?","?","?","R","M","R","BOSS","M","?","?","?","M","M","?","?","T","E","M","E","M","M","R","BOSS"],"items_purchased_type":["Relic","Relic","Potion","Potion","Relic","Relic","Card","Potion","Potion","Card","Relic","Relic","Potion","Card"],"build_version":"2020-12-22","purchased_purges":1,"victory":true,"max_hp_per_floor":[84,84,84,89,92,92,92,95,95,95,95,95,95,102,102,102,102,105,109,109,109,113,118,118,122,122,122,122,122,122,126,126,130,130,138,138,138,142,142,142,142,142,142,142,149,153,157,157,157,157],"relic_stats":{"Nunchaku":[11],"Dream Catcher":2,"Lee\u0027s Waffle":19,"counters":[25,132],"Golden Idol":180,"Bag of Preparation":[20],"Whetstone":["Immolate","HandOfGreed"],"Letter Opener":[155],"Smiling Mask":25,"obtain_stats":[{"Lee\u0027s Waffle":14,"Lantern":29,"Golden Idol":2,"Bag of Preparation":37,"Whetstone":44,"Letter Opener":46,"Frozen Egg 2":43,"Smiling Mask":9,"Ancient Tea Set":41,"Burning Blood":0,"Old Coin":25,"ClockworkSouvenir":37,"SlaversCollar":34,"Nunchaku":6,"Dream Catcher":10,"CaptainsWheel":14,"MutagenicStrength":24,"Membership Card":29,"StrikeDummy":26,"Meat on the Bone":23},{"Lee\u0027s Waffle":5,"Lantern":12,"Golden Idol":1,"Bag of Preparation":15,"Whetstone":20,"Letter Opener":22,"Frozen Egg 2":19,"Smiling Mask":4,"Ancient Tea Set":18,"Burning Blood":0,"Old Coin":12,"ClockworkSouvenir":15,"SlaversCollar":14,"Nunchaku":3,"Dream Catcher":5,"CaptainsWheel":5,"MutagenicStrength":11,"Membership Card":12,"StrikeDummy":12,"Meat on the Bone":11},{"Lee\u0027s Waffle":16,"Lantern":54,"Golden Idol":5,"Bag of Preparation":78,"Whetstone":97,"Letter Opener":114,"Frozen Egg 2":93,"Smiling Mask":15,"Ancient Tea Set":89,"Burning Blood":0,"Old Coin":54,"ClockworkSouvenir":78,"SlaversCollar":65,"Nunchaku":14,"Dream Catcher":16,"CaptainsWheel":16,"MutagenicStrength":49,"Membership Card":54,"StrikeDummy":54,"Meat on the Bone":49}],"Burning Blood":138,"Meat on the Bone":12},"card_choices":[{"not_picked":["Body Slam"],"picked":"Panacea","floor":1},{"not_picked":["Havoc"],"picked":"Good Instincts","floor":5},{"not_picked":["Dual Wield"],"picked":"Battle Trance","floor":6},{"not_picked":["Clash","Perfected Strike"],"picked":"SKIP","floor":8},{"not_picked":["Cleave"],"picked":"Shrug It Off","floor":10},{"not_picked":["Sword Boomerang","Clash"],"picked":"SKIP","floor":18},{"not_picked":["Havoc+1"],"picked":"Body Slam+1","floor":19},{"not_picked":["Power Through","Clash"],"picked":"SKIP","floor":21},{"not_picked":["Metallicize"],"picked":"Pommel Strike","floor":22},{"not_picked":["Thinking Ahead","Sever Soul"],"picked":"SKIP","floor":23},{"not_picked":["Perfected Strike","Heavy Blade"],"picked":"SKIP","floor":25},{"not_picked":["Heavy Blade"],"picked":"True Grit+1","floor":30},{"not_picked":["Enlightenment","Wild Strike"],"picked":"SKIP","floor":31},{"not_picked":["Wild Strike"],"picked":"Enlightenment","floor":31},{"not_picked":["Perfected Strike"],"picked":"Intimidate+1","floor":32},{"not_picked":["Brutality"],"picked":"Secret Technique","floor":33},{"not_picked":["Sword Boomerang+1"],"picked":"Dark Shackles","floor":35},{"not_picked":["Rage","Twin Strike"],"picked":"SKIP","floor":38},{"not_picked":["Headbutt+1"],"picked":"Enlightenment+1","floor":39},{"not_picked":["Cleave","Armaments"],"picked":"SKIP","floor":40},{"not_picked":["Bloodletting"],"picked":"Armaments+1","floor":42},{"not_picked":["Clothesline+1"],"picked":"True Grit+1","floor":44},{"not_picked":["Anger+1","Dropkick+1"],"picked":"SKIP","floor":45},{"not_picked":["Fiend Fire","Heavy Blade"],"picked":"SKIP","floor":46},{"not_picked":["Warcry+1","Anger+1"],"picked":"SKIP","floor":47},{"not_picked":["Iron Wave","Forethought+1"],"picked":"SKIP","floor":48}],"player_experience":1201318,"relics_obtained":[{"floor":6,"key":"Nunchaku"},{"floor":9,"key":"Smiling Mask"},{"floor":10,"key":"Dream Catcher"},{"floor":23,"key":"Meat on the Bone"},{"floor":25,"key":"Old Coin"},{"floor":26,"key":"StrikeDummy"},{"floor":43,"key":"Frozen Egg 2"},{"floor":44,"key":"Whetstone"},{"floor":46,"key":"Letter Opener"}],"event_choices":[{"damage_healed":0,"gold_gain":0,"player_choice":"Take Damage","damage_taken":21,"relics_obtained":["Golden Idol"],"max_hp_gain":0,"max_hp_loss":0,"event_name":"Golden Idol","floor":2,"gold_loss":0},{"damage_healed":0,"gold_gain":69,"player_choice":"Gained Gold","damage_taken":0,"max_hp_gain":0,"max_hp_loss":0,"event_name":"Golden Wing","floor":3,"gold_loss":0},{"damage_healed":0,"gold_gain":0,"player_choice":"Donut","damage_taken":0,"max_hp_gain":5,"max_hp_loss":0,"event_name":"Big Fish","floor":4,"gold_loss":0},{"damage_healed":0,"gold_gain":0,"player_choice":"Grow","damage_taken":0,"max_hp_gain":0,"max_hp_loss":0,"event_name":"Living Wall","floor":12,"gold_loss":0,"cards_upgraded":["Offering"]},{"damage_healed":0,"gold_gain":275,"player_choice":"Desecrate","damage_taken":0,"max_hp_gain":0,"max_hp_loss":0,"event_name":"Golden Shrine","floor":13,"gold_loss":0,"cards_obtained":["Regret"]},{"damage_healed":0,"gold_gain":0,"player_choice":"Inject Mutagens","damage_taken":0,"relics_obtained":["MutagenicStrength"],"max_hp_gain":0,"max_hp_loss":0,"event_name":"Drug Dealer","floor":24,"gold_loss":0},{"damage_healed":0,"gold_gain":0,"player_choice":"Ignored","damage_taken":0,"max_hp_gain":0,"max_hp_loss":0,"event_name":"Beggar","floor":27,"gold_loss":0},{"cards_removed":["Thinking Ahead"],"damage_healed":0,"gold_gain":0,"player_choice":"Elegance","damage_taken":0,"max_hp_gain":0,"max_hp_loss":0,"event_name":"Back to Basics","floor":28,"gold_loss":0},{"damage_healed":0,"gold_gain":0,"player_choice":"Full Heal","damage_taken":0,"max_hp_gain":0,"max_hp_loss":0,"event_name":"Wheel of Change","floor":36,"gold_loss":0},{"damage_healed":0,"gold_gain":0,"player_choice":"Paid Gold","damage_taken":0,"relics_obtained":["Ancient Tea Set"],"max_hp_gain":0,"max_hp_loss":0,"event_name":"WeMeetAgain","floor":41,"gold_loss":74}],"is_beta":false,"boss_relics":[{"not_picked":["Astrolabe","Busted Crown","Ectoplasm"]},{"not_picked":["Black Star","Runic Cube"],"picked":"SlaversCollar"}],"items_purged_floors":[14],"is_endless":false,"potions_floor_spawned":[1,6,10,21,22,33,40,44],"ascension_level":0}}