{"host":"yqw1zpryoutrnocq","time":1612568018,"event":{"mods":["2.2 Compatiblity","AchievementEnabler","BaseMod","Colored Map","Custom Start","DeckTracker","Minty Spire (QoL Compilation)","StSLib","SuperFastMode"],"gold_per_floor":[116,116,131,131,152,152,191,191,191,42,60,60,60,76,76,199,199,222,222,107,120,133,133,157,170,194,194,214,139,154,167,167,167,167],"floor_reached":33,"language":"KOR","playtime":1059,"items_purged":["Dash"],"score":389,"play_id":"ebb948c8-52dd-4134-965f-acefde1d6d39","local_time":"20210205173338","is_ascension_mode":true,"campfire_choices":[{"data":"Riddle With Holes","floor":6.0,"key":"SMITH"},{"data":"Neutralize","floor":8.0,"key":"SMITH"},{"data":"Dagger Spray","floor":13.0,"key":"SMITH"},{"data":"Masterful Stab","floor":15.0,"key":"SMITH"},{"data":"Adrenaline","floor":23.0,"key":"SMITH"},{"floor":27.0,"key":"REST"},{"data":"Envenom","floor":32.0,"key":"SMITH"}],"circlet_count":0,"master_deck":["Survivor","Neutralize+1","Deep Breath","Backflip","Riddle With Holes+1","Dagger Spray+1","Flechettes","Masterful Stab+1","Calculated Gamble","Dodge and Roll","Infinite Blades","Backstab","Adrenaline+1","After Image","Terror","Eviscerate","Storm of Steel","Burst","Reflex","Deflect+1","Underhanded Strike","Caltrops","Accuracy","PiercingWail+1","PiercingWail+1","Concentrate+1","Acrobatics+1","Blade Dance","Slice+1","Dodge and Roll","Envenom+1","Escape Plan+1","Blade Dance","Slice","Tactician+1","Sucker Punch+1"],"relics":["Ring of the Snake","Golden Idol","Blue Candle","Kunai","Prayer Wheel","Pandora\u0027s Box","Akabeko"],"acts_visited":["Exordium","TheCity"],"potions_floor_usage":[33],"damage_taken":[{"damage":0.0,"enemies":"Small Slimes","floor":1.0,"turns":4.0},{"damage":0.0,"enemies":"Cultist","floor":3.0,"turns":5.0},{"damage":0.0,"enemies":"2 Louse","floor":5.0,"turns":2.0},{"damage":13.0,"enemies":"3 Sentries","floor":7.0,"turns":10.0},{"damage":0.0,"enemies":"Blue Slaver","floor":11.0,"turns":4.0},{"damage":2.0,"enemies":"Red Slaver","floor":14.0,"turns":3.0},{"damage":5.0,"enemies":"Slime Boss","floor":16.0,"turns":10.0},{"damage":0.0,"enemies":"3 Byrds","floor":18.0,"turns":4.0},{"damage":11.0,"enemies":"Spheric Guardian","floor":21.0,"turns":3.0},{"damage":20.0,"enemies":"Snake Plant","floor":22.0,"turns":5.0},{"damage":20.0,"enemies":"Snecko","floor":24.0,"turns":6.0},{"damage":0.0,"enemies":"Centurion and Healer","floor":25.0,"turns":3.0},{"damage":1.0,"enemies":"Chosen and Byrds","floor":28.0,"turns":4.0},{"damage":2.0,"enemies":"Snecko","floor":30.0,"turns":3.0},{"damage":4.0,"enemies":"Shelled Parasite and Fungi","floor":31.0,"turns":5.0},{"damage":45,"enemies":"Collector","floor":33,"turns":6}],"seed_played":"4216217562053218619","potions_obtained":[{"floor":3.0,"key":"Dexterity Potion"},{"floor":7.0,"key":"GamblersBrew"},{"floor":18.0,"key":"Weak Potion"},{"floor":24.0,"key":"CultistPotion"},{"floor":25.0,"key":"Dexterity Potion"}],"is_trial":false,"path_per_floor":["M","?","M","?","M","R","E","R","T","$","M","?","R","M","R","B",null,"M","?","$","M","M","R","M","M","T","R","M","?","M","M","R","B"],"character_chosen":"THE_SILENT","items_purchased":["Masterful Stab","Calculated Gamble","Accuracy"],"campfire_rested":1,"item_purchase_floors":[10,10,20],"current_hp_per_floor":[63,46,46,46,46,46,33,33,33,33,33,26,26,24,24,19,57,57,57,57,46,26,26,6,6,6,27,26,26,24,20,20,0,0],"gold":167,"neow_bonus":"RANDOM_COLORLESS","is_daily":false,"chose_seed":false,"campfire_upgraded":6,"win_rate":0.0,"timestamp":1612568018,"path_taken":["M","?","M","?","?","R","E","R","T","$","M","?","R","M","R","BOSS","M","?","$","M","M","R","M","?","T","R","M","?","M","M","R","BOSS"],"items_purchased_type":["Card","Card","Card"],"build_version":"2020-12-22","purchased_purges":1,"victory":false,"max_hp_per_floor":[70,70,70,70,70,70,70,70,70,70,70,70,70,70,70,70,70,70,70,70,70,70,70,70,70,70,70,70,70,70,70,70,70,70],"card_choices":[{"not_picked":["Mind Blast","Trip"],"picked":"Deep Breath","floor":0.0},{"not_picked":["Poisoned Stab","Dagger Spray"],"picked":"Backflip","floor":1.0},{"not_picked":["Choke","Deflect"],"picked":"Riddle With Holes","floor":3.0},{"not_picked":["Dagger Throw","Skewer"],"picked":"Dagger Spray","floor":5.0},{"not_picked":["Leg Sweep","Flying Knee"],"picked":"Flechettes","floor":7.0},{"not_picked":["Flying Knee","Masterful Stab"],"picked":"Dodge and Roll","floor":11.0},{"not_picked":["Bane","Skewer"],"picked":"Infinite Blades","floor":14.0},{"not_picked":["Sucker Punch","Deflect"],"picked":"Backstab","floor":14.0},{"not_picked":["After Image","Doppelganger"],"picked":"Adrenaline","floor":16.0},{"not_picked":["Bane","Infinite Blades"],"picked":"Deflect+1","floor":18.0},{"not_picked":["Deflect+1","Masterful Stab+1"],"picked":"Underhanded Strike","floor":18.0},{"not_picked":["Poisoned Stab+1","Bane"],"picked":"PiercingWail+1","floor":21.0},{"not_picked":["Reflex","Poisoned Stab"],"picked":"PiercingWail+1","floor":21.0},{"not_picked":["Backflip","All Out Attack+1"],"picked":"Concentrate+1","floor":22.0},{"not_picked":["Wraith Form v2","Predator"],"picked":"Acrobatics+1","floor":22.0},{"not_picked":["Quick Slash","Dagger Throw"],"picked":"Blade Dance","floor":24.0},{"not_picked":["Setup","Outmaneuver"],"picked":"Slice+1","floor":24.0},{"not_picked":["Accuracy+1","Infinite Blades"],"picked":"Dodge and Roll","floor":25.0},{"not_picked":["Skewer","Bane+1","Quick Slash"],"picked":"SKIP","floor":25.0},{"not_picked":["Slice+1","Distraction"],"picked":"Envenom","floor":28.0},{"not_picked":["Predator","Catalyst"],"picked":"Escape Plan+1","floor":28.0},{"not_picked":["Distraction","Backflip"],"picked":"Blade Dance","floor":30.0},{"not_picked":["Setup","Underhanded Strike"],"picked":"Slice","floor":30.0},{"not_picked":["Backflip","Underhanded Strike"],"picked":"Tactician+1","floor":31.0},{"not_picked":["Deflect","Underhanded Strike"],"picked":"Sucker Punch+1","floor":31.0}],"player_experience":294701,"relics_obtained":[{"floor":7.0,"key":"Blue Candle"},{"floor":9.0,"key":"Kunai"},{"floor":26.0,"key":"Akabeko"}],"event_choices":[{"damage_healed":0.0,"max_hp_gain":0.0,"max_hp_loss":0.0,"gold_gain":0.0,"event_name":"Golden Idol","player_choice":"Take Damage","floor":2.0,"gold_loss":0.0,"damage_taken":17.0,"relics_obtained":["Golden Idol"]},{"cards_removed":["Strike_G"],"damage_healed":0.0,"max_hp_gain":0.0,"max_hp_loss":0.0,"gold_gain":0.0,"event_name":"Bonfire Elementals","player_choice":"Offered Basic","floor":4.0,"gold_loss":0.0,"damage_taken":0.0},{"damage_healed":0.0,"max_hp_gain":0.0,"max_hp_loss":0.0,"gold_gain":0.0,"event_name":"Scrap Ooze","player_choice":"Success","floor":12.0,"gold_loss":0.0,"damage_taken":7.0,"relics_obtained":["Prayer Wheel"]},{"damage_healed":0.0,"max_hp_gain":0.0,"max_hp_loss":0.0,"gold_gain":0.0,"cards_transformed":["Infinite Blades"],"event_name":"Transmorgrifier","player_choice":"Transformed","floor":19.0,"gold_loss":0.0,"damage_taken":0.0,"cards_obtained":["Caltrops"]},{"cards_removed":["Poisoned Stab"],"damage_healed":0.0,"max_hp_gain":0.0,"max_hp_loss":0.0,"gold_gain":0.0,"event_name":"Beggar","player_choice":"Gave Gold","floor":29.0,"gold_loss":75.0,"damage_taken":0.0}],"is_beta":false,"boss_relics":[{"not_picked":["SlaversCollar","Ectoplasm"],"picked":"Pandora\u0027s Box"}],"items_purged_floors":[20],"is_endless":false,"potions_floor_spawned":[3,7,18,24,25],"killed_by":"Collector","ascension_level":9}}