{"host":"vfg9szunmpjwj08o","time":1612520998,"event":{"mods":["Act Like it!","BaseMod","Challenge The Spire","Colored Map","Colored Powertips","Conspire","Dark Map","Minty Spire (QoL Compilation)","Relic Stats","StSLib","Waifu the Spire"],"gold_per_floor":[112,126,126,143,157,157,188,188,267,267,267,267,13,43,43,140,140,153,166,29,29,128,154,154,154,180,190,219,219,219],"floor_reached":29,"language":"ENG","playtime":943,"items_purged":[],"score":488,"play_id":"f77cad9d-9538-49e5-bdb5-31c3eeb8d806","local_time":"20210205112958","is_ascension_mode":true,"campfire_choices":[{"data":"Eruption","floor":6,"key":"SMITH"},{"data":"Prostrate","floor":8,"key":"SMITH"},{"data":"Apotheosis","floor":15,"key":"SMITH"},{"floor":25,"key":"RECALL"}],"circlet_count":0,"master_deck":["conspire:GhostlyStrike","conspire:GhostlyStrike","conspire:GhostlyStrike+1","conspire:GhostlyDefend","conspire:GhostlyDefend+1","conspire:GhostlyDefend","conspire:GhostlyDefend+1","Eruption+1","Vigilance+1","Consecrate","Weave","TalkToTheHand","Prostrate+1","Apotheosis+1","Wallop","Study","Alpha","EmptyBody","Vengeance","DevaForm","JustLucky","Alpha"],"relics":["HolyWater","Lizard Tail","Gambling Chip","Blue Candle","War Paint","Juzu Bracelet","Frozen Egg 2"],"acts_visited":["Exordium","TheCity"],"potions_floor_usage":[7,16,23,28],"damage_taken":[{"damage":0,"enemies":"2 Louse","floor":1,"turns":3},{"damage":0,"enemies":"Cultist","floor":2,"turns":3},{"damage":1,"enemies":"conspire:RoseBush","floor":4,"turns":3},{"damage":1,"enemies":"3 Louse","floor":5,"turns":3},{"damage":25,"enemies":"Lagavulin","floor":7,"turns":4},{"damage":0,"enemies":"Gremlin Nob","floor":14,"turns":4},{"damage":28,"enemies":"Hexaghost","floor":16,"turns":6},{"damage":0,"enemies":"Chosen","floor":18,"turns":4},{"damage":0,"enemies":"conspire:FuzzyDice","floor":19,"turns":5},{"damage":5,"enemies":"conspire:SneckoGhost","floor":23,"turns":5},{"damage":17,"enemies":"conspire:HollyBat","floor":27,"turns":5},{"damage":23,"enemies":"Slavers","floor":28,"turns":3},{"damage":71,"enemies":"Masked Bandits","floor":29,"turns":3}],"seed_played":"2031411847015228751","potions_obtained":[{"floor":1,"key":"Fire Potion"},{"floor":4,"key":"ColorlessPotion"},{"floor":5,"key":"LiquidBronze"},{"floor":14,"key":"GamblersBrew"},{"floor":23,"key":"Fruit Juice"},{"floor":27,"key":"CultistPotion"}],"is_trial":false,"path_per_floor":["M","M","?","M","M","R","E","R","T","?","?","?","$","E","R","B",null,"M","M","$","?","?","E","?","R","T","M","E","?"],"character_chosen":"WATCHER","items_purchased":["Apotheosis","Wallop","DevaForm"],"campfire_rested":0,"item_purchase_floors":[13,13,20],"current_hp_per_floor":[47,47,47,46,45,45,20,20,20,20,6,72,72,72,72,44,65,65,65,65,65,65,65,65,65,65,48,25,0,0],"gold":219,"neow_bonus":"ONE_RARE_RELIC","is_daily":false,"chose_seed":false,"campfire_upgraded":3,"win_rate":0.0,"timestamp":1612520998,"path_taken":["M","M","?","M","?","R","E","R","T","?","?","?","$","E","R","BOSS","M","M","$","?","?","E","?","R","T","M","E","?"],"items_purchased_type":["Card","Card","Card"],"build_version":"2020-12-22","purchased_purges":0,"victory":false,"max_hp_per_floor":[72,72,72,72,72,72,72,72,72,72,72,72,72,72,72,72,72,72,72,72,72,72,77,77,77,77,77,77,77,77],"relic_stats":{"Lizard Tail":38,"counters":[13,51],"Gambling Chip":[15],"Blue Candle":[0],"Juzu Bracelet":1,"War Paint":["Vigilance","conspire:GhostlyDefend"],"obtain_stats":[{"Lizard Tail":0,"Gambling Chip":7,"Blue Candle":9,"HolyWater":17,"Juzu Bracelet":23,"PureWater":0,"War Paint":14,"Frozen Egg 2":28},{"Lizard Tail":0,"Gambling Chip":5,"Blue Candle":5,"HolyWater":7,"Juzu Bracelet":10,"PureWater":0,"War Paint":6,"Frozen Egg 2":12},{"Lizard Tail":0,"Gambling Chip":16,"Blue Candle":16,"HolyWater":26,"Juzu Bracelet":40,"PureWater":0,"War Paint":20,"Frozen Egg 2":48}]},"card_choices":[{"not_picked":["BattleHymn","CrushJoints"],"picked":"Consecrate","floor":1},{"not_picked":["WindmillStrike","DeceiveReality"],"picked":"Weave","floor":2},{"not_picked":["JustLucky","Halt"],"picked":"TalkToTheHand","floor":4},{"not_picked":["PathToVictory","Wireheading"],"picked":"Prostrate","floor":5},{"not_picked":["Halt","Meditate"],"picked":"Nirvana","floor":7},{"not_picked":["Pray","Fasting2"],"picked":"Study","floor":14},{"not_picked":["MasterReality","Ragnarok"],"picked":"Alpha","floor":16},{"not_picked":["FollowUp","CrushJoints+1"],"picked":"EmptyBody","floor":18},{"not_picked":["SashWhip","WheelKick"],"picked":"Vengeance","floor":19},{"not_picked":["Swivel","CrushJoints"],"picked":"JustLucky","floor":23},{"not_picked":["PathToVictory","CrushJoints","Crescendo+1"],"picked":"SKIP","floor":27},{"not_picked":["FearNoEvil","Brilliance","Weave+1"],"picked":"SKIP","floor":28}],"player_experience":1096875,"relics_obtained":[{"floor":7,"key":"Gambling Chip"},{"floor":9,"key":"Blue Candle"},{"floor":14,"key":"War Paint"},{"floor":23,"key":"Juzu Bracelet"},{"floor":28,"key":"Frozen Egg 2"}],"event_choices":[{"cards_removed":["Strike_P"],"damage_healed":0,"gold_gain":0,"player_choice":"Purged","damage_taken":0,"max_hp_gain":0,"max_hp_loss":0,"event_name":"Purifier","floor":3,"gold_loss":0},{"damage_healed":0,"gold_gain":0,"player_choice":"Agree","damage_taken":0,"max_hp_gain":0,"max_hp_loss":0,"event_name":"conspire:LoneGhost","floor":10,"gold_loss":0},{"damage_healed":0,"gold_gain":0,"player_choice":"Entered Light","damage_taken":14,"max_hp_gain":0,"max_hp_loss":0,"event_name":"Shining Light","floor":11,"gold_loss":0,"cards_upgraded":["conspire:GhostlyDefend","conspire:GhostlyStrike"]},{"cards_removed":["Nirvana"],"damage_healed":66,"gold_gain":0,"player_choice":"Offered Uncommon","damage_taken":0,"max_hp_gain":0,"max_hp_loss":0,"event_name":"Bonfire Elementals","floor":12,"gold_loss":0},{"damage_healed":0,"gold_gain":0,"player_choice":"Ignored","damage_taken":0,"max_hp_gain":0,"max_hp_loss":0,"event_name":"Vampires","floor":21,"gold_loss":0},{"damage_healed":0,"gold_gain":99,"player_choice":"Stole From Cult","damage_taken":0,"max_hp_gain":0,"max_hp_loss":0,"event_name":"Nest","floor":22,"gold_loss":0},{"damage_healed":0,"gold_gain":0,"player_choice":"Copied","damage_taken":0,"max_hp_gain":0,"max_hp_loss":0,"event_name":"Duplicator","floor":24,"gold_loss":0,"cards_obtained":["Alpha"]},{"damage_healed":0,"gold_gain":0,"player_choice":"Fought Bandits","damage_taken":0,"max_hp_gain":0,"max_hp_loss":0,"event_name":"Masked Bandits","floor":29,"gold_loss":0}],"is_beta":false,"boss_relics":[{"not_picked":["VioletLotus","Snecko Eye"],"picked":"HolyWater"}],"items_purged_floors":[],"is_endless":false,"potions_floor_spawned":[1,4,5,14,23,27],"killed_by":"Masked Bandits","ascension_level":9}}