{"host":"5zhjtp2pgwgfdund","time":1612503261,"event":{"mods":["2.2 Compatiblity","AchievementEnabler","Act Like it!","BaseMod","Colored Map","Colored Powertips","Downfall","Gensokyo","Infinite Spire","Minty Spire (QoL Compilation)","Replay The Spire","Shop Mod","StSLib","The Bug Knight","The Jungle"],"gold_per_floor":[99,109,128,128,128,128,206,219,238,38,138,163,175,200,230,338,350,362,374,386,403,423,433,457,477,512,528,120,134,134,147,158,158,158,158],"floor_reached":33,"language":"ENG","playtime":2486,"items_purged":[],"score":348,"play_id":"8656d3ba-eadb-4957-b70b-2a5b5d8ef55f","local_time":"20210205003421","is_ascension_mode":false,"campfire_choices":[{"floor":1,"key":"RECALL"},{"floor":10,"key":"REST"},{"data":"hexamod:SoulSteal","floor":13,"key":"SMITH"},{"floor":18,"key":"DIG"},{"floor":30,"key":"REST"}],"circlet_count":0,"master_deck":["hexamod:Strike","hexamod:Strike","hexamod:Strike","hexamod:Defend","hexamod:Defend","hexamod:Defend","hexamod:Defend","hexamod:Sear","hexamod:Float","hexamod:SoulSteal+1","hexamod:ShieldOfDarkness","hexamod:HeatMetal","hexamod:SpectralAdrenaline","hexamod:SoulSteal","hexamod:Incineration","hexamod:HeatMetal","hexamod:AdvancingGuard","hexamod:Firestarter+1","hexamod:TimeWarp","hexamod:AdvancingGuard","hexamod:FlamesFromBeyond","hexamod:InspiringFlames+1","hexamod:BurningTouch+1","hexamod:Firestarter","hexamod:SwordOfDarkness+1","hexamod:BacktrackSmack+1","hexamod:FlamesFromBeyond","hexamod:FifthSeal","hexamod:SixthSeal","hexamod:NightmareGuise","hexamod:GhostflameBarrier","hexamod:FourthSeal","hexamod:ThermalTransfer+1","expansioncontent:InvincibleStrength","hexamod:Incineration","hexamod:NightmareStrike","hexamod:GhostflameBarrier","hexamod:ThirdSeal","hexamod:Incineration+1","hexamod:SwordOfDarkness","hexamod:FirstSeal","hexamod:SecondSeal","hexamod:Incineration","hexamod:FirstSeal","hexamod:SkipABeat+1","hexamod:RadiantFlame+1"],"relics":["hexamod:SpiritBrand","downfall:HeartBlessingBlue","downfall:HeartBlessingRed","bronze:MakeshiftBattery","Prayer Wheel","Incense Burner","downfall:RedIOU","Dream Catcher","CaptainsWheel","Pen Nib"],"acts_visited":["Exordium","TheCity"],"potions_floor_usage":[33],"damage_taken":[{"damage":2,"enemies":"Small Slimes","floor":2,"turns":4},{"damage":7,"enemies":"2 Louse","floor":3,"turns":3},{"damage":0,"enemies":"Cultist","floor":5,"turns":1},{"damage":13,"enemies":"3 Louse","floor":8,"turns":3},{"damage":6,"enemies":"Large Slime","floor":9,"turns":7},{"damage":12,"enemies":"HollowMod:MossKnight","floor":12,"turns":6},{"damage":0,"enemies":"Exordium Wildlife","floor":14,"turns":3},{"damage":2,"enemies":"Blue Slaver","floor":15,"turns":3},{"damage":11,"enemies":"SI_SHIV_ARCHETYPE","floor":16,"turns":6},{"damage":0,"enemies":"Chosen","floor":21,"turns":3},{"damage":5,"enemies":"3 Cultists","floor":22,"turns":4},{"damage":0,"enemies":"Centurion and Healer","floor":23,"turns":3},{"damage":26,"enemies":"Snecko","floor":25,"turns":5},{"damage":13,"enemies":"HollowMod:Nosk","floor":26,"turns":6},{"damage":11,"enemies":"Shelled Parasite and Fungi","floor":27,"turns":5},{"damage":10,"enemies":"downfall:FleeingMerchant","floor":28,"turns":4},{"damage":6,"enemies":"Cultist and Chosen","floor":29,"turns":3},{"damage":24,"enemies":"Snake Plant","floor":31,"turns":3},{"damage":5,"enemies":"Centurion and Healer","floor":32,"turns":3},{"damage":41,"enemies":"IC_MUSHROOM_ARCHETYPE","floor":33,"turns":4}],"seed_played":"9173017374682231296","potions_obtained":[{"floor":2,"key":"ColorlessPotion"},{"floor":14,"key":"Swift Potion"},{"floor":15,"key":"Adrenaline Potion"},{"floor":16,"key":"FairyPotion"},{"floor":23,"key":"BlessingOfTheForge"},{"floor":29,"key":"hexamod:SoulburnPotion"}],"is_trial":false,"path_per_floor":["R","M","M","?","M","?","T","M","M","R","?","E","R","M","M","B",null,"R_BF","?","?","M","M","M","T","M","E","M","$","M","R","M","M","B"],"character_chosen":"THE_SPIRIT","items_purchased":["expansioncontent:InvincibleStrength","hexamod:Incineration","Pen Nib","hexamod:NightmareStrike","hexamod:GhostflameBarrier"],"campfire_rested":2,"item_purchase_floors":[28,28,28,28,28],"current_hp_per_floor":[77,75,68,68,68,68,68,55,49,85,85,73,73,73,71,60,87,87,87,87,87,82,82,82,56,43,32,22,16,42,18,13,0,0,0],"gold":158,"neow_bonus":"TEN_PERCENT_HP_BONUS","is_daily":false,"chose_seed":false,"campfire_upgraded":1,"win_rate":0.0,"timestamp":1612503261,"path_taken":["R","M","M","?","M","?","T","?","M","R","?","E","R","M","M","BOSS","R_BF","?","?","M","M","M","T","M","E","M","$","M","R","M","M","BOSS"],"items_purchased_type":["Card","Card","Relic","Card","Card"],"build_version":"2020-12-22","purchased_purges":0,"victory":false,"max_hp_per_floor":[77,77,77,77,77,77,77,77,77,87,87,87,87,87,87,87,87,87,87,87,87,87,87,87,87,87,87,87,87,87,87,87,87,87,87],"card_choices":[{"not_picked":["hexamod:RecurringNightmare","hexamod:BacktrackSmack"],"picked":"hexamod:SoulSteal","floor":2},{"not_picked":["hexamod:AdvancingGuard","hexamod:HauntingEcho"],"picked":"hexamod:ShieldOfDarkness","floor":3},{"not_picked":["hexamod:ChargedBarrage","hexamod:HauntingEcho"],"picked":"hexamod:HeatMetal","floor":5},{"not_picked":["hexamod:ThirdSeal","hexamod:CatchUp"],"picked":"hexamod:SoulSteal","floor":8},{"not_picked":["hexamod:GhostLash","hexamod:SoulSteal"],"picked":"hexamod:Incineration","floor":9},{"not_picked":["hexamod:FastForward","hexamod:SpectralAdrenaline"],"picked":"hexamod:HeatMetal","floor":12},{"not_picked":["hexamod:FourthSeal","hexamod:GhostShield"],"picked":"hexamod:AdvancingGuard","floor":14},{"not_picked":["hexamod:DynamicBlow","hexamod:EmpoweredFlame"],"picked":"hexamod:Firestarter","floor":15},{"not_picked":["hexamod:TurnItUp","hexamod:GhostflameInferno"],"picked":"hexamod:TimeWarp","floor":16},{"not_picked":["hexamod:GhostShield","hexamod:FourthSeal"],"picked":"hexamod:AdvancingGuard","floor":21},{"not_picked":["hexamod:HauntingEcho","hexamod:RecurringNightmare"],"picked":"hexamod:FlamesFromBeyond","floor":21},{"not_picked":["hexamod:Hexaguard","hexamod:ThirdSeal"],"picked":"hexamod:InspiringFlames","floor":22},{"not_picked":["hexamod:DynamicBlow","hexamod:GhostLash"],"picked":"hexamod:BurningTouch+1","floor":22},{"not_picked":["hexamod:SpectralAdrenaline","hexamod:Again+1"],"picked":"hexamod:Firestarter","floor":23},{"not_picked":["hexamod:GiftsFromTheDead","hexamod:ShieldOfDarkness"],"picked":"hexamod:SwordOfDarkness+1","floor":23},{"not_picked":["hexamod:SpectralAdrenaline+1","hexamod:ThirdSeal"],"picked":"hexamod:BacktrackSmack+1","floor":25},{"not_picked":["hexamod:SpectersWail","hexamod:SecondSeal"],"picked":"hexamod:FlamesFromBeyond","floor":25},{"not_picked":["hexamod:SwordOfDarkness","hexamod:AdvancingGuard+1"],"picked":"hexamod:FifthSeal","floor":26},{"not_picked":["hexamod:SecondSeal","hexamod:ThirdSeal"],"picked":"hexamod:SixthSeal","floor":27},{"not_picked":["hexamod:GhostLash","hexamod:FastForward+1"],"picked":"hexamod:NightmareGuise","floor":27},{"not_picked":["hexamod:BacktrackSmack","hexamod:HauntingEcho"],"picked":"hexamod:GhostflameBarrier","floor":27},{"not_picked":["hexamod:SecondSeal","hexamod:SixthSeal"],"picked":"hexamod:FourthSeal","floor":28},{"not_picked":["hexamod:SkipABeat","hexamod:GhostOfSpirePast"],"picked":"hexamod:ThermalTransfer+1","floor":28},{"not_picked":["hexamod:InspiringFlames","hexamod:GhostOfSpireFuture"],"picked":"hexamod:ThirdSeal","floor":29},{"not_picked":["hexamod:ChargedBarrage","hexamod:Hexaguard"],"picked":"hexamod:Incineration+1","floor":29},{"not_picked":["hexamod:Hexaguard+1","hexamod:HauntingEcho"],"picked":"hexamod:SwordOfDarkness","floor":30},{"not_picked":["hexamod:FourthSeal","hexamod:SixthSeal"],"picked":"hexamod:FirstSeal","floor":31},{"not_picked":["hexamod:ShieldOfDarkness","hexamod:UnlimitedPower"],"picked":"hexamod:SecondSeal","floor":31},{"not_picked":["hexamod:InspiringFlames","hexamod:DynamicBlow"],"picked":"hexamod:Incineration","floor":31},{"not_picked":["hexamod:SixthSeal","hexamod:SecondSeal"],"picked":"hexamod:FirstSeal","floor":32},{"not_picked":["hexamod:FirstSeal","hexamod:Hexaguard"],"picked":"hexamod:SkipABeat+1","floor":32},{"not_picked":["hexamod:Hexaguard","hexamod:SwordOfDarkness"],"picked":"hexamod:RadiantFlame+1","floor":32}],"player_experience":139374,"relics_obtained":[{"floor":12,"key":"MawBank"},{"floor":18,"key":"Prayer Wheel"},{"floor":24,"key":"Dream Catcher"},{"floor":26,"key":"CaptainsWheel"}],"event_choices":[],"is_beta":false,"boss_relics":[{"not_picked":["Replay:Ancient Bell","Cursed Key"],"picked":"bronze:MakeshiftBattery"}],"items_purged_floors":[],"is_endless":false,"potions_floor_spawned":[2,14,15,16,23,27,29,32],"killed_by":"IC_MUSHROOM_ARCHETYPE","ascension_level":0}}