{"host":"rnjhaewkefy4rz3c","time":1612496162,"event":{"mods":["2.2 Compatiblity","AchievementEnabler","Aspiration","BaseMod","CCEM2","Colored Map","Conspire","Downfall","Halation","Hubris","Jedi Mod","Minty Spire (QoL Compilation)","Permanent Neow","Relic Filter","Relic Sorter","Reliquary","StS++","StSLib"],"gold_per_floor":[112,32,42,42,42,42,7,32,85,85,100,100,134,146,146,250,250,264,274,274,294,323,323,177,192,192,192,192,192,209,223,223,223,223],"floor_reached":33,"language":"ENG","playtime":1708,"items_purged":["theextravagant:Fence"],"score":255,"play_id":"8bc3122e-fbdf-4ba2-815a-c4a2fbde0402","local_time":"20210204233602","is_ascension_mode":false,"campfire_choices":[{"data":"theextravagant:GlyphOfChoice","floor":6,"key":"SMITH"},{"data":"theextravagant:Meditation","floor":10,"key":"SMITH"},{"data":"theextravagant:Urgency","floor":12,"key":"SMITH"},{"floor":15,"key":"REST"},{"floor":23,"key":"REST"},{"floor":29,"key":"REST"},{"floor":32,"key":"REST"}],"circlet_count":0,"master_deck":["theextravagant:SlyStrike","theextravagant:SlyStrike","theextravagant:SlyStrike","theextravagant:SlyStrike","theextravagant:Fence","theextravagant:Fence","theextravagant:Fence","theextravagant:QuickAttack","theextravagant:Triumph","theextravagant:GlyphOfChoice+1","theextravagant:Urgency+1","theextravagant:Razor","theextravagant:Meditation+1","theextravagant:Tension","theextravagant:CutTheDeck","theextravagant:Redemption","theextravagant:Firework","theextravagant:Razor","theextravagant:GlyphOfTime+1","theextravagant:SharpTalons","theextravagant:CutTheDeck","theextravagant:SharpTalons+1","theextravagant:FocusStab"],"relics":["theextravagant:TranslucentFeather","aspiration:HatOfInfinitePower","halation:EternalFortune","Bag of Marbles","halation:PrussianBluePaint","White Beast Statue","aspiration:PoetsPen_weak","CCEMRelics:PorcelainBowl","aspiration:FrozenJewel"],"acts_visited":["Exordium","TheCity"],"potions_floor_usage":[13,16,19,21,22,22,22,31,33,33,33],"damage_taken":[{"damage":0,"enemies":"conspire:RoseBush","floor":1,"turns":4},{"damage":10,"enemies":"Jaw Worm","floor":3,"turns":4},{"damage":28,"enemies":"Gremlin Nob","floor":8,"turns":4},{"damage":0,"enemies":"2 Louse","floor":11,"turns":3},{"damage":26,"enemies":"3 Sentries","floor":13,"turns":6},{"damage":1,"enemies":"2 Fungi Beasts","floor":14,"turns":3},{"damage":21,"enemies":"Slime Boss","floor":16,"turns":8},{"damage":15,"enemies":"2 Thieves","floor":18,"turns":4},{"damage":17,"enemies":"Spheric Guardian","floor":19,"turns":4},{"damage":0,"enemies":"Snecko","floor":21,"turns":4},{"damage":34,"enemies":"conspire:MimicChest","floor":22,"turns":5},{"damage":29,"enemies":"Centurion and Healer","floor":25,"turns":4},{"damage":16,"enemies":"3 Cultists","floor":30,"turns":4},{"damage":9,"enemies":"Chosen and Byrds","floor":31,"turns":4},{"damage":37,"enemies":"conspire:MysteriousRune","floor":33,"turns":5}],"seed_played":"361950455315972069","potions_obtained":[{"floor":1,"key":"Slimebound:ThreeZeroPotion"},{"floor":13,"key":"champ:CounterPotion"},{"floor":14,"key":"SkillPotion"},{"floor":16,"key":"EssenceOfSteel"},{"floor":18,"key":"ColorlessPotion"},{"floor":19,"key":"ColorlessPotion"},{"floor":21,"key":"hexamod:SoulburnPotion"},{"floor":22,"key":"PowerPotion"},{"floor":25,"key":"Ancient Potion"},{"floor":30,"key":"Fruit Juice"},{"floor":31,"key":"Fire Potion"}],"is_trial":false,"path_per_floor":["M","$","M","?","$","R","?","E","T","R","M","R","E","M","R","B",null,"M","M","?","M","?","R","$","M","T","?","?","R","M","M","R","B"],"character_chosen":"THE_EXTRAVAGANT","items_purchased":["theextravagant:Urgency","theextravagant:CutTheDeck"],"campfire_rested":4,"item_purchase_floors":[2,24],"current_hp_per_floor":[54,54,44,47,47,47,66,38,38,38,38,38,12,11,34,13,78,63,46,46,46,16,39,39,10,10,10,10,33,17,13,37,0,0],"gold":223,"neow_bonus":"ONE_RARE_RELIC","is_daily":false,"chose_seed":false,"campfire_upgraded":3,"win_rate":0.0,"timestamp":1612496162,"path_taken":["M","$","M","?","$","R","?","E","T","R","M","R","E","M","R","BOSS","M","M","?","M","?","R","$","M","T","?","?","R","?","M","R","BOSS"],"items_purchased_type":["Card","Card"],"build_version":"2020-12-22","purchased_purges":1,"victory":false,"max_hp_per_floor":[75,75,75,78,78,78,78,78,78,78,78,78,78,78,78,78,78,78,78,78,78,78,78,78,78,78,78,78,78,78,83,83,83,83],"card_choices":[{"not_picked":["theextravagant:Thrill","theextravagant:CuttingEdge"],"picked":"theextravagant:GlyphOfChoice","floor":1},{"not_picked":["theextravagant:Castle","theextravagant:GustOfWind"],"picked":"theextravagant:Razor","floor":3},{"not_picked":["theextravagant:HeavyBlows","theextravagant:StepBack"],"picked":"theextravagant:Meditation","floor":8},{"not_picked":["theextravagant:SpontaneousStrike","theextravagant:Drift","theextravagant:Defy"],"picked":"SKIP","floor":11},{"not_picked":["theextravagant:Riot","theextravagant:Comeback"],"picked":"theextravagant:Tension","floor":13},{"not_picked":["theextravagant:SharpTalons","theextravagant:Cutthroat"],"picked":"theextravagant:CutTheDeck","floor":14},{"not_picked":["theextravagant:RiskyStrike","theextravagant:Antiquity"],"picked":"theextravagant:Redemption","floor":16},{"not_picked":["theextravagant:CuttingEdge","theextravagant:StepBack"],"picked":"theextravagant:Firework","floor":18},{"not_picked":["theextravagant:ShootingStar+1","theextravagant:Cutthroat"],"picked":"theextravagant:Razor","floor":19},{"not_picked":["theextravagant:Castle","theextravagant:CuttingEdge"],"picked":"theextravagant:GlyphOfTime+1","floor":21},{"not_picked":["theextravagant:Cutthroat","theextravagant:Twitch"],"picked":"theextravagant:SharpTalons","floor":22},{"not_picked":["theextravagant:Precaution","theextravagant:Cutthroat"],"picked":"theextravagant:SharpTalons+1","floor":25},{"not_picked":["theextravagant:Shatter+1","theextravagant:Twostep+1","theextravagant:Cutthroat"],"picked":"SKIP","floor":30},{"not_picked":["theextravagant:Twitch","theextravagant:AuroraForm"],"picked":"theextravagant:FocusStab","floor":31}],"player_experience":729086,"relics_obtained":[{"floor":8,"key":"Bag of Marbles"},{"floor":9,"key":"halation:PrussianBluePaint"},{"floor":13,"key":"White Beast Statue"},{"floor":22,"key":"CCEMRelics:PorcelainBowl"},{"floor":26,"key":"aspiration:FrozenJewel"}],"event_choices":[{"damage_healed":19,"gold_gain":0,"player_choice":"Healed","damage_taken":0,"max_hp_gain":0,"max_hp_loss":0,"event_name":"The Cleric","floor":7,"gold_loss":35},{"damage_healed":0,"gold_gain":0,"player_choice":"Ignored","damage_taken":0,"max_hp_gain":0,"max_hp_loss":0,"event_name":"Ghosts","floor":20,"gold_loss":0}],"is_beta":false,"boss_relics":[{"not_picked":["aspiration:RitualDagger","CCEMRelics:TransientCore"],"picked":"aspiration:PoetsPen_weak"}],"items_purged_floors":[24],"is_endless":false,"potions_floor_spawned":[1,13,14,16,18,19,21,22,25,30,31],"killed_by":"conspire:MysteriousRune","ascension_level":0}}