{"host":"2py7ki924ssbu6hl","time":1612567366,"event":{"mods":["Act Like it!","BaseMod","Better Match","CapriCore","Colored Powertips","Friendly Minions","Gensokyo","GifTheSpireLib","Koishi","Minty Spire (QoL Compilation)","Rare Cards Sparkle","Relic Stats","StSLib","everything is the same but u backflip on backflip"],"gold_per_floor":[118,135,60,73,93,125,125,125,152,172,185,185,73,92,92,487,487,506,331,331,140,140,140,165,165,165,182,282,282,282,282,282,384,384,402,415,427,427,127,152,152,177,224,234,234,234,248,275,275,275,275,275,162,196,196],"floor_reached":56,"language":"ENG","playtime":4406,"items_purged":["Normality"],"score":1353,"play_id":"16ca7538-b430-44e8-8428-ecdc8af24ce2","local_time":"20210206002246","is_ascension_mode":false,"campfire_choices":[{"data":"Koishi:RuptureMind","floor":8,"key":"SMITH"},{"data":"Koishi:UnconsciousUrges","floor":12,"key":"SMITH"},{"data":"Koishi:Untouchable","floor":15,"key":"SMITH"},{"data":"Koishi:TerrifyingSpectre","floor":23,"key":"SMITH"},{"data":"Gensokyo:ManorOfTheDishes","floor":25,"key":"SMITH"},{"data":"Koishi:ConfinedInnocent","floor":30,"key":"SMITH"},{"data":"Koishi:ImGoingToCallYouNow","floor":32,"key":"SMITH"},{"floor":46,"key":"RECALL"},{"data":"Koishi:MindStellarRelief","floor":49,"key":"SMITH"},{"data":"Koishi:UnconsciousUrges","floor":52,"key":"SMITH"}],"circlet_count":0,"master_deck":["Koishi:BasicStrike","Koishi:BasicStrike","Koishi:BasicStrike","Koishi:BasicStrike","Koishi:BasicDefend","Koishi:BasicDefend","Koishi:BasicDefend","Koishi:BasicDefend","Koishi:Provoke","Koishi:HauntingSlash","Koishi:MindNumbingTerror","Koishi:FidgetySnatcher+1","Koishi:UnconsciousUrges+1","Koishi:RuptureMind+1","Koishi:RacingHeart","Koishi:Untouchable+1","Koishi:MindNumbingTerror","Koishi:TerrifyingSpectre+1","Koishi:ParalyzingFear","Koishi:RacingHeart","Gensokyo:ManorOfTheDishes+1","Koishi:BloodcurdlingScream+1","Koishi:ConfinedInnocent+1","Koishi:PredatoryInstincts+1","Koishi:Catatonia+1","Gensokyo:FourOfAKind+1","Koishi:ImGoingToCallYouNow+1","Koishi:MindStellarRelief+1","Koishi:TremblingHands","Koishi:MindNumbingTerror","Koishi:StingingMind+1","Koishi:JumpScare","Koishi:YoukaiPolygraph+1","Koishi:UnconsciousUrges+1","Koishi:RacingHeart","Decay","Koishi:SpiritedAway+1","Koishi:Catatonia+1","Koishi:SpiritedAway","Koishi:FleetingPhantom+1","Koishi:DreadfulBlow","Koishi:MindNumbingTerror","Koishi:TremblingHands"],"relics":["Koishi:ImaginaryFriend","Toy Ornithopter","Nunchaku","Orichalcum","Cursed Key","Art of War","Gensokyo:ConquerorOfFear","War Paint","Prayer Wheel","Gremlin Horn","PreservedInsect","Koishi:EchoesOfADeadGirl","Dead Branch","Pocketwatch","Sozu","Gensokyo:EmptyGrave","Bag of Marbles","Kunai","Mummified Hand","Gensokyo:TheCrow","Oddly Smooth Stone","Ice Cream"],"acts_visited":["Gensokyo:Gensokyo","Gensokyo:Gensokyoer","Gensokyo:Gensokyoest","TheEnding"],"potions_floor_usage":[14,16,16,24,24,54,55],"damage_taken":[{"damage":2,"enemies":"Gensokyo:Gryphon","floor":1,"turns":5},{"damage":1,"enemies":"Gensokyo:2_Kodama","floor":2,"turns":3},{"damage":14,"enemies":"Gensokyo:3_Fairies","floor":4,"turns":5},{"damage":8,"enemies":"Gensokyo:CorruptedTreant","floor":5,"turns":5},{"damage":24,"enemies":"Gensokyo:Cirno","floor":6,"turns":8},{"damage":14,"enemies":"Gensokyo:Kitsune","floor":10,"turns":5},{"damage":15,"enemies":"Gensokyo:Gryphon_and_Rabbit","floor":11,"turns":7},{"damage":9,"enemies":"Gensokyo:LivingMonolith","floor":14,"turns":5},{"damage":6,"enemies":"Gensokyo:Reimu","floor":16,"turns":12},{"damage":7,"enemies":"Gensokyo:Chomper","floor":18,"turns":5},{"damage":17,"enemies":"Gensokyo:Koishi","floor":24,"turns":9},{"damage":0,"enemies":"Gensokyo:2_Gloops","floor":27,"turns":6},{"damage":7,"enemies":"Gensokyo:2_Gloops","floor":28,"turns":8},{"damage":21,"enemies":"Gensokyo:Kaguya","floor":33,"turns":9},{"damage":0,"enemies":"Gensokyo:AncientGuardian","floor":35,"turns":6},{"damage":8,"enemies":"Gensokyo:3_Bats","floor":36,"turns":5},{"damage":16,"enemies":"Gensokyo:Sharpion","floor":37,"turns":6},{"damage":3,"enemies":"Gensokyo:Doremy","floor":40,"turns":5},{"damage":19,"enemies":"Gensokyo:Marisa","floor":42,"turns":4},{"damage":0,"enemies":"Gensokyo:SeedOfUnknown","floor":44,"turns":4},{"damage":0,"enemies":"Gensokyo:AtlasGolem","floor":47,"turns":3},{"damage":29,"enemies":"Gensokyo:Kasen","floor":48,"turns":5},{"damage":0,"enemies":"Gensokyo:Shinki","floor":50,"turns":7},{"damage":41,"enemies":"Shield and Spear","floor":54,"turns":5},{"damage":40,"enemies":"The Heart","floor":55,"turns":7}],"seed_played":"-6437720480644346305","potions_obtained":[{"floor":1,"key":"SpeedPotion"},{"floor":2,"key":"SkillPotion"},{"floor":11,"key":"SneckoOil"},{"floor":14,"key":"Fire Potion"},{"floor":16,"key":"DuplicationPotion"},{"floor":27,"key":"DuplicationPotion"},{"floor":28,"key":"Strength Potion"}],"is_trial":false,"path_per_floor":["M","M","?","M","M","E","?","R","T","M","M","R","COS","M","R","B",null,"M","COS","?","$","?","R","E","R","T","M","?","?","R","?","R","B",null,"M","M","M","?","$","E","?","E","T","M","?","R","M","E","R","B",null,"R","$","E","B",null],"character_chosen":"KOISHI","items_purchased":["War Paint","Koishi:RacingHeart","Koishi:UnconsciousUrges","Bag of Marbles","Koishi:DreadfulBlow","Koishi:MindNumbingTerror"],"campfire_rested":0,"item_purchase_floors":[21,21,39,39,53,53],"current_hp_per_floor":[66,66,66,53,47,24,44,44,44,32,26,26,26,31,31,44,66,66,66,66,66,60,60,54,54,54,58,60,60,60,60,60,60,60,60,60,60,56,56,56,48,56,56,56,56,56,56,56,56,56,56,56,56,56,56],"gold":196,"neow_bonus":"TEN_PERCENT_HP_BONUS","is_daily":false,"chose_seed":false,"campfire_upgraded":9,"win_rate":0.0,"timestamp":1612567366,"path_taken":["M","M","?","M","M","E","?","R","T","M","M","R","COS","M","R","BOSS","M","COS","?","$","?","R","E","R","T","M","?","?","R","?","R","BOSS","M","M","M","?","$","E","?","E","T","M","?","R","M","E","R","BOSS","R","$","E","BOSS"],"items_purchased_type":["Relic","Card","Card","Relic","Card","Card"],"build_version":"2020-12-22","purchased_purges":1,"victory":true,"max_hp_per_floor":[66,66,66,66,66,66,66,66,66,66,66,66,66,66,66,66,66,66,66,66,66,60,60,60,60,60,60,60,60,60,60,60,60,60,60,60,60,56,56,56,56,56,56,56,56,56,56,56,56,56,56,56,56,56,56],"relic_stats":{"Gremlin Horn":[13,14],"counters":[25,147],"Dead Branch":[64],"PreservedInsect":315,"Orichalcum":[240],"War Paint":["Koishi:PhilosophyOfTheDespised","Koishi:Vanish"],"Cursed Key":2,"Sozu":5,"Nunchaku":[26],"Mummified Hand":[40],"Prayer Wheel":6,"Art of War":[9],"Kunai":[24],"obtain_stats":[{"Ice Cream":54,"Gremlin Horn":26,"Dead Branch":28,"Gensokyo:TheCrow":45,"Gensokyo:UndefinedDarkness":20,"Oddly Smooth Stone":48,"PreservedInsect":28,"Gensokyo:ConquerorOfFear":24,"Orichalcum":16,"War Paint":21,"Cursed Key":17,"Sozu":34,"Frozen Eye":24,"Gensokyo:EmptyGrave":38,"Nunchaku":9,"Mummified Hand":42,"Prayer Wheel":24,"Art of War":18,"Bag of Marbles":39,"Koishi:EchoesOfADeadGirl":28,"Kunai":40,"Toy Ornithopter":6,"Koishi:ImaginaryFriend":0,"Pocketwatch":33},{"Ice Cream":24,"Gremlin Horn":11,"Dead Branch":13,"Gensokyo:TheCrow":20,"Gensokyo:UndefinedDarkness":10,"Oddly Smooth Stone":22,"PreservedInsect":13,"Gensokyo:ConquerorOfFear":11,"Orichalcum":9,"War Paint":10,"Cursed Key":9,"Sozu":14,"Frozen Eye":10,"Gensokyo:EmptyGrave":17,"Nunchaku":5,"Mummified Hand":19,"Prayer Wheel":11,"Art of War":10,"Bag of Marbles":17,"Koishi:EchoesOfADeadGirl":13,"Kunai":18,"Toy Ornithopter":5,"Koishi:ImaginaryFriend":0,"Pocketwatch":14},{"Ice Cream":140,"Gremlin Horn":69,"Dead Branch":83,"Gensokyo:TheCrow":120,"Gensokyo:UndefinedDarkness":60,"Oddly Smooth Stone":128,"PreservedInsect":80,"Gensokyo:ConquerorOfFear":69,"Orichalcum":45,"War Paint":60,"Cursed Key":55,"Sozu":92,"Frozen Eye":60,"Gensokyo:EmptyGrave":109,"Nunchaku":26,"Mummified Hand":117,"Prayer Wheel":69,"Art of War":57,"Bag of Marbles":109,"Koishi:EchoesOfADeadGirl":83,"Kunai":113,"Toy Ornithopter":26,"Koishi:ImaginaryFriend":0,"Pocketwatch":87}],"Toy Ornithopter":30,"Pocketwatch":[24]},"card_choices":[{"not_picked":["Koishi:FreudianInstinct","Koishi:RacingHeart"],"picked":"Koishi:MindNumbingTerror","floor":1},{"not_picked":["Koishi:CatchAndRose","Koishi:SubconsciousSweep"],"picked":"Koishi:PhilosophyOfTheDespised","floor":2},{"not_picked":["Koishi:FreudianInstinct+1","Koishi:GeneticsOfTheUnconscious+1"],"picked":"Koishi:FidgetySnatcher+1","floor":3},{"not_picked":["Koishi:UnansweredLove","Koishi:SubterraneanRose"],"picked":"Koishi:Vanish","floor":4},{"not_picked":["Koishi:RollingInRichesHeart","Koishi:ParalyzingFear"],"picked":"Koishi:UnconsciousUrges","floor":5},{"not_picked":["Koishi:DNAsFlaw","Koishi:ApparitionsStalkTheNight"],"picked":"Koishi:RuptureMind","floor":6},{"not_picked":["Koishi:Untouchable","Koishi:EmbryosDream"],"picked":"Koishi:RacingHeart","floor":10},{"not_picked":["Koishi:FourthEye","Koishi:SpiritedAway"],"picked":"Koishi:Untouchable","floor":11},{"not_picked":["Koishi:GeneticsOfTheUnconscious","Koishi:RorschachInDanmaku"],"picked":"Koishi:MindNumbingTerror","floor":14},{"not_picked":["Koishi:SuperEgo","Koishi:MindStellarRelief"],"picked":"Koishi:TerrifyingSpectre","floor":16},{"not_picked":["Koishi:SpiritedAway+1","Koishi:Jaunt"],"picked":"Koishi:ParalyzingFear","floor":18},{"not_picked":["Gensokyo:EightFeetTall","Gensokyo:RedCapeBlueCape"],"picked":"Gensokyo:ManorOfTheDishes","floor":22},{"not_picked":["Koishi:UnconsciousUprising+1","Koishi:StingingMind"],"picked":"Koishi:BloodcurdlingScream+1","floor":24},{"not_picked":["Koishi:PerfectMindControl","Koishi:FadingMemory"],"picked":"Koishi:ConfinedInnocent","floor":27},{"not_picked":["Koishi:RorschachInDanmaku","Koishi:PhilosophyOfTheDespised"],"picked":"Koishi:PredatoryInstincts+1","floor":27},{"not_picked":["Koishi:Jaunt+1","Koishi:FleetingPhantom","Koishi:UnconsciousUprising"],"picked":"SKIP","floor":27},{"not_picked":["Koishi:RacingHeart","Koishi:FleetingPhantom"],"picked":"Koishi:Catatonia+1","floor":28},{"not_picked":["Koishi:RoseHell","Koishi:RollingInRichesHeart"],"picked":"Koishi:MindStellarRelief","floor":33},{"not_picked":["Koishi:GeneticsOfTheUnconscious","Koishi:SubconsciousSweep+1"],"picked":"Koishi:TremblingHands","floor":35},{"not_picked":["Koishi:CatchAndRose","Koishi:FreudianInstinct","Koishi:HeartfeltFancy"],"picked":"SKIP","floor":35},{"not_picked":["Koishi:CatchAndRose","Koishi:StingingMind+1"],"picked":"Koishi:MindNumbingTerror","floor":36},{"not_picked":["Koishi:SubconsciousSweep+1","Koishi:EmbryosDream"],"picked":"Koishi:StingingMind+1","floor":36},{"not_picked":["Koishi:Prune+1","Koishi:StrangeCloudFist"],"picked":"Koishi:JumpScare","floor":37},{"not_picked":["Koishi:StingingMind","Koishi:FourthEye+1"],"picked":"Koishi:YoukaiPolygraph+1","floor":37},{"not_picked":["Koishi:StrangeCloudFist+1","Koishi:SilentAndRestless"],"picked":"Koishi:RacingHeart","floor":40},{"not_picked":["Koishi:Jaunt","Koishi:DNAsFlaw","Koishi:JumpScare"],"picked":"SKIP","floor":42},{"not_picked":["Koishi:Bloodlust+1","Koishi:ApparitionsStalkTheNight"],"picked":"Koishi:SpiritedAway+1","floor":44},{"not_picked":["Koishi:PhantomStrike+1","Koishi:FormlessExistence","Koishi:HeartfeltFancy+1"],"picked":"SKIP","floor":44},{"not_picked":["Koishi:Jaunt+1","Koishi:RacingHeart"],"picked":"Koishi:Catatonia+1","floor":47},{"not_picked":["Koishi:ReleaseOfTheId+1","Koishi:StingingMind"],"picked":"Koishi:SpiritedAway","floor":47},{"not_picked":["Koishi:SubterraneanRose","Koishi:StingingMind"],"picked":"Koishi:FleetingPhantom+1","floor":48},{"not_picked":["Koishi:SilentAndRestless","Koishi:PhantomBarrier"],"picked":"Koishi:TremblingHands","floor":54}],"player_experience":236664,"relics_obtained":[{"floor":6,"key":"Toy Ornithopter"},{"floor":9,"key":"Nunchaku"},{"floor":24,"key":"Gensokyo:ConquerorOfFear"},{"floor":24,"key":"Prayer Wheel"},{"floor":26,"key":"Gremlin Horn"},{"floor":28,"key":"Koishi:EchoesOfADeadGirl"},{"floor":28,"key":"Dead Branch"},{"floor":40,"key":"Kunai"},{"floor":42,"key":"Mummified Hand"},{"floor":48,"key":"Oddly Smooth Stone"},{"floor":54,"key":"Ice Cream"}],"event_choices":[{"damage_healed":0,"gold_gain":0,"player_choice":"2","damage_taken":0,"max_hp_gain":0,"max_hp_loss":0,"event_name":"betterMatch:BetterMatch","floor":3,"gold_loss":0,"cards_obtained":["betterMatch:UncommonCard"]}],"is_beta":false,"boss_relics":[{"not_picked":["Runic Dome","Pandora\u0027s Box"],"picked":"Cursed Key"},{"not_picked":["Calling Bell","Fusion Hammer"],"picked":"Sozu"}],"items_purged_floors":[39],"is_endless":false,"potions_floor_spawned":[1,2,11,14,16,27,28,37,40,42,47,48],"ascension_level":0}}