{"host":"njo8qgvy2a57fcny","time":1612505980,"event":{"mods":["Aspiration","BaseMod","BetterRewards","CCEM2","Colored Map","Colored Powertips","Conspire","Custom Start","Downfall","Energized Spire","GifTheSpireLib","Halation","Hermit","Hubris","Infinite Spire","Jedi Mod","Jorbs\u0027s Wanderer Trilogy","Mimic Mod","Minty Spire (QoL Compilation)","Quick Restart","Random Character Button","Random Character Mod","Rare Cards Sparkle","Relic Sorter","Reliquary","Replay The Spire","Shop Mod","StSLib","Stuff the Spire","The Animator","The Jungle","The Runesmith","The Servant 0.9.4","Unceasing Turn Reminder","thorton"],"gold_per_floor":[99,117,136,136,150,178,178,178,353,363,363,363,363],"floor_reached":11,"language":"ENG","playtime":403,"items_purged":[],"score":77,"play_id":"45d95ac3-b2c1-4e67-927b-2658bb4e384a","local_time":"20210205171940","is_ascension_mode":true,"campfire_choices":[{"floor":1,"key":"RECALL"}],"circlet_count":0,"master_deck":["champ:Strike","champ:Strike+1","champ:Strike","champ:Strike+1","champ:Defend","champ:Defend","champ:Defend","champ:Defend+1","champ:Execute","champ:Taunt","champ:FlashCut","champ:GutPunch","downfall:Malfunctioning","champ:RageSigil","champ:BerserkerStyle","StuffTheSpire:CuriosityCurse","Doubt","champ:Duel"],"relics":["reliquary:RedCape","StuffTheSpire:RubySignet","CCEMRelics:GlassOfMilk"],"acts_visited":["Exordium"],"potions_floor_usage":[6,11,11],"damage_taken":[{"damage":26,"enemies":"Jaw Worm","floor":2,"turns":4},{"damage":13,"enemies":"Small Slimes","floor":3,"turns":2},{"damage":10,"enemies":"2 Louse","floor":5,"turns":2},{"damage":43,"enemies":"3 Sentries","floor":6,"turns":8},{"damage":17,"enemies":"Blue Slaver","floor":10,"turns":3},{"damage":203,"enemies":"Lagavulin","floor":11,"turns":3}],"seed_played":"3660456310056446971","potions_obtained":[{"floor":5,"key":"Energy Potion"},{"floor":6,"key":"champ:OpenerPotion"},{"floor":10,"key":"Strength Potion"}],"is_trial":false,"path_per_floor":["R_BF","M","M","?","M","E","T","?","?","M","E"],"character_chosen":"THE_CHAMP","items_purchased":[],"campfire_rested":0,"item_purchase_floors":[],"current_hp_per_floor":[90,89,86,86,86,68,68,68,68,68,0,0,0],"gold":363,"neow_bonus":"BOSS_RELIC","is_daily":false,"chose_seed":false,"campfire_upgraded":0,"win_rate":0.0,"timestamp":1612505980,"path_taken":["R_BF","M","M","?","M","E","T","?","?","M","E"],"items_purchased_type":[],"build_version":"2020-12-22","purchased_purges":0,"victory":false,"max_hp_per_floor":[90,90,90,90,90,90,90,90,90,90,90,90,90],"card_choices":[{"not_picked":["champ:Parry","champ:ArenaPreparation"],"picked":"champ:FlashCut","floor":2},{"not_picked":["champ:TornadoPunch","champ:Parry"],"picked":"champ:GutPunch","floor":3},{"not_picked":["champ:GutPunch","champ:CrownThrow"],"picked":"champ:RageSigil","floor":5},{"not_picked":["champ:Parry","champ:Haymaker"],"picked":"champ:BerserkerStyle","floor":6},{"not_picked":["champ:PreciseThrust","champ:Circumvent"],"picked":"champ:Duel","floor":10}],"player_experience":768117,"relics_obtained":[{"floor":6,"key":"StuffTheSpire:RubySignet"}],"event_choices":[],"is_beta":false,"boss_relics":[],"items_purged_floors":[],"is_endless":false,"potions_floor_spawned":[5,6,10],"killed_by":"Lagavulin","ascension_level":1}}