{"host":"us276jvng1kxsmoz","time":1612569292,"event":{"mods":["Act Like it!","BaseMod","BetterRewards","Minty Spire (QoL Compilation)"],"gold_per_floor":[112,112,126,201,201,231,231,243,243,268,279,279,312,324,324,324,324],"floor_reached":16,"language":"ITA","playtime":464,"items_purged":["Strike_B"],"score":340,"play_id":"15fc5e30-1517-4c26-8cf0-157b69b99a79","local_time":"20210206005452","is_ascension_mode":true,"campfire_choices":[{"data":"Zap","floor":7,"key":"SMITH"},{"data":"Strike_B","floor":15,"key":"PURGE"}],"circlet_count":0,"master_deck":["AscendersBane","Strike_B","Strike_B","Defend_B","Defend_B","Defend_B+1","Defend_B+1","Zap+1","Dualcast+1","Glacier","Gash","Gash","Ball Lightning","Doom and Gloom","White Noise","Skim","FTL"],"relics":["Cracked Core","War Paint","DollysMirror","Peace Pipe","Ornamental Fan","Blood Vial","Kunai"],"acts_visited":["Exordium"],"potions_floor_usage":[6,10,16],"damage_taken":[{"damage":0,"enemies":"Small Slimes","floor":1,"turns":4},{"damage":7,"enemies":"Jaw Worm","floor":3,"turns":2},{"damage":9,"enemies":"Gremlin Nob","floor":6,"turns":3},{"damage":0,"enemies":"2 Louse","floor":8,"turns":2},{"damage":2,"enemies":"3 Sentries","floor":10,"turns":5},{"damage":7,"enemies":"Blue Slaver","floor":11,"turns":3},{"damage":18,"enemies":"Lagavulin","floor":13,"turns":5},{"damage":1,"enemies":"Red Slaver","floor":14,"turns":2},{"damage":32,"enemies":"Slime Boss","floor":16,"turns":6}],"seed_played":"1599416971065930220","potions_obtained":[{"floor":1,"key":"LiquidBronze"},{"floor":3,"key":"SteroidPotion"},{"floor":11,"key":"PotionOfCapacity"},{"floor":13,"key":"SpeedPotion"}],"is_trial":false,"path_per_floor":["M","?","M","?","?","E","R","M","T","E","M","T","E","M","R","B"],"character_chosen":"DEFECT","items_purchased":["Glacier","Gash","War Paint","DollysMirror"],"campfire_rested":0,"item_purchase_floors":[0,0,0,0],"current_hp_per_floor":[57,57,50,39,62,53,53,53,53,51,44,44,28,29,29,0,0],"gold":324,"neow_bonus":"","is_daily":false,"chose_seed":false,"campfire_upgraded":1,"win_rate":0.0,"timestamp":1612569292,"path_taken":["M","?","M","?","?","E","R","M","T","E","M","?","E","?","R","BOSS"],"items_purchased_type":["Card","Card","Relic","Relic"],"build_version":"2020-12-22","purchased_purges":1,"victory":false,"max_hp_per_floor":[71,71,71,71,71,71,71,71,71,71,71,71,71,71,71,71,71],"card_choices":[{"not_picked":["BootSequence","Loop"],"picked":"Ball Lightning","floor":1},{"not_picked":["Stack","Consume","Streamline"],"picked":"SKIP","floor":3},{"not_picked":["Creative AI","Static Discharge"],"picked":"Doom and Gloom","floor":6},{"not_picked":["Streamline","Coolheaded","Go for the Eyes"],"picked":"SKIP","floor":8},{"not_picked":["Auto Shields","Steam Power"],"picked":"White Noise","floor":10},{"not_picked":["Go for the Eyes","Stack"],"picked":"Skim","floor":11},{"not_picked":["Loop","Recycle"],"picked":"FTL","floor":13},{"not_picked":["Self Repair","Auto Shields","Steam"],"picked":"SKIP","floor":14}],"player_experience":4234592,"relics_obtained":[{"floor":6,"key":"Peace Pipe"},{"floor":10,"key":"Ornamental Fan"},{"floor":12,"key":"Blood Vial"},{"floor":13,"key":"Kunai"}],"event_choices":[{"damage_healed":0,"gold_gain":0,"player_choice":"Grow","damage_taken":0,"max_hp_gain":0,"max_hp_loss":0,"event_name":"Living Wall","floor":2,"gold_loss":0,"cards_upgraded":["Dualcast"]},{"damage_healed":0,"gold_gain":75,"player_choice":"Gather Gold","damage_taken":11,"max_hp_gain":0,"max_hp_loss":0,"event_name":"World of Goop","floor":4,"gold_loss":0},{"damage_healed":23,"gold_gain":0,"player_choice":"Banana","damage_taken":0,"max_hp_gain":0,"max_hp_loss":0,"event_name":"Big Fish","floor":5,"gold_loss":0}],"is_beta":false,"boss_relics":[],"items_purged_floors":[0],"is_endless":false,"potions_floor_spawned":[1,3,11,13],"killed_by":"Slime Boss","ascension_level":20}}