{"host":"0y7rggrn2c7yxnri","time":1612514343,"event":{"mods":["AchievementEnabler","Act Like it!","AlwaysNeverKeys","Aspiration","Bartender","BaseMod","Better Altar","Better Sensory Stone","Better Skull","Better Third Choice","Better Vampires","BetterRewards","Colored Map","Colored Powertips","Displayed Cursed Tome","GifTheSpireLib","Good Game Mod","Magitek Elite","Minty Spire (QoL Compilation)","Permanent Neow","Quick Restart","Rare Cards Sparkle","Relic Filter Mod","Reliquary","Replay The Spire","Shop Mod","Spicy Shops","Spire Arcade","StSLib","Stuff the Spire","The Alterego","The Animator","The Marked","The Servant 0.9.4","Transform Curses","Virulent Crown","Wandering Minibosses"],"gold_per_floor":[131,131,131,30,30,86,86,137,162,162,176,216,216,216,216,344,344,354,354,42,42,57,110,185,185,267,267,304,346,371,406,406,526,526,537,552,604,384,384,384,395,395,420,420,189,189,202,218,218,218,218,218,4,38,38],"floor_reached":56,"language":"ENG","playtime":1952,"items_purged":["Defend_B","Defend_B"],"score":1505,"play_id":"1ed91a86-ad99-49cc-aa50-a0c6526d7baf","local_time":"20210205033903","is_ascension_mode":true,"campfire_choices":[{"data":"Zap","floor":7,"key":"SMITH"},{"data":"Beam Cell","floor":10,"key":"SMITH"},{"data":"Sweeping Beam","floor":13,"key":"SMITH"},{"data":"Rebound","floor":15,"key":"SMITH"},{"floor":25,"key":"REST"},{"data":"Seek","floor":27,"key":"SMITH"},{"data":"White Noise","floor":32,"key":"SMITH"},{"data":"StuffTheSpire:Brawn","floor":40,"key":"SMITH"},{"data":"Dualcast","floor":44,"key":"SMITH"},{"data":"Mayhem","floor":49,"key":"SMITH"},{"data":"Strike_B","floor":52,"key":"SMITH"}],"circlet_count":0,"master_deck":["Strike_B","Strike_B+1","Strike_B+1","Strike_B+1","Defend_B","Defend_B","Zap+1","Dualcast+1","alterego_mod:BrynhildrRomantia+1","Sweeping Beam+1","HandOfGreed+1","Beam Cell+1","Rebound+1","Echo Form+1","HandOfGreed+1","Seek+1","Beam Cell+1","White Noise+1","ReplayTheSpireMod:Omega Cannon+1","StuffTheSpire:Brawn+1","Mayhem+1"],"relics":["Cracked Core","REME:ComplimentaryCards","Membership Card","Protect_Vest","StuffTheSpire:GrapeVine","Tiny Chest","Replay:WaspNest","StuffTheSpire:Gunfinga","Orichalcum","reliquary:WritOfMandamus","wanderingMiniBosses:ThiefScarf","StuffTheSpire:PointBlank","Replay:Accelerometer","Replay:Bottled Snecko","aspiration:EnhancedActuators","Sling","Unceasing Top","Power_Wrist","StuffTheSpire:EmeraldSignet","Ribbon","reliquary:RedCape","Gambling Chip","MerchantsRug","Nunchaku","Replay:Bottled Flurry","Snack Pack","PreservedInsect","ReplayFunnel","Counterbalance","Blue Doll","Prayer Wheel","Mummified Hand","Blood Vial"],"acts_visited":["Exordium","TheCity","TheBeyond","TheEnding"],"potions_floor_usage":[16,16,47,55,55],"damage_taken":[{"damage":6,"enemies":"Small Slimes","floor":1,"turns":2},{"damage":20,"enemies":"Lagavulin","floor":6,"turns":5},{"damage":10,"enemies":"Gremlin Nob","floor":8,"turns":3},{"damage":0,"enemies":"Jaw Worm","floor":11,"turns":2},{"damage":0,"enemies":"Cultist","floor":12,"turns":1},{"damage":0,"enemies":"Slime Boss","floor":16,"turns":5},{"damage":17,"enemies":"3 Byrds","floor":18,"turns":6},{"damage":2,"enemies":"Shell Parasite","floor":22,"turns":2},{"damage":37,"enemies":"Gremlin Leader","floor":23,"turns":3},{"damage":12,"enemies":"Snake Plant","floor":28,"turns":2},{"damage":0,"enemies":"3 Cultists","floor":29,"turns":2},{"damage":13,"enemies":"Slavers","floor":31,"turns":3},{"damage":9,"enemies":"Champ","floor":33,"turns":5},{"damage":0,"enemies":"3 Darklings","floor":35,"turns":1},{"damage":0,"enemies":"Orb Walker","floor":36,"turns":2},{"damage":13,"enemies":"2 Orb Walkers","floor":37,"turns":3},{"damage":0,"enemies":"Jaw Worm Horde","floor":41,"turns":1},{"damage":11,"enemies":"Transient","floor":47,"turns":5},{"damage":0,"enemies":"Writhing Mass","floor":48,"turns":2},{"damage":16,"enemies":"Time Eater","floor":50,"turns":6},{"damage":0,"enemies":"Shield and Spear","floor":54,"turns":2},{"damage":57,"enemies":"The Heart","floor":55,"turns":5}],"seed_played":"4571189560764386640","potions_obtained":[{"floor":6,"key":"Toxic Potion"},{"floor":12,"key":"Adrenaline Potion"},{"floor":18,"key":"SpeedPotion"},{"floor":22,"key":"Languid Potion"},{"floor":23,"key":"SpeedPotion"},{"floor":28,"key":"SkillPotion"},{"floor":35,"key":"SteroidPotion"}],"is_trial":false,"path_per_floor":["M","?","?","$","?","E","R","E","T","R","M","M","R","?","R","B",null,"M","T","$","?","M","E","T","R","T","R","M","M","T","E","R","B",null,"M","M","?","$","?","R","M","T","T","R","$","T","M","M","R","B",null,"R","$","E","B",null],"character_chosen":"DEFECT","items_purchased":["Membership Card","BargainBundle","Sweeping Beam","Protect_Vest","StuffTheSpire:GrapeVine","StuffTheSpire:PointBlank","HandOfGreed","Tiny Chest","Beam Cell","DollysMirror","Replay:Bottled Snecko","aspiration:EnhancedActuators","Sling","MerchantsRug","Guide Book","Nunchaku","Replay:Bottled Flurry","ReplayFunnel","Mayhem","Counterbalance","Mummified Hand","DuplicationPotion"],"campfire_rested":1,"item_purchase_floors":[0,0,0,0,0,0,0,4,4,20,20,20,20,38,38,38,38,45,45,45,53,53],"current_hp_per_floor":[74,74,74,74,74,61,61,58,58,58,65,65,65,72,72,74,74,74,74,74,74,72,35,35,57,57,57,45,70,70,75,75,73,82,82,82,69,69,69,69,69,69,69,69,69,69,77,86,86,85,90,90,90,94,56],"gold":38,"neow_bonus":"","is_daily":false,"chose_seed":false,"campfire_upgraded":10,"win_rate":0.0,"timestamp":1612514343,"path_taken":["M","?","?","?","?","E","R","E","T","R","?","M","R","?","R","BOSS","M","?","$","?","M","E","?","R","T","R","?","M","?","E","R","BOSS","M","M","?","$","?","R","M","?","T","R","$","?","M","M","R","BOSS","R","$","E","BOSS"],"items_purchased_type":["Relic","Relic","Card","Relic","Relic","Relic","Card","Relic","Card","Relic","Relic","Relic","Relic","Relic","Relic","Relic","Relic","Relic","Card","Relic","Relic","Potion"],"build_version":"2020-12-22","purchased_purges":2,"victory":true,"max_hp_per_floor":[74,74,74,74,74,74,74,74,74,74,74,74,74,74,74,74,74,74,74,74,74,74,74,74,74,74,74,74,78,78,82,82,82,82,82,82,82,82,82,82,82,82,82,82,82,82,82,86,86,90,90,90,90,94,98],"card_choices":[{"not_picked":["Fusion","BasicCrystalCard","Genetic Algorithm"],"picked":"SKIP","floor":1},{"not_picked":["StuffTheSpire:LoadUp","BasicCrystalCard","Sweeping Beam"],"picked":"SKIP","floor":6},{"not_picked":["Aggregate","Compile Driver","Recycle"],"picked":"SKIP","floor":8},{"not_picked":["Leap","Defragment","ReplayTheSpireMod:Repulse"],"picked":"SKIP","floor":11},{"not_picked":["StuffTheSpire:CleanHardDrive","Steam"],"picked":"Rebound","floor":12},{"not_picked":["Machine Learning","StuffTheSpire:Purify"],"picked":"Echo Form","floor":16},{"not_picked":["Heatsinks","Redo","Stack"],"picked":"SKIP","floor":18},{"not_picked":["StuffTheSpire:NuclearReactor","Streamline","Undo+1"],"picked":"SKIP","floor":22},{"not_picked":["Streamline","Coolheaded"],"picked":"Seek","floor":23},{"not_picked":["Rebound","StuffTheSpire:SnapShoot","StuffTheSpire:ShieldGenerator+1"],"picked":"SKIP","floor":28},{"not_picked":["Hologram+1","StuffTheSpire:Synthwave+1"],"picked":"Beam Cell+1","floor":29},{"not_picked":["StuffTheSpire:EventHorizon","Chill"],"picked":"White Noise","floor":31},{"not_picked":["Biased Cognition","Mirror Shield"],"picked":"ReplayTheSpireMod:Omega Cannon","floor":33},{"not_picked":["Stack+1","StuffTheSpire:Plugnplay+1","Redo+1"],"picked":"SKIP","floor":35},{"not_picked":["Leap","ReplayTheSpireMod:Repulse+1","StuffTheSpire:Coldhearted+1"],"picked":"SKIP","floor":36},{"not_picked":["StuffTheSpire:Innocence","StuffTheSpire:Perfection"],"picked":"StuffTheSpire:Brawn","floor":39},{"not_picked":["Panic Button","Redo+1","Rip and Tear"],"picked":"SKIP","floor":41},{"not_picked":["Loop+1","Chill+1","Hologram+1"],"picked":"SKIP","floor":47},{"not_picked":["Go for the Eyes","Sweeping Beam+1","Barrage"],"picked":"SKIP","floor":47},{"not_picked":["White Noise","BasicCrystalCard+1","Darkness+1"],"picked":"SKIP","floor":48},{"not_picked":["Static Discharge+1","Hologram+1","BootSequence+1"],"picked":"SKIP","floor":48},{"not_picked":["StuffTheSpire:LaunchingStrike","Rebound","Gash+1"],"picked":"SKIP","floor":54}],"player_experience":318404,"relics_obtained":[{"floor":6,"key":"Matryoshka"},{"floor":8,"key":"Replay:WaspNest"},{"floor":9,"key":"StuffTheSpire:Gunfinga"},{"floor":9,"key":"Orichalcum"},{"floor":18,"key":"wanderingMiniBosses:ThiefScarf"},{"floor":18,"key":"StuffTheSpire:PointBlank"},{"floor":19,"key":"Whetstone"},{"floor":19,"key":"Replay:Accelerometer"},{"floor":23,"key":"Unceasing Top"},{"floor":24,"key":"Power_Wrist"},{"floor":26,"key":"StuffTheSpire:EmeraldSignet"},{"floor":30,"key":"Anchor"},{"floor":31,"key":"Ribbon"},{"floor":37,"key":"Gambling Chip"},{"floor":42,"key":"Snack Pack"},{"floor":43,"key":"PreservedInsect"},{"floor":46,"key":"Blue Doll"},{"floor":54,"key":"Blood Vial"}],"event_choices":[{"damage_healed":0,"gold_gain":0,"player_choice":"Grow","damage_taken":0,"max_hp_gain":0,"max_hp_loss":0,"event_name":"Living Wall","floor":3,"gold_loss":0,"cards_upgraded":["alterego_mod:BrynhildrRomantia"]},{"damage_healed":0,"gold_gain":0,"player_choice":"Forge","damage_taken":0,"max_hp_gain":0,"max_hp_loss":0,"event_name":"Accursed Blacksmith","floor":5,"gold_loss":0,"cards_upgraded":["HandOfGreed"]},{"damage_healed":0,"gold_gain":0,"player_choice":"Fight","damage_taken":0,"max_hp_gain":0,"max_hp_loss":0,"event_name":"Mysterious Sphere","floor":37,"gold_loss":0}],"is_beta":false,"boss_relics":[{"not_picked":["Inserter","reliquary:Craggleroot"],"picked":"reliquary:WritOfMandamus"},{"not_picked":["Pandora\u0027s Box","StuffTheSpire:Kangaroo"],"picked":"reliquary:RedCape"}],"items_purged_floors":[0,53],"is_endless":false,"potions_floor_spawned":[6,12,18,22,23,28,33,35,47],"ascension_level":3}}