{"host":"izaayrkpa5ecuvkh","time":1612499181,"event":{"mods":["AchievementEnabler","BaseMod","Colored Powertips","Highlight Path","Minty Spire (QoL Compilation)","Quick Restart","Relic Stats","StSLib","Transform Curses"],"gold_per_floor":[117,133,148,160,178,188,188,214,214,231,1,1,1,1,1,96,96,111,121,121,21,32,59,59,92,92,57,92,2,2,31,31,131,131,144,159,170,189,201,229,229,249,276,276,276,304,352,364,364,364,364,364,89,120,120,120],"floor_reached":55,"language":"ENG","playtime":9761,"items_purged":["Strike_B","Strike_B","Defend_B"],"score":1052,"play_id":"0357c4b9-4425-4bf6-a52d-a1c644125552","local_time":"20210204232621","is_ascension_mode":true,"campfire_choices":[{"data":"Sunder","floor":7.0,"key":"SMITH"},{"data":"Echo Form","floor":13.0,"key":"SMITH"},{"data":"Dualcast","floor":15.0,"key":"SMITH"},{"data":"Machine Learning","floor":30.0,"key":"SMITH"},{"data":"Chill","floor":32.0,"key":"SMITH"},{"data":"Zap","floor":41.0,"key":"SMITH"},{"data":"Hologram","floor":45.0,"key":"SMITH"},{"floor":49.0,"key":"RECALL"},{"data":"Seek","floor":52.0,"key":"SMITH"}],"circlet_count":0,"master_deck":["Strike_B","Strike_B","Defend_B","Defend_B","Zap+1","Dualcast+1","Seek+1","Sunder+1","Glacier","Coolheaded","Hologram","Chill+1","Ball Lightning","Echo Form+1","Doom and Gloom","Sweeping Beam","Machine Learning+1","Conserve Battery","BootSequence+1","Conserve Battery","White Noise","Coolheaded+1","Reinforced Body","Machine Learning+1","Seek+1","Compile Driver+1","Conserve Battery+1","Hologram+1","Compile Driver+1","Reboot","Double Energy+1","Force Field+1","Beam Cell+1","Madness","Madness","Amplify","Scrape","White Noise","Meteor Strike"],"relics":["FrozenCore","Bag of Marbles","Prayer Wheel","Happy Flower","Coffee Dripper","Bird Faced Urn","Thread and Needle","Dead Branch","Nunchaku","Akabeko","Anchor","Art of War","Gambling Chip","DollysMirror","Blue Candle"],"acts_visited":["Exordium","TheCity","TheBeyond","TheEnding"],"potions_floor_usage":[55,55],"damage_taken":[{"damage":1.0,"enemies":"Cultist","floor":1.0,"turns":3.0},{"damage":0.0,"enemies":"2 Louse","floor":2.0,"turns":2.0},{"damage":0.0,"enemies":"Jaw Worm","floor":3.0,"turns":3.0},{"damage":1.0,"enemies":"Gremlin Gang","floor":4.0,"turns":5.0},{"damage":0.0,"enemies":"2 Fungi Beasts","floor":5.0,"turns":4.0},{"damage":1.0,"enemies":"Exordium Thugs","floor":6.0,"turns":5.0},{"damage":0.0,"enemies":"Gremlin Nob","floor":8.0,"turns":2.0},{"damage":7.0,"enemies":"Looter","floor":10.0,"turns":3.0},{"damage":27.0,"enemies":"Hexaghost","floor":16.0,"turns":8.0},{"damage":13.0,"enemies":"3 Byrds","floor":18.0,"turns":3.0},{"damage":5.0,"enemies":"Shell Parasite","floor":19.0,"turns":6.0},{"damage":0.0,"enemies":"Centurion and Healer","floor":22.0,"turns":6.0},{"damage":3.0,"enemies":"Slavers","floor":23.0,"turns":5.0},{"damage":0.0,"enemies":"Gremlin Leader","floor":25.0,"turns":5.0},{"damage":0.0,"enemies":"Book of Stabbing","floor":28.0,"turns":6.0},{"damage":27.0,"enemies":"Slavers","floor":31.0,"turns":5.0},{"damage":17.0,"enemies":"Collector","floor":33.0,"turns":12.0},{"damage":1.0,"enemies":"Orb Walker","floor":35.0,"turns":5.0},{"damage":22.0,"enemies":"3 Shapes","floor":36.0,"turns":4.0},{"damage":0.0,"enemies":"Jaw Worm Horde","floor":37.0,"turns":4.0},{"damage":0.0,"enemies":"3 Darklings","floor":38.0,"turns":5.0},{"damage":20.0,"enemies":"Writhing Mass","floor":39.0,"turns":5.0},{"damage":0.0,"enemies":"Giant Head","floor":40.0,"turns":9.0},{"damage":0.0,"enemies":"Transient","floor":42.0,"turns":5.0},{"damage":0.0,"enemies":"Nemesis","floor":46.0,"turns":3.0},{"damage":27.0,"enemies":"2 Orb Walkers","floor":47.0,"turns":5.0},{"damage":6.0,"enemies":"4 Shapes","floor":48.0,"turns":3.0},{"damage":37.0,"enemies":"Time Eater","floor":50.0,"turns":10.0},{"damage":0.0,"enemies":"Shield and Spear","floor":54.0,"turns":3.0},{"damage":85,"enemies":"The Heart","floor":55,"turns":11}],"seed_played":"1170524079265157674","potions_obtained":[{"floor":2.0,"key":"AttackPotion"},{"floor":5.0,"key":"FearPotion"},{"floor":8.0,"key":"Dexterity Potion"},{"floor":16.0,"key":"Weak Potion"},{"floor":25.0,"key":"Strength Potion"},{"floor":28.0,"key":"SpeedPotion"},{"floor":33.0,"key":"Fire Potion"},{"floor":37.0,"key":"Fire Potion"},{"floor":39.0,"key":"Swift Potion"},{"floor":40.0,"key":"Fire Potion"},{"floor":47.0,"key":"SpeedPotion"}],"is_trial":false,"path_per_floor":["M","M","M","M","M","M","R","E","T","M","$","?","R","$","R","B",null,"M","M","?","$","M","E","$","E","T","$","E","?","R","E","R","B",null,"M","M","M","M","M","E","R","M","T","?","R","E","?","M","R","B",null,"R","$","E","B"],"character_chosen":"DEFECT","items_purchased":["Happy Flower","Reinforced Body","DollysMirror"],"campfire_rested":0,"item_purchase_floors":[11,27,53],"current_hp_per_floor":[67,67,67,66,66,65,65,65,65,58,58,63,63,63,63,36,73,60,55,55,55,55,52,52,58,58,58,66,66,66,49,49,73,73,73,53,65,73,59,69,69,73,73,64,64,73,58,62,62,43,73,73,73,73,0,0],"gold":120,"neow_bonus":"THREE_RARE_CARDS","is_daily":false,"chose_seed":false,"campfire_upgraded":8,"win_rate":0.0,"timestamp":1612499181,"path_taken":["M","M","M","M","M","M","R","E","T","?","?","?","R","?","R","BOSS","M","?","?","?","M","E","$","E","T","$","E","?","R","E","R","BOSS","M","M","?","M","M","E","R","M","T","?","R","E","?","M","R","BOSS","R","$","E","BOSS"],"items_purchased_type":["Relic","Card","Relic"],"build_version":"2020-12-22","purchased_purges":3,"victory":false,"max_hp_per_floor":[68,68,68,68,68,68,68,68,68,68,68,73,73,73,73,73,73,73,73,73,73,73,73,73,73,73,73,73,73,73,73,73,73,73,73,73,73,73,73,73,73,73,73,73,73,73,73,73,73,73,73,73,73,73,73,73],"relic_stats":{"Nunchaku":[23],"Happy Flower":[42],"counters":[30,155],"Bird Faced Urn":[165],"Dead Branch":[138],"Gambling Chip":[2],"Blue Candle":[0],"Prayer Wheel":13,"Art of War":[6],"obtain_stats":[{"Happy Flower":11,"Dead Branch":28,"Blue Candle":54,"Thread and Needle":25,"Akabeko":40,"FrozenCore":34,"Nunchaku":31,"Anchor":43,"DollysMirror":53,"Bird Faced Urn":23,"Gambling Chip":47,"Prayer Wheel":9,"Bag of Marbles":8,"Coffee Dripper":17,"Art of War":46,"Cracked Core":0},{"Happy Flower":8,"Dead Branch":15,"Blue Candle":29,"Thread and Needle":14,"Akabeko":23,"FrozenCore":17,"Nunchaku":16,"Anchor":24,"DollysMirror":28,"Bird Faced Urn":13,"Gambling Chip":26,"Prayer Wheel":7,"Bag of Marbles":7,"Coffee Dripper":9,"Art of War":25,"Cracked Core":0},{"Happy Flower":27,"Dead Branch":66,"Blue Candle":144,"Thread and Needle":60,"Akabeko":115,"FrozenCore":83,"Nunchaku":71,"Anchor":120,"DollysMirror":141,"Bird Faced Urn":55,"Gambling Chip":128,"Prayer Wheel":24,"Bag of Marbles":24,"Coffee Dripper":35,"Art of War":123,"Cracked Core":0}],"FrozenCore":[17]},"card_choices":[{"not_picked":["Meteor Strike","Multi-Cast"],"picked":"Seek","floor":0.0},{"not_picked":["Redo","Leap"],"picked":"Sunder","floor":1.0},{"not_picked":["Chaos","Steam Power"],"picked":"Glacier","floor":2.0},{"not_picked":["Stack","Turbo"],"picked":"Coolheaded","floor":3.0},{"not_picked":["Leap","Gash"],"picked":"Hologram","floor":4.0},{"not_picked":["Go for the Eyes","Gash"],"picked":"Chill","floor":5.0},{"not_picked":["Steam Power","Reinforced Body"],"picked":"Ball Lightning","floor":6.0},{"not_picked":["Coolheaded","Melter"],"picked":"Echo Form","floor":8.0},{"not_picked":["Compile Driver","Consume"],"picked":"Doom and Gloom","floor":10.0},{"not_picked":["Go for the Eyes","Stack"],"picked":"Sweeping Beam","floor":10.0},{"not_picked":["Multi-Cast","Creative AI"],"picked":"Machine Learning","floor":16.0},{"not_picked":["Gash","Rebound"],"picked":"Conserve Battery","floor":18.0},{"not_picked":["Gash","Redo"],"picked":"BootSequence+1","floor":18.0},{"not_picked":["Redo","Cold Snap+1"],"picked":"Conserve Battery","floor":19.0},{"not_picked":["All For One","Steam"],"picked":"White Noise","floor":19.0},{"not_picked":["Go for the Eyes","Sunder"],"picked":"Coolheaded+1","floor":22.0},{"not_picked":["BootSequence","Beam Cell","Sunder"],"picked":"SKIP","floor":22.0},{"not_picked":["Melter","Steam+1","Heatsinks"],"picked":"SKIP","floor":23.0},{"not_picked":["Stack","Fission","Conserve Battery"],"picked":"SKIP","floor":25.0},{"not_picked":["Undo+1","Cold Snap"],"picked":"Machine Learning","floor":28.0},{"not_picked":["Redo+1","Reprogram","Coolheaded"],"picked":"SKIP","floor":31.0},{"not_picked":["Buffer","Meteor Strike"],"picked":"Seek","floor":33.0},{"not_picked":["Genetic Algorithm+1","Go for the Eyes+1"],"picked":"Compile Driver+1","floor":35.0},{"not_picked":["Turbo+1","Coolheaded","Streamline"],"picked":"SKIP","floor":35.0},{"not_picked":["Steam","Gash+1"],"picked":"Conserve Battery+1","floor":36.0},{"not_picked":["Beam Cell","Streamline+1"],"picked":"Hologram","floor":36.0},{"not_picked":["Melter+1","Conserve Battery+1"],"picked":"Compile Driver+1","floor":37.0},{"not_picked":["Conserve Battery+1","Stack","Coolheaded+1"],"picked":"SKIP","floor":37.0},{"not_picked":["FTL","Coolheaded+1"],"picked":"Reboot","floor":38.0},{"not_picked":["Ball Lightning+1","Gash","Steam+1"],"picked":"SKIP","floor":38.0},{"not_picked":["Rebound+1","Leap+1"],"picked":"Double Energy+1","floor":39.0},{"not_picked":["Gash","Auto Shields","Darkness"],"picked":"SKIP","floor":39.0},{"not_picked":["Turbo+1","Fusion"],"picked":"Force Field+1","floor":40.0},{"not_picked":["Rebound+1","Stack+1"],"picked":"Beam Cell+1","floor":42.0},{"not_picked":["Ball Lightning+1","Gash+1","Redo"],"picked":"SKIP","floor":42.0},{"not_picked":["Rip and Tear","Darkness+1"],"picked":"Amplify","floor":46.0},{"not_picked":["Cold Snap+1","Turbo"],"picked":"Scrape","floor":48.0},{"not_picked":["Sunder","Stack+1","Cold Snap+1"],"picked":"SKIP","floor":48.0},{"not_picked":["Coolheaded","Fusion"],"picked":"Meteor Strike","floor":54.0}],"player_experience":186034,"relics_obtained":[{"floor":8.0,"key":"Bag of Marbles"},{"floor":9.0,"key":"Prayer Wheel"},{"floor":23.0,"key":"Bird Faced Urn"},{"floor":25.0,"key":"Thread and Needle"},{"floor":28.0,"key":"Dead Branch"},{"floor":31.0,"key":"Nunchaku"},{"floor":40.0,"key":"Akabeko"},{"floor":43.0,"key":"Anchor"},{"floor":46.0,"key":"Art of War"},{"floor":47.0,"key":"Gambling Chip"},{"floor":54.0,"key":"Blue Candle"}],"event_choices":[{"damage_healed":0.0,"max_hp_gain":5.0,"max_hp_loss":0.0,"gold_gain":0.0,"event_name":"Big Fish","player_choice":"Donut","floor":12.0,"gold_loss":0.0,"damage_taken":0.0},{"damage_healed":0.0,"max_hp_gain":0.0,"max_hp_loss":0.0,"gold_gain":0.0,"event_name":"Accursed Blacksmith","player_choice":"Forge","floor":20.0,"gold_loss":0.0,"damage_taken":0.0,"cards_upgraded":["Machine Learning"]},{"cards_removed":["Defend_B"],"damage_healed":0.0,"max_hp_gain":0.0,"max_hp_loss":0.0,"gold_gain":0.0,"event_name":"Designer","player_choice":"Upgrade and Remove","floor":29.0,"gold_loss":90.0,"damage_taken":0.0,"cards_upgraded":["Seek"]},{"damage_healed":0.0,"max_hp_gain":0.0,"max_hp_loss":0.0,"gold_gain":0.0,"event_name":"Winding Halls","player_choice":"Embrace Madness","floor":44.0,"gold_loss":0.0,"damage_taken":9.0,"cards_obtained":["Madness","Madness"]},{"damage_healed":0.0,"max_hp_gain":0.0,"max_hp_loss":0.0,"gold_gain":0.0,"event_name":"Mysterious Sphere","player_choice":"Fight","floor":47.0,"gold_loss":0.0,"damage_taken":0.0}],"is_beta":false,"boss_relics":[{"not_picked":["Runic Pyramid","Ectoplasm"],"picked":"Coffee Dripper"},{"not_picked":["Black Star","Velvet Choker"],"picked":"FrozenCore"}],"items_purged_floors":[11,21,53],"is_endless":false,"potions_floor_spawned":[2,5,8,16,25,28,33,37,39,40,47],"killed_by":"The Heart","ascension_level":2}}