{"host":"xmrw7jl1ir2912vf","time":1612546762,"event":{"mods":["BaseMod","Minty Spire (QoL Compilation)","Relic Stats"],"gold_per_floor":[110,124,124,141,155,155,183,183,183,183,198,214,241,20,20,121,121,136,148,160,170,170,200,200,200,200,26,46,77,77,89,89,189,189,201,218,218,218,23,23,23,48,48,62,91,91,103,155,155,155,155,155,0,32,32],"floor_reached":56,"language":"ENG","playtime":5013,"items_purged":["Defend_P","Defend_P"],"score":1432,"play_id":"d677e5ce-a12d-4ded-84e4-b1235bbe56eb","local_time":"20210205123922","is_ascension_mode":false,"campfire_choices":[{"data":"Consecrate","floor":6.0,"key":"SMITH"},{"data":"Eruption","floor":8.0,"key":"SMITH"},{"data":"Wireheading","floor":10.0,"key":"SMITH"},{"data":"TalkToTheHand","floor":15.0,"key":"SMITH"},{"data":"Vault","floor":25.0,"key":"SMITH"},{"floor":32.0,"key":"REST"},{"floor":40,"key":"RECALL"},{"data":"SashWhip","floor":46,"key":"SMITH"},{"data":"Adaptation","floor":49,"key":"SMITH"},{"data":"DevaForm","floor":52,"key":"SMITH"}],"circlet_count":0,"master_deck":["Strike_P+1","Strike_P+1","Strike_P","Strike_P","Defend_P","Defend_P","Eruption+1","Vigilance","EmptyFist","Consecrate+1","Halt","Wireheading+1","JustLucky","Wallop","SashWhip+1","Weave","TalkToTheHand+1","Vault+1","DeceiveReality+1","BowlingBash","Indignation+1","JustLucky","Omniscience+1","DevaForm+1","Adaptation+1","EmptyMind+1","Prostrate+1","Ghostly+1","Ghostly+1","Ghostly+1","Ghostly+1","Ghostly+1","Omniscience+1","ForeignInfluence+1","Collect+1","Dark Shackles+1","Panacea+1","Master of Strategy+1","Prostrate+1","FlurryOfBlows+1","CutThroughFate+1","ForeignInfluence+1","Nirvana","Wallop+1"],"relics":["PureWater","Omamori","Kunai","InkBottle","Matryoshka","Calling Bell","Pen Nib","Toxic Egg 2","Dead Branch","Lantern","Singing Bowl","Oddly Smooth Stone","Orichalcum","Black Star","CloakClasp","Bottled Tornado","Ancient Tea Set","Happy Flower","Bag of Marbles","Lizard Tail","Whetstone","Mercury Hourglass"],"acts_visited":["Exordium","TheCity","TheBeyond","TheEnding"],"potions_floor_usage":[54,55],"damage_taken":[{"damage":0.0,"enemies":"2 Louse","floor":1.0,"turns":3.0},{"damage":0.0,"enemies":"Cultist","floor":2.0,"turns":2.0},{"damage":1.0,"enemies":"Jaw Worm","floor":4.0,"turns":2.0},{"damage":2.0,"enemies":"2 Fungi Beasts","floor":5.0,"turns":3.0},{"damage":0.0,"enemies":"Lagavulin","floor":7.0,"turns":3.0},{"damage":3.0,"enemies":"3 Louse","floor":11.0,"turns":3.0},{"damage":10.0,"enemies":"Exordium Wildlife","floor":12.0,"turns":3.0},{"damage":4.0,"enemies":"3 Sentries","floor":13.0,"turns":7.0},{"damage":14.0,"enemies":"The Guardian","floor":16.0,"turns":10.0},{"damage":0.0,"enemies":"Spheric Guardian","floor":18.0,"turns":3.0},{"damage":0.0,"enemies":"Shell Parasite","floor":19.0,"turns":5.0},{"damage":4.0,"enemies":"Chosen and Byrds","floor":20.0,"turns":4.0},{"damage":8.0,"enemies":"Shelled Parasite and Fungi","floor":21.0,"turns":4.0},{"damage":17.0,"enemies":"Gremlin Leader","floor":23.0,"turns":5.0},{"damage":0.0,"enemies":"Centurion and Healer","floor":28.0,"turns":4.0},{"damage":26.0,"enemies":"Slavers","floor":29.0,"turns":6.0},{"damage":0.0,"enemies":"Cultist and Chosen","floor":31.0,"turns":5.0},{"damage":0.0,"enemies":"Automaton","floor":33.0,"turns":7.0},{"damage":5,"enemies":"3 Darklings","floor":35,"turns":6},{"damage":2,"enemies":"3 Shapes","floor":36,"turns":3},{"damage":0,"enemies":"Nemesis","floor":42,"turns":4},{"damage":0,"enemies":"Sphere and 2 Shapes","floor":44,"turns":4},{"damage":0,"enemies":"Giant Head","floor":45,"turns":5},{"damage":0,"enemies":"Spire Growth","floor":47,"turns":3},{"damage":5,"enemies":"2 Orb Walkers","floor":48,"turns":3},{"damage":0,"enemies":"Donu and Deca","floor":50,"turns":6},{"damage":0,"enemies":"Shield and Spear","floor":54,"turns":5},{"damage":30,"enemies":"The Heart","floor":55,"turns":8}],"seed_played":"5636449459795855587","potions_obtained":[{"floor":1.0,"key":"Fire Potion"},{"floor":2.0,"key":"PowerPotion"},{"floor":3.0,"key":"FairyPotion"},{"floor":3.0,"key":"Explosive Potion"},{"floor":12.0,"key":"FearPotion"},{"floor":13.0,"key":"Fire Potion"},{"floor":23.0,"key":"Strength Potion"},{"floor":35,"key":"LiquidMemories"}],"is_trial":false,"path_per_floor":["M","M","?","M","M","R","E","R","T","R","M","M","E","$","R","B",null,"M","M","M","M","?","E","?","R","T","$","M","E","?","M","R","B",null,"M","M","?","?","$","R","$","E","T","M","E","R","M","?","R","B",null,"R","$","E","B",null],"character_chosen":"WATCHER","items_purchased":["Weave","TalkToTheHand","Adaptation","Master of Strategy+1","ForeignInfluence+1","Nirvana"],"campfire_rested":1,"item_purchase_floors":[14,14,27,39,53,53],"current_hp_per_floor":[72,72,72,71,69,69,69,69,69,69,66,56,52,52,52,38,72,72,72,68,60,60,43,30,30,30,30,30,4,4,6,18,18,40,35,33,33,25,25,25,25,27,27,27,27,27,27,24,24,24,46,46,46,46,16],"gold":32,"neow_bonus":"RANDOM_COMMON_RELIC","is_daily":false,"chose_seed":false,"campfire_upgraded":8,"win_rate":0.0,"timestamp":1612546762,"path_taken":["M","M","?","?","?","R","E","R","T","R","M","M","E","$","R","BOSS","M","M","M","?","?","E","?","R","T","$","M","E","?","M","R","BOSS","M","M","?","?","$","R","?","E","T","M","E","R","M","?","R","BOSS","R","$","E","BOSS"],"items_purchased_type":["Card","Card","Card","Card","Card","Card"],"build_version":"2020-12-22","purchased_purges":2,"victory":true,"max_hp_per_floor":[72,72,72,72,72,72,72,72,72,72,72,72,72,72,72,72,72,72,72,72,72,72,72,77,77,77,77,77,77,38,40,40,40,40,40,40,40,42,42,42,42,44,44,44,44,44,44,46,46,46,46,46,46,46,46],"relic_stats":{"Singing Bowl":8,"Happy Flower":[8],"counters":[28,126],"Dead Branch":[171],"Pen Nib":[33],"CloakClasp":[105],"Whetstone":["Strike_P","Strike_P"],"Orichalcum":[24],"Mercury Hourglass":[24],"Lizard Tail":0,"Black Star":3,"Kunai":[96],"obtain_stats":[{"Lantern":23,"Singing Bowl":26,"Happy Flower":45,"Dead Branch":17,"Oddly Smooth Stone":26,"Pen Nib":17,"Omamori":0,"CloakClasp":42,"Whetstone":54,"Orichalcum":29,"Bottled Tornado":42,"Ancient Tea Set":43,"Mercury Hourglass":54,"Calling Bell":17,"Lizard Tail":48,"Matryoshka":13,"Black Star":34,"Bag of Marbles":45,"Kunai":7,"PureWater":0,"Toxic Egg 2":17,"InkBottle":9},{"Lantern":14,"Singing Bowl":14,"Happy Flower":23,"Dead Branch":9,"Oddly Smooth Stone":14,"Pen Nib":9,"Omamori":0,"CloakClasp":21,"Whetstone":27,"Orichalcum":16,"Bottled Tornado":21,"Ancient Tea Set":21,"Mercury Hourglass":27,"Calling Bell":9,"Lizard Tail":25,"Matryoshka":8,"Black Star":18,"Bag of Marbles":23,"Kunai":5,"PureWater":0,"Toxic Egg 2":9,"InkBottle":5},{"Lantern":57,"Singing Bowl":57,"Happy Flower":101,"Dead Branch":36,"Oddly Smooth Stone":57,"Pen Nib":36,"Omamori":0,"CloakClasp":92,"Whetstone":118,"Orichalcum":67,"Bottled Tornado":92,"Ancient Tea Set":92,"Mercury Hourglass":118,"Calling Bell":36,"Lizard Tail":107,"Matryoshka":26,"Black Star":79,"Bag of Marbles":101,"Kunai":13,"PureWater":0,"Toxic Egg 2":36,"InkBottle":13}],"InkBottle":[65]},"card_choices":[{"not_picked":["SandsOfTime","Evaluate"],"picked":"EmptyFist","floor":1.0},{"not_picked":["WindmillStrike","Protect"],"picked":"Consecrate","floor":2.0},{"not_picked":["Collect","Evaluate"],"picked":"Halt","floor":4.0},{"not_picked":["EmptyFist","JustLucky"],"picked":"Wireheading","floor":5.0},{"not_picked":["Collect","Conclude"],"picked":"JustLucky","floor":7.0},{"not_picked":["ThirdEye","Crescendo"],"picked":"Wallop","floor":11.0},{"not_picked":["FlyingSleeves","Consecrate"],"picked":"SashWhip","floor":12.0},{"not_picked":["SashWhip","ForeignInfluence"],"picked":"CutThroughFate","floor":13.0},{"not_picked":["Devotion","Ragnarok"],"picked":"Vault","floor":16.0},{"not_picked":["ThirdEye+1","Consecrate"],"picked":"DeceiveReality+1","floor":18.0},{"not_picked":["PathToVictory+1","BattleHymn"],"picked":"BowlingBash","floor":19.0},{"not_picked":["Evaluate+1","Consecrate"],"picked":"Indignation+1","floor":20.0},{"not_picked":["FlyingSleeves","Indignation+1"],"picked":"JustLucky","floor":21.0},{"not_picked":["Halt+1","DeceiveReality+1"],"picked":"DevaForm","floor":23.0},{"not_picked":["Halt+1","PathToVictory+1"],"picked":"EmptyMind+1","floor":28.0},{"not_picked":["DeceiveReality+1","Judgement+1"],"picked":"Prostrate+1","floor":29.0},{"not_picked":["SignatureMove+1","Protect+1","ThirdEye+1"],"picked":"Singing Bowl","floor":31.0},{"not_picked":["Blasphemy+1","LessonLearned"],"picked":"Omniscience+1","floor":33.0},{"not_picked":["ReachHeaven","BattleHymn+1"],"picked":"ForeignInfluence+1","floor":35},{"not_picked":["Crescendo+1","Swivel+1"],"picked":"Collect+1","floor":36},{"not_picked":["Transmutation+1","Mind Blast"],"picked":"Dark Shackles+1","floor":38},{"not_picked":["Forethought+1","Deep Breath+1"],"picked":"Panacea+1","floor":38},{"not_picked":["Trip+1","Enlightenment+1","HandOfGreed"],"picked":"Singing Bowl","floor":38},{"not_picked":["FlurryOfBlows","JustLucky","Crescendo+1"],"picked":"Singing Bowl","floor":42},{"not_picked":["PathToVictory+1","ClearTheMind+1"],"picked":"Prostrate+1","floor":44},{"not_picked":["WindmillStrike+1","BowlingBash+1"],"picked":"FlurryOfBlows+1","floor":45},{"not_picked":["Consecrate","CarveReality+1"],"picked":"CutThroughFate+1","floor":47},{"not_picked":["FlurryOfBlows","CarveReality+1","Halt+1"],"picked":"Singing Bowl","floor":48},{"not_picked":["Protect+1","SashWhip"],"picked":"Wallop+1","floor":54}],"player_experience":552230,"relics_obtained":[{"floor":7.0,"key":"Kunai"},{"floor":9.0,"key":"InkBottle"},{"floor":13.0,"key":"Matryoshka"},{"floor":17.0,"key":"Pen Nib"},{"floor":17.0,"key":"Toxic Egg 2"},{"floor":17.0,"key":"Dead Branch"},{"floor":23.0,"key":"Lantern"},{"floor":26.0,"key":"Singing Bowl"},{"floor":26.0,"key":"Oddly Smooth Stone"},{"floor":29.0,"key":"Orichalcum"},{"floor":42,"key":"CloakClasp"},{"floor":42,"key":"Bottled Tornado"},{"floor":43,"key":"Ancient Tea Set"},{"floor":45,"key":"Happy Flower"},{"floor":45,"key":"Bag of Marbles"},{"floor":48,"key":"Lizard Tail"},{"floor":54,"key":"Whetstone"},{"floor":54,"key":"Mercury Hourglass"}],"event_choices":[{"damage_healed":0.0,"max_hp_gain":0.0,"max_hp_loss":0.0,"gold_gain":0.0,"event_name":"Lab","player_choice":"Got Potions","floor":3.0,"gold_loss":0.0,"damage_taken":0.0},{"damage_healed":0.0,"max_hp_gain":0.0,"max_hp_loss":0.0,"gold_gain":0.0,"event_name":"The Library","player_choice":"Read","floor":22.0,"gold_loss":0.0,"damage_taken":0.0,"cards_obtained":["Omniscience"]},{"damage_healed":0.0,"max_hp_gain":5.0,"max_hp_loss":0.0,"gold_gain":0.0,"event_name":"Forgotten Altar","player_choice":"Shed Blood","floor":24.0,"gold_loss":0.0,"damage_taken":18.0},{"damage_healed":0.0,"max_hp_gain":0.0,"max_hp_loss":39.0,"gold_gain":0.0,"event_name":"Ghosts","player_choice":"Became a Ghost","floor":30.0,"gold_loss":0.0,"damage_taken":0.0,"cards_obtained":["Ghostly","Ghostly","Ghostly","Ghostly","Ghostly"]},{"cards_removed":["CutThroughFate"],"damage_healed":0,"gold_gain":0,"player_choice":"Removed Attack","damage_taken":0,"max_hp_gain":0,"max_hp_loss":0,"event_name":"Falling","floor":37,"gold_loss":0},{"damage_healed":0,"gold_gain":0,"player_choice":"Memory 3","damage_taken":10,"max_hp_gain":0,"max_hp_loss":0,"event_name":"SensoryStone","floor":38,"gold_loss":0},{"damage_healed":0,"gold_gain":0,"player_choice":"Fight","damage_taken":0,"max_hp_gain":0,"max_hp_loss":0,"event_name":"Mysterious Sphere","floor":48,"gold_loss":0}],"is_beta":false,"boss_relics":[{"not_picked":["Philosopher\u0027s Stone","Astrolabe"],"picked":"Calling Bell"},{"not_picked":["SlaversCollar","Velvet Choker"],"picked":"Black Star"}],"items_purged_floors":[14,27],"is_endless":false,"potions_floor_spawned":[1,2,12,13,20,23,33,35,42],"ascension_level":0}}