{"host":"p7cjtxxrilhp4dw7","time":1612499551,"event":{"mods":["BaseMod","Block Reminder","Colored Map","Curses Come First","Highlight Path","Minty Spire (QoL Compilation)","Replay The Spire","StSLib","The Hierophant"],"gold_per_floor":[103,110,110,107,124,136,151,151,151,151,182,182,182,182,182,251,251,223,223,223,41,41,56,56,56,56,76,76,67,60,110,110,130,130,122,47,47,97,68,68,0,19,46,46,127,127,127,127],"floor_reached":47,"language":"ENG","playtime":3361,"items_purged":["Sickly"],"score":805,"play_id":"273bee51-944d-445f-ad12-5740592686ed","local_time":"20210204213231","is_ascension_mode":true,"campfire_choices":[{"floor":10,"key":"REST"},{"floor":12,"key":"REST"},{"floor":15,"key":"REST"},{"floor":25,"key":"REST"},{"floor":28,"key":"REST"},{"floor":32,"key":"REST"},{"floor":40,"key":"REST"},{"floor":46,"key":"REST"}],"circlet_count":0,"master_deck":["hierophant:Strike_Hierophant","hierophant:Strike_Hierophant","hierophant:Strike_Hierophant","hierophant:Strike_Hierophant","hierophant:Punish","hierophant:Defend_Hierophant","hierophant:Defend_Hierophant","hierophant:Defend_Hierophant","hierophant:Defend_Hierophant","hierophant:ChurchCoffers","hierophant:Glossolalia","hierophant:Chorus","hierophant:FieryStrike","hierophant:Endure","hierophant:Kindle+1","hierophant:ThreeLashes","Apotheosis+1","hierophant:Endure","hierophant:Exaltation","hierophant:Anathema+1","Replay:Sssssssssshield","hierophant:Exaltation+1","Parasite","hierophant:DisplayOfPower+1","Clumsy"],"relics":["hierophant:PropheticMaskRelic","Replay:Multitool","ReplayTheSpireMod:Ninjato","Pantograph","Golden Egg","Black Star","Bronze Scales","Replay:Wax Seal","Girya","Ring of Greed","Tiny Chest","Blue Doll","SacredBark","Replay:Arrowhead","Red Mask","ReplayTheSpireMod:TigerMarble","Gremlin Horn"],"acts_visited":["Exordium","TheCity","TheBeyond"],"potions_floor_usage":[7,7,16,23,30,33,38],"damage_taken":[{"damage":1,"enemies":"Cultist","floor":1,"turns":3},{"damage":3,"enemies":"2 Louse","floor":2,"turns":2},{"damage":3,"enemies":"Jaw Worm","floor":4,"turns":4},{"damage":0,"enemies":"Large Slime","floor":5,"turns":5},{"damage":7,"enemies":"2 Fungi Beasts","floor":6,"turns":3},{"damage":15,"enemies":"Lagavulin","floor":7,"turns":5},{"damage":40,"enemies":"Gremlin Nob","floor":11,"turns":5},{"damage":95,"enemies":"Hexaghost","floor":16,"turns":12},{"damage":10,"enemies":"Chosen","floor":18,"turns":5},{"damage":47,"enemies":"Book of Stabbing","floor":23,"turns":6},{"damage":6,"enemies":"3 Byrds","floor":27,"turns":3},{"damage":14,"enemies":"Centurion and Healer","floor":29,"turns":4},{"damage":2,"enemies":"3 Cultists","floor":30,"turns":4},{"damage":64,"enemies":"Collector","floor":33,"turns":9},{"damage":17,"enemies":"3 Shapes","floor":35,"turns":5},{"damage":10,"enemies":"Mind Bloom Boss Battle","floor":38,"turns":7},{"damage":38,"enemies":"3 Darklings","floor":39,"turns":7},{"damage":26,"enemies":"Writhing Mass","floor":42,"turns":7},{"damage":49,"enemies":"Giant Head","floor":47,"turns":7}],"seed_played":"341196351059951938","potions_obtained":[{"floor":4,"key":"FairyPotion"},{"floor":5,"key":"Strength Potion"},{"floor":6,"key":"SkillPotion"},{"floor":11,"key":"LiquidBronze"},{"floor":23,"key":"Fruit Juice"},{"floor":27,"key":"Explosive Potion"},{"floor":29,"key":"AttackPotion"},{"floor":35,"key":"PowerPotion"},{"floor":38,"key":"Explosive Potion"},{"floor":42,"key":"SpeedPotion"}],"is_trial":false,"path_per_floor":["M","M","?","M","M","M","E","?","T","R","E","R","?","?","R","B",null,"M","?","?","$","?","E","$","R","T","M","R","M","M","?","R","B",null,"M","$","?","?","M","R","?","M","T","$","T","R","E"],"character_chosen":"HIEROPHANT","items_purchased":["Apotheosis"],"campfire_rested":8,"item_purchase_floors":[21],"current_hp_per_floor":[81,78,60,57,57,50,35,55,55,79,39,63,68,61,84,17,67,57,57,57,57,51,9,9,35,35,29,55,41,39,39,65,25,73,56,56,56,71,33,59,59,33,33,33,33,59,10,10],"gold":127,"neow_bonus":"TEN_PERCENT_HP_BONUS","is_daily":false,"chose_seed":false,"campfire_upgraded":0,"win_rate":0.0,"timestamp":1612499551,"path_taken":["M","?","?","M","M","M","E","?","T","R","E","R","?","?","R","BOSS","M","?","?","?","?","E","$","R","T","M","R","M","?","?","R","BOSS","M","$","?","?","M","R","?","M","T","$","?","R","E"],"items_purchased_type":["Card"],"build_version":"2020-12-22","purchased_purges":1,"victory":false,"max_hp_per_floor":[82,82,82,82,82,82,82,82,82,82,82,82,87,84,84,84,84,84,84,84,84,84,89,89,89,89,89,89,89,89,89,89,89,89,89,89,89,89,89,89,89,89,89,89,89,89,89,89],"card_choices":[{"not_picked":["hierophant:Shelter","hierophant:Doomsaying","hierophant:ThreeLashes"],"picked":"SKIP","floor":1},{"not_picked":["hierophant:Remorse","hierophant:Doubloon"],"picked":"hierophant:Glossolalia","floor":2},{"not_picked":["hierophant:Patience","hierophant:ThreeLashes"],"picked":"hierophant:Chorus","floor":4},{"not_picked":["hierophant:Remorse","hierophant:ThreeLashes"],"picked":"hierophant:FieryStrike","floor":5},{"not_picked":["hierophant:MorningPrayer","hierophant:FieryStrike"],"picked":"hierophant:Endure","floor":6},{"not_picked":["hierophant:Charity","hierophant:RecallFunds","hierophant:Doomsaying"],"picked":"SKIP","floor":7},{"not_picked":["hierophant:Patience","hierophant:Doomsaying","hierophant:Charity"],"picked":"SKIP","floor":11},{"not_picked":["hierophant:Patience","hierophant:Doomsaying","hierophant:Charity"],"picked":"SKIP","floor":11},{"not_picked":["hierophant:AuricForm","hierophant:Cornucopia"],"picked":"hierophant:Kindle","floor":16},{"not_picked":["hierophant:Doubloon+1","hierophant:Dazzle"],"picked":"hierophant:ThreeLashes","floor":18},{"not_picked":["hierophant:Doubloon","hierophant:AuricShield"],"picked":"hierophant:Endure","floor":23},{"not_picked":["hierophant:Racketeering","hierophant:RecallFunds+1"],"picked":"hierophant:Exaltation","floor":27},{"not_picked":["hierophant:SealAway","hierophant:AuricBeam","hierophant:DisplayOfPower"],"picked":"SKIP","floor":29},{"not_picked":["hierophant:TollTheBells","hierophant:ThreeLashes+1","hierophant:Purify"],"picked":"SKIP","floor":30},{"not_picked":["hierophant:Generosity","hierophant:LocustPlague"],"picked":"hierophant:Anathema","floor":33},{"not_picked":["hierophant:Doomsaying+1","hierophant:OrnateJavelin","hierophant:Shelter+1"],"picked":"SKIP","floor":35},{"not_picked":["Purity","Deep Breath"],"picked":"Replay:Sssssssssshield","floor":37},{"not_picked":["hierophant:CoinFling+1","hierophant:PassingBell"],"picked":"hierophant:Exaltation+1","floor":39},{"not_picked":["hierophant:AuricBeam+1","hierophant:Purify+1"],"picked":"hierophant:DisplayOfPower+1","floor":42}],"player_experience":640822,"relics_obtained":[{"floor":7,"key":"ReplayTheSpireMod:Ninjato"},{"floor":9,"key":"Pantograph"},{"floor":11,"key":"Golden Egg"},{"floor":23,"key":"Bronze Scales"},{"floor":23,"key":"Replay:Wax Seal"},{"floor":26,"key":"Girya"},{"floor":31,"key":"Ring of Greed"},{"floor":31,"key":"Tiny Chest"},{"floor":31,"key":"Blue Doll"},{"floor":38,"key":"Replay:Arrowhead"},{"floor":43,"key":"ReplayTheSpireMod:TigerMarble"},{"floor":45,"key":"Gremlin Horn"}],"event_choices":[{"damage_healed":0,"gold_gain":0,"player_choice":"Success","damage_taken":18,"relics_obtained":["Replay:Multitool"],"max_hp_gain":0,"max_hp_loss":0,"event_name":"Scrap Ooze","floor":3,"gold_loss":0},{"damage_healed":20,"gold_gain":0,"player_choice":"Healed and dodged fight","damage_taken":0,"max_hp_gain":0,"max_hp_loss":0,"event_name":"Mushrooms","floor":8,"gold_loss":0,"cards_obtained":["Parasite"]},{"damage_healed":0,"gold_gain":0,"player_choice":"Donut","damage_taken":0,"max_hp_gain":5,"max_hp_loss":0,"event_name":"Big Fish","floor":13,"gold_loss":0},{"cards_removed":["Parasite"],"damage_healed":0,"gold_gain":0,"player_choice":"Card Removal","damage_taken":7,"max_hp_gain":0,"max_hp_loss":0,"event_name":"Golden Wing","floor":14,"gold_loss":0},{"damage_healed":0,"gold_gain":0,"player_choice":"Ignored","damage_taken":0,"max_hp_gain":0,"max_hp_loss":0,"event_name":"Vampires","floor":19,"gold_loss":0},{"damage_healed":0,"gold_gain":0,"player_choice":"","damage_taken":6,"max_hp_gain":0,"max_hp_loss":0,"event_name":"Knowing Skull","floor":22,"potions_obtained":[],"gold_loss":0,"cards_obtained":[]},{"damage_healed":0,"gold_gain":0,"player_choice":"Memory 1","damage_taken":0,"max_hp_gain":0,"max_hp_loss":0,"event_name":"SensoryStone","floor":37,"gold_loss":0},{"damage_healed":0,"gold_gain":0,"player_choice":"Fight","damage_taken":0,"max_hp_gain":0,"max_hp_loss":0,"event_name":"MindBloom","floor":38,"gold_loss":0},{"damage_healed":0,"gold_gain":0,"player_choice":"Paid","damage_taken":0,"relics_obtained":["Red Mask"],"max_hp_gain":0,"max_hp_loss":0,"event_name":"Tomb of Lord Red Mask","floor":41,"gold_loss":68}],"is_beta":false,"boss_relics":[{"not_picked":["SlaversCollar","Replay:Wanted Poster"],"picked":"Black Star"},{"not_picked":["Honey Jar","Fusion Hammer"],"picked":"SacredBark"}],"items_purged_floors":[36],"is_endless":false,"potions_floor_spawned":[4,5,6,11,23,27,29,35,38,42],"killed_by":"Giant Head","ascension_level":5}}