{"host":"rm0ctv8qd8mnbkg1","time":1612530426,"event":{"mods":["BaseMod","BetterRewards","Bossed Relics","Colored Map","DNKmod","Dark Map","Defuse TimeMaze Blight","Friendly Minions","Hubris","Infinite Spire","Marisa????????","Minty Spire (QoL Compilation)","MostiFishMod","Permanent Neow","Quarter Circle Forward PUNCH!","RRrroohrrRGHHhhh!!","Rare Cards Sparkle","Relic Sorter","Reliquary","Replay The Spire","Robot Space Explorer","RumiaBox-????????","Shade Mod","Shop Mod","Spicy Shops","Spire Arcade","StS++","StSLib","The Dragon Tamer","The Poker Player","The Servant 0.9.4","Wandering Minibosses","[IsaacMod]????","??????REMEMod"],"gold_per_floor":[10014,10028,9634,9653,9670,9670,9684,9265,9288,9305,9305,9322,9322,9340,9340,9445,9445,9462,9462,9473,8540,8540,8540,8563,8574,8574,8574,8605,8625,8524,8540,8540,8636,8636,8646,8664,8278,8298,8312,8312,8342,8342,8365,8384,8404,8404,7858,7874,7874,7974,10000,10006,10015,10029,9680,9686,9686],"floor_reached":56,"language":"ENG","playtime":1665,"items_purged":["Writhe"],"score":853,"play_id":"5887af02-4b1c-4720-85e8-c20819c17a6a","local_time":"20210205130706","is_ascension_mode":false,"campfire_choices":[{"data":"RobotSpaceExplorer:Explosion","floor":6,"key":"SMITH"},{"data":"RobotSpaceExplorer:Discharger","floor":11,"key":"SMITH"},{"data":"RobotSpaceExplorer:MiniBoosters","floor":13,"key":"SMITH"},{"data":"RobotSpaceExplorer:StarLightning","floor":15,"key":"SMITH"},{"data":"RobotSpaceExplorer:StarDust","floor":23,"key":"SMITH"},{"data":"RobotSpaceExplorer:Multitool","floor":27,"key":"SMITH"},{"data":"RobotSpaceExplorer:LaserBurst","floor":32,"key":"SMITH"},{"data":"RobotSpaceExplorer:PowerCollector","floor":40,"key":"SMITH"},{"data":"REME_Flogging","floor":46,"key":"SMITH"},{"data":"MostiFishMod:PerfectForm","floor":49,"key":"SMITH"}],"circlet_count":0,"master_deck":["RobotSpaceExplorer:Strike","RobotSpaceExplorer:Strike","RobotSpaceExplorer:Strike","RobotSpaceExplorer:Defend","RobotSpaceExplorer:Defend","RobotSpaceExplorer:Defend","RobotSpaceExplorer:Defend","RobotSpaceExplorer:Scan","RobotSpaceExplorer:MiniLasers","EpicFetus","MostiFishMod:Neptune","MostiFishMod:TheEndOfMoonlight","MostiFishMod:SparklingWater","MostiFishMod:FantasySummer","MostiFishMod:NightSea","MostiFishMod:ReadyAimFire","RobotSpaceExplorer:ScrapMissile","RobotSpaceExplorer:GlueSpray","RobotSpaceExplorer:PowerCollector+1","RobotSpaceExplorer:Explosion+1","RobotSpaceExplorer:MiniBoosters+1","RobotSpaceExplorer:FrostMissile","RobotSpaceExplorer:Discharger+1","RobotSpaceExplorer:StarLightning+1","RobotSpaceExplorer:SurgingShield","RobotSpaceExplorer:StarLightning+1","RobotSpaceExplorer:MiniDrones","RobotSpaceExplorer:Multitool+1","RobotSpaceExplorer:StarLightning","RobotSpaceExplorer:LaserBurst+1","RobotSpaceExplorer:StarDust+1","REME_Flogging+1","infinitespire:UltimateForm","RobotSpaceExplorer:StarDust","RobotSpaceExplorer:FreezeRay+1","RobotSpaceExplorer:StunGrenade","RobotSpaceExplorer:Asteroid","RobotSpaceExplorer:DroneSwarm","RobotSpaceExplorer:ToxicBomb+1","RobotSpaceExplorer:PowerCollector+1","RobotSpaceExplorer:MiniDrones","MostiFishMod:PerfectForm+1","MostiFishMod:PerfectForm","RobotSpaceExplorer:TrailblazerForm","RobotSpaceExplorer:ExhaustFan","RobotSpaceExplorer:Reload"],"relics":["RobotSpaceExplorer:TurboCore","BirthdayGift-Icosahedron","BirthdayGift-Tetrahedron","REME_ComplimentaryCards","HushsDoor","DaveBox","MoonlightInvasionPlan","DeathBook","Replay:Mystery Machine","SteamSale","StrikeDummy","StrikeDummy","Bag of Marbles","Blue Doll","reliquary:Stiletto","infinitespire:ShieldingShard","Frozen Eye","Nunchaku","PlanX","GodSword4","HandDrill","wanderingMiniBosses:ThiefScarf","Eternal Feather","SSSystem","StSpp:SailingBoat","BookofShadows","Bag of Preparation","EdensBlessing","Chaos","Simple Rune","REME_PuzzleBoxRelic","RobotSpaceExplorer:SlideRule","TheBattery","infinitespire:Bottled Soul","Replay:Baseball"],"acts_visited":["Exordium","TheCity","TheBeyond","Exordium"],"potions_floor_usage":[],"damage_taken":[{"damage":0,"enemies":"2 Louse","floor":1,"turns":3},{"damage":0,"enemies":"Small Slimes","floor":2,"turns":1},{"damage":0,"enemies":"Jaw Worm","floor":4,"turns":1},{"damage":0,"enemies":"Exordium Wildlife","floor":5,"turns":2},{"damage":0,"enemies":"Blue Slaver","floor":7,"turns":2},{"damage":0,"enemies":"Looter","floor":10,"turns":1},{"damage":0,"enemies":"Exordium Thugs","floor":12,"turns":1},{"damage":0,"enemies":"Gremlin Gang","floor":14,"turns":2},{"damage":5,"enemies":"The Guardian","floor":16,"turns":5},{"damage":7,"enemies":"3 Byrds","floor":18,"turns":4},{"damage":0,"enemies":"2 Thieves","floor":20,"turns":1},{"damage":0,"enemies":"Sentry and Sphere","floor":25,"turns":2},{"damage":0,"enemies":"Nightmare","floor":28,"turns":1},{"damage":1,"enemies":"Cultist and Chosen","floor":29,"turns":3},{"damage":0,"enemies":"Chosen and Byrds","floor":31,"turns":2},{"damage":1,"enemies":"Champ","floor":33,"turns":3},{"damage":0,"enemies":"3 Shapes","floor":35,"turns":1},{"damage":0,"enemies":"Orb Walker","floor":36,"turns":3},{"damage":0,"enemies":"Jaw Worm Horde","floor":38,"turns":1},{"damage":0,"enemies":"Writhing Mass","floor":39,"turns":2},{"damage":0,"enemies":"Reptomancer","floor":41,"turns":1},{"damage":0,"enemies":"3 Darklings","floor":44,"turns":1},{"damage":0,"enemies":"Spire Growth","floor":45,"turns":1},{"damage":0,"enemies":"4 Shapes","floor":48,"turns":1},{"damage":0,"enemies":"Replay:Hell Engine","floor":50,"turns":1},{"damage":0,"enemies":"Jaw Worm","floor":52,"turns":1},{"damage":0,"enemies":"2 Louse","floor":53,"turns":1},{"damage":0,"enemies":"Cultist","floor":54,"turns":1},{"damage":0,"enemies":"Looter","floor":56,"turns":1}],"seed_played":"6096625060687086603","potions_obtained":[{"floor":14,"key":"PowerPotion"},{"floor":16,"key":"SpeedPotion"},{"floor":18,"key":"Energy Potion"},{"floor":52,"key":"BlessingOfTheForge"},{"floor":53,"key":"Adrenaline Potion"}],"is_trial":false,"path_per_floor":["M","M","$","M","M","R","M","$","T","M","R","M","R","M","R","B",null,"M","?","M","$","?","R","T","M","T","R","NM","M","$","M","R","B",null,"M","M","$","M","M","R","E","?","T","M","M","R","$","M","R","B",null,"M","M","M","$","M"],"character_chosen":"RobotSpaceExplorer","items_purchased":["SteamSale","StrikeDummy","RobotSpaceExplorer:PowerCollector+1","RobotSpaceExplorer:Explosion","RobotSpaceExplorer:Discharger","reliquary:SculptingSteel","Bag of Marbles","Blue Doll","RobotSpaceExplorer:StarLightning+1","BirthdayGift-Tetrahedron","RobotSpaceExplorer:StarDust","infinitespire:ShieldingShard","Frozen Eye","REME_Flogging","HandDrill","RobotSpaceExplorer:FreezeRay+1","RobotSpaceExplorer:DroneSwarm","RobotSpaceExplorer:PowerCollector","Eternal Feather","SSSystem","RobotSpaceExplorer:MiniDrones","StSpp:SailingBoat","BirthdayGift-Icosahedron","EdensBlessing","Chaos","Simple Rune","MostiFishMod:PerfectForm","RobotSpaceExplorer:ExhaustFan","FairyPotion","RobotSpaceExplorer:SlideRule","TheBattery","infinitespire:Bottled Soul","Replay:Baseball"],"campfire_rested":0,"item_purchase_floors":[3,3,3,3,8,8,8,8,8,21,21,21,21,21,30,30,34,37,37,37,37,37,47,47,47,47,47,51,51,55,55,55,55],"current_hp_per_floor":[1000,1000,1000,1000,1000,1000,1000,1000,1000,1000,1000,1000,1000,1000,1000,995,1000,993,993,993,993,993,993,993,993,993,993,993,992,992,992,992,991,996,996,996,996,996,996,996,996,996,996,996,996,996,996,996,996,996,1000,1000,1000,1000,1000,1000,1000],"gold":9686,"neow_bonus":"RANDOM_COMMON_RELIC","is_daily":false,"chose_seed":false,"campfire_upgraded":10,"win_rate":0.0,"timestamp":1612530426,"path_taken":["M","M","$","M","M","R","M","$","T","M","R","M","R","M","R","BOSS","M","?","M","$","?","R","?","M","T","R","NM","M","$","M","R","BOSS","M","M","$","M","M","R","E","?","T","M","M","R","$","M","R","BOSS","M","M","M","$","?"],"items_purchased_type":["Relic","Relic","Card","Card","Card","Relic","Relic","Relic","Card","Relic","Card","Relic","Relic","Card","Relic","Card","Card","Card","Relic","Relic","Card","Relic","Relic","Relic","Card","Relic","Card","Card","Potion","Relic","Relic","Relic","Relic"],"build_version":"2020-12-22","purchased_purges":1,"victory":false,"max_hp_per_floor":[1000,1000,1000,1000,1000,1000,1000,1000,1000,1000,1000,1000,1000,1000,1000,1000,1000,1000,1000,1000,1000,1000,1000,1000,1000,1000,1000,1000,1000,1000,1000,1000,1000,996,996,996,996,996,996,996,996,996,996,996,996,996,996,996,996,996,1000,1000,1000,1000,1000,1000,1000],"card_choices":[{"not_picked":[],"picked":"EpicFetus","floor":0},{"not_picked":["RobotSpaceExplorer:Ammunition","Bomb"],"picked":"RobotSpaceExplorer:ScrapMissile","floor":1},{"not_picked":["RobotSpaceExplorer:SwiftStep","RobotSpaceExplorer:SlimeMissile"],"picked":"RobotSpaceExplorer:GlueSpray","floor":2},{"not_picked":["RobotSpaceExplorer:ScrapMissile","RobotSpaceExplorer:Arsenal"],"picked":"RobotSpaceExplorer:MiniBoosters","floor":4},{"not_picked":["RobotSpaceExplorer:Electroshield","RobotSpaceExplorer:JunkDive"],"picked":"RobotSpaceExplorer:FrostMissile","floor":5},{"not_picked":["RobotSpaceExplorer:Counterblock","RobotSpaceExplorer:Smokescreen"],"picked":"Bomb","floor":7},{"not_picked":["RobotSpaceExplorer:ShockKick","RobotSpaceExplorer:StarLightning"],"picked":"RobotSpaceExplorer:SurgingShield","floor":10},{"not_picked":["Bomb","RobotSpaceExplorer:SurgingShield"],"picked":"RobotSpaceExplorer:StarLightning","floor":12},{"not_picked":["RobotSpaceExplorer:Probe","RobotSpaceExplorer:Reload"],"picked":"RobotSpaceExplorer:MiniDrones","floor":14},{"not_picked":["RobotSpaceExplorer:BlastShield","RobotSpaceExplorer:Explosion"],"picked":"RobotSpaceExplorer:Multitool","floor":16},{"not_picked":["RobotSpaceExplorer:Probe+1","RobotSpaceExplorer:SwiftStep"],"picked":"RobotSpaceExplorer:StarLightning","floor":18},{"not_picked":["RobotSpaceExplorer:SelfCleaning","RobotSpaceExplorer:ScrapMissile+1"],"picked":"RobotSpaceExplorer:LaserBurst","floor":20},{"not_picked":["RobotSpaceExplorer:MakeshiftVolley","RobotSpaceExplorer:FranticSearch","RobotSpaceExplorer:SurgingStrike"],"picked":"SKIP","floor":25},{"not_picked":["hubris:InfiniteBlow+1","hubris:Rewind"],"picked":"infinitespire:UltimateForm","floor":28},{"not_picked":["RobotSpaceExplorer:ScrapShield","RobotSpaceExplorer:Counterblock"],"picked":"RobotSpaceExplorer:StarDust","floor":28},{"not_picked":["RobotSpaceExplorer:FranticSearch","RobotSpaceExplorer:ScrapMissile+1","RobotSpaceExplorer:SlimeMissile"],"picked":"SKIP","floor":29},{"not_picked":["RobotSpaceExplorer:Pulsar+1","RobotSpaceExplorer:ImprovisedAttack"],"picked":"RobotSpaceExplorer:StunGrenade","floor":31},{"not_picked":["RobotSpaceExplorer:ShockMissile","RobotSpaceExplorer:Blaster"],"picked":"RobotSpaceExplorer:Asteroid","floor":33},{"not_picked":["RobotSpaceExplorer:Discharger+1","RobotSpaceExplorer:SurgingShield"],"picked":"RobotSpaceExplorer:ToxicBomb+1","floor":35},{"not_picked":["RobotSpaceExplorer:SlimeMissile","RobotSpaceExplorer:ImprovisedAttack+1","RobotSpaceExplorer:FrostMissile+1"],"picked":"SKIP","floor":36},{"not_picked":["RobotSpaceExplorer:Probe","RobotSpaceExplorer:StarLightning","RobotSpaceExplorer:IronShell+1"],"picked":"SKIP","floor":38},{"not_picked":["RobotSpaceExplorer:ScrapShield+1","RobotSpaceExplorer:GlueShot","RobotSpaceExplorer:MakeshiftVolley+1"],"picked":"SKIP","floor":39},{"not_picked":["RobotSpaceExplorer:FranticSearch","RobotSpaceExplorer:GlueShot","RobotSpaceExplorer:Probe"],"picked":"SKIP","floor":41},{"not_picked":["RobotSpaceExplorer:Counterblock+1","RobotSpaceExplorer:ScrapToss+1","RobotSpaceExplorer:SlimeMissile"],"picked":"SKIP","floor":44},{"not_picked":["RobotSpaceExplorer:JunkDive+1","RobotSpaceExplorer:SurgingShield","RobotSpaceExplorer:FranticSearch+1"],"picked":"SKIP","floor":45},{"not_picked":["RobotSpaceExplorer:ShovelStrike+1","RobotSpaceExplorer:SwiftStep+1","RobotSpaceExplorer:IronShell+1"],"picked":"SKIP","floor":48},{"not_picked":["RobotSpaceExplorer:Asteroid","RobotSpaceExplorer:ShockMissile"],"picked":"RobotSpaceExplorer:TrailblazerForm","floor":50},{"not_picked":["RobotSpaceExplorer:ShovelStrike","RobotSpaceExplorer:BigMissile","RobotSpaceExplorer:PlasmaMissile"],"picked":"SKIP","floor":52},{"not_picked":["RobotSpaceExplorer:MiniDrones","RobotSpaceExplorer:SurgingStrike"],"picked":"RobotSpaceExplorer:Reload","floor":53},{"not_picked":["RobotSpaceExplorer:Ammunition","RobotSpaceExplorer:Probe","RobotSpaceExplorer:SlimeMissile"],"picked":"SKIP","floor":54}],"player_experience":226646,"relics_obtained":[{"floor":9,"key":"reliquary:Stiletto"},{"floor":24,"key":"Nunchaku"},{"floor":26,"key":"PlanX"},{"floor":28,"key":"GodSword4"},{"floor":36,"key":"wanderingMiniBosses:ThiefScarf"},{"floor":41,"key":"BookofShadows"},{"floor":43,"key":"Bag of Preparation"}],"event_choices":[{"damage_healed":0,"gold_gain":0,"player_choice":"Ignored","damage_taken":0,"max_hp_gain":0,"max_hp_loss":0,"event_name":"Vampires","floor":22,"gold_loss":0},{"cards_removed":["RobotSpaceExplorer:Strike"],"damage_healed":0,"gold_gain":0,"player_choice":"Removed Attack","damage_taken":0,"max_hp_gain":0,"max_hp_loss":0,"event_name":"Falling","floor":42,"gold_loss":0}],"is_beta":false,"boss_relics":[{"not_picked":["Busted Crown","qcfpunch:Killian_Engine_Alpha","HereWithMe"]},{"not_picked":["RhineSuit","reliquary:Craggleroot"],"picked":"RobotSpaceExplorer:TurboCore"},{"not_picked":[]},{"not_picked":["infinitespire:Magic Flask","DianPoetry"],"picked":"REME_PuzzleBoxRelic"},{"not_picked":[]}],"items_purged_floors":[47],"is_endless":true,"potions_floor_spawned":[10,14,16,18,29,33,35,36,41,45,50,52,53],"killed_by":"Looter","ascension_level":0}}