{"host":"d42v9a78iaxjks5w","time":1612526605,"event":{"mods":["BaseMod","BetterRewards","Colored Map","Colored Powertips","Downfall","Infinite Spire","Minty Spire (QoL Compilation)","Replay The Spire","StSLib"],"gold_per_floor":[110,123,123,136,150,150,170,170,193,207,207,233,233,253,253,353,353,373,373,373],"floor_reached":19,"language":"ENG","playtime":928,"items_purged":[],"score":177,"play_id":"159c2e36-fd4e-4e35-b0a7-0197461d1bc3","local_time":"20210205060325","is_ascension_mode":true,"campfire_choices":[{"data":"Hidden Blade","floor":6,"key":"SMITH"},{"data":"ReplayTheSpireMod:The Works","floor":13,"key":"SMITH"},{"floor":15,"key":"REST"}],"circlet_count":0,"master_deck":["Strike_G","Strike_G","Strike_G","Strike_G","Defend_G","Defend_G","Defend_G","Defend_G","Defend_G","Survivor+1","Neutralize+1","Acrobatics+1","Deadly Poison","Skewer","Hidden Blade+1","Deadly Poison","Dagger Spray","ReplayTheSpireMod:The Works+1","Poisoned Stab","Cloak And Dagger+1"],"relics":["Ring of the Snake","infinitespire:Satchel","Snake Skull","Velvet Choker"],"acts_visited":["Exordium","TheCity"],"potions_floor_usage":[14,16,16,18],"damage_taken":[{"damage":2,"enemies":"Cultist","floor":1,"turns":4},{"damage":2,"enemies":"Jaw Worm","floor":2,"turns":4},{"damage":0,"enemies":"2 Louse","floor":4,"turns":3},{"damage":3,"enemies":"Blue Slaver","floor":5,"turns":5},{"damage":0,"enemies":"Exordium Wildlife","floor":7,"turns":3},{"damage":14,"enemies":"Gremlin Gang","floor":10,"turns":6},{"damage":0,"enemies":"2 Fungi Beasts","floor":14,"turns":2},{"damage":17,"enemies":"The Guardian","floor":16,"turns":7},{"damage":0,"enemies":"Spheric Guardian","floor":18,"turns":3},{"damage":0,"enemies":"2 Thieves","floor":19,"turns":1}],"seed_played":"-3996092327700266109","potions_obtained":[{"floor":5,"key":"Strength Potion"},{"floor":7,"key":"LiquidBronze"},{"floor":10,"key":"Venom Potion"},{"floor":16,"key":"Fire Potion"},{"floor":18,"key":"Dexterity Potion"}],"is_trial":false,"path_per_floor":["M","M","?","M","M","R","M","?","T","M","?","T","R","M","R","B",null,"M","M"],"character_chosen":"THE_SILENT","items_purchased":[],"campfire_rested":1,"item_purchase_floors":[],"current_hp_per_floor":[68,66,66,66,63,63,63,63,63,49,35,35,35,35,56,39,70,70,70,70],"gold":373,"neow_bonus":"UPGRADE_CARD","is_daily":false,"chose_seed":false,"campfire_upgraded":2,"win_rate":0.0,"timestamp":1612526605,"path_taken":["M","M","?","?","M","R","M","?","T","?","?","?","R","M","R","BOSS","M","M"],"items_purchased_type":[],"build_version":"2020-12-22","purchased_purges":0,"victory":false,"max_hp_per_floor":[70,70,70,70,70,70,70,70,70,70,70,70,70,70,70,70,70,70,70,70],"card_choices":[{"not_picked":["Prepared","ReplayTheSpireMod:Exploit Weakness"],"picked":"Acrobatics","floor":1},{"not_picked":["Concentrate","Crippling Poison"],"picked":"Deadly Poison","floor":2},{"not_picked":["Reflex","Eviscerate"],"picked":"Hidden Blade","floor":4},{"not_picked":["Sucker Punch","Slice"],"picked":"Deadly Poison","floor":5},{"not_picked":["Dodge and Roll","A Thousand Cuts"],"picked":"Dagger Spray","floor":7},{"not_picked":["PiercingWail","Flying Knee"],"picked":"ReplayTheSpireMod:The Works","floor":10},{"not_picked":["Backflip","Outmaneuver"],"picked":"Poisoned Stab","floor":14},{"not_picked":["Noxious Fumes","Prepared"],"picked":"Cloak And Dagger+1","floor":18}],"player_experience":93994,"relics_obtained":[{"floor":9,"key":"infinitespire:Satchel"},{"floor":12,"key":"Snake Skull"}],"event_choices":[{"damage_healed":0,"gold_gain":0,"cards_transformed":["Strike_G"],"player_choice":"Transformed","damage_taken":0,"max_hp_gain":0,"max_hp_loss":0,"event_name":"Transmorgrifier","floor":3,"gold_loss":0,"cards_obtained":["Skewer"]},{"damage_healed":0,"gold_gain":0,"player_choice":"Bought 0 Potions","damage_taken":0,"max_hp_gain":0,"max_hp_loss":0,"event_name":"The Woman in Blue","floor":8,"gold_loss":0},{"damage_healed":0,"gold_gain":0,"player_choice":"Entered Light","damage_taken":14,"max_hp_gain":0,"max_hp_loss":0,"event_name":"Shining Light","floor":11,"gold_loss":0,"cards_upgraded":["Survivor","Acrobatics"]}],"is_beta":false,"boss_relics":[{"not_picked":["Sozu","Replay:Ancient Bell"],"picked":"Velvet Choker"}],"items_purged_floors":[],"is_endless":false,"potions_floor_spawned":[5,7,10,16,18],"killed_by":"2 Thieves","ascension_level":2}}