{"host":"o3b7ow6d1xe49css","time":1612491694,"event":{"mods":["Act Like it!","Aspiration","BaseMod","Bestiary","Better Altar","Better Match","Better Note","Better Sensory Stone","Better Skull","Better Third Choice","Colored Powertips","Conspire","Energized Spire","Force Act Four","GifTheSpireLib","Halation","Hermit","Hubris","Infinite Spire","Lobotomy","Minty Spire (QoL Compilation)","Quick Restart","Rare Cards Sparkle","Relic Filter Mod","Reliquary","Replay The Spire","Spicy Shops","Spikes Relics","Spire Arcade","StSLib","Stuff the Spire","The Blue Laboratory","Wandering Minibosses"],"gold_per_floor":[113,127,146,146,146,175,208,234,261,261,280,280,308,338,338,442,442,459,121,208,208,208,233,233,259,259,259,293,118,118,118,118,219,219,232,6,21,21,21,54,83,83,83],"floor_reached":42,"language":"ENG","playtime":3019,"items_purged":[],"score":920,"play_id":"feb6aa9e-31f5-4c49-99d6-efe6b16247a6","local_time":"20210204172134","daily_mods":["Heirloom","Flight"],"is_ascension_mode":true,"campfire_choices":[{"floor":12,"key":"REST"},{"data":"hermit:Ricochet","floor":15,"key":"SMITH"},{"floor":24,"key":"RECALL"},{"data":"hermit:Snipe","floor":27,"key":"SMITH"},{"data":"Apotheosis","floor":30,"key":"SMITH"},{"data":"hermit:Adapt","floor":32,"key":"SMITH"}],"circlet_count":0,"master_deck":["hermit:Strike_Hermit","hermit:Strike_Hermit","hermit:Strike_Hermit","hermit:Strike_Hermit","hermit:Defend_Hermit+1","hermit:Defend_Hermit+1","hermit:Defend_Hermit","hermit:Defend_Hermit","hermit:Snapshot","hermit:Covet+1","UniverseFragment","hermit:WideOpen","infinitespire:FinalStrike+1","hermit:Gestalt","hermit:Ricochet+1","hermit:Snipe+1","hermit:RoundhouseKick","hermit:Roughhouse","hermit:CalledShot","hermit:Adapt+1","Apotheosis+1","hermit:FatalDesire","CommonCold","Decay","Spreading Infection","hermit:Determination"],"relics":["hermit:Momento","Ring of Chaos","infinitespire:Joker Card","CogitoBucket","reliquary:Stiletto","Snack Pack","Replay:Mystery Machine","Replay:Baseball","LuminousBracelet","Kunai","Replay:Kaleidoscope","reliquary:WritOfMandamus","reliquary:Knoch","War Paint","Theresia","Ring of Peace","RollingBoulder","MiniBlackHole","Torii","infinitespire:Beetle Shell","Replay:Ancient Bell","Bag of Marbles","Matryoshka","Turnip","halation:PromiseList","halation:EternalFortune","StrikeDummy","hubris:MobiusCoin"],"acts_visited":["Exordium","TheCity","TheBeyond"],"potions_floor_usage":[13,14,16,25,28,33,42,42],"damage_taken":[{"damage":0,"enemies":"Small Slimes","floor":1,"turns":3},{"damage":2,"enemies":"Jaw Worm","floor":2,"turns":3},{"damage":4,"enemies":"2 Louse","floor":3,"turns":2},{"damage":0,"enemies":"Gremlin Nob","floor":6,"turns":2},{"damage":2,"enemies":"Lagavulin","floor":7,"turns":4},{"damage":2,"enemies":"3 Sentries","floor":8,"turns":5},{"damage":21,"enemies":"Looter","floor":11,"turns":3},{"damage":0,"enemies":"Gremlin Nob","floor":13,"turns":2},{"damage":6,"enemies":"3 Sentries","floor":14,"turns":6},{"damage":0,"enemies":"Slime Boss","floor":16,"turns":5},{"damage":28,"enemies":"3 Byrds","floor":18,"turns":5},{"damage":52,"enemies":"2 Thieves","floor":20,"turns":7},{"damage":8,"enemies":"Gremlin Leader","floor":23,"turns":7},{"damage":0,"enemies":"Nightmare","floor":25,"turns":6},{"damage":1,"enemies":"Book of Stabbing","floor":28,"turns":3},{"damage":12,"enemies":"Collector","floor":33,"turns":7},{"damage":10,"enemies":"Orb Walker","floor":35,"turns":15},{"damage":1,"enemies":"3 Darklings","floor":37,"turns":3},{"damage":3,"enemies":"Nemesis","floor":40,"turns":5},{"damage":0,"enemies":"R_Hoarder","floor":41,"turns":5},{"damage":70,"enemies":"Nightmare","floor":42,"turns":8}],"seed_played":"-1036448112749956819","potions_obtained":[{"floor":8,"key":"BlessingOfTheForge"},{"floor":11,"key":"Adrenaline Potion"},{"floor":14,"key":"blueLaboratory:FruitPunch"},{"floor":16,"key":"hermit:BlackBile"},{"floor":20,"key":"blueLaboratory:FrostheartPotion"},{"floor":23,"key":"Block Potion"},{"floor":25,"key":"Adrenaline Potion"},{"floor":40,"key":"Swift Potion"}],"is_trial":true,"path_per_floor":["M","M","M","?","?","E","E","E","T","?","M","R","E","E","R","B",null,"M","$","M","?","?","E","R","NM","T","R","E","$","R","?","R","B",null,"M","$","M","$","?","E","E","NM"],"character_chosen":"HERMIT","items_purchased":["reliquary:Knoch","War Paint","hermit:CalledShot","Apotheosis","halation:PromiseList","hermit:Determination"],"campfire_rested":1,"item_purchase_floors":[19,19,19,29,36,36],"current_hp_per_floor":[75,73,69,69,50,50,48,48,48,33,27,54,56,55,55,59,84,82,82,70,70,70,73,73,72,72,72,61,61,61,61,61,54,60,62,62,62,62,65,65,65,0,0],"gold":83,"neow_bonus":"","is_daily":false,"chose_seed":false,"campfire_upgraded":4,"win_rate":0.0,"timestamp":1612491694,"path_taken":["M","M","M","?","?","E","E","E","T","?","M","R","E","E","R","BOSS","M","$","?","?","?","E","R","NM","T","R","E","$","R","?","R","BOSS","M","$","M","$","?","E","E","NM"],"items_purchased_type":["Relic","Relic","Card","Card","Relic","Card"],"build_version":"2020-12-22","purchased_purges":0,"victory":false,"max_hp_per_floor":[75,75,75,75,75,75,75,75,75,75,90,90,90,90,90,92,92,82,82,82,82,82,82,82,72,72,72,62,62,62,62,62,62,62,62,62,62,62,65,65,65,55,55],"card_choices":[{"not_picked":["SpiderBud","DespairKnight","Freischutz"],"picked":"Singing Bowl","floor":1},{"not_picked":["Scorched","Laetitia"],"picked":"UniverseFragment","floor":1},{"not_picked":["hermit:Shortfuse","hermit:Midnight","hermit:Enervate"],"picked":"SKIP","floor":1},{"not_picked":["Rudolta","Wellcheers","BigBird"],"picked":"Singing Bowl","floor":2},{"not_picked":["hermit:ItchyTrigger","hermit:Glare","hermit:Coalescence"],"picked":"SKIP","floor":2},{"not_picked":["hermit:OverwhelmingPower","hermit:TrackingShot","hermit:Quickdraw"],"picked":"SKIP","floor":3},{"not_picked":["ReplayTheSpireMod:??????????????????????","infinitespire:TheBestDefense"],"picked":"infinitespire:FinalStrike","floor":5},{"not_picked":["hermit:Desperado","hermit:HoleUp"],"picked":"hermit:Gestalt","floor":6},{"not_picked":["Bloodbath","WallGazer","Wellcheers"],"picked":"Singing Bowl","floor":6},{"not_picked":["VoidDream","Wellcheers","CrumblingArmor"],"picked":"Singing Bowl","floor":7},{"not_picked":["hermit:ShadowCloak","hermit:Showdown","hermit:Ricochet"],"picked":"SKIP","floor":7},{"not_picked":["hermit:Dive","hermit:ShadowCloak"],"picked":"hermit:Ricochet","floor":8},{"not_picked":["OldLady","Scorched","PunishingBird"],"picked":"Singing Bowl","floor":8},{"not_picked":["hermit:Feint","hermit:Roulette"],"picked":"hermit:Snipe","floor":11},{"not_picked":["hermit:Midnight","hermit:Snipe","hermit:HoleUp"],"picked":"SKIP","floor":13},{"not_picked":["hermit:Feint","hermit:Vantage"],"picked":"hermit:RoundhouseKick","floor":14},{"not_picked":["hermit:EternalForm","hermit:Dissolve"],"picked":"hermit:Roughhouse","floor":16},{"not_picked":["hermit:FullyLoaded","hermit:Quickdraw","hermit:Gestalt+1"],"picked":"SKIP","floor":18},{"not_picked":["hermit:GoldenBullet+1","hermit:SprayPray","hermit:Ricochet"],"picked":"SKIP","floor":20},{"not_picked":["RedShoes","DespairKnight","Wellcheers"],"picked":"Singing Bowl","floor":23},{"not_picked":["hermit:Grudge","hermit:Quickdraw","hermit:SprayPray+1"],"picked":"SKIP","floor":23},{"not_picked":["hermit:Midnight","hermit:Deadeye","hermit:TrackingShot"],"picked":"SKIP","floor":25},{"not_picked":["hermit:FatalDesire","hermit:Gestalt"],"picked":"hermit:Adapt","floor":28},{"not_picked":["hermit:Dissolve","hermit:Gambit"],"picked":"hermit:FatalDesire","floor":33},{"not_picked":["ReplayTheSpireMod:IOU","conspire:NecroticWound"],"picked":"CommonCold","floor":34},{"not_picked":["CloudedMind","ReplayTheSpireMod:Restless Dread"],"picked":"Decay","floor":34},{"not_picked":["Overencumbered","Parasite"],"picked":"Spreading Infection","floor":34},{"not_picked":["hermit:Glare+1","hermit:Quickdraw","hermit:NoHoldsBarred"],"picked":"SKIP","floor":35},{"not_picked":["hermit:BigShot","hermit:Misfire+1","hermit:Dive"],"picked":"SKIP","floor":37},{"not_picked":["hermit:Shortfuse+1","hermit:Dive","hermit:Misfire+1"],"picked":"SKIP","floor":40},{"not_picked":["hermit:CalledShot","hermit:Roulette+1","hermit:Malice"],"picked":"SKIP","floor":41},{"not_picked":["hermit:CalledShot","hermit:Roulette+1","hermit:Malice"],"picked":"SKIP","floor":41}],"player_experience":1297729,"relics_obtained":[{"floor":6,"key":"reliquary:Stiletto"},{"floor":7,"key":"Snack Pack"},{"floor":8,"key":"Replay:Mystery Machine"},{"floor":9,"key":"Replay:Baseball"},{"floor":13,"key":"Kunai"},{"floor":14,"key":"Replay:Kaleidoscope"},{"floor":21,"key":"Ring of Peace"},{"floor":23,"key":"MiniBlackHole"},{"floor":25,"key":"Torii"},{"floor":28,"key":"infinitespire:Beetle Shell"},{"floor":40,"key":"StrikeDummy"},{"floor":41,"key":"hubris:MobiusCoin"}],"event_choices":[{"damage_healed":48,"gold_gain":0,"player_choice":"Upgrade","damage_taken":15,"max_hp_gain":0,"max_hp_loss":75,"event_name":"betterThird:BetterShining","floor":10,"gold_loss":0,"cards_upgraded":["infinitespire:FinalStrike","hermit:Covet"]},{"damage_healed":0,"gold_gain":0,"player_choice":"Opened","damage_taken":0,"relics_obtained":["RollingBoulder"],"max_hp_gain":0,"max_hp_loss":0,"event_name":"The Mausoleum","floor":22,"gold_loss":0}],"is_beta":false,"boss_relics":[{"not_picked":["Ectoplasm","Replay:Bronze Core"],"picked":"reliquary:WritOfMandamus"},{"not_picked":["halation:MonkeysPaw","aspiration:DefectSkillbook"],"picked":"Replay:Ancient Bell"},{"not_picked":["reliquary:RosewoodLute","CeramicFish"],"picked":"Bag of Marbles"},{"not_picked":["RetroEgg","halation:SelfBoilingWater"],"picked":"Matryoshka"},{"not_picked":["infinitespire:Golems Mask","Pocketwatch"],"picked":"Turnip"}],"items_purged_floors":[],"is_endless":true,"potions_floor_spawned":[8,11,14,16,20,23,25,40],"killed_by":"Nightmare","ascension_level":5}}