{"host":"0cnf9zf1gia27zti","time":1612552764,"event":{"mods":["BaseMod","Better Third Choice","BetterRewards","Card Forge","ChefMod","Colored Map","Colored Powertips","Conspire","Downfall","Googly Eyes","Infinite Spire","Minty Spire (QoL Compilation)","Practice Mode","Quick Restart","Replay The Spire","Shade Mod","Spicy Shops","StSLib","The Marked"],"gold_per_floor":[119,130,130,148,162,196,196,223,248,262,281,64,99,125,125,202,202,213,213,0,99,122,151,151,151,174,174,191,15,15,15,15,93,93,107,107,107,118,60,85,85,85,85,85,145,167,184,184,184,186,186,186,33,97,99],"floor_reached":56,"language":"ENG","playtime":57674,"items_purged":["Defend_B"],"score":2499,"play_id":"829df419-243c-44bc-b3b5-627db28f05eb","local_time":"20210205191924","is_ascension_mode":true,"campfire_choices":[{"floor":7,"key":"REST"},{"data":"Strike_B","floor":15,"key":"PURGE"},{"floor":24,"key":"REST"},{"data":"Electrodynamics","floor":30,"key":"SMITH"},{"floor":32,"key":"RECALL"},{"data":"White Noise","floor":41,"key":"SMITH"},{"data":"Mirror Shield","floor":49,"key":"SMITH"},{"data":"infinitespire:Collect","floor":52,"key":"SMITH"}],"circlet_count":0,"master_deck":["AscendersBane","Zap+1","Dualcast+1","Defragment+1","Ball Lightning","Core Surge","Crystallizer","Ball Lightning","Rainbow","Steam","BootSequence","Barrage","Reboot","Steam","Electrodynamics+1","Darkness+1","ReplaySort","Creative AI","Seek","ReplayTheSpireMod:Calculation Training","Pot Of Greed+1","Pot Of Greed+1","Pot Of Greed+1","Mayhem+1","Secret Technique","infinitespire:Fortify+1","Melter","ReplayTheSpireMod:Brewmster+1","Echo Form+1","Reinforced Body+1","infinitespire:NeuralNetwork+1","Barrage","White Noise+1","White Noise+1","Seek","Pot Of Greed+1","infinitespire:Collect+1","Mirror Shield+1","Chill","ReplayTheSpireMod:Calculation Training+1","Crystallizer+1","Conserve Battery+1"],"relics":["Cracked Core","Hammer of Thor","Seething Fire","Anvil of the Gods","Question Card","Lee\u0027s Waffle","White Beast Statue","Chemical X","Juzu Bracelet","Blood Vial","Gremlin Food","Replay:Mystery Machine","infinitespire:PuzzleCube","MealTicket","Runic Capacitor","DataDisk","Matryoshka","Odd Mushroom","conspire:SpecialSausage","Art of War","infinitespire:CheckeredPen","Toy Ornithopter","HornCleat","Bottled Tornado","Grinning Jar","ReplayTheSpireMod:ShopPack","Empty Cage","Omamori","Replay:Bandana","SlaversCollar","Replay:Baseball","Blue Candle","ReplayTheSpireMod:TigerMarble"],"acts_visited":["Exordium","TheCity","TheBeyond","TheEnding"],"potions_floor_usage":[5,6,8,8,11,13,13,14,16,23,33,40,40,40,45,47,50,50,50,54,54,54,55],"damage_taken":[{"damage":6,"enemies":"Cultist","floor":1,"turns":3},{"damage":0,"enemies":"2 Louse","floor":2,"turns":2},{"damage":3,"enemies":"Small Slimes","floor":4,"turns":3},{"damage":9,"enemies":"Blue Slaver","floor":5,"turns":3},{"damage":24,"enemies":"3 Sentries","floor":6,"turns":6},{"damage":10,"enemies":"Gremlin Nob","floor":8,"turns":3},{"damage":11,"enemies":"Looter","floor":10,"turns":3},{"damage":0,"enemies":"Red Slaver","floor":11,"turns":3},{"damage":13,"enemies":"Lagavulin","floor":13,"turns":6},{"damage":21,"enemies":"The Mushroom Lair","floor":14,"turns":4},{"damage":5,"enemies":"Fading Forest","floor":16,"turns":11},{"damage":2,"enemies":"Chosen","floor":18,"turns":3},{"damage":43,"enemies":"Slavers","floor":23,"turns":4},{"damage":0,"enemies":"2 Thieves","floor":28,"turns":2},{"damage":0,"enemies":"Collector","floor":33,"turns":6},{"damage":0,"enemies":"3 Shapes","floor":35,"turns":2},{"damage":1,"enemies":"3 Darklings","floor":38,"turns":3},{"damage":0,"enemies":"R_Hoarder","floor":40,"turns":5},{"damage":0,"enemies":"Giant Head","floor":45,"turns":7},{"damage":1,"enemies":"Sphere and 2 Shapes","floor":46,"turns":2},{"damage":0,"enemies":"Jaw Worm Horde","floor":47,"turns":2},{"damage":4,"enemies":"Awakened One","floor":50,"turns":7},{"damage":22,"enemies":"Shield and Spear","floor":54,"turns":6},{"damage":36,"enemies":"The Heart","floor":55,"turns":10}],"seed_played":"-1441548754990110930","potions_obtained":[{"floor":1,"key":"Milkshake"},{"floor":2,"key":"Venom Potion"},{"floor":4,"key":"SpeedPotion"},{"floor":5,"key":"sneckomod:MuddlingPotion"},{"floor":6,"key":"PowerPotion"},{"floor":8,"key":"Reflective Coating"},{"floor":10,"key":"SpeedPotion"},{"floor":11,"key":"Languid Potion"},{"floor":13,"key":"LiquidMemories"},{"floor":14,"key":"Toxic Potion"},{"floor":16,"key":"bronze:BurnAndBuffPotion"},{"floor":18,"key":"PowerPotion"},{"floor":23,"key":"Energy Potion"},{"floor":28,"key":"AttackPotion"},{"floor":33,"key":"Swift Potion"},{"floor":45,"key":"Block Potion"},{"floor":46,"key":"FocusPotion"},{"floor":47,"key":"ColorlessPotion"},{"floor":54,"key":"SpeedPotion"}],"is_trial":false,"path_per_floor":["M","M","$","M","M","E","R","E","T","M","M","$","E","?","R_BF","B",null,"M","?","$","?","T","E","R","?","T","AVR","M","$","R","?","R","B",null,"M","?","?","M","$","E","R","AVR","T","?","E","M","M","?","R","B",null,"R","$","E","B",null],"character_chosen":"DEFECT","items_purchased":["Question Card","Lee\u0027s Waffle","White Beast Statue","Defragment","Chemical X","Juzu Bracelet","Blood Vial","Gremlin Food","Ball Lightning","Core Surge","Runic Capacitor","DataDisk","Seek","Art of War","ReplayTheSpireMod:Brewmster","White Noise","ReplayTheSpireMod:Calculation Training","Crystallizer"],"campfire_rested":2,"item_purchase_floors":[0,0,0,0,0,0,0,0,0,0,12,12,20,20,29,39,53,53],"current_hp_per_floor":[72,74,74,73,66,44,67,59,59,50,52,67,56,37,37,34,67,67,67,78,78,78,35,58,58,58,58,60,75,75,75,75,78,78,78,78,60,61,76,78,78,78,78,78,78,77,78,73,73,78,78,78,78,66,37],"gold":99,"neow_bonus":"","is_daily":false,"chose_seed":false,"campfire_upgraded":4,"win_rate":0.0,"timestamp":1612552764,"path_taken":["M","M","$","M","M","E","R","E","T","M","M","$","E","?","R_BF","BOSS","M","?","$","?","?","E","R","?","T","AVR","M","$","R","?","R","BOSS","M","?","?","M","$","E","R","AVR","T","?","E","M","M","?","R","BOSS","R","$","E","BOSS"],"items_purchased_type":["Relic","Relic","Relic","Card","Relic","Relic","Relic","Relic","Card","Card","Relic","Relic","Card","Relic","Card","Card","Card","Card"],"build_version":"2020-12-22","purchased_purges":1,"victory":true,"max_hp_per_floor":[78,78,78,78,78,78,78,78,78,78,78,78,78,78,78,78,78,78,78,78,78,78,78,78,78,78,78,78,78,78,78,78,78,78,78,78,78,78,78,78,78,78,78,78,78,78,78,78,78,78,78,78,78,78,78],"card_choices":[{"not_picked":["Fusion","Sweeping Beam","Rebound"],"picked":"Ball Lightning","floor":1},{"not_picked":["Streamline","ReplayTheSpireMod:Reroute Power","ReplayTheSpireMod:System Scan"],"picked":"Rainbow","floor":2},{"not_picked":["Aggregate","Compile Driver","Coolheaded"],"picked":"Steam","floor":4},{"not_picked":["Static Discharge","Steam","Rebound"],"picked":"BootSequence","floor":5},{"not_picked":["Gash","Skim","ReplayGash"],"picked":"Barrage","floor":6},{"not_picked":["Double Energy","Darkness","Leap"],"picked":"Reboot","floor":8},{"not_picked":["Sweeping Beam","Beam Cell","Blizzard","Sunder"],"picked":"SKIP","floor":10},{"not_picked":["Redo","ReplaySolidLightProjector","Sweeping Beam","Leap"],"picked":"SKIP","floor":11},{"not_picked":["BasicCrystalCard","Reprogram","Hologram","Chaos"],"picked":"SKIP","floor":13},{"not_picked":["Leap","Cold Snap","Static Discharge"],"picked":"Steam","floor":14},{"not_picked":["ReplayRNGCard","Fission","Meteor Strike"],"picked":"Electrodynamics","floor":16},{"not_picked":["Beam Cell","Conserve Battery","Ball Lightning"],"picked":"Darkness+1","floor":18},{"not_picked":["Beam Cell+1","Compile Driver","Coolheaded"],"picked":"ReplayTheSpireMod:Calculation Training","floor":23},{"not_picked":["Transmutation","The Bomb","Master of Strategy"],"picked":"Mayhem","floor":27},{"not_picked":["ReplayTheSpireMod:Uncanny Aura","Survey Options","Replay:Sssssssssshield"],"picked":"Secret Technique","floor":27},{"not_picked":["Streamline","Stack","Coolheaded"],"picked":"Melter","floor":28},{"not_picked":["Amplify","Core Surge","Buffer"],"picked":"Echo Form","floor":33},{"not_picked":["Conserve Battery","Heatsinks","Gash+1"],"picked":"Reinforced Body","floor":35},{"not_picked":["infinitespire:TheBestDefense","ReplayTheSpireMod:??????????????????????"],"picked":"infinitespire:NeuralNetwork","floor":37},{"not_picked":["Heatsinks","Coolheaded+1","BasicCrystalCard"],"picked":"Barrage","floor":38},{"not_picked":["Compile Driver+1","Panic Button","Coolheaded"],"picked":"Seek","floor":40},{"not_picked":["Cold Snap","Glacier","Panic Button"],"picked":"Mirror Shield","floor":45},{"not_picked":["Blizzard","Reprogram+1","Leap","BasicCrystalCard"],"picked":"SKIP","floor":46},{"not_picked":["Stack","Ball Lightning","Leap+1"],"picked":"Chill","floor":47},{"not_picked":["Sweeping Beam","Go for the Eyes+1","Capacitor"],"picked":"Conserve Battery","floor":54}],"player_experience":3579211,"relics_obtained":[{"floor":6,"key":"Replay:Mystery Machine"},{"floor":8,"key":"infinitespire:PuzzleCube"},{"floor":9,"key":"MealTicket"},{"floor":13,"key":"Matryoshka"},{"floor":14,"key":"Odd Mushroom"},{"floor":22,"key":"infinitespire:CheckeredPen"},{"floor":22,"key":"Toy Ornithopter"},{"floor":23,"key":"HornCleat"},{"floor":26,"key":"Bottled Tornado"},{"floor":26,"key":"Grinning Jar"},{"floor":40,"key":"Omamori"},{"floor":45,"key":"Replay:Baseball"},{"floor":54,"key":"ReplayTheSpireMod:TigerMarble"}],"event_choices":[{"damage_healed":0,"gold_gain":0,"player_choice":"Fought Mushrooms","damage_taken":0,"max_hp_gain":0,"max_hp_loss":0,"event_name":"Mushrooms","floor":14,"gold_loss":0},{"damage_healed":0,"gold_gain":0,"cards_transformed":["Strike_B","Strike_B"],"player_choice":"Became Test Subject","damage_taken":0,"max_hp_gain":0,"max_hp_loss":0,"event_name":"Drug Dealer","floor":19,"gold_loss":0,"cards_obtained":["ReplaySort","Creative AI"]},{"damage_healed":0,"gold_gain":99,"player_choice":"Steal","damage_taken":0,"max_hp_gain":0,"max_hp_loss":0,"event_name":"betterThird:BetterNest","floor":21,"gold_loss":0},{"damage_healed":0,"gold_gain":0,"player_choice":"Ignored","damage_taken":0,"max_hp_gain":0,"max_hp_loss":0,"event_name":"NoteForYourself","floor":25,"gold_loss":0},{"damage_healed":0,"gold_gain":0,"player_choice":"Upgraded","damage_taken":0,"max_hp_gain":0,"max_hp_loss":0,"event_name":"Upgrade Shrine","floor":31,"gold_loss":0,"cards_upgraded":["infinitespire:Fortify"]},{"cards_removed":["Defend_B"],"damage_healed":0,"gold_gain":0,"player_choice":"Purged","damage_taken":0,"max_hp_gain":0,"max_hp_loss":0,"event_name":"Purifier","floor":36,"gold_loss":0}],"is_beta":false,"boss_relics":[{"not_picked":["Astrolabe","Fusion Hammer"],"picked":"conspire:SpecialSausage"},{"not_picked":["Snecko Heart","conspire:RoyalGoblet"],"picked":"Empty Cage"}],"items_purged_floors":[27],"is_endless":false,"potions_floor_spawned":[1,2,4,5,6,8,10,11,13,14,16,18,23,28,33,35,38,40,45,46,47,54],"ascension_level":14}}