{"host":"yrtk68ixj64vhhh3","time":1612520606,"event":{"mods":["AchievementEnabler","Aspiration","BaseMod","Better Altar","Better Match","Better Silent Start","Colored Map","Colored Powertips","Conspire","Dio Mod","Downfall","Energized Spire","Hubris","Infinite Spire","Minty Spire (QoL Compilation)","Prisma Mod","RNG Fix","StSLib","Steal the Spire","Td1madao Mod","The Animator","The Poker Player","The Wild Card","TheBandit","TheHero"],"gold_per_floor":[118,118,18,37,54,54,74,54,54,73,108,59,59,77,77,181,181,193,193,206,206,206,231,245,245,245],"floor_reached":25,"language":"ENG","playtime":1959,"items_purged":[],"score":245,"play_id":"9e8fa3e5-df54-45e1-b659-a7899e9520e9","local_time":"20210205232326","is_ascension_mode":true,"campfire_choices":[{"data":"Ghostly","floor":6,"key":"SMITH"},{"floor":13,"key":"RECALL"},{"floor":15,"key":"REST"}],"circlet_count":0,"master_deck":["Strike_G","Strike_G","Strike_G","Defend_G","Defend_G","Defend_G","Defend_G","Survivor","Neutralize","Crippling Poison","Noxious Fumes","Ghostly+1","Poisoned Stab","Flying Knee","Bane","Heel Hook","Caltrops","Outmaneuver","infinitespire:Neurotoxin","Blade Dance+1","Grand Finale","hubris:Fate","CurseOfTheBell","CurseOfTheBell","Clumsy","Wraith Form v2","conspire:PoisonWeapons+1","Sucker Punch+1"],"relics":["Ring of the Snake","Juzu Bracelet","conspire:RunicOctahedron","Ring of the Serpent","MealTicket","downfall:ExtraCursedBell","MealTicket","Blue Candle","conspire:InfiniteJournal","Smiling Mask"],"acts_visited":["Exordium","TheCity"],"potions_floor_usage":[11,11,16,16,23,23,23],"damage_taken":[{"damage":0,"enemies":"Small Slimes","floor":1,"turns":4},{"damage":1,"enemies":"Cultist","floor":4,"turns":4},{"damage":1,"enemies":"2 Louse","floor":5,"turns":3},{"damage":7,"enemies":"Lots of Slimes","floor":7,"turns":4},{"damage":1,"enemies":"Red Slaver","floor":10,"turns":4},{"damage":5,"enemies":"Lagavulin","floor":11,"turns":4},{"damage":5,"enemies":"conspire:2 RoseBushes","floor":14,"turns":4},{"damage":26,"enemies":"The Guardian","floor":16,"turns":9},{"damage":17,"enemies":"Spheric Guardian","floor":18,"turns":5},{"damage":12,"enemies":"Shell Parasite","floor":20,"turns":5},{"damage":20,"enemies":"conspire:Head Lice","floor":23,"turns":6},{"damage":9,"enemies":"Shelled Parasite and Fungi","floor":24,"turns":5},{"damage":32,"enemies":"conspire:HollyBat","floor":25,"turns":6}],"seed_played":"-5824758510425025728","potions_obtained":[{"floor":1,"key":"PowerPotion"},{"floor":7,"key":"Weak Potion"},{"floor":8,"key":"CunningPotion"},{"floor":14,"key":"Strength Potion"},{"floor":16,"key":"Poison Potion"},{"floor":18,"key":"champ:CounterPotion"},{"floor":20,"key":"CunningPotion"},{"floor":24,"key":"Poison Potion"}],"is_trial":false,"path_per_floor":["M","?","?","M","M","R","M","?","T","M","E","$","R","M","R","B",null,"M","?","M","AVR","?","E","M","M"],"character_chosen":"THE_SILENT","items_purchased":["Outmaneuver"],"campfire_rested":1,"item_purchase_floors":[12],"current_hp_per_floor":[77,77,77,76,75,75,68,68,68,67,62,62,62,57,77,51,77,60,65,53,53,53,33,24,0,0],"gold":245,"neow_bonus":"TEN_PERCENT_HP_BONUS","is_daily":false,"chose_seed":false,"campfire_upgraded":1,"win_rate":0.0,"timestamp":1612520606,"path_taken":["M","?","?","M","M","R","M","?","T","M","E","$","R","M","R","BOSS","M","?","M","AVR","?","E","M","M"],"items_purchased_type":["Card"],"build_version":"2020-12-22","purchased_purges":0,"victory":false,"max_hp_per_floor":[77,77,77,77,77,77,77,77,77,77,77,77,77,77,77,77,77,77,77,77,77,77,77,77,77,77],"card_choices":[{"not_picked":["Prepared","Flying Knee"],"picked":"Crippling Poison","floor":1},{"not_picked":["Tactician","Calculated Gamble"],"picked":"Poisoned Stab","floor":4},{"not_picked":["Expertise","PiercingWail"],"picked":"Flying Knee","floor":5},{"not_picked":["After Image","Expertise"],"picked":"Bane","floor":7},{"not_picked":["Crippling Poison","All Out Attack"],"picked":"Heel Hook","floor":10},{"not_picked":["Flying Knee","Acrobatics"],"picked":"Caltrops","floor":11},{"not_picked":["Outmaneuver","Eviscerate"],"picked":"Blade Dance","floor":14},{"not_picked":["After Image","Wraith Form v2"],"picked":"infinitespire:Neurotoxin","floor":16},{"not_picked":["Quick Slash","Bane"],"picked":"Blade Dance+1","floor":18},{"not_picked":["Noxious Fumes","Blade Dance"],"picked":"Grand Finale","floor":20},{"not_picked":["Accuracy","Poisoned Stab"],"picked":"conspire:PoisonWeapons+1","floor":23},{"not_picked":["Slice","All Out Attack"],"picked":"Sucker Punch+1","floor":24}],"player_experience":699266,"relics_obtained":[{"floor":11,"key":"Juzu Bracelet"},{"floor":22,"key":"MealTicket"},{"floor":22,"key":"Blue Candle"},{"floor":22,"key":"conspire:InfiniteJournal"},{"floor":23,"key":"Smiling Mask"}],"event_choices":[{"damage_healed":0,"gold_gain":0,"cards_transformed":["Strike_G"],"player_choice":"Transformed","damage_taken":0,"max_hp_gain":0,"max_hp_loss":0,"event_name":"Transmorgrifier","floor":2,"gold_loss":0,"cards_obtained":["Noxious Fumes"]},{"damage_healed":0,"gold_gain":0,"player_choice":"Argue","damage_taken":0,"max_hp_gain":0,"max_hp_loss":0,"event_name":"conspire:LoneGhost","floor":3,"gold_loss":0},{"damage_healed":0,"gold_gain":0,"player_choice":"Bought 1 Potion","damage_taken":0,"max_hp_gain":0,"max_hp_loss":0,"event_name":"The Woman in Blue","floor":8,"gold_loss":0},{"cards_removed":["Blade Dance"],"damage_healed":5,"gold_gain":0,"player_choice":"Offered Common","damage_taken":0,"max_hp_gain":0,"max_hp_loss":0,"event_name":"Bonfire Elementals","floor":19,"gold_loss":0},{"cards_removed":["Blade Dance"],"damage_healed":5,"gold_gain":0,"player_choice":"Offered Special","damage_taken":0,"max_hp_gain":0,"max_hp_loss":0,"event_name":"Bonfire Elementals","floor":19,"gold_loss":0}],"is_beta":false,"boss_relics":[{"not_picked":["energizedSpire:RedRose","hubris:HollowSoul"],"picked":"conspire:RunicOctahedron"}],"items_purged_floors":[],"is_endless":false,"potions_floor_spawned":[1,7,14,16,18,20,24],"killed_by":"conspire:HollyBat","ascension_level":2}}