{"host":"3qkmyeoym75lj4wn","time":1612553408,"event":{"mods":["2.2 Compatiblity","BaseMod","Block Reminder","Colored Powertips","Highlight Path","Minty Spire (QoL Compilation)","Permanent Neow","Potion Indicator Mod","Rare Cards Sparkle","Relic Stats","StSLib","Unceasing Turn Reminder"],"gold_per_floor":[138,11,11,77,113,174,174,174,174],"floor_reached":8,"language":"ENG","playtime":388,"items_purged":["Regret"],"score":112,"play_id":"94c3907c-6d7f-4c7e-b410-a2ed89f3c367","local_time":"20210205193008","is_ascension_mode":true,"campfire_choices":[{"data":"HandOfGreed","floor":7,"key":"SMITH"}],"circlet_count":0,"master_deck":["AscendersBane","Strike_R","Strike_R","Strike_R","Strike_R","Strike_R","Defend_R","Defend_R","Defend_R","Defend_R","Bash","HandOfGreed+1","Thunderclap","Armaments","Shrug It Off","Twin Strike"],"relics":["Burning Blood","CeramicFish","Bottled Lightning"],"acts_visited":["Exordium"],"potions_floor_usage":[6],"damage_taken":[{"damage":6,"enemies":"Jaw Worm","floor":1,"turns":4},{"damage":4,"enemies":"Small Slimes","floor":4,"turns":5},{"damage":0,"enemies":"Cultist","floor":5,"turns":3},{"damage":34,"enemies":"3 Sentries","floor":6,"turns":11},{"damage":52,"enemies":"Lagavulin","floor":8,"turns":8}],"seed_played":"1211489985530595532","potions_obtained":[{"floor":1,"key":"GamblersBrew"}],"is_trial":false,"path_per_floor":["M","$","?","M","M","E","R","E"],"character_chosen":"IRONCLAD","items_purchased":["Armaments"],"campfire_rested":0,"item_purchase_floors":[2],"current_hp_per_floor":[68,68,57,59,65,37,37,0,0],"gold":174,"neow_bonus":"RANDOM_COLORLESS_2","is_daily":false,"chose_seed":false,"campfire_upgraded":1,"win_rate":0.0,"timestamp":1612553408,"path_taken":["M","$","?","M","M","E","R","E"],"items_purchased_type":["Card"],"build_version":"2020-12-22","purchased_purges":1,"victory":false,"max_hp_per_floor":[75,75,75,75,75,75,75,75,75],"relic_stats":{"counters":[5,31],"CeramicFish":18,"obtain_stats":[{"CeramicFish":3,"Bottled Lightning":6,"Burning Blood":0},{"CeramicFish":1,"Bottled Lightning":4,"Burning Blood":0},{"CeramicFish":4,"Bottled Lightning":23,"Burning Blood":0}],"Burning Blood":24},"card_choices":[{"not_picked":["Violence","Transmutation"],"picked":"HandOfGreed","floor":0},{"not_picked":["Cleave","Rupture"],"picked":"Thunderclap","floor":1},{"not_picked":["Armaments","Searing Blow"],"picked":"Shrug It Off","floor":4},{"not_picked":["Body Slam","Rupture","Warcry"],"picked":"SKIP","floor":5},{"not_picked":["Perfected Strike","Havoc"],"picked":"Twin Strike","floor":6}],"player_experience":1727479,"relics_obtained":[{"floor":6,"key":"Bottled Lightning"}],"event_choices":[{"damage_healed":0,"gold_gain":0,"player_choice":"Success","damage_taken":11,"relics_obtained":["CeramicFish"],"max_hp_gain":0,"max_hp_loss":0,"event_name":"Scrap Ooze","floor":3,"gold_loss":0}],"is_beta":false,"boss_relics":[],"items_purged_floors":[2],"is_endless":false,"potions_floor_spawned":[1],"killed_by":"Lagavulin","ascension_level":20}}