{"host":"eemx8njkng76fu5x","time":1612508382,"event":{"mods":["2.2 Compatiblity","BaseMod","Colored Map","Downfall","Minty Spire (QoL Compilation)","Permanent Neow","StSLib","Unceasing Turn Reminder","Unknown Chances"],"gold_per_floor":[99,116,266,266,281,48,48,48,65,80,80,80,80,80],"floor_reached":12,"language":"ENG","playtime":562,"items_purged":["downfall:Icky"],"score":112,"play_id":"0eea7486-fa40-44a2-ab0d-3f9857e34bc1","local_time":"20210205145942","is_ascension_mode":true,"campfire_choices":[{"floor":1.0,"key":"RECALL"}],"circlet_count":0,"master_deck":["AscendersBane","Guardian:Strike_Guardian","Guardian:Strike_Guardian","Guardian:Strike_Guardian","Guardian:Defend_Guardian","Guardian:Defend_Guardian","Guardian:Defend_Guardian","Guardian:Defend_Guardian","Guardian:CurlUp","Guardian:Recover","Guardian:BaubleBeam","Guardian:ShieldSpikes","Guardian:VentSteam"],"relics":["Guardian:ModeShifter","Guardian:PickAxe","champ:Barbells","Question Card"],"acts_visited":["Exordium"],"potions_floor_usage":[12],"damage_taken":[{"damage":6.0,"enemies":"Jaw Worm","floor":2.0,"turns":6.0},{"damage":6.0,"enemies":"Small Slimes","floor":5.0,"turns":6.0},{"damage":10.0,"enemies":"downfall:FleeingMerchant","floor":6.0,"turns":4.0},{"damage":6.0,"enemies":"2 Louse","floor":9.0,"turns":4.0},{"damage":4.0,"enemies":"Exordium Thugs","floor":10.0,"turns":8.0},{"damage":33,"enemies":"Gremlin Nob","floor":12,"turns":5}],"seed_played":"8357283484031925019","potions_obtained":[{"floor":9.0,"key":"Guardian:DefensiveModePotion"},{"floor":10.0,"key":"PowerPotion"}],"is_trial":false,"path_per_floor":["R","M","?","?","M","$","T","R","M","M","?","E"],"character_chosen":"GUARDIAN","items_purchased":["champ:Barbells"],"campfire_rested":0,"item_purchase_floors":[6],"current_hp_per_floor":[80,74,74,56,50,40,40,40,34,30,30,0,0,0],"gold":80,"neow_bonus":"TEN_PERCENT_HP_BONUS","is_daily":false,"chose_seed":false,"campfire_upgraded":0,"win_rate":0.0,"timestamp":1612508382,"path_taken":["R","M","?","?","M","$","T","R","M","M","?","E"],"items_purchased_type":["Relic"],"build_version":"2020-12-22","purchased_purges":1,"victory":false,"max_hp_per_floor":[88,88,88,88,88,88,88,88,88,88,88,88,88,88],"card_choices":[{"not_picked":["Guardian:WalkerClaw","Guardian:Preprogram"],"picked":"Guardian:Gem_Green","floor":2.0},{"not_picked":["Guardian:CrystalBeam","Guardian:RollAttack"],"picked":"Guardian:Recover","floor":5.0},{"not_picked":["Guardian:SpikerProtocol","Guardian:ShieldCharger"],"picked":"Guardian:BaubleBeam","floor":6.0},{"not_picked":["Guardian:ShieldCharger","Guardian:Suspension","Guardian:Gem_Green"],"picked":"Guardian:ShieldSpikes","floor":9.0},{"not_picked":["Guardian:Recover","Guardian:TemporalShield","Guardian:Gem_Cyan"],"picked":"Guardian:VentSteam","floor":10.0}],"player_experience":557395,"relics_obtained":[{"floor":7.0,"key":"Question Card"}],"event_choices":[{"damage_healed":0.0,"max_hp_gain":0.0,"max_hp_loss":0.0,"gold_gain":0.0,"event_name":"Scrap Ooze","player_choice":"Success","floor":4.0,"gold_loss":0.0,"damage_taken":18.0,"relics_obtained":["Guardian:PickAxe"]}],"is_beta":false,"boss_relics":[],"items_purged_floors":[6],"is_endless":false,"potions_floor_spawned":[9,10],"killed_by":"Gremlin Nob","ascension_level":13}}