{"host":"8a72fthmlk1o8pdb","time":1612483836,"event":{"mods":["AchievementEnabler","Aspiration","Astrologer","Bard","BaseMod","Beaked The Cultist","Better Sensory Stone","Better Skull","Better Third Choice","ChefMod","Colored Map","Colored Powertips","Dark Map","Downfall","Friendly Minions","GifTheSpireLib","Googly Eyes","Gremlin Mod","Hermit","JesterMod","Jorbs\u0027s Wanderer Trilogy","Marisa????????","Minty Spire (QoL Compilation)","Permanent Neow","Random Character Button","Rare Cards Sparkle","Relic Stats","Reliquary","Robot Space Explorer","Shade Mod","Shop Mod","Somnambulant","StSLib","The Alterego","The Animator","The Blue Laboratory","The Construct","The Cursed","The Disciple","The Hayseed","The Hierophant","The Marked","The Necromancer","The Poker Player","The Problem Sleuth","The Runesmith","thorton"],"gold_per_floor":[115,131,150,8,8,8,8,19,19,54,64,64,80,109,109,213,213,229,200,115,40,40,40,40,40,64,75,85,10,10,42,42,147,147,167,167,167,98,117,146,146,156,156,156,181,181,207,221,221,221,221],"floor_reached":50,"language":"ENG","playtime":4106,"items_purged":["Strike_G"],"score":583,"play_id":"807758c3-4271-4fcf-ab1c-2be8460c34c3","local_time":"20210204161036","is_ascension_mode":false,"campfire_choices":[{"data":"Well Laid Plans","floor":6,"key":"SMITH"},{"floor":12,"key":"REST"},{"floor":15,"key":"REST"},{"floor":23,"key":"REST"},{"data":"Noxious Fumes","floor":25,"key":"SMITH"},{"floor":32,"key":"REST"},{"floor":41,"key":"REST"},{"floor":46,"key":"REST"},{"floor":49,"key":"REST"}],"circlet_count":0,"master_deck":["Strike_G","Strike_G","Strike_G","Strike_G","Defend_G","Defend_G","Defend_G","Defend_G","Survivor","Neutralize","Deadly Poison","Backflip","Well Laid Plans+1","Acrobatics","Deadly Poison","Deflect","All Out Attack","Backflip","Dagger Spray","Noxious Fumes+1","Burst","Backstab","Leg Sweep+1","Dagger Throw","Noxious Fumes+1","Blur","Acrobatics","Writhe","Crippling Poison","Well Laid Plans+1","Quick Slash","Acrobatics"],"relics":["Ring of the Snake","StoneCalendar","Pocketwatch","Gambling Chip","reliquary:SilkGlove","aspiration:MobileForge","Happy Flower","reliquary:RosewoodLute","Busted Crown","reliquary:Boomerang","Meat on the Bone","Nunchaku","reliquary:TatteredRug"],"acts_visited":["Exordium","TheCity","TheBeyond"],"potions_floor_usage":[14,14,16,19,31,33,35,48,50,50],"damage_taken":[{"damage":9,"enemies":"Cultist","floor":1,"turns":6},{"damage":5,"enemies":"Jaw Worm","floor":2,"turns":7},{"damage":0,"enemies":"2 Louse","floor":3,"turns":4},{"damage":2,"enemies":"Blue Slaver","floor":8,"turns":5},{"damage":44,"enemies":"Gremlin Nob","floor":10,"turns":5},{"damage":0,"enemies":"2 Fungi Beasts","floor":11,"turns":2},{"damage":11,"enemies":"Exordium Thugs","floor":13,"turns":6},{"damage":0,"enemies":"3 Sentries","floor":14,"turns":6},{"damage":40,"enemies":"Slime Boss","floor":16,"turns":7},{"damage":19,"enemies":"Spheric Guardian","floor":18,"turns":8},{"damage":32,"enemies":"2 Thieves","floor":19,"turns":5},{"damage":0,"enemies":"Cultist and Chosen","floor":27,"turns":6},{"damage":6,"enemies":"Centurion and Healer","floor":28,"turns":6},{"damage":32,"enemies":"Slavers","floor":31,"turns":5},{"damage":20,"enemies":"Champ","floor":33,"turns":15},{"damage":32,"enemies":"3 Shapes","floor":35,"turns":5},{"damage":1,"enemies":"Orb Walker","floor":39,"turns":5},{"damage":16,"enemies":"beaked:SuperParasite","floor":40,"turns":9},{"damage":28,"enemies":"Spire Growth","floor":42,"turns":7},{"damage":15,"enemies":"Reptomancer","floor":45,"turns":7},{"damage":26,"enemies":"Nemesis","floor":47,"turns":7},{"damage":13,"enemies":"Transient","floor":48,"turns":5},{"damage":72,"enemies":"Donu and Deca","floor":50,"turns":10}],"seed_played":"-5637084100827255393","potions_obtained":[{"floor":3,"key":"blueLaboratory:PhilterOfMotion"},{"floor":10,"key":"blueLaboratory:ArtificerPotion"},{"floor":13,"key":"Guardian:BlockOnCardUsePotion"},{"floor":18,"key":"SteroidPotion"},{"floor":27,"key":"AttackPotion"},{"floor":31,"key":"SpeedPotion"},{"floor":33,"key":"AttackPotion"},{"floor":40,"key":"blueLaboratory:BottleOfVodka"},{"floor":47,"key":"blueLaboratory:RecallPotion"},{"floor":48,"key":"BlessingOfTheForge"}],"is_trial":false,"path_per_floor":["M","M","M","$","?","R","$","M","T","E","M","R","M","E","R","B",null,"M","M","?","?","$","R","?","R","T","M","M","$","?","E","R","B",null,"M","?","?","$","M","E","R","M","T","?","E","R","E","M","R","B"],"character_chosen":"THE_SILENT","items_purchased":["Well Laid Plans","Acrobatics","Deadly Poison","Crippling Poison"],"campfire_rested":7,"item_purchase_floors":[4,4,4,38],"current_hp_per_floor":[61,56,56,56,56,56,56,54,54,10,10,31,20,20,41,1,70,51,19,19,19,19,40,40,40,40,40,34,34,34,2,23,3,70,38,38,56,56,55,39,60,32,32,32,29,50,36,35,56,0,0],"gold":221,"neow_bonus":"ONE_RARE_RELIC","is_daily":false,"chose_seed":false,"campfire_upgraded":2,"win_rate":0.0,"timestamp":1612483836,"path_taken":["M","M","M","$","?","R","?","M","T","E","?","R","M","E","R","BOSS","M","M","?","?","$","R","?","R","T","M","M","?","?","E","R","BOSS","M","?","?","$","?","E","R","M","T","?","E","R","E","M","R","BOSS"],"items_purchased_type":["Card","Card","Card","Card"],"build_version":"2020-12-22","purchased_purges":1,"victory":false,"max_hp_per_floor":[70,70,70,70,70,70,70,70,70,70,70,70,70,70,70,70,70,70,70,70,70,70,70,70,70,70,70,70,70,70,70,70,70,70,70,70,70,70,70,70,70,70,70,70,70,70,70,70,70,70,70],"relic_stats":{"Nunchaku":[2],"Busted Crown":14,"Happy Flower":[29],"counters":[23,148],"Gambling Chip":[71],"StoneCalendar":[307],"obtain_stats":[{"reliquary:SilkGlove":14,"reliquary:Boomerang":40,"Happy Flower":20,"StoneCalendar":0,"reliquary:TatteredRug":47,"reliquary:RosewoodLute":31,"Nunchaku":45,"Busted Crown":34,"aspiration:MobileForge":17,"Gambling Chip":10,"Ring of the Snake":0,"Pocketwatch":9,"Meat on the Bone":43},{"reliquary:SilkGlove":8,"reliquary:Boomerang":18,"Happy Flower":11,"StoneCalendar":0,"reliquary:TatteredRug":21,"reliquary:RosewoodLute":14,"Nunchaku":20,"Busted Crown":15,"aspiration:MobileForge":9,"Gambling Chip":5,"Ring of the Snake":0,"Pocketwatch":4,"Meat on the Bone":19},{"reliquary:SilkGlove":41,"reliquary:Boomerang":112,"Happy Flower":61,"StoneCalendar":0,"reliquary:TatteredRug":133,"reliquary:RosewoodLute":78,"Nunchaku":126,"Busted Crown":93,"aspiration:MobileForge":48,"Gambling Chip":27,"Ring of the Snake":0,"Pocketwatch":22,"Meat on the Bone":119}],"Ring of the Snake":[46],"Pocketwatch":[93],"Meat on the Bone":36},"card_choices":[{"not_picked":["Underhanded Strike","Prepared"],"picked":"Deadly Poison","floor":1},{"not_picked":["Calculated Gamble","Underhanded Strike"],"picked":"Backflip","floor":2},{"not_picked":["Doppelganger","Reflex","Outmaneuver"],"picked":"SKIP","floor":3},{"not_picked":["Infinite Blades","Slice"],"picked":"Deflect","floor":8},{"not_picked":["Terror","Deadly Poison"],"picked":"All Out Attack","floor":10},{"not_picked":["Escape Plan","Choke"],"picked":"Backflip","floor":11},{"not_picked":["Masterful Stab","All Out Attack"],"picked":"Dagger Spray","floor":13},{"not_picked":["Finisher","Phantasmal Killer"],"picked":"Noxious Fumes","floor":14},{"not_picked":["Doppelganger","aspiration:Lunge"],"picked":"Burst","floor":16},{"not_picked":["All Out Attack+1","Distraction"],"picked":"Backstab","floor":18},{"not_picked":["Quick Slash","Deflect"],"picked":"Leg Sweep+1","floor":19},{"not_picked":["Slice","Underhanded Strike+1"],"picked":"Dagger Throw","floor":27},{"not_picked":["Deadly Poison+1","Tactician"],"picked":"Noxious Fumes+1","floor":28},{"not_picked":["Dagger Throw+1","Masterful Stab"],"picked":"Blur","floor":31},{"not_picked":[],"picked":"Acrobatics","floor":35},{"not_picked":[],"picked":"Well Laid Plans+1","floor":39},{"not_picked":["Unload"],"picked":"SKIP","floor":40},{"not_picked":["Masterful Stab"],"picked":"SKIP","floor":42},{"not_picked":[],"picked":"Quick Slash","floor":45},{"not_picked":[],"picked":"Acrobatics","floor":47},{"not_picked":["Deflect"],"picked":"SKIP","floor":48}],"player_experience":139532,"relics_obtained":[{"floor":9,"key":"Pocketwatch"},{"floor":10,"key":"Gambling Chip"},{"floor":14,"key":"reliquary:SilkGlove"},{"floor":31,"key":"reliquary:RosewoodLute"},{"floor":40,"key":"reliquary:Boomerang"},{"floor":43,"key":"Meat on the Bone"},{"floor":45,"key":"Nunchaku"},{"floor":47,"key":"reliquary:TatteredRug"}],"event_choices":[{"damage_healed":0,"gold_gain":0,"player_choice":"Obtained Relic","damage_taken":0,"relics_obtained":["Happy Flower"],"max_hp_gain":0,"max_hp_loss":0,"event_name":"Addict","floor":20,"gold_loss":85},{"cards_removed":["stsjorbsmod:Amnesia"],"damage_healed":0,"gold_gain":0,"player_choice":"Gave Gold","damage_taken":0,"max_hp_gain":0,"max_hp_loss":0,"event_name":"Beggar","floor":21,"gold_loss":75},{"damage_healed":0,"gold_gain":0,"player_choice":"Ignored","damage_taken":0,"max_hp_gain":0,"max_hp_loss":0,"event_name":"N\u0027loth","floor":30,"gold_loss":0},{"cards_removed":["Defend_G"],"damage_healed":0,"gold_gain":0,"player_choice":"Removed Skill","damage_taken":0,"max_hp_gain":0,"max_hp_loss":0,"event_name":"Falling","floor":36,"gold_loss":0},{"damage_healed":18,"gold_gain":0,"player_choice":"Writhe","damage_taken":0,"max_hp_gain":0,"max_hp_loss":0,"event_name":"Winding Halls","floor":37,"gold_loss":0,"cards_obtained":["Writhe"]}],"is_beta":false,"boss_relics":[{"not_picked":["Tiny House","Runic Pyramid"],"picked":"aspiration:MobileForge"},{"not_picked":["Ring of the Serpent","aspiration:RunicSpoon"],"picked":"Busted Crown"}],"items_purged_floors":[29],"is_endless":false,"potions_floor_spawned":[3,10,13,18,27,31,33,40,47,48],"killed_by":"Donu and Deca","ascension_level":0}}