{"host":"684z1xpuwaoqmmh1","time":1612561303,"event":{"mods":["A Magickal Journey","Astrologer","BaseMod","Downfall","Hermit","Jorbs\u0027s Wanderer Trilogy","Marisa????????","Minty Spire (QoL Compilation)","Robot Space Explorer","Shade Mod","StSLib","The Bug Knight","The Dragon Tamer","The Elementalist","The Hayseed","The Hierophant","The Marked","The Mystic","The Runesmith","The Saiyan","The Senshi","The Spell Scribe","The Vixen","TheBandit","TheFirefly"],"gold_per_floor":[89,106,118,134,35,60,60,95,95,127,127,142,142,154,154,255,255,275,285,335,351,363,400,431,472,539,579,609,232,247,273,273,370,370,388,434,434,314,330,364,364,381,381,381,422,449,449,776,776,776,776,776,504,546,546],"floor_reached":56,"language":"ENG","playtime":4831,"items_purged":["Saiyan:SAIYA_Strike","Saiyan:SAIYA_Defend","Saiyan:SenzuBean"],"score":2070,"play_id":"5d5e588e-1f0c-4730-98b3-ba4619ccf143","local_time":"20210205234143","is_ascension_mode":true,"campfire_choices":[{"data":"Saiyan:SuperSaiyanThree","floor":7.0,"key":"SMITH"},{"data":"Saiyan:SolarFlare","floor":11.0,"key":"SMITH"},{"data":"Saiyan:PlotArmor","floor":13.0,"key":"SMITH"},{"data":"Saiyan:Fly","floor":15.0,"key":"SMITH"},{"data":"Saiyan:SuperSaiyanForm","floor":32,"key":"SMITH"},{"floor":41,"key":"RECALL"},{"data":"Saiyan:TransfigurationBeam","floor":44,"key":"SMITH"},{"floor":47,"key":"REST"},{"data":"Saiyan:SuperSaiyanThree","floor":49,"key":"SMITH"},{"data":"Saiyan:MajinSeal","floor":52,"key":"SMITH"}],"circlet_count":0,"master_deck":["Saiyan:SAIYA_Strike","Saiyan:SAIYA_Strike","Saiyan:SAIYA_Defend","Saiyan:SAIYA_Defend","Saiyan:SAIYA_Defend","Saiyan:EnergyBlast","Saiyan:KaioKen","Saiyan:RuthlessBlow","Saiyan:SuperSaiyanThree+1","Saiyan:FingerParry","Saiyan:KameHameHa","Saiyan:Flurry","Saiyan:Quickening","Saiyan:PlotArmor+1","Saiyan:Fly+1","Saiyan:TurtleShell","Saiyan:SolarFlare+1","Saiyan:PowerUp","CurseOfTheBell","Saiyan:Afterimage","Saiyan:WarmUp","Saiyan:TurtleShell","Saiyan:TransfigurationBeam+1","Saiyan:SoulSpice","Flash of Steel","Saiyan:PlotArmor","Saiyan:SuperSaiyanForm+1","Saiyan:MajinSeal+1","Saiyan:ExtremeSpeed","Saiyan:Overexert","Saiyan:SuperSaiyanThree+1","Saiyan:SuperSaiyanForm+1","Saiyan:WarmUp+1","Saiyan:PlotArmor+1","Saiyan:RemoveWeights","Saiyan:KiExplosion+1"],"relics":["SaiyanSoul","SaiyanHeart","bronze:DecasWashers","Runesmith:Nanobots","Singing Bowl","Mercury Hourglass","Calling Bell","Guardian:PocketSentry","Sundial","FossilizedHelix","Vajra","MawBank","Nunchaku","Anchor","Regal Pillow","Ginger","Bronze Scales","Blood Vial","Membership Card","Bag of Preparation","Happy Flower","Incense Burner","Centennial Puzzle","Black Star","CatCart","Ancient Tea Set","Lantern","CeramicFish","Frozen Egg 2","InkBottle","Runesmith:AutoHammer","Strawberry","Eternal Feather","Old Coin","Bag of Marbles","sneckomod:BlankCard","HornCleat","Oddly Smooth Stone"],"acts_visited":["Exordium","TheCity","TheBeyond","TheEnding"],"potions_floor_usage":[25,30,31,35,36,38,40,55,55,55],"damage_taken":[{"damage":0.0,"enemies":"2 Louse","floor":1.0,"turns":2.0},{"damage":0.0,"enemies":"Cultist","floor":2.0,"turns":3.0},{"damage":2.0,"enemies":"Jaw Worm","floor":3.0,"turns":4.0},{"damage":0.0,"enemies":"Exordium Wildlife","floor":4.0,"turns":4.0},{"damage":1.0,"enemies":"3 Sentries","floor":6.0,"turns":6.0},{"damage":0.0,"enemies":"Gremlin Nob","floor":8.0,"turns":4.0},{"damage":5.0,"enemies":"3 Sentries","floor":10.0,"turns":5.0},{"damage":2.0,"enemies":"Blue Slaver","floor":12.0,"turns":5.0},{"damage":2.0,"enemies":"Large Slime","floor":14.0,"turns":5.0},{"damage":0.0,"enemies":"Slime Boss","floor":16.0,"turns":8.0},{"damage":0.0,"enemies":"Shell Parasite","floor":18.0,"turns":13.0},{"damage":0.0,"enemies":"Snecko","floor":19.0,"turns":4.0},{"damage":2.0,"enemies":"Sentry and Sphere","floor":21.0,"turns":12.0},{"damage":0.0,"enemies":"Gremlin Leader","floor":23.0,"turns":15.0},{"damage":0,"enemies":"Snake Plant","floor":24,"turns":4},{"damage":0,"enemies":"HollowMod:Nosk","floor":25,"turns":40},{"damage":7,"enemies":"Gremlin Leader","floor":27,"turns":6},{"damage":0,"enemies":"Snecko","floor":28,"turns":7},{"damage":0,"enemies":"Chosen and Byrds","floor":30,"turns":7},{"damage":0,"enemies":"HollowMod:Nosk","floor":31,"turns":5},{"damage":20,"enemies":"Automaton","floor":33,"turns":20},{"damage":0,"enemies":"3 Shapes","floor":35,"turns":4},{"damage":8,"enemies":"Orin","floor":36,"turns":14},{"damage":0,"enemies":"Orb Walker","floor":39,"turns":3},{"damage":44,"enemies":"Reptomancer","floor":40,"turns":8},{"damage":0,"enemies":"Spire Growth","floor":42,"turns":6},{"damage":63,"enemies":"Nemesis","floor":45,"turns":16},{"damage":0,"enemies":"Jaw Worm Horde","floor":46,"turns":8},{"damage":0,"enemies":"Giant Head","floor":48,"turns":12},{"damage":0,"enemies":"Time Eater","floor":50,"turns":11},{"damage":20,"enemies":"Shield and Spear","floor":54,"turns":7},{"damage":15,"enemies":"The Heart","floor":55,"turns":9}],"seed_played":"-1353792213781266583","potions_obtained":[{"floor":6.0,"key":"SteroidPotion"},{"floor":8.0,"key":"Weak Potion"},{"floor":10.0,"key":"BlessingOfTheForge"},{"floor":25,"key":"hexamod:SoulburnPotion"},{"floor":27,"key":"LiquidBronze"},{"floor":33,"key":"BlessingOfTheForge"},{"floor":36,"key":"champ:CounterPotion"},{"floor":54,"key":"DuplicationPotion"}],"is_trial":false,"path_per_floor":["M","M","M","M","$","E","R","E","T","E","R","M","R","M","R","B",null,"M","M","?","M","$","E","M","E","T","E","M","$","M","E","R","B",null,"M","?","?","$","M","E","R","M","T","R","E","M","R","E","R","B",null,"R","$","E","B",null],"character_chosen":"SAIYAJIN","items_purchased":["Saiyan:PlotArmor","Membership Card","Bag of Preparation","Saiyan:TransfigurationBeam","Saiyan:SoulSpice","Flash of Steel","Saiyan:ExtremeSpeed","Fruit Juice","CultistPotion","Bag of Marbles","sneckomod:BlankCard","Saiyan:PlotArmor+1","Saiyan:RemoveWeights","PowerPotion"],"campfire_rested":1,"item_purchase_floors":[5,29,29,29,29,29,38,38,38,53,53,53,53,53],"current_hp_per_floor":[55,59,59,63,63,64,64,67,67,67,67,69,69,73,73,75,89,95,100,100,101,101,105,112,115,115,111,114,114,117,123,123,107,126,131,130,130,135,139,98,98,101,101,101,41,44,104,117,135,140,159,165,165,146,135],"gold":546,"neow_bonus":"TRANSFORM_CARD","is_daily":false,"chose_seed":false,"campfire_upgraded":8,"win_rate":0.0,"timestamp":1612561303,"path_taken":["M","M","M","M","$","E","R","E","T","E","R","M","R","M","R","BOSS","M","M","?","M","$","E","M","E","T","E","?","$","M","E","R","BOSS","M","?","?","$","M","E","R","M","T","R","E","M","R","E","R","BOSS","R","$","E","BOSS"],"items_purchased_type":["Card","Relic","Relic","Card","Card","Card","Card","Potion","Potion","Relic","Relic","Card","Card","Potion"],"build_version":"2020-12-22","purchased_purges":3,"victory":true,"max_hp_per_floor":[61,65,67,71,71,73,73,76,76,81,81,85,85,91,91,93,93,99,104,104,107,107,111,118,121,121,124,125,125,126,130,130,132,132,135,140,140,145,147,148,148,149,149,149,150,151,151,162,162,165,165,165,165,166,168],"card_choices":[{"not_picked":["Saiyan:BigBangAttack","Saiyan:BackAttack"],"picked":"Saiyan:FingerParry","floor":1.0},{"not_picked":["Saiyan:BackAttack","Saiyan:DragonRadar"],"picked":"Saiyan:KameHameHa","floor":2.0},{"not_picked":["Saiyan:Pacing","Saiyan:PlotArmor"],"picked":"Saiyan:Flurry","floor":3.0},{"not_picked":["Saiyan:FingerParry","Saiyan:DragonFist"],"picked":"Saiyan:Quickening","floor":4.0},{"not_picked":["Saiyan:ExpandingShockwave","Saiyan:DragonFist"],"picked":"Saiyan:Fly","floor":6.0},{"not_picked":["Saiyan:WarmUp","Saiyan:DragonFist"],"picked":"Saiyan:TurtleShell","floor":8.0},{"not_picked":["Saiyan:PowerPole","Saiyan:MeteorDash"],"picked":"Saiyan:SolarFlare","floor":10.0},{"not_picked":["Saiyan:PowerPole","Saiyan:WarmUp"],"picked":"Saiyan:PowerUp","floor":12.0},{"not_picked":["Saiyan:Honing","Saiyan:DragonFist","Saiyan:DoubleMasenko"],"picked":"Singing Bowl","floor":14.0},{"not_picked":["Saiyan:SuperSaiyanThree","Saiyan:SolarFlare"],"picked":"Saiyan:SenzuBean","floor":16.0},{"not_picked":["Saiyan:Scouter","Saiyan:DragonFist","Saiyan:Quickening"],"picked":"Singing Bowl","floor":18.0},{"not_picked":["Saiyan:Flurry","Saiyan:KameHameHa","Saiyan:MeteorDash+1"],"picked":"Singing Bowl","floor":19.0},{"not_picked":["Saiyan:KameHameHa","Saiyan:TheBomb"],"picked":"Saiyan:Afterimage","floor":21.0},{"not_picked":["Saiyan:MeteorDash","Saiyan:Quickening+1","Saiyan:BackAttack+1"],"picked":"Singing Bowl","floor":23.0},{"not_picked":["Saiyan:Quickening","Saiyan:MeteorDash","Saiyan:KiExplosion"],"picked":"Singing Bowl","floor":24},{"not_picked":["Saiyan:MeteorDash","Saiyan:Reset"],"picked":"Saiyan:WarmUp","floor":25},{"not_picked":["Saiyan:Flurry","Saiyan:SpiritSword","Saiyan:SaiyanHubris+1"],"picked":"Singing Bowl","floor":27},{"not_picked":["Saiyan:Twize","Saiyan:ExpandingShockwave"],"picked":"Saiyan:TurtleShell","floor":28},{"not_picked":["Saiyan:PowerPole+1","Saiyan:Scouter"],"picked":"Saiyan:PlotArmor","floor":30},{"not_picked":["Saiyan:ExtremeSpeed","Saiyan:SpiritSword"],"picked":"Saiyan:SuperSaiyanForm","floor":31},{"not_picked":["Saiyan:GhostAttack","Saiyan:TheBomb"],"picked":"Saiyan:MajinSeal","floor":33},{"not_picked":["Saiyan:PlotArmor","Saiyan:TurtleShell","Saiyan:Scouter+1"],"picked":"Singing Bowl","floor":35},{"not_picked":["Saiyan:ThirstForFight","Saiyan:Planning","Saiyan:SaiyanHubris+1"],"picked":"Singing Bowl","floor":36},{"not_picked":["Saiyan:Planning+1","Saiyan:PlotArmor","Saiyan:ThirstForFight"],"picked":"Singing Bowl","floor":39},{"not_picked":["Saiyan:Kienzan+1","Saiyan:Scouter"],"picked":"Saiyan:Overexert","floor":40},{"not_picked":["Saiyan:DoubleMasenko+1","Saiyan:Fly"],"picked":"Saiyan:SuperSaiyanThree","floor":42},{"not_picked":["Saiyan:PowerPole+1","Saiyan:Makankosappo+1"],"picked":"Saiyan:SuperSaiyanForm+1","floor":45},{"not_picked":["Saiyan:ReverberatingForce+1","Saiyan:Makankosappo"],"picked":"Saiyan:WarmUp+1","floor":46},{"not_picked":["Saiyan:BigBangAttack+1","Saiyan:Planning+1","Saiyan:SaiyanHubris"],"picked":"Singing Bowl","floor":48},{"not_picked":["Saiyan:Planning","Saiyan:Quickening+1"],"picked":"Saiyan:KiExplosion+1","floor":54}],"player_experience":3197868,"relics_obtained":[{"floor":6.0,"key":"bronze:DecasWashers"},{"floor":8.0,"key":"Runesmith:Nanobots"},{"floor":9.0,"key":"Singing Bowl"},{"floor":10.0,"key":"Mercury Hourglass"},{"floor":17.0,"key":"Guardian:PocketSentry"},{"floor":17.0,"key":"Sundial"},{"floor":17.0,"key":"FossilizedHelix"},{"floor":18.0,"key":"Vajra"},{"floor":21.0,"key":"MawBank"},{"floor":23.0,"key":"Nunchaku"},{"floor":23.0,"key":"Anchor"},{"floor":25,"key":"Regal Pillow"},{"floor":25,"key":"Ginger"},{"floor":26,"key":"Bronze Scales"},{"floor":27,"key":"Blood Vial"},{"floor":30,"key":"Happy Flower"},{"floor":31,"key":"Incense Burner"},{"floor":33,"key":"Centennial Puzzle"},{"floor":36,"key":"CatCart"},{"floor":40,"key":"Ancient Tea Set"},{"floor":40,"key":"Lantern"},{"floor":45,"key":"CeramicFish"},{"floor":45,"key":"Frozen Egg 2"},{"floor":45,"key":"InkBottle"},{"floor":46,"key":"Runesmith:AutoHammer"},{"floor":48,"key":"Strawberry"},{"floor":48,"key":"Eternal Feather"},{"floor":48,"key":"Old Coin"},{"floor":54,"key":"HornCleat"},{"floor":54,"key":"Oddly Smooth Stone"}],"event_choices":[{"damage_healed":0.0,"max_hp_gain":0.0,"max_hp_loss":0.0,"gold_gain":100.0,"event_name":"The Joust","player_choice":"Bet on Murderer","floor":20.0,"gold_loss":50.0,"damage_taken":0.0},{"damage_healed":0,"gold_gain":0,"player_choice":"Fight","damage_taken":0,"max_hp_gain":0,"max_hp_loss":0,"event_name":"OrinTheCat","floor":36,"gold_loss":0},{"damage_healed":0,"gold_gain":0,"player_choice":"Ignored","damage_taken":0,"max_hp_gain":0,"max_hp_loss":0,"event_name":"Tomb of Lord Red Mask","floor":37,"gold_loss":0}],"is_beta":false,"boss_relics":[{"not_picked":["Astrolabe","Velvet Choker"],"picked":"Calling Bell"},{"not_picked":["Fusion Hammer","Empty Cage"],"picked":"Black Star"}],"items_purged_floors":[5,29,53],"is_endless":false,"potions_floor_spawned":[6,8,10,16,25,27,28,33,35,36,48,54],"ascension_level":7}}