{"host":"f7jml7vkwn3tj7tu","time":1612552399,"event":{"mods":["BaseMod","Block Reminder","Minty Spire (QoL Compilation)","Relic Stats","Slay-I"],"gold_per_floor":[15,26,26,26,42,42,42,68,68,68,96,171,201,214,214,319,319,329,361,378,388,398,101,114,114,168,182,182,182,182,202,202,304,304,317,332,342,392,392,392,614,646,669,683,683,703,703,738,738,738,738],"floor_reached":50,"language":"ENG","playtime":2780,"items_purged":[],"score":587,"play_id":"50ca3587-83c2-4984-a509-14300ee0297f","local_time":"20210205141319","is_ascension_mode":false,"campfire_choices":[{"data":"Eruption","floor":6,"key":"SMITH"},{"data":"Vigilance","floor":7,"key":"SMITH"},{"data":"SignatureMove","floor":10,"key":"SMITH"},{"floor":15,"key":"REST"},{"data":"BowlingBash","floor":25,"key":"SMITH"},{"data":"Consecrate","floor":28,"key":"SMITH"},{"data":"Consecrate","floor":30,"key":"SMITH"},{"data":"Judgement","floor":32,"key":"SMITH"},{"floor":40,"key":"REST"},{"floor":45,"key":"REST"},{"floor":47,"key":"RECALL"},{"floor":49,"key":"REST"}],"circlet_count":0,"master_deck":["Strike_P","Strike_P","Strike_P","Defend_P","Defend_P","Defend_P","Eruption+1","Vigilance+1","WindmillStrike+1","SignatureMove+1","Protect","Meditate","Protect","Consecrate+1","Judgement+1","SashWhip","Indignation","Consecrate+1","BowlingBash+1","Ragnarok","WreathOfFlame","Consecrate+1","Madness","Madness","Sanctity"],"relics":["PureWater","WingedGreaves","Odd Mushroom","Mango","Mummified Hand","Eternal Feather","Busted Crown","Red Mask","ClockworkSouvenir","Bag of Preparation","Regal Pillow","Fusion Hammer","Dead Branch","Nunchaku","Orichalcum","MealTicket"],"acts_visited":["Exordium","TheCity","TheBeyond"],"potions_floor_usage":[16,33],"damage_taken":[{"damage":0,"enemies":"Small Slimes","floor":1,"turns":4},{"damage":6,"enemies":"Jaw Worm","floor":2,"turns":4},{"damage":2,"enemies":"Cultist","floor":5,"turns":3},{"damage":4,"enemies":"The Mushroom Lair","floor":8,"turns":4},{"damage":0,"enemies":"Lagavulin","floor":11,"turns":3},{"damage":48,"enemies":"Gremlin Nob","floor":13,"turns":4},{"damage":2,"enemies":"3 Louse","floor":14,"turns":3},{"damage":39,"enemies":"The Guardian","floor":16,"turns":7},{"damage":0,"enemies":"Spheric Guardian","floor":18,"turns":2},{"damage":7,"enemies":"Masked Bandits","floor":19,"turns":4},{"damage":10,"enemies":"Shell Parasite","floor":20,"turns":4},{"damage":0,"enemies":"Snecko","floor":21,"turns":2},{"damage":30,"enemies":"Snake Plant","floor":22,"turns":8},{"damage":0,"enemies":"3 Cultists","floor":24,"turns":2},{"damage":9,"enemies":"Cultist and Chosen","floor":27,"turns":3},{"damage":0,"enemies":"Sentry and Sphere","floor":31,"turns":2},{"damage":56,"enemies":"Collector","floor":33,"turns":5},{"damage":8,"enemies":"3 Darklings","floor":35,"turns":3},{"damage":10,"enemies":"3 Shapes","floor":36,"turns":3},{"damage":26,"enemies":"Maw","floor":37,"turns":5},{"damage":20,"enemies":"Mind Bloom Boss Battle","floor":38,"turns":5},{"damage":27,"enemies":"Nemesis","floor":42,"turns":5},{"damage":9,"enemies":"3 Darklings","floor":44,"turns":5},{"damage":6,"enemies":"4 Shapes","floor":46,"turns":3},{"damage":46,"enemies":"Reptomancer","floor":48,"turns":6},{"damage":91,"enemies":"Time Eater","floor":50,"turns":10}],"seed_played":"4567815291934158056","potions_obtained":[{"floor":5,"key":"Dexterity Potion"},{"floor":13,"key":"Fire Potion"},{"floor":14,"key":"GamblersBrew"},{"floor":16,"key":"ColorlessPotion"},{"floor":19,"key":"Explosive Potion"},{"floor":21,"key":"Fire Potion"},{"floor":33,"key":"LiquidBronze"},{"floor":42,"key":"BottledMiracle"},{"floor":44,"key":"DuplicationPotion"},{"floor":48,"key":"LiquidMemories"}],"is_trial":false,"path_per_floor":["M","M","?","?","M","R","R","?","T","R","E","?","E","M","R","B",null,"M","?","M","M","M","$","M","R","T","M","R","?","R","M","R","B",null,"M","M","M","?","?","R","?","E","T","M","R","M","R","E","R","B"],"character_chosen":"WATCHER","items_purchased":["ClockworkSouvenir","Bag of Preparation"],"campfire_rested":4,"item_purchase_floors":[23,23],"current_hp_per_floor":[72,66,66,66,64,64,64,60,74,74,74,63,15,13,47,8,86,86,79,69,69,39,39,39,51,51,42,54,54,63,63,72,16,86,78,68,42,22,11,63,63,36,36,27,82,76,86,40,86,0,0],"gold":738,"neow_bonus":"ONE_RARE_RELIC","is_daily":false,"chose_seed":false,"campfire_upgraded":7,"win_rate":0.0,"timestamp":1612552399,"path_taken":["M","M","?","?","?","R","R","?","T","R","E","?","E","M","R","BOSS","M","?","M","M","M","$","M","R","T","M","R","?","R","M","R","BOSS","M","M","M","?","?","R","?","E","T","M","R","M","R","E","R","BOSS"],"items_purchased_type":["Relic","Relic"],"build_version":"2020-12-22","purchased_purges":0,"victory":false,"max_hp_per_floor":[72,72,72,72,72,72,72,72,86,86,86,86,86,86,86,86,86,86,86,86,86,86,86,86,86,86,86,86,86,86,86,86,86,86,86,86,86,86,86,86,86,86,86,86,86,86,86,86,86,86,86],"relic_stats":{"Regal Pillow":36,"Nunchaku":[6],"Busted Crown":34,"counters":[26,109],"Mummified Hand":[4],"Dead Branch":[18],"Eternal Feather":103,"MealTicket":0,"Bag of Preparation":[26],"Orichalcum":[30],"obtain_stats":[{"Regal Pillow":26,"Dead Branch":38,"Mango":9,"Eternal Feather":13,"Bag of Preparation":23,"Odd Mushroom":8,"Orichalcum":43,"ClockworkSouvenir":23,"Nunchaku":42,"Busted Crown":17,"Mummified Hand":11,"MealTicket":48,"WingedGreaves":0,"Fusion Hammer":34,"Red Mask":19,"PureWater":0},{"Regal Pillow":14,"Dead Branch":21,"Mango":4,"Eternal Feather":6,"Bag of Preparation":13,"Odd Mushroom":4,"Orichalcum":22,"ClockworkSouvenir":13,"Nunchaku":22,"Busted Crown":8,"Mummified Hand":5,"MealTicket":25,"WingedGreaves":0,"Fusion Hammer":17,"Red Mask":10,"PureWater":0},{"Regal Pillow":54,"Dead Branch":80,"Mango":15,"Eternal Feather":22,"Bag of Preparation":52,"Odd Mushroom":15,"Orichalcum":85,"ClockworkSouvenir":52,"Nunchaku":85,"Busted Crown":32,"Mummified Hand":18,"MealTicket":99,"WingedGreaves":0,"Fusion Hammer":64,"Red Mask":38,"PureWater":0}]},"card_choices":[{"not_picked":["Consecrate","FollowUp"],"picked":"WindmillStrike","floor":1},{"not_picked":["PathToVictory","FlyingSleeves","JustLucky"],"picked":"SKIP","floor":2},{"not_picked":["Adaptation","Weave"],"picked":"Protect","floor":5},{"not_picked":["Vengeance","Prostrate"],"picked":"Meditate","floor":8},{"not_picked":["TalkToTheHand","EmptyFist"],"picked":"Protect","floor":11},{"not_picked":["Adaptation","InnerPeace","PathToVictory"],"picked":"SKIP","floor":13},{"not_picked":["Nirvana","LikeWater"],"picked":"Consecrate","floor":14},{"not_picked":["Devotion","DevaForm"],"picked":"Judgement","floor":16},{"not_picked":["Crescendo"],"picked":"SKIP","floor":18},{"not_picked":[],"picked":"SashWhip","floor":19},{"not_picked":[],"picked":"Indignation","floor":20},{"not_picked":[],"picked":"Consecrate","floor":21},{"not_picked":["ClearTheMind"],"picked":"SKIP","floor":22},{"not_picked":[],"picked":"BowlingBash","floor":24},{"not_picked":["EmptyBody"],"picked":"SKIP","floor":27},{"not_picked":["ClearTheMind"],"picked":"SKIP","floor":31},{"not_picked":[],"picked":"Ragnarok","floor":33},{"not_picked":[],"picked":"WreathOfFlame","floor":35},{"not_picked":[],"picked":"Consecrate+1","floor":36},{"not_picked":["ThirdEye+1"],"picked":"SKIP","floor":37},{"not_picked":["CarveReality+1"],"picked":"SKIP","floor":42},{"not_picked":[],"picked":"Sanctity","floor":44},{"not_picked":["Crescendo+1"],"picked":"SKIP","floor":46},{"not_picked":["Weave"],"picked":"SKIP","floor":48}],"player_experience":566963,"relics_obtained":[{"floor":8,"key":"Odd Mushroom"},{"floor":9,"key":"Mango"},{"floor":11,"key":"Mummified Hand"},{"floor":13,"key":"Eternal Feather"},{"floor":19,"key":"Red Mask"},{"floor":26,"key":"Regal Pillow"},{"floor":38,"key":"Dead Branch"},{"floor":42,"key":"Nunchaku"},{"floor":43,"key":"Orichalcum"},{"floor":48,"key":"MealTicket"}],"event_choices":[{"damage_healed":0,"gold_gain":0,"player_choice":"Grow","damage_taken":0,"max_hp_gain":0,"max_hp_loss":0,"event_name":"Living Wall","floor":3,"gold_loss":0,"cards_upgraded":["WindmillStrike"]},{"damage_healed":0,"gold_gain":0,"cards_transformed":["Strike_P"],"player_choice":"Transformed","damage_taken":0,"max_hp_gain":0,"max_hp_loss":0,"event_name":"Transmorgrifier","floor":4,"gold_loss":0,"cards_obtained":["SignatureMove"]},{"damage_healed":0,"gold_gain":0,"player_choice":"Fought Mushrooms","damage_taken":0,"max_hp_gain":0,"max_hp_loss":0,"event_name":"Mushrooms","floor":8,"gold_loss":0},{"damage_healed":0,"gold_gain":75,"player_choice":"Gather Gold","damage_taken":11,"max_hp_gain":0,"max_hp_loss":0,"event_name":"World of Goop","floor":12,"gold_loss":0},{"damage_healed":0,"gold_gain":0,"player_choice":"Fought Bandits","damage_taken":0,"max_hp_gain":0,"max_hp_loss":0,"event_name":"Masked Bandits","floor":19,"gold_loss":0},{"cards_removed":["Defend_P"],"damage_healed":0,"gold_gain":0,"player_choice":"Offered Basic","damage_taken":0,"max_hp_gain":0,"max_hp_loss":0,"event_name":"Bonfire Elementals","floor":29,"gold_loss":0},{"damage_healed":0,"gold_gain":0,"player_choice":"Fight","damage_taken":0,"max_hp_gain":0,"max_hp_loss":0,"event_name":"MindBloom","floor":38,"gold_loss":0},{"damage_healed":0,"gold_gain":0,"player_choice":"Embrace Madness","damage_taken":11,"max_hp_gain":0,"max_hp_loss":0,"event_name":"Winding Halls","floor":39,"gold_loss":0,"cards_obtained":["Madness","Madness"]},{"damage_healed":0,"gold_gain":222,"player_choice":"Wore Mask","damage_taken":0,"max_hp_gain":0,"max_hp_loss":0,"event_name":"Tomb of Lord Red Mask","floor":41,"gold_loss":0}],"is_beta":false,"boss_relics":[{"not_picked":["HolyWater","SlaversCollar"],"picked":"Busted Crown"},{"not_picked":["Sozu","Snecko Eye"],"picked":"Fusion Hammer"}],"items_purged_floors":[],"is_endless":false,"potions_floor_spawned":[5,13,14,16,19,20,21,33,35,42,44,48],"killed_by":"Time Eater","ascension_level":0}}