{"host":"lv3zv4svf9qrs9uo","time":1612512344,"event":{"mods":["AchievementEnabler","BaseMod","Minty Spire (QoL Compilation)"],"gold_per_floor":[111,128,146,0,20,20,30,30,77,91,91,102,137,37,37,37,37],"floor_reached":16,"language":"ENG","playtime":1185,"items_purged":["Defend_P","Defend_P"],"score":104,"play_id":"b98b63b4-10b7-4f66-980e-0d347a884c7c","local_time":"20210205000544","is_ascension_mode":false,"campfire_choices":[{"data":"Eruption","floor":6,"key":"SMITH"},{"data":"Adaptation","floor":8,"key":"SMITH"},{"floor":11,"key":"REST"},{"data":"Vigilance","floor":15,"key":"SMITH"}],"circlet_count":0,"master_deck":["Strike_P","Strike_P","Strike_P","Strike_P","Defend_P","Defend_P","Eruption+1","Vigilance+1","Adaptation+1"],"relics":["VioletLotus","Juzu Bracelet","Matryoshka"],"acts_visited":["Exordium"],"potions_floor_usage":[5,7,13,16],"damage_taken":[{"damage":8,"enemies":"2 Louse","floor":1,"turns":3},{"damage":1,"enemies":"Jaw Worm","floor":2,"turns":6},{"damage":0,"enemies":"Cultist","floor":3,"turns":4},{"damage":24,"enemies":"Gremlin Gang","floor":5,"turns":5},{"damage":9,"enemies":"Exordium Wildlife","floor":7,"turns":2},{"damage":2,"enemies":"2 Fungi Beasts","floor":10,"turns":4},{"damage":2,"enemies":"Looter","floor":12,"turns":3},{"damage":8,"enemies":"Lagavulin","floor":13,"turns":7},{"damage":40,"enemies":"The Guardian","floor":16,"turns":6}],"seed_played":"-6919577122136419587","potions_obtained":[{"floor":1,"key":"GamblersBrew"},{"floor":3,"key":"ColorlessPotion"},{"floor":5,"key":"BottledMiracle"},{"floor":10,"key":"PowerPotion"}],"is_trial":false,"path_per_floor":["M","M","M","$","M","R","M","R","T","M","R","M","E","$","R","B"],"character_chosen":"WATCHER","items_purchased":["Adaptation"],"campfire_rested":1,"item_purchase_floors":[4],"current_hp_per_floor":[64,63,63,63,39,39,30,30,30,28,49,47,39,39,39,0,0],"gold":37,"neow_bonus":"BOSS_RELIC","is_daily":false,"chose_seed":false,"campfire_upgraded":3,"win_rate":0.0,"timestamp":1612512344,"path_taken":["M","M","M","$","M","R","M","R","T","M","R","M","E","$","R","BOSS"],"items_purchased_type":["Card"],"build_version":"2020-12-22","purchased_purges":2,"victory":false,"max_hp_per_floor":[72,72,72,72,72,72,72,72,72,72,72,72,72,72,72,72,72],"card_choices":[{"not_picked":["Crescendo","ReachHeaven","Evaluate"],"picked":"SKIP","floor":1},{"not_picked":["ReachHeaven","ClearTheMind","SashWhip"],"picked":"SKIP","floor":2},{"not_picked":["WaveOfTheHand","FollowUp","EmptyFist"],"picked":"SKIP","floor":3},{"not_picked":["Consecrate","Establishment","EmptyBody"],"picked":"SKIP","floor":5},{"not_picked":["Tantrum","ReachHeaven","ForeignInfluence"],"picked":"SKIP","floor":7},{"not_picked":["WaveOfTheHand","ThirdEye","Prostrate"],"picked":"SKIP","floor":10},{"not_picked":["Halt","EmptyBody","TalkToTheHand"],"picked":"SKIP","floor":12},{"not_picked":["Pray","FlurryOfBlows","Evaluate"],"picked":"SKIP","floor":13}],"player_experience":526881,"relics_obtained":[{"floor":9,"key":"Juzu Bracelet"},{"floor":13,"key":"Matryoshka"}],"event_choices":[],"is_beta":false,"boss_relics":[],"items_purged_floors":[4,14],"is_endless":false,"potions_floor_spawned":[1,3,5,10],"killed_by":"The Guardian","ascension_level":0}}