{"host":"2q4w55ev63ot6isg","time":1612544042,"event":{"mods":["Aspiration","BaseMod","Downfall","Hubris","Marisa????????","Minty Spire (QoL Compilation)","Replay The Spire","StSLib","The Cursed","The Jungle","The Servant 0.9.4"],"gold_per_floor":[118,118,118,133,152,152,165,165,191,204,17,34,34,100,100,203,203,221,221,221,239,20,20,35,35,35,47,47,47,60,86,86,189,189,205,105,105,105],"floor_reached":37,"language":"ENG","playtime":1253,"items_purged":["Defend_S","Defend_S"],"score":754,"play_id":"999e793e-6717-49c7-9169-7201df5beafc","local_time":"20210205085402","is_ascension_mode":false,"campfire_choices":[{"data":"Potential","floor":6,"key":"SMITH"},{"data":"LightFlow","floor":13,"key":"SMITH"},{"data":"Mayhem","floor":23,"key":"SMITH"},{"data":"FlawlessForm","floor":25,"key":"SMITH"},{"data":"BottledTime","floor":28,"key":"SMITH"},{"floor":32,"key":"REST"}],"circlet_count":0,"master_deck":["Defend_S+1","Defend_S+1","KidneyShot+1","Exchange","GearUp+1","TimeWarp+1","Potential+1","Moonlight+1","GearUp","Mayhem+1","LightFlow+1","Potential+1","FlawlessForm+1","Rewind+1","Spin+1","BottledTime+1","Potential","SilverBlades+1","PendulumOfEternity","AbeCurse","SilverBlades+1"],"relics":["Uniform","sneckomod:BlankCard","War Paint","Empty Cage","Whetstone","Snack Pack","aspiration:RitualStick","aspiration:AnachronicSnailShell","Abe\u0027s Treasure"],"acts_visited":["Exordium","TheCity","TheBeyond"],"potions_floor_usage":[16,16,16,31,31,33,37],"damage_taken":[{"damage":1,"enemies":"2 Louse","floor":1,"turns":3},{"damage":0,"enemies":"Cultist","floor":4,"turns":4},{"damage":0,"enemies":"Jaw Worm","floor":5,"turns":4},{"damage":0,"enemies":"Looter","floor":7,"turns":3},{"damage":0,"enemies":"Exordium Thugs","floor":10,"turns":3},{"damage":0,"enemies":"Exordium Wildlife","floor":12,"turns":3},{"damage":0,"enemies":"The Guardian","floor":16,"turns":5},{"damage":0,"enemies":"Shell Parasite","floor":18,"turns":4},{"damage":0,"enemies":"3 Byrds","floor":21,"turns":5},{"damage":0,"enemies":"Snecko","floor":24,"turns":3},{"damage":5,"enemies":"Shelled Parasite and Fungi","floor":27,"turns":4},{"damage":0,"enemies":"Cultist and Chosen","floor":30,"turns":5},{"damage":0,"enemies":"Slavers","floor":31,"turns":7},{"damage":0,"enemies":"Pondfish","floor":33,"turns":7},{"damage":0,"enemies":"Orb Walker","floor":35,"turns":3},{"damage":73,"enemies":"Orin","floor":37,"turns":11}],"seed_played":"7354669466560472946","potions_obtained":[{"floor":1,"key":"Block Potion"},{"floor":4,"key":"BlessingOfTheForge"},{"floor":7,"key":"Dexterity Potion"},{"floor":14,"key":"DuplicationPotion"},{"floor":16,"key":"LiquidMemories"},{"floor":24,"key":"SneckoOil"},{"floor":27,"key":"champ:CounterPotion"},{"floor":31,"key":"SkillPotion"}],"is_trial":false,"path_per_floor":["M","?","?","M","M","R","M","?","T","M","$","M","R","?","R","B",null,"M","?","?","M","$","R","M","R","T","M","R","?","M","E","R","B",null,"M","$","?"],"character_chosen":"THE_SERVANT","items_purchased":["Mayhem","Whetstone"],"campfire_rested":1,"item_purchase_floors":[11,22],"current_hp_per_floor":[64,64,64,64,64,64,64,64,64,64,64,64,64,48,65,65,65,65,65,54,54,54,54,54,54,54,53,53,39,41,41,62,68,70,70,70,0,0],"gold":105,"neow_bonus":"RANDOM_COMMON_RELIC","is_daily":false,"chose_seed":false,"campfire_upgraded":5,"win_rate":0.0,"timestamp":1612544042,"path_taken":["M","?","?","M","?","R","?","?","T","M","$","M","R","?","R","BOSS","M","?","?","M","$","R","M","R","T","M","R","?","?","E","R","BOSS","M","$","?"],"items_purchased_type":["Card","Relic"],"build_version":"2020-12-22","purchased_purges":2,"victory":false,"max_hp_per_floor":[65,65,65,65,65,65,65,65,65,65,65,65,65,65,65,65,65,65,65,70,70,70,70,70,70,70,70,70,70,70,70,70,70,70,70,70,70,70],"card_choices":[{"not_picked":["Foresight","Replace"],"picked":"GearUp","floor":1},{"not_picked":["Spin","Replace"],"picked":"TimeWarp","floor":4},{"not_picked":["Defy","Rearm"],"picked":"Potential","floor":5},{"not_picked":["Foresight","MoonPhase"],"picked":"Moonlight","floor":7},{"not_picked":["Shuttle","Rearm"],"picked":"GearUp","floor":10},{"not_picked":["FastForward","Starlight"],"picked":"LightFlow","floor":12},{"not_picked":["BottledTime","Spin"],"picked":"Potential","floor":14},{"not_picked":["SoulSculpture","LightFlow"],"picked":"FlawlessForm","floor":16},{"not_picked":["Defy","TimeWarp"],"picked":"Rewind+1","floor":18},{"not_picked":["Misdirection","Alleviate","Replace"],"picked":"SKIP","floor":21},{"not_picked":["TimeWarp","Rewind"],"picked":"Spin+1","floor":24},{"not_picked":["Ricochet+1","FastForward"],"picked":"BottledTime","floor":27},{"not_picked":["BestPractice","Misdirection+1"],"picked":"Potential","floor":30},{"not_picked":["Deny","RealityMarble+1"],"picked":"SilverBlades+1","floor":31},{"not_picked":["Deny","Duplication"],"picked":"PendulumOfEternity","floor":33},{"not_picked":["FastForward","Starlight"],"picked":"SilverBlades+1","floor":35}],"player_experience":223216,"relics_obtained":[{"floor":9,"key":"War Paint"},{"floor":26,"key":"Snack Pack"},{"floor":31,"key":"aspiration:AnachronicSnailShell"}],"event_choices":[{"damage_healed":0,"gold_gain":0,"player_choice":"Grow","damage_taken":0,"max_hp_gain":0,"max_hp_loss":0,"event_name":"Living Wall","floor":2,"gold_loss":0,"cards_upgraded":["GearUp"]},{"cards_removed":["Strike_S"],"damage_healed":0,"gold_gain":0,"player_choice":"Purged","damage_taken":0,"max_hp_gain":0,"max_hp_loss":0,"event_name":"Purifier","floor":3,"gold_loss":0},{"cards_removed":["Strike_S"],"damage_healed":0,"gold_gain":0,"player_choice":"Elegance","damage_taken":0,"max_hp_gain":0,"max_hp_loss":0,"event_name":"Back to Basics","floor":19,"gold_loss":0},{"damage_healed":0,"gold_gain":0,"player_choice":"Shed Blood","damage_taken":16,"max_hp_gain":5,"max_hp_loss":0,"event_name":"Forgotten Altar","floor":20,"gold_loss":0},{"damage_healed":0,"gold_gain":0,"player_choice":"Fight","damage_taken":0,"max_hp_gain":0,"max_hp_loss":0,"event_name":"OrinTheCat","floor":37,"gold_loss":0}],"is_beta":false,"boss_relics":[{"not_picked":["hubris:Stopwatch","hubris:CrackedHourglass"],"picked":"Empty Cage"},{"not_picked":["aspiration:RunicSpoon","Black Star"],"picked":"Abe\u0027s Treasure"}],"items_purged_floors":[22,36],"is_endless":false,"potions_floor_spawned":[1,4,7,16,24,27,30,31],"killed_by":"Orin","ascension_level":0}}