{"host":"klqcd4cqxrk2p1u3","time":1612512817,"event":{"mods":["BaseMod","Downfall","Minty Spire (QoL Compilation)","StSLib"],"gold_per_floor":[0,13,26,37,47,47,71,71,88,238,257,291,91,111,127,127,127,127],"floor_reached":16,"language":"ENG","playtime":2031,"items_purged":[],"score":131,"play_id":"ad521f15-7bcb-46ac-bec7-afe9d5a76149","local_time":"20210205031337","is_ascension_mode":false,"campfire_choices":[{"floor":1,"key":"RECALL"},{"data":"bronze:BuggyMess","floor":8,"key":"SMITH"},{"floor":13,"key":"REST"}],"circlet_count":0,"master_deck":["bronze:Strike","bronze:Strike","bronze:Strike","bronze:Strike","bronze:Defend","bronze:Defend","bronze:Defend","bronze:Defend","bronze:Replicate","bronze:Goto","bronze:BuggyMess+1","bronze:Branch","bronze:Branch","bronze:Branch","bronze:Verify","downfall:Icky","bronze:ForceShield","bronze:DelayedSlice","bronze:BuggyMess","bronze:Frontload"],"relics":["bronze:BronzeCore","Nunchaku","downfall:HeartBlessingBlue","downfall:HeartBlessingRed"],"acts_visited":["Exordium"],"potions_floor_usage":[12,16,16],"damage_taken":[{"damage":3,"enemies":"2 Louse","floor":2,"turns":3},{"damage":0,"enemies":"Small Slimes","floor":3,"turns":3},{"damage":1,"enemies":"Cultist","floor":4,"turns":4},{"damage":8,"enemies":"Exordium Thugs","floor":5,"turns":6},{"damage":8,"enemies":"Exordium Wildlife","floor":9,"turns":5},{"damage":4,"enemies":"3 Louse","floor":11,"turns":2},{"damage":23,"enemies":"Lagavulin","floor":12,"turns":9},{"damage":4,"enemies":"Large Slime","floor":14,"turns":6},{"damage":3,"enemies":"2 Fungi Beasts","floor":15,"turns":3},{"damage":69,"enemies":"SI_SHIV_ARCHETYPE","floor":16,"turns":20}],"seed_played":"-1443470938834326046","potions_obtained":[{"floor":4,"key":"Block Potion"},{"floor":9,"key":"BlessingOfTheForge"},{"floor":12,"key":"Dexterity Potion"},{"floor":15,"key":"ColorlessPotion"}],"is_trial":false,"path_per_floor":["R","M","M","M","M","?","T","R","M","?","M","E","R","M","M","B"],"character_chosen":"THE_AUTOMATON","items_purchased":[],"campfire_rested":1,"item_purchase_floors":[],"current_hp_per_floor":[84,81,81,80,72,72,72,72,64,64,60,37,75,71,68,0,0,0],"gold":127,"neow_bonus":"TWENTY_PERCENT_HP_BONUS","is_daily":false,"chose_seed":false,"campfire_upgraded":1,"win_rate":0.0,"timestamp":1612512817,"path_taken":["R","M","M","M","M","?","T","R","M","?","M","E","R","M","M","BOSS"],"items_purchased_type":[],"build_version":"2020-12-22","purchased_purges":0,"victory":false,"max_hp_per_floor":[84,84,84,84,84,84,84,84,84,84,84,84,94,94,94,94,94,94],"card_choices":[{"not_picked":["bronze:Deprecate","bronze:BronzeArmor"],"picked":"bronze:BuggyMess","floor":2},{"not_picked":["bronze:BugBarrage","bronze:Overheat"],"picked":"bronze:Branch","floor":3},{"not_picked":["bronze:FineTuning","bronze:Invalidate"],"picked":"bronze:Branch","floor":4},{"not_picked":["bronze:Turbo","bronze:Boost"],"picked":"bronze:Branch","floor":5},{"not_picked":["bronze:OilSpill","bronze:WhirlingStrike"],"picked":"bronze:Verify","floor":9},{"not_picked":["bronze:DarkDash","bronze:Repulsor"],"picked":"bronze:ForceShield","floor":11},{"not_picked":["bronze:Overheat","bronze:FineTuning"],"picked":"bronze:DelayedSlice","floor":12},{"not_picked":["bronze:DigitalCarnage","bronze:DelayedSlice"],"picked":"bronze:BuggyMess","floor":14},{"not_picked":["bronze:Shell","bronze:Iterate"],"picked":"bronze:Frontload","floor":15}],"player_experience":1444415,"relics_obtained":[{"floor":12,"key":"Nunchaku"}],"event_choices":[],"is_beta":false,"boss_relics":[],"items_purged_floors":[],"is_endless":false,"potions_floor_spawned":[4,9,12,15],"killed_by":"SI_SHIV_ARCHETYPE","ascension_level":0}}