{"host":"t7mx8yfj1no5p62f","time":1612544074,"event":{"mods":["BaseMod","Colored Map","Colored Powertips","Curses Come First","Minty Spire (QoL Compilation)","Relic Stats","StSLib"],"gold_per_floor":[116,116,127,138,152,152,185,185,267,288,288,13,39,39,39,129,129,152,19,19,35,59,102,16,47,47,72,72,86,114,161,161,288,360,381,411,411,83,113,113,113],"floor_reached":40,"language":"ENG","playtime":2317,"items_purged":["Strike_G","Strike_G"],"score":962,"play_id":"0a32043e-7764-4a12-aa76-a7eb13584fbc","local_time":"20210205115434","is_ascension_mode":true,"campfire_choices":[{"data":"Blade Dance","floor":6,"key":"SMITH"},{"data":"Footwork","floor":8,"key":"SMITH"},{"data":"Dash","floor":11,"key":"SMITH"},{"data":"Deadly Poison","floor":15,"key":"SMITH"},{"data":"Well Laid Plans","floor":28,"key":"SMITH"},{"data":"Noxious Fumes","floor":32,"key":"SMITH"}],"circlet_count":0,"master_deck":["AscendersBane","Strike_G","Strike_G","Strike_G","Defend_G","Defend_G","Defend_G+1","Survivor","Neutralize","Dash+1","All Out Attack","Footwork+1","Blade Dance+1","Blade Dance","Well Laid Plans+1","Deadly Poison+1","After Image","Acrobatics","Venomology","Acrobatics+1","Sucker Punch+1","Sucker Punch+1","Noxious Fumes+1","Adrenaline","Reflex+1","Crippling Poison","Catalyst","Outmaneuver+1"],"relics":["Ring of the Snake","Toy Ornithopter","Bird Faced Urn","Mummified Hand","Odd Mushroom","Membership Card","Regal Pillow","Golden Idol","Coffee Dripper","Paper Crane","CeramicFish","Toolbox","Smiling Mask","Happy Flower","Bottled Flame","Tiny House","Bag of Marbles","WingedGreaves"],"acts_visited":["Exordium","TheCity","TheBeyond"],"potions_floor_usage":[7,13,21,23,25,27,30,31,33,35,36,39,40,40,40,40,40],"damage_taken":[{"damage":0,"enemies":"Small Slimes","floor":1,"turns":5},{"damage":3,"enemies":"Cultist","floor":3,"turns":5},{"damage":0,"enemies":"Jaw Worm","floor":4,"turns":4},{"damage":2,"enemies":"Blue Slaver","floor":5,"turns":7},{"damage":15,"enemies":"Lagavulin","floor":7,"turns":7},{"damage":15,"enemies":"The Mushroom Lair","floor":10,"turns":4},{"damage":8,"enemies":"Gremlin Nob","floor":13,"turns":4},{"damage":5,"enemies":"The Guardian","floor":16,"turns":13},{"damage":8,"enemies":"Shell Parasite","floor":18,"turns":5},{"damage":0,"enemies":"3 Byrds","floor":21,"turns":4},{"damage":0,"enemies":"Snake Plant","floor":22,"turns":6},{"damage":0,"enemies":"Gremlin Leader","floor":23,"turns":10},{"damage":16,"enemies":"Slavers","floor":25,"turns":8},{"damage":1,"enemies":"Snecko","floor":27,"turns":6},{"damage":0,"enemies":"Centurion and Healer","floor":29,"turns":8},{"damage":0,"enemies":"Snake Plant","floor":30,"turns":6},{"damage":6,"enemies":"Gremlin Leader","floor":31,"turns":8},{"damage":19,"enemies":"Automaton","floor":33,"turns":12},{"damage":2,"enemies":"3 Darklings","floor":35,"turns":10},{"damage":0,"enemies":"3 Shapes","floor":36,"turns":6},{"damage":29,"enemies":"Spire Growth","floor":39,"turns":4},{"damage":94,"enemies":"Reptomancer","floor":40,"turns":6}],"seed_played":"-7168588222881868636","potions_obtained":[{"floor":4,"key":"Strength Potion"},{"floor":7,"key":"PowerPotion"},{"floor":13,"key":"Strength Potion"},{"floor":18,"key":"CunningPotion"},{"floor":23,"key":"Energy Potion"},{"floor":34,"key":"GamblersBrew"}],"is_trial":false,"path_per_floor":["M","?","M","M","M","R","E","R","T","?","R","$","E","?","R","B",null,"M","$","?","M","M","E","$","E","T","M","R","M","M","E","R","B",null,"M","M","?","$","M","E"],"character_chosen":"THE_SILENT","items_purchased":["Membership Card","Well Laid Plans","AttackPotion","Paper Crane","Toolbox","Catalyst","Bag of Marbles","WingedGreaves"],"campfire_rested":0,"item_purchase_floors":[12,12,12,19,24,38,38,38],"current_hp_per_floor":[59,59,56,56,54,54,44,44,44,31,31,31,32,32,32,31,53,51,51,51,60,60,60,60,48,48,60,60,60,60,54,54,48,62,65,65,65,65,47,0,0],"gold":113,"neow_bonus":"RANDOM_COMMON_RELIC","is_daily":false,"chose_seed":false,"campfire_upgraded":6,"win_rate":0.0,"timestamp":1612544074,"path_taken":["M","?","M","M","?","R","E","R","T","?","R","?","E","?","R","BOSS","M","$","?","M","M","E","$","E","T","M","R","M","M","E","R","BOSS","M","M","?","$","M","E"],"items_purchased_type":["Relic","Card","Potion","Relic","Relic","Card","Relic","Relic"],"build_version":"2020-12-22","purchased_purges":2,"victory":false,"max_hp_per_floor":[66,66,66,66,66,66,66,66,66,66,66,66,66,60,60,60,60,60,60,60,60,60,60,60,60,60,60,60,60,60,60,60,60,65,65,65,65,65,65,65,65],"relic_stats":{"Regal Pillow":0,"Happy Flower":[22],"counters":[22,148],"Mummified Hand":[63],"Golden Idol":107,"Bird Faced Urn":[59],"CeramicFish":81,"Smiling Mask":0,"obtain_stats":[{"Regal Pillow":13,"Tiny House":34,"Happy Flower":26,"Golden Idol":14,"CeramicFish":23,"Odd Mushroom":10,"Paper Crane":19,"Smiling Mask":25,"Bottled Flame":31,"Mummified Hand":9,"Bird Faced Urn":7,"Toolbox":24,"WingedGreaves":38,"Coffee Dripper":17,"Bag of Marbles":38,"Membership Card":12,"Toy Ornithopter":0,"Ring of the Snake":0},{"Regal Pillow":7,"Tiny House":18,"Happy Flower":13,"Golden Idol":7,"CeramicFish":12,"Odd Mushroom":6,"Paper Crane":9,"Smiling Mask":13,"Bottled Flame":17,"Mummified Hand":5,"Bird Faced Urn":5,"Toolbox":12,"WingedGreaves":20,"Coffee Dripper":8,"Bag of Marbles":20,"Membership Card":6,"Toy Ornithopter":0,"Ring of the Snake":0},{"Regal Pillow":36,"Tiny House":122,"Happy Flower":82,"Golden Idol":36,"CeramicFish":74,"Odd Mushroom":32,"Paper Crane":54,"Smiling Mask":82,"Bottled Flame":110,"Mummified Hand":28,"Bird Faced Urn":28,"Toolbox":74,"WingedGreaves":138,"Coffee Dripper":49,"Bag of Marbles":138,"Membership Card":32,"Toy Ornithopter":0,"Ring of the Snake":0}],"Toy Ornithopter":55,"Ring of the Snake":[44]},"card_choices":[{"not_picked":["PiercingWail","Deflect"],"picked":"Dash","floor":1},{"not_picked":["Deflect","Acrobatics"],"picked":"All Out Attack","floor":3},{"not_picked":["Dagger Throw","Quick Slash"],"picked":"Footwork","floor":4},{"not_picked":["Backflip","Burst"],"picked":"Blade Dance","floor":5},{"not_picked":["Prepared","Tactician"],"picked":"Blade Dance","floor":7},{"not_picked":["Outmaneuver","Slice"],"picked":"Deadly Poison","floor":13},{"not_picked":["Wraith Form v2","Bullet Time"],"picked":"After Image","floor":16},{"not_picked":["Bane","Outmaneuver","Flying Knee"],"picked":"SKIP","floor":18},{"not_picked":["Caltrops","Flying Knee"],"picked":"Acrobatics","floor":21},{"not_picked":["Backflip","Dodge and Roll"],"picked":"Venomology","floor":22},{"not_picked":["Footwork","Sucker Punch"],"picked":"Acrobatics+1","floor":23},{"not_picked":["Cloak And Dagger","Flechettes","Acrobatics"],"picked":"SKIP","floor":25},{"not_picked":["Underhanded Strike","Flying Knee"],"picked":"Sucker Punch+1","floor":27},{"not_picked":["Blade Dance","Dash","Predator"],"picked":"SKIP","floor":29},{"not_picked":["Dash","Escape Plan"],"picked":"Sucker Punch+1","floor":30},{"not_picked":["Escape Plan","Envenom"],"picked":"Noxious Fumes","floor":31},{"not_picked":["Bullet Time","Venomology"],"picked":"Adrenaline","floor":33},{"not_picked":["Deadly Poison","Slice"],"picked":"Reflex+1","floor":34},{"not_picked":["Slice","Dagger Throw","Bane+1"],"picked":"SKIP","floor":35},{"not_picked":["Reflex","Dagger Spray+1"],"picked":"Crippling Poison","floor":36},{"not_picked":["Heel Hook+1","Masterful Stab"],"picked":"Outmaneuver+1","floor":39}],"player_experience":1935995,"relics_obtained":[{"floor":7,"key":"Bird Faced Urn"},{"floor":9,"key":"Mummified Hand"},{"floor":10,"key":"Odd Mushroom"},{"floor":13,"key":"Regal Pillow"},{"floor":23,"key":"CeramicFish"},{"floor":25,"key":"Smiling Mask"},{"floor":26,"key":"Happy Flower"},{"floor":31,"key":"Bottled Flame"}],"event_choices":[{"cards_removed":["Defend_G"],"damage_healed":0,"gold_gain":0,"player_choice":"Purged","damage_taken":0,"max_hp_gain":0,"max_hp_loss":0,"event_name":"Purifier","floor":2,"gold_loss":0},{"damage_healed":0,"gold_gain":0,"player_choice":"Fought Mushrooms","damage_taken":0,"max_hp_gain":0,"max_hp_loss":0,"event_name":"Mushrooms","floor":10,"gold_loss":0},{"damage_healed":0,"gold_gain":0,"player_choice":"Lose Max HP","damage_taken":0,"relics_obtained":["Golden Idol"],"max_hp_gain":0,"max_hp_loss":6,"event_name":"Golden Idol","floor":14,"gold_loss":0},{"damage_healed":0,"gold_gain":0,"player_choice":"Ignored","damage_taken":0,"max_hp_gain":0,"max_hp_loss":0,"event_name":"Ghosts","floor":20,"gold_loss":0},{"cards_removed":["Defend_G"],"damage_healed":0,"gold_gain":0,"player_choice":"Removed Skill","damage_taken":0,"max_hp_gain":0,"max_hp_loss":0,"event_name":"Falling","floor":37,"gold_loss":0}],"is_beta":false,"boss_relics":[{"not_picked":["Ectoplasm","Snecko Eye"],"picked":"Coffee Dripper"},{"not_picked":["SlaversCollar","Runic Dome"],"picked":"Tiny House"}],"items_purged_floors":[12,38],"is_endless":false,"potions_floor_spawned":[4,7,13,18,23,27,29,30,31,35,39],"killed_by":"Reptomancer","ascension_level":20}}