{"host":"cvi30shpqg1ukvbr","time":1612530715,"event":{"mods":["Act Like it!","BaseMod","Better Altar","Better Match","Better Note","Better Sensory Stone","Better Skull","Better Third Choice","Conspire","GifTheSpireLib","Hubris","Infinite Spire","Minty Spire (QoL Compilation)","Relic Stats","Replay The Spire","Shop Mod","Spicy Shops","StSLib","Stuff the Spire"],"gold_per_floor":[113,131,131,11,25,58,73,99,173,188,214,41,41,54,54,153,153,165,176,189,202,202,230,230,259,259,259,259,292,292,305,305,409,409,420,440,457,472,372,372,372,372,401,436,460,491,491,525,553,463,463,463,463],"floor_reached":52,"language":"ENG","playtime":2033,"items_purged":[],"score":793,"play_id":"f0eae344-b01b-445a-8e83-3aa7dd5c5562","local_time":"20210205221155","is_ascension_mode":true,"campfire_choices":[{"data":"Armaments","floor":15,"key":"SMITH"},{"data":"Armaments","floor":24,"key":"SMITH"},{"floor":28,"key":"REST"},{"data":"infinitespire:Starlight","floor":28,"key":"SMITH"},{"floor":30,"key":"REST"},{"floor":30,"key":"RECALL"},{"data":"Rage","floor":32,"key":"SMITH"},{"floor":42,"key":"REST"},{"data":"StuffTheSpire:Resist","floor":42,"key":"SMITH"},{"floor":47,"key":"REST"},{"data":"Strike_R","floor":47,"key":"PURGE"},{"floor":51,"key":"REST"}],"circlet_count":0,"master_deck":["Defend_R","Defend_R","Defend_R","Defend_R","Bash+1","Cleave","Twin Strike","Spot Weakness","Cleave","Rage+1","Power Through","conspire:Charge","Carnage","Second Wind+1","conspire:Purge","Hemokinesis","hubris:ReadiedAction","Heavy Blade","Armaments+1","Immolate","Evolve+1","infinitespire:Starlight+1","Thunderclap","Feed+1","Flex+1","StuffTheSpire:Resist+1","StuffTheSpire:Resist+1","Fire Breathing+1","Spot Weakness+1","StuffTheSpire:Incineration+1","Whirlwind+1","ReplayTheSpireMod:Muscle Training+1","Whirlwind+1"],"relics":["Burning Blood","hubris:SphereOfDissonance","Potion Belt","Pear","hubris:OldNail","Blue Candle","Velvet Choker","hubris:GlazedTorus","Omamori","infinitespire:Bottled Soul","infinitespire:Magic Flask","WingedGreaves","hubris:Backtick","hubris:IronBody","Replay:Multitool","Bag of Marbles","ReplayTheSpireMod:TigerMarble","StuffTheSpire:HeavyRock","StuffTheSpire:ForceGauntlet","Quantum Egg"],"acts_visited":["Exordium","TheCity","TheBeyond"],"potions_floor_usage":[11,16,21,29,36,37,46,49,52,52],"damage_taken":[{"damage":5,"enemies":"2 Louse","floor":1,"turns":3},{"damage":1,"enemies":"Cultist","floor":2,"turns":3},{"damage":2,"enemies":"Small Slimes","floor":5,"turns":2},{"damage":14,"enemies":"Replay:BlueRogue","floor":6,"turns":4},{"damage":0,"enemies":"2 Fungi Beasts","floor":7,"turns":2},{"damage":14,"enemies":"Gremlin Nob","floor":8,"turns":3},{"damage":0,"enemies":"3 Louse","floor":10,"turns":1},{"damage":23,"enemies":"Lagavulin","floor":11,"turns":4},{"damage":8,"enemies":"Lots of Slimes","floor":14,"turns":3},{"damage":47,"enemies":"Hexaghost","floor":16,"turns":9},{"damage":24,"enemies":"3 Byrds","floor":18,"turns":5},{"damage":7,"enemies":"Shell Parasite","floor":19,"turns":3},{"damage":15,"enemies":"Centurion and Healer","floor":20,"turns":5},{"damage":22,"enemies":"Cultist and Chosen","floor":21,"turns":6},{"damage":24,"enemies":"conspire:SneckoGhost","floor":23,"turns":7},{"damage":39,"enemies":"Replay:Snechameleon","floor":25,"turns":4},{"damage":41,"enemies":"Gremlin Leader","floor":29,"turns":6},{"damage":13,"enemies":"3 Cultists","floor":31,"turns":4},{"damage":76,"enemies":"Champ","floor":33,"turns":12},{"damage":15,"enemies":"Orb Walker","floor":35,"turns":2},{"damage":58,"enemies":"3 Darklings","floor":36,"turns":5},{"damage":5,"enemies":"4 Shapes","floor":37,"turns":3},{"damage":52,"enemies":"Sphere and 2 Shapes","floor":38,"turns":6},{"damage":0,"enemies":"R_Hoarder","floor":43,"turns":5},{"damage":23,"enemies":"Reptomancer","floor":44,"turns":6},{"damage":3,"enemies":"Giant Head","floor":46,"turns":5},{"damage":7,"enemies":"R_Hoarder","floor":48,"turns":4},{"damage":37,"enemies":"Reptomancer","floor":49,"turns":5},{"damage":159,"enemies":"conspire:OrnateMirror","floor":52,"turns":6}],"seed_played":"8773870925101010250","potions_obtained":[{"floor":7,"key":"PowerPotion"},{"floor":8,"key":"Swift Potion"},{"floor":14,"key":"Fire Potion"},{"floor":16,"key":"Elixir"},{"floor":19,"key":"EssenceOfSteel"},{"floor":20,"key":"SteroidPotion"},{"floor":29,"key":"FearPotion"},{"floor":31,"key":"conspire:TimeTravelPotion"},{"floor":33,"key":"Explosive Potion"},{"floor":37,"key":"SkillPotion"},{"floor":44,"key":"Swift Potion"},{"floor":48,"key":"FearPotion"}],"is_trial":false,"path_per_floor":["M","M","?","$","M","E","M","E","T","M","E","$","T","M","R","B",null,"M","M","M","M","?","E","R","E","T","AVR","R","E","R","M","R","B",null,"M","M","M","M","NS","PTL","PTL","R","E","E","T","E","R","E","E","?","R","B"],"character_chosen":"IRONCLAD","items_purchased":["Spot Weakness","Cleave","hubris:OldNail","Armaments"],"campfire_rested":5,"item_purchase_floors":[4,4,12,12],"current_hp_per_floor":[80,80,80,80,80,72,78,70,70,76,69,69,69,67,67,26,90,72,71,62,46,90,72,72,39,39,39,66,46,73,66,66,11,90,81,62,63,32,32,32,32,59,80,66,66,69,93,92,61,61,93,0,0],"gold":463,"neow_bonus":"RANDOM_EVENT","is_daily":false,"chose_seed":false,"campfire_upgraded":5,"win_rate":0.0,"timestamp":1612530715,"path_taken":["M","M","?","$","M","E","M","E","T","M","E","$","?","M","R","BOSS","M","M","M","M","?","E","R","E","T","AVR","R","E","R","M","R","BOSS","M","M","M","M","NS","PTL","PTL","R","E","E","T","E","R","E","E","?","R","BOSS"],"items_purchased_type":["Card","Card","Relic","Card"],"build_version":"2020-12-22","purchased_purges":0,"victory":false,"max_hp_per_floor":[80,80,80,80,80,80,80,80,80,80,90,90,90,90,90,90,90,90,90,90,90,90,90,90,90,90,90,90,90,90,90,90,90,90,90,90,90,90,90,90,90,90,90,93,93,93,93,93,93,93,93,93,93],"relic_stats":{"counters":[29,133],"Blue Candle":[0],"obtain_stats":[{"Potion Belt":8,"Pear":11,"Blue Candle":13,"StuffTheSpire:ForceGauntlet":48,"Quantum Egg":49,"hubris:SphereOfDissonance":6,"Velvet Choker":17,"Omamori":25,"Replay:Multitool":43,"infinitespire:Magic Flask":27,"Burning Blood":0,"hubris:Backtick":34,"infinitespire:Bottled Soul":26,"StuffTheSpire:HeavyRock":46,"WingedGreaves":29,"hubris:IronBody":34,"Bag of Marbles":44,"ReplayTheSpireMod:TigerMarble":45,"hubris:OldNail":12,"hubris:GlazedTorus":23},{"Potion Belt":6,"Pear":8,"Blue Candle":8,"StuffTheSpire:ForceGauntlet":27,"Quantum Egg":28,"hubris:SphereOfDissonance":4,"Velvet Choker":10,"Omamori":16,"Replay:Multitool":24,"infinitespire:Magic Flask":16,"Burning Blood":0,"hubris:Backtick":19,"infinitespire:Bottled Soul":16,"StuffTheSpire:HeavyRock":26,"WingedGreaves":17,"hubris:IronBody":19,"Bag of Marbles":25,"ReplayTheSpireMod:TigerMarble":25,"hubris:OldNail":8,"hubris:GlazedTorus":15},{"Potion Belt":17,"Pear":22,"Blue Candle":22,"StuffTheSpire:ForceGauntlet":122,"Quantum Egg":127,"hubris:SphereOfDissonance":12,"Velvet Choker":34,"Omamori":64,"Replay:Multitool":107,"infinitespire:Magic Flask":64,"Burning Blood":0,"hubris:Backtick":86,"infinitespire:Bottled Soul":64,"StuffTheSpire:HeavyRock":118,"WingedGreaves":70,"hubris:IronBody":86,"Bag of Marbles":113,"ReplayTheSpireMod:TigerMarble":113,"hubris:OldNail":22,"hubris:GlazedTorus":60}],"Burning Blood":158},"card_choices":[{"not_picked":["hubris:ReadiedAction","infinitespire:OneForAll"],"picked":"Cleave","floor":1},{"not_picked":["Anger","Massacre"],"picked":"Twin Strike","floor":2},{"not_picked":["Sword Boomerang","Massacre"],"picked":"Rage","floor":5},{"not_picked":["Warcry","Battle Trance"],"picked":"Power Through","floor":6},{"not_picked":["Combust","Clash"],"picked":"conspire:Charge","floor":7},{"not_picked":["StuffTheSpire:RockThrow","Rampage","Run Through"],"picked":"SKIP","floor":8},{"not_picked":["Rampage","hubris:SharpeningStone"],"picked":"Carnage","floor":10},{"not_picked":["Combust","True Grit"],"picked":"Second Wind","floor":11},{"not_picked":["True Grit","Armaments"],"picked":"Wild Strike","floor":14},{"not_picked":["Replay:Many Hands","Fiend Fire"],"picked":"conspire:Purge","floor":16},{"not_picked":["StuffTheSpire:RockThrow+1","Anger+1"],"picked":"Hemokinesis","floor":18},{"not_picked":["Perfected Strike+1","Clash"],"picked":"hubris:ReadiedAction","floor":19},{"not_picked":["Thunderclap","Clothesline"],"picked":"Heavy Blade","floor":20},{"not_picked":["Pommel Strike","ReplayReversal"],"picked":"Armaments","floor":21},{"not_picked":["hubris:ReadiedAction","Run Through+1"],"picked":"Immolate","floor":23},{"not_picked":["StuffTheSpire:RockThrow","Eclipse"],"picked":"Evolve+1","floor":25},{"not_picked":["Abandon","Iron Wave"],"picked":"Wild Strike+1","floor":29},{"not_picked":["Sentinel","StuffTheSpire:Incineration"],"picked":"Thunderclap","floor":31},{"not_picked":["conspire:HitWhereItHurts","Replay:Many Hands"],"picked":"Feed","floor":33},{"not_picked":["Body Slam","Uppercut+1"],"picked":"Flex+1","floor":35},{"not_picked":["Sword Boomerang","Anger+1"],"picked":"StuffTheSpire:Resist","floor":36},{"not_picked":["Perfected Strike+1","StuffTheSpire:Incineration"],"picked":"StuffTheSpire:Resist+1","floor":37},{"not_picked":["Eclipse","Shrug It Off"],"picked":"Fire Breathing+1","floor":38},{"not_picked":["Defy Death","Warcry+1"],"picked":"Spot Weakness+1","floor":43},{"not_picked":["Shrug It Off+1","Seeing Red+1"],"picked":"StuffTheSpire:Incineration+1","floor":44},{"not_picked":["Sword Boomerang+1","conspire:Charge"],"picked":"Whirlwind+1","floor":46},{"not_picked":["Massacre+1","Demonic Infusion"],"picked":"ReplayTheSpireMod:Muscle Training+1","floor":48},{"not_picked":["Seeing Red+1","StuffTheSpire:RagingBull+1"],"picked":"Whirlwind+1","floor":49}],"player_experience":1832248,"relics_obtained":[{"floor":6,"key":"hubris:SphereOfDissonance"},{"floor":8,"key":"Potion Belt"},{"floor":11,"key":"Pear"},{"floor":13,"key":"Blue Candle"},{"floor":23,"key":"hubris:GlazedTorus"},{"floor":25,"key":"Omamori"},{"floor":26,"key":"infinitespire:Bottled Soul"},{"floor":29,"key":"WingedGreaves"},{"floor":43,"key":"Replay:Multitool"},{"floor":44,"key":"Bag of Marbles"},{"floor":45,"key":"ReplayTheSpireMod:TigerMarble"},{"floor":46,"key":"StuffTheSpire:HeavyRock"},{"floor":48,"key":"StuffTheSpire:ForceGauntlet"},{"floor":49,"key":"Quantum Egg"}],"event_choices":[{"damage_healed":0,"gold_gain":0,"player_choice":"Grow","damage_taken":0,"max_hp_gain":0,"max_hp_loss":0,"event_name":"Living Wall","floor":0,"gold_loss":0,"cards_upgraded":["Bash"]},{"damage_healed":0,"gold_gain":0,"player_choice":"Bought 0 Potions","damage_taken":0,"max_hp_gain":0,"max_hp_loss":0,"event_name":"The Woman in Blue","floor":3,"gold_loss":0},{"damage_healed":44,"gold_gain":0,"player_choice":"Full Heal","damage_taken":0,"max_hp_gain":0,"max_hp_loss":0,"event_name":"Wheel of Change","floor":22,"gold_loss":0},{"cards_removed":["Wild Strike"],"damage_healed":0,"gold_gain":0,"player_choice":"Upgrade and Remove","damage_taken":0,"max_hp_gain":0,"max_hp_loss":0,"event_name":"Designer","floor":50,"gold_loss":90,"cards_upgraded":["Feed"]}],"is_beta":false,"boss_relics":[{"not_picked":["Ectoplasm","Ooze Armor"],"picked":"Velvet Choker"},{"not_picked":["Snecko Heart","Pandora\u0027s Box"],"picked":"hubris:Backtick"}],"items_purged_floors":[],"is_endless":false,"potions_floor_spawned":[7,8,14,16,19,20,29,31,33,35,37,44,48],"killed_by":"conspire:OrnateMirror","ascension_level":1}}