{"host":"1ooxfz79hmpvpehx","time":1612555043,"event":{"mods":["BaseMod","Minty Spire (QoL Compilation)","Quick Restart","Replay The Spire","StSLib","SuperFastMode"],"gold_per_floor":[119,119,44,44,60,60,60,86,111,123,123,123,143,143,143],"floor_reached":14,"language":"ENG","playtime":460,"items_purged":["Strike_B"],"score":92,"play_id":"c299c75a-644c-423f-9ce7-4ede10d58e8d","local_time":"20210205165723","is_ascension_mode":true,"campfire_choices":[{"data":"Force Field","floor":6,"key":"SMITH"}],"circlet_count":0,"master_deck":["Strike_B","Strike_B","Defend_B","Defend_B","Defend_B","Defend_B","Creative AI+1","BootSequence","Vigilance","Eruption","Force Field+1","Reinforced Body","Time Bomb"],"relics":["Cracked Core","Replay:Bottled Eggs","Bird Faced Urn","Replay:Wax Seal"],"acts_visited":["Exordium"],"potions_floor_usage":[8,14],"damage_taken":[{"damage":1,"enemies":"Jaw Worm","floor":1,"turns":5},{"damage":0,"enemies":"2 Louse","floor":5,"turns":5},{"damage":37,"enemies":"Lagavulin","floor":8,"turns":10},{"damage":6,"enemies":"Small Slimes","floor":10,"turns":6},{"damage":0,"enemies":"Looter","floor":13,"turns":4},{"damage":63,"enemies":"Gremlin Nob","floor":14,"turns":5}],"seed_played":"-1252860768435397810","potions_obtained":[{"floor":5,"key":"Regen Potion"},{"floor":13,"key":"LiquidMemories"}],"is_trial":false,"path_per_floor":["M","?","$","?","M","R","?","E","T","M","PTL","PTL","M","E"],"character_chosen":"DEFECT","items_purchased":[],"campfire_rested":0,"item_purchase_floors":[],"current_hp_per_floor":[74,71,71,71,71,71,71,39,39,43,43,43,47,0,0],"gold":143,"neow_bonus":"ONE_RANDOM_RARE_CARD","is_daily":false,"chose_seed":false,"campfire_upgraded":1,"win_rate":0.0,"timestamp":1612555043,"path_taken":["M","?","$","?","M","R","?","E","T","M","PTL","PTL","M","E"],"items_purchased_type":[],"build_version":"2020-12-22","purchased_purges":1,"victory":false,"max_hp_per_floor":[75,75,75,75,75,75,75,75,75,75,75,75,75,75,75],"card_choices":[{"not_picked":["BasicCrystalCard","Scrape","BootSequence"],"picked":"SKIP","floor":1},{"not_picked":["BasicCrystalCard","Scrape"],"picked":"BootSequence","floor":1},{"not_picked":["Sweeping Beam","Steam Power"],"picked":"Force Field","floor":5},{"not_picked":["ReplayTheSpireMod:GoodbyeWorld","Melter","Reprogram"],"picked":"SKIP","floor":8},{"not_picked":["Cold Snap","Conserve Battery","Beam Cell"],"picked":"SKIP","floor":10},{"not_picked":["Double Energy","ReplaySort"],"picked":"Time Bomb","floor":13}],"player_experience":20477,"relics_obtained":[{"floor":8,"key":"Bird Faced Urn"},{"floor":9,"key":"Replay:Wax Seal"}],"event_choices":[{"damage_healed":0,"gold_gain":0,"player_choice":"Success","damage_taken":3,"relics_obtained":["Replay:Bottled Eggs"],"max_hp_gain":0,"max_hp_loss":0,"event_name":"Scrap Ooze","floor":2,"gold_loss":0},{"damage_healed":0,"gold_gain":0,"cards_transformed":["Strike_B"],"player_choice":"Transformed","damage_taken":0,"max_hp_gain":0,"max_hp_loss":0,"event_name":"Transmorgrifier","floor":7,"gold_loss":0,"cards_obtained":["Reinforced Body"]}],"is_beta":false,"boss_relics":[],"items_purged_floors":[3],"is_endless":false,"potions_floor_spawned":[5,13],"killed_by":"Gremlin Nob","ascension_level":1}}