{"host":"pvb1dnq3v1dy3axt","time":1612537752,"event":{"mods":["BaseMod","Colored Powertips","Energized Spire","HololiveMod","Minty Spire (QoL Compilation)","MostiFishMod","Quick Restart","Shop Mod","Spicy Shops","StSLib","Uncapped","noobMod","¡¾ÒÅÎï¿¨ÅÆ¡¿REMEMod","óô»ðÖ¸ÄÏ"],"gold_per_floor":[111,123,123,123,134,134,168,3,3,38,38,34,14,12,12,112,112,126,143,143,154,154,185,185,213,213,245,345,345,30,30,14,116,116,132,150,150,8,22,29,28,25,25,25,41,132,132,24,15,15],"floor_reached":51,"language":"ZHS","playtime":3690,"items_purged":["Strike_R","Defend_R","Strike_R","Injury","Strike_R","Defend_R","Sword Boomerang","Defend_R","Warcry","Panacea","Rupture+1","Parasite","Defend_R","Flex","Armaments"],"score":1165,"play_id":"f6fc6a3e-786a-4208-afed-c952d645b566","local_time":"20210205230912","is_ascension_mode":true,"campfire_choices":[{"data":"REME_Fury","floor":6.0,"key":"SMITH"},{"data":"Burning Pact","floor":15.0,"key":"SMITH"},{"data":"Armaments","floor":24.0,"key":"SMITH"}],"circlet_count":0,"master_deck":["REME_TheLastStrike+1","REME_Fury+1","Shrug It Off","Body Slam+1","Burning Pact+1","MostiFishMod:Chiaki","Entrench+1","MostiFishMod:UltimateDefense","Armaments+1","Madness","Madness","Warcry","Entrench+1"],"relics":["Burning Blood","ice","DaveBox","REME_ComplimentaryCards","BirthdayGift-Tetrahedron","SynthV:TestCard","DaCapo","REME_OnlineShoppingPlatform","Letter Opener","Centennial Puzzle","RhineCircuit","ImprovedEquipment","Frozen Egg 2","Juzu Bracelet","MerchantsRug","Orichalcum","Nunchaku","Meat on the Bone","Gremlin Horn","Ice Cream","Civilization","Medical Kit","DianDianMeat","Paper Frog","Prayer Wheel","Whetstone"],"acts_visited":["Exordium","TheCity","TheBeyond"],"potions_floor_usage":[49],"damage_taken":[{"damage":3.0,"enemies":"Jaw Worm","floor":1.0,"turns":2.0},{"damage":3.0,"enemies":"Small Slimes","floor":2.0,"turns":2.0},{"damage":3.0,"enemies":"2 Louse","floor":5.0,"turns":2.0},{"damage":4.0,"enemies":"Gremlin Nob","floor":7.0,"turns":3.0},{"damage":6.0,"enemies":"3 Sentries","floor":10.0,"turns":3.0},{"damage":3.0,"enemies":"Gremlin Gang","floor":12.0,"turns":3.0},{"damage":0.0,"enemies":"3 Louse","floor":13.0,"turns":2.0},{"damage":2.0,"enemies":"Looter","floor":14.0,"turns":2.0},{"damage":31.0,"enemies":"Hexaghost","floor":16.0,"turns":5.0},{"damage":0.0,"enemies":"2 Thieves","floor":18.0,"turns":2.0},{"damage":0.0,"enemies":"Chosen","floor":19.0,"turns":2.0},{"damage":13.0,"enemies":"Centurion and Healer","floor":21.0,"turns":4.0},{"damage":3.0,"enemies":"Book of Stabbing","floor":23.0,"turns":4.0},{"damage":0.0,"enemies":"Slavers","floor":25.0,"turns":2.0},{"damage":101.0,"enemies":"REME_1_Revenger","floor":27.0,"turns":7.0},{"damage":0.0,"enemies":"Collector","floor":33.0,"turns":20.0},{"damage":0.0,"enemies":"Orb Walker","floor":35.0,"turns":2.0},{"damage":0.0,"enemies":"3 Darklings","floor":36.0,"turns":2.0},{"damage":0.0,"enemies":"Sphere and 2 Shapes","floor":39.0,"turns":1.0},{"damage":0.0,"enemies":"Writhing Mass","floor":45.0,"turns":2.0},{"damage":0,"enemies":"Time Eater","floor":50,"turns":8}],"seed_played":"-3492040764016239075","potions_obtained":[{"floor":1.0,"key":"DistilledChaos"},{"floor":5.0,"key":"LiquidBronze"}],"is_trial":false,"path_per_floor":["M","M","?","?","M","R","E","R","T","E","$","M","M","M","R","B",null,"M","M","?","M","?","E","R","E","T","E","?","?","R","?","R","B",null,"M","M","?","$","M","R","$","R","T","?","M","R","?","$","R","B",null],"character_chosen":"IRONCLAD","items_purchased":["REME_OnlineShoppingPlatform","MerchantsRug","Orichalcum","Nunchaku","Meat on the Bone","Gremlin Horn","Ice Cream","Civilization","Lee\u0027s Waffle","Matryoshka","Strawberry","Medical Kit","DianDianMeat","Mango","Panacea","Warcry","Panacea","Pear","Rupture+1","Prayer Wheel","DollysMirror","Whetstone","Armaments","Flex"],"campfire_rested":0,"item_purchase_floors":[8,30,30,30,30,32,38,38,38,38,40,41,42,42,42,42,46,46,46,46,48,49,49,49],"current_hp_per_floor":[80,80,80,80,80,80,80,85,85,85,85,100,100,100,100,75,100,100,100,100,93,93,96,96,100,100,95,95,95,100,100,100,106,126,127,129,129,146,149,156,156,178,178,163,184,209,209,218,244,255],"gold":15,"neow_bonus":"TRANSFORM_CARD","is_daily":false,"chose_seed":false,"campfire_upgraded":3,"win_rate":0.0,"timestamp":1612537752,"path_taken":["M","M","?","?","M","R","E","R","T","E","$","M","M","M","R","BOSS","M","M","?","M","?","E","R","E","T","E","?","?","R","?","R","BOSS","M","M","?","$","M","R","$","R","T","?","M","R","?","$","R","BOSS"],"items_purchased_type":["Relic","Relic","Relic","Relic","Relic","Relic","Relic","Relic","Relic","Relic","Relic","Relic","Relic","Relic","Card","Card","Card","Relic","Card","Relic","Relic","Relic","Card","Card"],"build_version":"2020-12-22","purchased_purges":15,"victory":true,"max_hp_per_floor":[80,80,80,80,80,80,80,85,85,85,85,100,100,100,100,100,100,100,100,100,100,100,100,100,100,100,101,101,101,106,106,106,126,126,127,129,129,146,149,156,156,178,178,185,200,222,222,231,257,262],"card_choices":[{"not_picked":["Thunderclap","Rage","Blood for Blood"],"picked":"SKIP","floor":1.0},{"not_picked":["Rupture","Warcry","Reckless Charge","Havoc","Infernal Blade"],"picked":"SKIP","floor":2.0},{"not_picked":["Heavy Blade","Warcry","Cleave","Flex"],"picked":"Shrug It Off","floor":5.0},{"not_picked":["Uppercut","Clothesline","Carnage","Heavy Blade"],"picked":"Sword Boomerang","floor":7.0},{"not_picked":["Pummel","Perfected Strike","MostiFishMod:TemporaryOutbreak","Armaments","Havoc"],"picked":"SKIP","floor":10.0},{"not_picked":["True Grit","Warcry","Shrug It Off","Dropkick"],"picked":"Body Slam","floor":12.0},{"not_picked":["Blood for Blood","Headbutt","Perfected Strike","Havoc"],"picked":"Burning Pact","floor":13.0},{"not_picked":["Pommel Strike","Pummel","Dual Wield","Havoc","Evolve"],"picked":"SKIP","floor":14.0},{"not_picked":["MostiFishMod:RainCloud","MostiFishMod:KnuckleDown","REME_TheLastStrike","REME_Fury"],"picked":"MostiFishMod:Chiaki","floor":16.0},{"not_picked":["Wild Strike","Headbutt+1","Anger","Twin Strike+1"],"picked":"Entrench","floor":18.0},{"not_picked":["Evolve","Iron Wave+1","True Grit","Perfected Strike+1","Havoc"],"picked":"SKIP","floor":19.0},{"not_picked":["MostiFishMod:BrandingRite","Perfected Strike","Iron Wave","MostiFishMod:CullingBlade"],"picked":"Armaments","floor":21.0},{"not_picked":["Sentinel","Berserk","Uppercut","Heavy Blade","MostiFishMod:CullingBlade"],"picked":"SKIP","floor":23.0},{"not_picked":["Perfected Strike","Rupture+1","Cleave","REME_Scribble","Body Slam"],"picked":"SKIP","floor":25.0},{"not_picked":["Iron Wave+1","Twin Strike+1","REME_TheLastStrike","Body Slam+1","Sword Boomerang"],"picked":"SKIP","floor":27.0},{"not_picked":["Flex","Shrug It Off+1","Clothesline","Metallicize+1","Headbutt+1"],"picked":"SKIP","floor":35.0},{"not_picked":["Thunderclap+1","Pommel Strike+1","Whirlwind","Wild Strike","Body Slam"],"picked":"SKIP","floor":36.0},{"not_picked":["Impervious","Sentinel","REME_FearOfPain+1","Thunderclap+1","Heavy Blade"],"picked":"SKIP","floor":39.0},{"not_picked":["REME_FearOfPain+1","Cleave","Flex","Perfected Strike"],"picked":"Warcry","floor":45.0}],"player_experience":135427,"relics_obtained":[{"floor":1.0,"key":"SynthV:TestCard"},{"floor":7.0,"key":"DaCapo"},{"floor":9.0,"key":"Letter Opener"},{"floor":10.0,"key":"Centennial Puzzle"},{"floor":23.0,"key":"ImprovedEquipment"},{"floor":25.0,"key":"Bag of Preparation"},{"floor":26.0,"key":"Frozen Egg 2"},{"floor":27.0,"key":"Juzu Bracelet"},{"floor":43.0,"key":"Paper Frog"}],"event_choices":[{"cards_removed":["Strike_R"],"damage_healed":0.0,"max_hp_gain":0.0,"max_hp_loss":0.0,"gold_gain":0.0,"event_name":"Living Wall","player_choice":"Forget","floor":3.0,"gold_loss":0.0,"damage_taken":0.0},{"damage_healed":0.0,"max_hp_gain":0.0,"max_hp_loss":0.0,"gold_gain":0.0,"event_name":"Liars Game","player_choice":"Ignored","floor":4.0,"gold_loss":0.0,"damage_taken":0.0},{"damage_healed":0.0,"max_hp_gain":0.0,"max_hp_loss":0.0,"gold_gain":0.0,"event_name":"The Library","player_choice":"Read","floor":20.0,"gold_loss":0.0,"damage_taken":0.0,"cards_obtained":["MostiFishMod:UltimateDefense"]},{"cards_removed":["Strike_R"],"damage_healed":0.0,"max_hp_gain":0.0,"max_hp_loss":0.0,"gold_gain":0.0,"event_name":"Back to Basics","player_choice":"Elegance","floor":22.0,"gold_loss":0.0,"damage_taken":0.0},{"damage_healed":0.0,"max_hp_gain":0.0,"max_hp_loss":0.0,"gold_gain":100.0,"event_name":"Golden Shrine","player_choice":"Pray","floor":28.0,"gold_loss":0.0,"damage_taken":0.0},{"damage_healed":0.0,"max_hp_gain":0.0,"max_hp_loss":0.0,"gold_gain":0.0,"event_name":"Ghosts","player_choice":"Ignored","floor":29.0,"gold_loss":0.0,"damage_taken":0.0},{"damage_healed":0.0,"max_hp_gain":0.0,"max_hp_loss":0.0,"gold_gain":0.0,"event_name":"The Mausoleum","player_choice":"Ignored","floor":31.0,"gold_loss":0.0,"damage_taken":0.0},{"damage_healed":0.0,"max_hp_gain":0.0,"max_hp_loss":0.0,"gold_gain":0.0,"event_name":"Upgrade Shrine","player_choice":"Upgraded","floor":37.0,"gold_loss":0.0,"damage_taken":0.0,"cards_upgraded":["Entrench"]},{"damage_healed":0.0,"max_hp_gain":0.0,"max_hp_loss":0.0,"gold_gain":0.0,"event_name":"Winding Halls","player_choice":"Embrace Madness","floor":44.0,"gold_loss":0.0,"damage_taken":22.0,"cards_obtained":["Madness","Madness"]},{"cards_removed":["Panacea"],"damage_healed":0.0,"max_hp_gain":0.0,"max_hp_loss":0.0,"gold_gain":0.0,"event_name":"Falling","player_choice":"Removed Skill","floor":47.0,"gold_loss":0.0,"damage_taken":0.0}],"is_beta":false,"boss_relics":[{"not_picked":["SacredBark","Mark of Pain"],"picked":"RhineCircuit"},{"not_picked":["Velvet Choker","FixedStarFall"],"picked":"TimeKeys"}],"items_purged_floors":[30,30,32,38,38,40,40,41,42,42,46,46,48,49,49],"is_endless":false,"potions_floor_spawned":[1,5,13,19,27,33,35,36],"ascension_level":3}}