{"host":"8srk5r1dwtmjotwd","time":1612562191,"event":{"mods":["AchievementEnabler","Act Like it!","BaseMod","Beaked The Cultist","Bestiary","Better Note","Better Third Choice","Colored Map","Colored Powertips","Friendly Minions","GifTheSpireLib","Halation","Hallownest","Hermit","Hubris","Infinite Spire","Mimic Mod","Minty Spire (QoL Compilation)","Morshu Shopkeeper - ENHANCED","Quick Restart","Rare Cards Sparkle","Reliquary","Replay The Spire","Shop Mod","StSLib","SuperFastMode","Synergy Search","The Bug Knight","The Construct","The Cursed","Thieving Mod","Yohane!","everything is the same but u backflip on backflip","slay the spire mod where everything is the same but ironclad has a cowboy hat"],"gold_per_floor":[109,109,122,136,151,151,164,183,183,183,183,195,47,61,61,156,156,174,186,186,186,255,255,336,356,356,393,396,396],"floor_reached":28,"language":"ENG","playtime":1340,"items_purged":["Pain"],"score":286,"play_id":"02109ffb-9743-43e7-9bdd-ae9e7c0f26e8","local_time":"20210205165631","is_ascension_mode":false,"campfire_choices":[{"data":"Searing Blow","floor":6.0,"key":"SMITH"},{"data":"Searing Blow+1","floor":11.0,"key":"SMITH"},{"data":"Limit Break","floor":15.0,"key":"SMITH"},{"floor":23.0,"key":"REST"}],"circlet_count":0,"master_deck":["Strike_R","Strike_R","Strike_R","Strike_R","Strike_R","Defend_R","Defend_R","Defend_R","Defend_R","Bash","Searing Blow+2","Flex+1","Wild Strike","Clash","Flex","Flex","Clash","Limit Break+1","Flex","Flex","Feed","Entrench","Purity","Sword Boomerang","Flex","Wild Strike","Flex","Pommel Strike"],"relics":["Burning Blood","NeowsBlessing","hubris:MobiusCoin","WarpedTongs","halation:IllGainedPizza","hubris:Spice"],"acts_visited":["Exordium","TheCity"],"potions_floor_usage":[25,27,27,28],"damage_taken":[{"damage":0.0,"enemies":"Small Slimes","floor":1.0,"turns":1.0},{"damage":0.0,"enemies":"Cultist","floor":3.0,"turns":1.0},{"damage":0.0,"enemies":"Jaw Worm","floor":4.0,"turns":1.0},{"damage":0.0,"enemies":"Large Slime","floor":5.0,"turns":3.0},{"damage":9.0,"enemies":"3 Louse","floor":7.0,"turns":3.0},{"damage":4.0,"enemies":"Gremlin Gang","floor":8.0,"turns":4.0},{"damage":17.0,"enemies":"Exordium Wildlife","floor":12.0,"turns":4.0},{"damage":10.0,"enemies":"Looter","floor":14.0,"turns":2.0},{"damage":36.0,"enemies":"Fading Forest","floor":16.0,"turns":11.0},{"damage":32.0,"enemies":"3 Byrds","floor":18.0,"turns":6.0},{"damage":22.0,"enemies":"Sentry and Sphere","floor":19.0,"turns":4.0},{"damage":56.0,"enemies":"Shelled Parasite and Fungi","floor":22.0,"turns":6.0},{"damage":32,"enemies":"Replay:Snechameleon","floor":24,"turns":4},{"damage":21,"enemies":"Snake Plant","floor":25,"turns":2},{"damage":65,"enemies":"Chosen and Byrds","floor":27,"turns":7},{"damage":42,"enemies":"Snecko","floor":28,"turns":4}],"seed_played":"6700009968070194166","potions_obtained":[{"floor":4.0,"key":"FairyPotion"},{"floor":5.0,"key":"Milkshake"},{"floor":14.0,"key":"Swift Potion"},{"floor":16.0,"key":"DuplicationPotion"},{"floor":18.0,"key":"Explosive Potion"},{"floor":19.0,"key":"SteroidPotion"},{"floor":25,"key":"EssenceOfSteel"},{"floor":27,"key":"SkillPotion"}],"is_trial":false,"path_per_floor":["M","?","M","M","M","R","M","M","T","?","R","M","$","M","R","B",null,"M","M","?","?","M","R","E","M","T","M","M"],"character_chosen":"IRONCLAD","items_purchased":["Flex","BloodPotion"],"campfire_rested":1,"item_purchase_floors":[13,13],"current_hp_per_floor":[80,80,80,80,80,80,77,79,79,79,79,68,68,64,64,44,80,57,44,72,72,25,51,28,13,21,29,0,0],"gold":396,"neow_bonus":"THREE_ENEMY_KILL","is_daily":false,"chose_seed":false,"campfire_upgraded":3,"win_rate":0.0,"timestamp":1612562191,"path_taken":["M","?","M","?","M","R","M","M","T","?","R","?","?","M","R","BOSS","M","?","?","?","?","R","E","M","T","M","M"],"items_purchased_type":["Card","Potion"],"build_version":"2020-12-22","purchased_purges":1,"victory":false,"max_hp_per_floor":[80,80,80,80,80,80,80,80,80,80,80,80,80,80,80,80,80,83,86,86,86,89,89,92,92,100,100,100,100],"card_choices":[{"not_picked":["Reckless Charge","Disarm"],"picked":"Searing Blow","floor":1.0},{"not_picked":["Twin Strike","Shockwave"],"picked":"Wild Strike","floor":3.0},{"not_picked":["Intimidate","hubris:ReadiedAction"],"picked":"Clash","floor":4.0},{"not_picked":["Sever Soul","Warcry"],"picked":"Flex","floor":5.0},{"not_picked":["Run Through","Anger"],"picked":"Flex","floor":7.0},{"not_picked":["Headbutt","Run Through"],"picked":"Clash","floor":8.0},{"not_picked":["Flex","ReplayReversal"],"picked":"Limit Break","floor":12.0},{"not_picked":["Clothesline","Whirlwind"],"picked":"Flex","floor":14.0},{"not_picked":["Bludgeon","Fiend Fire"],"picked":"Feed","floor":16.0},{"not_picked":["Shrug It Off","Havoc","Battle Trance"],"picked":"SKIP","floor":18.0},{"not_picked":["Havoc","Intimidate","Sword Boomerang+1"],"picked":"SKIP","floor":19.0},{"not_picked":["Evolve","Shrug It Off"],"picked":"Flex","floor":22.0},{"not_picked":["Replay:Undeath\u0027s Touch","Sentinel+1"],"picked":"Wild Strike","floor":24},{"not_picked":["ReplayTheSpireMod:LeadingStrike","Disarm+1"],"picked":"Flex","floor":25},{"not_picked":["ReplayTheSpireMod:Strike From Hell","Corruption"],"picked":"Pommel Strike","floor":27}],"player_experience":112225,"relics_obtained":[{"floor":9.0,"key":"hubris:MobiusCoin"},{"floor":24,"key":"halation:IllGainedPizza"},{"floor":26,"key":"hubris:Spice"}],"event_choices":[{"cards_removed":["Searing Blow"],"damage_healed":0.0,"max_hp_gain":0.0,"max_hp_loss":0.0,"gold_gain":0.0,"event_name":"betterNote:BetterNote","player_choice":"Take \u0026 Give","floor":2.0,"gold_loss":0.0,"damage_taken":0.0,"cards_obtained":["Flex"]},{"damage_healed":0.0,"max_hp_gain":0.0,"max_hp_loss":0.0,"gold_gain":0.0,"event_name":"Accursed Blacksmith","player_choice":"Rummage","floor":10.0,"gold_loss":0.0,"damage_taken":0.0,"relics_obtained":["WarpedTongs"],"cards_obtained":["Pain"]},{"damage_healed":28.0,"max_hp_gain":0.0,"max_hp_loss":0.0,"gold_gain":0.0,"event_name":"The Library","player_choice":"Heal","floor":20.0,"gold_loss":0.0,"damage_taken":0.0},{"damage_healed":0.0,"max_hp_gain":0.0,"max_hp_loss":0.0,"gold_gain":0.0,"event_name":"Match and Keep!","player_choice":"3 cards matched","floor":21.0,"gold_loss":0.0,"damage_taken":0.0,"cards_obtained":["Entrench","Purity","Sword Boomerang"]}],"is_beta":false,"boss_relics":[{"not_picked":["reliquary:WritOfMandamus","reliquary:KinkedSpring","Coffee Dripper"]}],"items_purged_floors":[13],"is_endless":false,"potions_floor_spawned":[4,5,14,16,18,19,25,27],"killed_by":"Snecko","ascension_level":0}}