{"host":"Sean","time":1612546722,"event":{"mods":["BaseMod","Block Reminder","Colored Map","Colored Powertips","Highlight Path","Minty Spire (QoL Compilation)","Permanent Neow","Relic Stats"],"gold_per_floor":[20,39,39,58,8,347,347,347,347,347,372,391,427,16,16,147,147,167,167,167,167,181,181,197,236,236,276,300,338,263,26,26,151,151,175,508,1,1,21,21,52,64,76,88,135,195,242,254,266,278,290,302,0,29,29,29],"floor_reached":55,"language":"ENG","playtime":3091,"items_purged":["Strike_G","Defend_G"],"score":1285,"play_id":"e088a434-7f42-4b72-b622-72286b6136f9","local_time":"20210205173842","is_ascension_mode":true,"campfire_choices":[{"data":"Predator","floor":7.0,"key":"SMITH"},{"data":"Dagger Throw","floor":10.0,"key":"SMITH"},{"data":"Skewer","floor":15.0,"key":"SMITH"},{"data":"Leg Sweep","floor":23.0,"key":"SMITH"},{"data":"Prepared","floor":32.0,"key":"SMITH"},{"data":"Burst","floor":40.0,"key":"SMITH"},{"data":"Crippling Poison","floor":42.0,"key":"SMITH"},{"floor":49,"key":"RECALL"},{"data":"PiercingWail","floor":52,"key":"SMITH"}],"circlet_count":0,"master_deck":["Defend_G","Survivor+1","Neutralize+1","PiercingWail+1","Dagger Throw+1","Predator+1","Crippling Poison+1","Skewer+1","Dagger Spray","Noxious Fumes","Leg Sweep+1","Bullet Time+1","Terror+1","Bite","Bite","Bite+1","Bite","Necronomicurse","Outmaneuver+1","Prepared+1","Endless Agony+1","PiercingWail+1","Sucker Punch+1","Heel Hook+1","Burst+1","Blade Dance+1","Escape Plan+1","Slice+1","Reflex+1","PiercingWail+1","Madness+1","Madness+1","Tactician+1"],"relics":["Ring of the Snake","Old Coin","The Courier","Juzu Bracelet","Kunai","Black Star","Necronomicon","Paper Crane","Prayer Wheel","Whetstone","Centennial Puzzle","Eternal Feather","Ninja Scroll","Meat on the Bone","Lee\u0027s Waffle","Lantern","Coffee Dripper","Bottled Flame","Orichalcum","Akabeko","Strawberry","Mercury Hourglass","MawBank","Pear","Toxic Egg 2","Anchor","Tingsha","Oddly Smooth Stone","War Paint","Blue Candle","Bag of Preparation","Snake Skull","Sundial"],"acts_visited":["Exordium","TheCity","TheBeyond","TheEnding"],"potions_floor_usage":[45,50,55,55,55,55,55,55],"damage_taken":[{"damage":0.0,"enemies":"2 Louse","floor":1.0,"turns":3.0},{"damage":1.0,"enemies":"Small Slimes","floor":2.0,"turns":4.0},{"damage":0.0,"enemies":"Jaw Worm","floor":4.0,"turns":6.0},{"damage":23.0,"enemies":"3 Sentries","floor":6.0,"turns":9.0},{"damage":7.0,"enemies":"Gremlin Gang","floor":11.0,"turns":5.0},{"damage":0.0,"enemies":"Large Slime","floor":12.0,"turns":4.0},{"damage":10.0,"enemies":"Gremlin Nob","floor":13.0,"turns":4.0},{"damage":3.0,"enemies":"Slime Boss","floor":16.0,"turns":11.0},{"damage":13.0,"enemies":"Spheric Guardian","floor":18.0,"turns":4.0},{"damage":12.0,"enemies":"Shell Parasite","floor":22.0,"turns":2.0},{"damage":0.0,"enemies":"Centurion and Healer","floor":24.0,"turns":4.0},{"damage":26.0,"enemies":"Gremlin Leader","floor":25.0,"turns":4.0},{"damage":8.0,"enemies":"Slavers","floor":27.0,"turns":5.0},{"damage":3.0,"enemies":"Snecko","floor":28.0,"turns":4.0},{"damage":5.0,"enemies":"Gremlin Leader","floor":29.0,"turns":2.0},{"damage":30.0,"enemies":"Collector","floor":33.0,"turns":12.0},{"damage":0.0,"enemies":"Orb Walker","floor":35.0,"turns":1.0},{"damage":0.0,"enemies":"3 Shapes","floor":39.0,"turns":2.0},{"damage":0.0,"enemies":"Reptomancer","floor":41.0,"turns":1.0},{"damage":9,"enemies":"Giant Head","floor":45,"turns":6},{"damage":1,"enemies":"2 Orb Walkers","floor":46,"turns":2},{"damage":8,"enemies":"Reptomancer","floor":47,"turns":2},{"damage":9,"enemies":"Donu and Deca","floor":50,"turns":7},{"damage":0,"enemies":"Shield and Spear","floor":54,"turns":5},{"damage":83,"enemies":"The Heart","floor":55,"turns":9}],"seed_played":"1363899357028617367","potions_obtained":[{"floor":6.0,"key":"SpeedPotion"},{"floor":13.0,"key":"SpeedPotion"},{"floor":16.0,"key":"Strength Potion"},{"floor":22.0,"key":"FearPotion"},{"floor":24.0,"key":"Swift Potion"},{"floor":28.0,"key":"FearPotion"},{"floor":29.0,"key":"EssenceOfSteel"},{"floor":35.0,"key":"Fire Potion"},{"floor":45,"key":"Swift Potion"},{"floor":46,"key":"EntropicBrew"},{"floor":54,"key":"Explosive Potion"}],"is_trial":false,"path_per_floor":["M","M","?","M","?","E","R","T","T","R","M","M","E","$","R","B",null,"M","?","?","?","M","R","M","E","T","E","M","E","?","$","R","B",null,"M","?","$","?","M","R","E","R","T","?","E","?","E","?","R","B",null,"R","$","E","B"],"character_chosen":"THE_SILENT","items_purchased":["Kunai","Noxious Fumes","Leg Sweep","PowerPotion","Lee\u0027s Waffle","Lantern","Bottled Flame","Orichalcum","Akabeko","Blue Candle","Bag of Preparation"],"campfire_rested":0,"item_purchase_floors":[14,14,14,14,31,31,37,37,37,53,53],"current_hp_per_floor":[63,62,62,62,62,39,39,39,39,39,32,32,22,22,22,19,54,41,41,25,40,34,34,38,14,14,19,22,26,26,52,52,29,46,46,46,46,53,56,59,59,59,69,69,62,61,53,44,62,61,67,69,69,69,0,0],"gold":29,"neow_bonus":"REMOVE_TWO","is_daily":false,"chose_seed":false,"campfire_upgraded":8,"win_rate":0.0,"timestamp":1612546722,"path_taken":["M","M","?","M","?","E","R","?","T","R","M","?","E","$","R","BOSS","M","?","?","?","M","R","M","E","T","E","M","E","?","$","R","BOSS","M","?","$","?","M","R","E","R","T","?","E","?","E","?","R","BOSS","R","$","E","BOSS"],"items_purchased_type":["Relic","Card","Card","Potion","Relic","Relic","Relic","Relic","Relic","Relic","Relic"],"build_version":"2020-12-18","purchased_purges":2,"victory":false,"max_hp_per_floor":[70,70,65,65,65,65,65,65,65,65,65,65,65,65,65,65,65,65,45,45,45,45,45,45,45,45,45,45,45,45,52,52,52,52,52,52,52,59,59,59,59,59,69,69,69,69,69,69,69,69,69,69,69,69,69,69],"relic_stats":{"Lee\u0027s Waffle":26,"counters":[25,118],"Blue Candle":[0],"Eternal Feather":23,"Tingsha":[42],"Snake Skull":[9],"Juzu Bracelet":2,"Bag of Preparation":[0],"Whetstone":["Neutralize","Bite"],"Orichalcum":[72],"War Paint":["Bullet Time","Survivor"],"MawBank":144,"Mercury Hourglass":[120],"Centennial Puzzle":[27],"Sundial":[0],"Prayer Wheel":3,"Black Star":7,"Necronomicon":[33],"Kunai":[57],"obtain_stats":[{"Lantern":31,"Snake Skull":54,"Juzu Bracelet":13,"Bag of Preparation":53,"Whetstone":26,"Old Coin":6,"Centennial Puzzle":27,"Ninja Scroll":29,"Sundial":54,"Strawberry":38,"Prayer Wheel":25,"Necronomicon":20,"Kunai":14,"Toxic Egg 2":45,"Ring of the Snake":0,"Lee\u0027s Waffle":31,"Pear":43,"Golden Idol":3,"Blue Candle":53,"Oddly Smooth Stone":47,"Eternal Feather":27,"Tingsha":46,"The Courier":9,"Paper Crane":25,"Orichalcum":37,"War Paint":47,"MawBank":41,"Akabeko":37,"Mercury Hourglass":41,"Bottled Flame":37,"Anchor":45,"Black Star":17,"Coffee Dripper":34,"Meat on the Bone":29},{"Lantern":15,"Snake Skull":24,"Juzu Bracelet":7,"Bag of Preparation":23,"Whetstone":12,"Old Coin":4,"Centennial Puzzle":13,"Ninja Scroll":15,"Sundial":24,"Strawberry":17,"Prayer Wheel":12,"Necronomicon":9,"Kunai":7,"Toxic Egg 2":20,"Ring of the Snake":0,"Lee\u0027s Waffle":15,"Pear":19,"Golden Idol":2,"Blue Candle":23,"Oddly Smooth Stone":22,"Eternal Feather":13,"Tingsha":21,"The Courier":4,"Paper Crane":12,"Orichalcum":17,"War Paint":22,"MawBank":19,"Akabeko":17,"Mercury Hourglass":19,"Bottled Flame":17,"Anchor":20,"Black Star":8,"Coffee Dripper":16,"Meat on the Bone":15},{"Lantern":71,"Snake Skull":109,"Juzu Bracelet":35,"Bag of Preparation":104,"Whetstone":60,"Old Coin":22,"Centennial Puzzle":65,"Ninja Scroll":71,"Sundial":109,"Strawberry":84,"Prayer Wheel":60,"Necronomicon":50,"Kunai":35,"Toxic Egg 2":93,"Ring of the Snake":0,"Lee\u0027s Waffle":71,"Pear":87,"Golden Idol":7,"Blue Candle":104,"Oddly Smooth Stone":97,"Eternal Feather":65,"Tingsha":95,"The Courier":22,"Paper Crane":60,"Orichalcum":84,"War Paint":97,"MawBank":87,"Akabeko":84,"Mercury Hourglass":87,"Bottled Flame":84,"Anchor":93,"Black Star":46,"Coffee Dripper":83,"Meat on the Bone":71}],"Ring of the Snake":[51],"Meat on the Bone":0},"card_choices":[{"not_picked":["Cloak And Dagger","Accuracy"],"picked":"PiercingWail","floor":1.0},{"not_picked":["Expertise","Caltrops"],"picked":"Dagger Throw","floor":2.0},{"not_picked":["Masterful Stab","Acrobatics"],"picked":"Predator","floor":4.0},{"not_picked":["Accuracy","Distraction"],"picked":"Crippling Poison","floor":6.0},{"not_picked":["Underhanded Strike","Outmaneuver"],"picked":"Skewer","floor":11.0},{"not_picked":["Leg Sweep","Sucker Punch"],"picked":"Dagger Spray","floor":12.0},{"not_picked":["Finisher","Predator","Flying Knee"],"picked":"SKIP","floor":13.0},{"not_picked":["Storm of Steel","Burst"],"picked":"Bullet Time","floor":16.0},{"not_picked":["PiercingWail","Skewer"],"picked":"Terror+1","floor":18.0},{"not_picked":["Riddle With Holes","Underhanded Strike"],"picked":"Outmaneuver+1","floor":22.0},{"not_picked":["Quick Slash","Cloak And Dagger"],"picked":"Prepared","floor":24.0},{"not_picked":["After Image","Skewer+1"],"picked":"Endless Agony+1","floor":25.0},{"not_picked":["Dodge and Roll","Dagger Throw","Concentrate"],"picked":"SKIP","floor":27.0},{"not_picked":["Quick Slash","Dagger Throw"],"picked":"PiercingWail+1","floor":28.0},{"not_picked":["Reflex","Poisoned Stab+1"],"picked":"Sucker Punch+1","floor":28.0},{"not_picked":["Doppelganger","Endless Agony"],"picked":"Heel Hook+1","floor":29.0},{"not_picked":["Venomology","Unload"],"picked":"Burst","floor":33.0},{"not_picked":["Crippling Poison","Dagger Spray+1"],"picked":"Blade Dance+1","floor":35.0},{"not_picked":["Noxious Fumes","Infinite Blades","Concentrate"],"picked":"SKIP","floor":35.0},{"not_picked":["Dagger Throw+1","Dagger Spray"],"picked":"Escape Plan+1","floor":39.0},{"not_picked":["Endless Agony","PiercingWail","Dagger Throw"],"picked":"SKIP","floor":39.0},{"not_picked":["Deflect","Dagger Spray"],"picked":"Slice+1","floor":41.0},{"not_picked":["Endless Agony","Dodge and Roll+1"],"picked":"Reflex+1","floor":45},{"not_picked":["Skewer","Outmaneuver+1"],"picked":"PiercingWail+1","floor":47},{"not_picked":["Riddle With Holes+1","Distraction+1"],"picked":"Tactician+1","floor":54}],"player_experience":535874,"relics_obtained":[{"floor":6.0,"key":"Old Coin"},{"floor":9.0,"key":"The Courier"},{"floor":13.0,"key":"Juzu Bracelet"},{"floor":20.0,"key":"Necronomicon"},{"floor":25.0,"key":"Paper Crane"},{"floor":25.0,"key":"Prayer Wheel"},{"floor":26.0,"key":"Whetstone"},{"floor":27.0,"key":"Centennial Puzzle"},{"floor":27.0,"key":"Eternal Feather"},{"floor":29.0,"key":"Ninja Scroll"},{"floor":29.0,"key":"Meat on the Bone"},{"floor":41.0,"key":"Mercury Hourglass"},{"floor":41.0,"key":"MawBank"},{"floor":43.0,"key":"Pear"},{"floor":45,"key":"Toxic Egg 2"},{"floor":45,"key":"Anchor"},{"floor":46,"key":"Tingsha"},{"floor":47,"key":"Oddly Smooth Stone"},{"floor":47,"key":"War Paint"},{"floor":54,"key":"Snake Skull"},{"floor":54,"key":"Sundial"}],"event_choices":[{"damage_healed":0.0,"max_hp_gain":0.0,"max_hp_loss":5.0,"gold_gain":0.0,"event_name":"Golden Idol","player_choice":"Lose Max HP","floor":3.0,"gold_loss":0.0,"damage_taken":0.0,"relics_obtained":["Golden Idol"]},{"cards_removed":["Defend_G"],"damage_healed":0.0,"max_hp_gain":0.0,"max_hp_loss":0.0,"gold_gain":0.0,"event_name":"The Cleric","player_choice":"Card Removal","floor":5.0,"gold_loss":50.0,"damage_taken":0.0},{"damage_healed":0.0,"max_hp_gain":0.0,"max_hp_loss":20.0,"gold_gain":0.0,"event_name":"Vampires","player_choice":"Became a vampire","floor":19.0,"gold_loss":0.0,"damage_taken":0.0,"cards_obtained":["Bite","Bite","Bite","Bite","Bite"]},{"damage_healed":0.0,"max_hp_gain":0.0,"max_hp_loss":0.0,"gold_gain":0.0,"event_name":"Cursed Tome","player_choice":"Obtained Book","floor":20.0,"gold_loss":0.0,"damage_taken":16.0},{"damage_healed":15.0,"max_hp_gain":0.0,"max_hp_loss":0.0,"gold_gain":0.0,"event_name":"The Library","player_choice":"Heal","floor":21.0,"gold_loss":0.0,"damage_taken":0.0},{"cards_removed":["Defend_G"],"damage_healed":0.0,"max_hp_gain":0.0,"max_hp_loss":0.0,"gold_gain":0.0,"event_name":"Beggar","player_choice":"Gave Gold","floor":30.0,"gold_loss":75.0,"damage_taken":0.0},{"damage_healed":0.0,"max_hp_gain":0.0,"max_hp_loss":0.0,"gold_gain":333.0,"event_name":"The Moai Head","player_choice":"Gave Idol","floor":36.0,"relics_lost":["Golden Idol"],"gold_loss":0.0,"damage_taken":0.0},{"cards_removed":["Bite"],"damage_healed":0.0,"max_hp_gain":0.0,"max_hp_loss":0.0,"gold_gain":0.0,"event_name":"WeMeetAgain","player_choice":"Gave Card","floor":38.0,"gold_loss":0.0,"damage_taken":0.0,"relics_obtained":["Strawberry"]},{"damage_healed":0.0,"max_hp_gain":0.0,"max_hp_loss":0.0,"gold_gain":0.0,"event_name":"SecretPortal","player_choice":"Ignored","floor":44.0,"gold_loss":0.0,"damage_taken":0.0},{"damage_healed":0,"gold_gain":0,"player_choice":"Fight","damage_taken":0,"max_hp_gain":0,"max_hp_loss":0,"event_name":"Mysterious Sphere","floor":46,"gold_loss":0},{"damage_healed":0,"gold_gain":0,"player_choice":"Embrace Madness","damage_taken":9,"max_hp_gain":0,"max_hp_loss":0,"event_name":"Winding Halls","floor":48,"gold_loss":0,"cards_obtained":["Madness","Madness"]}],"is_beta":true,"boss_relics":[{"not_picked":["Ectoplasm","WristBlade"],"picked":"Black Star"},{"not_picked":["Philosopher\u0027s Stone","Fusion Hammer"],"picked":"Coffee Dripper"}],"items_purged_floors":[14,37],"is_endless":false,"potions_floor_spawned":[6,13,16,22,24,28,29,35,45,46,54],"killed_by":"The Heart","ascension_level":9}}