{"host":"1qtz69m1v1299zsn","time":1612536117,"event":{"mods":["BaseMod","Colored Powertips","Downfall","Infinite Spire","Minty Spire (QoL Compilation)","Replay The Spire","StSLib"],"gold_per_floor":[112,128,141,152,198,198,198,198,198,209,209,14,34,57,57,183,183,204,220,75,75,90,90,90,114,139,139,152,152,152,163,163,163,163],"floor_reached":33,"language":"ENG","playtime":1340,"items_purged":["Injury","Streamline"],"score":241,"play_id":"0769ad20-ec19-446e-be62-7a72b9b9e90d","local_time":"20210205144157","is_ascension_mode":false,"campfire_choices":[{"data":"Capacitor","floor":6,"key":"SMITH"},{"data":"Barrage","floor":8,"key":"SMITH"},{"floor":15,"key":"DIG"},{"floor":23,"key":"REST"},{"data":"Chaos","floor":27,"key":"SMITH"},{"floor":32,"key":"REST"}],"circlet_count":0,"master_deck":["Strike_B","Strike_B","Strike_B","Strike_B","Defend_B","Defend_B","Defend_B","Defend_B","Zap","Dualcast","Gash","Leap","Capacitor+1","Barrage+1","Scrape","Conserve Battery+1","Conserve Battery+1","Gash","Electrodynamics","Darkness","Redo","Melter","Chaos+1","Zap","Cold Snap+1","Gash+1","Consume","Crystallizer+1"],"relics":["Cracked Core","NeowsBlessing","infinitespire:Freezer","infinitespire:CheckeredPen","infinitespire:SolderingIron","Bloody Idol","Chemical X","War Paint","bronze:MakeshiftBattery","Prayer Wheel","Happy Flower","HandDrill"],"acts_visited":["Exordium","TheCity"],"potions_floor_usage":[16,16,25,25,28,33],"damage_taken":[{"damage":0,"enemies":"Jaw Worm","floor":1,"turns":1},{"damage":0,"enemies":"Small Slimes","floor":2,"turns":1},{"damage":0,"enemies":"2 Louse","floor":3,"turns":1},{"damage":9,"enemies":"Exordium Wildlife","floor":4,"turns":3},{"damage":6,"enemies":"3 Louse","floor":10,"turns":3},{"damage":0,"enemies":"Large Slime","floor":13,"turns":4},{"damage":0,"enemies":"2 Fungi Beasts","floor":14,"turns":3},{"damage":40,"enemies":"Fading Forest","floor":16,"turns":11},{"damage":5,"enemies":"Shell Parasite","floor":18,"turns":4},{"damage":5,"enemies":"Chosen","floor":19,"turns":4},{"damage":37,"enemies":"Snecko","floor":22,"turns":6},{"damage":0,"enemies":"Snake Plant","floor":25,"turns":4},{"damage":21,"enemies":"Shelled Parasite and Fungi","floor":28,"turns":5},{"damage":24,"enemies":"Centurion and Healer","floor":31,"turns":4},{"damage":50,"enemies":"Collector","floor":33,"turns":7}],"seed_played":"-7632412029920984169","potions_obtained":[{"floor":4,"key":"Strength Potion"},{"floor":5,"key":"Doom Potion"},{"floor":16,"key":"Explosive Potion"},{"floor":18,"key":"LifebloodPotion"},{"floor":19,"key":"Swift Potion"},{"floor":28,"key":"Block Potion"}],"is_trial":false,"path_per_floor":["M","M","M","M","?","R","?","R","T","M","?","$","M","M","R","B",null,"M","M","$","?","M","R","?","M","T","R","M","?","AVR","M","R","B"],"character_chosen":"DEFECT","items_purchased":["Chemical X","Conserve Battery","Melter"],"campfire_rested":2,"item_purchase_floors":[12,12,20],"current_hp_per_floor":[75,75,75,66,48,48,48,48,48,42,42,42,42,42,42,2,75,70,65,65,65,28,50,50,50,50,50,29,29,29,10,32,0,0],"gold":163,"neow_bonus":"THREE_ENEMY_KILL","is_daily":false,"chose_seed":false,"campfire_upgraded":3,"win_rate":0.0,"timestamp":1612536117,"path_taken":["M","M","M","M","?","R","?","R","T","?","?","$","M","M","R","BOSS","M","M","$","?","M","R","?","?","T","R","M","?","AVR","M","R","BOSS"],"items_purchased_type":["Relic","Card","Card"],"build_version":"2020-12-22","purchased_purges":2,"victory":false,"max_hp_per_floor":[75,75,75,75,75,75,75,75,75,75,75,75,75,75,75,75,75,75,75,75,75,75,75,75,75,75,75,75,75,75,75,75,75,75],"card_choices":[{"not_picked":["Steam","Hologram"],"picked":"Gash","floor":1},{"not_picked":["Steam","Steam Power"],"picked":"Leap","floor":2},{"not_picked":["Compile Driver","Stack"],"picked":"Streamline","floor":3},{"not_picked":["Redo","Hologram"],"picked":"Capacitor","floor":4},{"not_picked":["Rebound","FTL"],"picked":"Barrage","floor":5},{"not_picked":["Steam","ReplayTheSpireMod:GoodbyeWorld"],"picked":"Scrape","floor":5},{"not_picked":["Hologram","Steam","ReplaySort"],"picked":"SKIP","floor":10},{"not_picked":["Buffer","Sweeping Beam"],"picked":"Conserve Battery","floor":13},{"not_picked":["Conserve Battery","Undo"],"picked":"Gash","floor":14},{"not_picked":["All For One","Amplify"],"picked":"Electrodynamics","floor":16},{"not_picked":["Hologram+1","Doom and Gloom"],"picked":"Darkness","floor":18},{"not_picked":["Streamline+1","Conserve Battery"],"picked":"Redo","floor":19},{"not_picked":["Reprogram","Rebound"],"picked":"Chaos","floor":22},{"not_picked":["Barrage","Stack"],"picked":"Cold Snap+1","floor":25},{"not_picked":["Panic Button","Lockon+1","Barrage"],"picked":"SKIP","floor":25},{"not_picked":["Capacitor","Doom and Gloom"],"picked":"Gash+1","floor":28},{"not_picked":["Loop","Reprogram"],"picked":"Consume","floor":28},{"not_picked":["Hologram","Heatsinks"],"picked":"Crystallizer+1","floor":31},{"not_picked":["Fusion","ReplayTheSpireMod:Omega Cannon","ReplayTheSpireMod:System Scan"],"picked":"SKIP","floor":31}],"player_experience":56176,"relics_obtained":[{"floor":5,"key":"infinitespire:Freezer"},{"floor":9,"key":"infinitespire:SolderingIron"},{"floor":15,"key":"War Paint"},{"floor":26,"key":"Happy Flower"}],"event_choices":[{"damage_healed":0,"gold_gain":0,"player_choice":"Searched \u00272\u0027 times","damage_taken":0,"relics_obtained":["infinitespire:CheckeredPen"],"max_hp_gain":0,"max_hp_loss":0,"event_name":"Dead Adventurer","floor":7,"gold_loss":0},{"damage_healed":0,"gold_gain":0,"player_choice":"Take Wound","damage_taken":0,"relics_obtained":["Golden Idol"],"max_hp_gain":0,"max_hp_loss":0,"event_name":"Golden Idol","floor":11,"gold_loss":0,"cards_obtained":["Injury"]},{"damage_healed":0,"gold_gain":0,"player_choice":"Ignored","damage_taken":0,"max_hp_gain":0,"max_hp_loss":0,"event_name":"Vampires","floor":21,"gold_loss":0},{"damage_healed":0,"gold_gain":0,"player_choice":"2 cards matched","damage_taken":0,"max_hp_gain":0,"max_hp_loss":0,"event_name":"Match and Keep!","floor":24,"gold_loss":0,"cards_obtained":["ReplayTheSpireMod:Fabricate Wheel","Zap"]},{"damage_healed":0,"gold_gain":0,"player_choice":"Gave Idol","damage_taken":0,"relics_obtained":["Bloody Idol"],"max_hp_gain":0,"max_hp_loss":0,"event_name":"Forgotten Altar","floor":29,"relics_lost":["Golden Idol"],"gold_loss":0}],"is_beta":false,"boss_relics":[{"not_picked":["Replay:Ancient Bell","Nuclear Battery"],"picked":"bronze:MakeshiftBattery"}],"items_purged_floors":[20,30],"is_endless":false,"potions_floor_spawned":[2,4,16,18,19,28],"killed_by":"Collector","ascension_level":0}}