{"host":"0srjqcvl8k9r4fi9","time":1612557715,"event":{"mods":["AchievementEnabler","BaseMod","Minty Spire (QoL Compilation)"],"gold_per_floor":[110,121,121,71,91,91,116,41,66,84,111,111,126,139,139,239,239,255,255,282,70,70,96,96,96,145,160,191,211,227,258,258,355,355,374,384,404,52,65,65,100,120,120,120,130,149,149,149,149,149],"floor_reached":51,"language":"ENG","playtime":3903,"items_purged":["Strike_R","Defend_R"],"score":1031,"play_id":"0bec88e3-86ad-47d9-94b6-93a46dbc3951","local_time":"20210205144155","is_ascension_mode":true,"campfire_choices":[{"data":"Entrench","floor":6,"key":"SMITH"},{"data":"Apotheosis","floor":12,"key":"SMITH"},{"data":"Offering","floor":15,"key":"SMITH"},{"data":"Barricade","floor":24,"key":"SMITH"},{"data":"Seeing Red","floor":32,"key":"SMITH"},{"data":"Metallicize","floor":40,"key":"SMITH"},{"data":"Body Slam","floor":47,"key":"SMITH"},{"data":"Body Slam","floor":49,"key":"SMITH"}],"circlet_count":0,"master_deck":["Defend_R","Defend_R","Defend_R","Bash","Apotheosis+1","Entrench+1","Havoc","Blood for Blood","Pommel Strike","Offering+1","Pommel Strike","Barricade+1","Shrug It Off","Bite","Bite","Bite","Bite","Bite","Warcry","Seeing Red+1","Bludgeon","Headbutt+1","Sentinel","Exhume","Bloodletting+1","Burning Pact","Metallicize+1","Entrench","Normality","Body Slam+1","Body Slam+1"],"relics":["Burning Blood","Orichalcum","Akabeko","Red Skull","Vajra","Sozu","Red Mask","PreservedInsect","MealTicket","Sundial","Dream Catcher","Pen Nib","Singing Bowl","Cursed Key","Lantern","Paper Frog","Frozen Egg 2"],"acts_visited":["Exordium","TheCity","TheBeyond"],"potions_floor_usage":[11,20,20,33],"damage_taken":[{"damage":8,"enemies":"Cultist","floor":1,"turns":4},{"damage":0,"enemies":"Small Slimes","floor":2,"turns":3},{"damage":2,"enemies":"2 Louse","floor":5,"turns":4},{"damage":28,"enemies":"Lagavulin","floor":7,"turns":6},{"damage":0,"enemies":"Large Slime","floor":10,"turns":4},{"damage":2,"enemies":"Gremlin Nob","floor":11,"turns":3},{"damage":5,"enemies":"Looter","floor":13,"turns":2},{"damage":6,"enemies":"Blue Slaver","floor":14,"turns":1},{"damage":17,"enemies":"The Guardian","floor":16,"turns":7},{"damage":9,"enemies":"Spheric Guardian","floor":18,"turns":3},{"damage":11,"enemies":"Masked Bandits","floor":20,"turns":3},{"damage":14,"enemies":"Book of Stabbing","floor":23,"turns":4},{"damage":6,"enemies":"Shell Parasite","floor":27,"turns":2},{"damage":18,"enemies":"Slavers","floor":28,"turns":5},{"damage":14,"enemies":"Sentry and Sphere","floor":29,"turns":4},{"damage":9,"enemies":"Cultist and Chosen","floor":30,"turns":6},{"damage":16,"enemies":"Gremlin Leader","floor":31,"turns":4},{"damage":55,"enemies":"Champ","floor":33,"turns":8},{"damage":10,"enemies":"3 Darklings","floor":35,"turns":5},{"damage":3,"enemies":"Orb Walker","floor":36,"turns":3},{"damage":26,"enemies":"Spire Growth","floor":37,"turns":4},{"damage":11,"enemies":"Maw","floor":39,"turns":9},{"damage":21,"enemies":"Giant Head","floor":41,"turns":4},{"damage":8,"enemies":"Sphere and 2 Shapes","floor":42,"turns":4},{"damage":36,"enemies":"3 Darklings","floor":45,"turns":6},{"damage":33,"enemies":"Spire Growth","floor":46,"turns":5},{"damage":15,"enemies":"Awakened One","floor":50,"turns":5}],"seed_played":"-7986109909896163138","potions_obtained":[{"floor":5,"key":"BloodPotion"},{"floor":11,"key":"Explosive Potion"},{"floor":13,"key":"DuplicationPotion"},{"floor":16,"key":"Regen Potion"}],"is_trial":false,"path_per_floor":["M","M","?","$","M","R","E","$","T","M","E","R","M","M","R","B",null,"M","?","?","$","?","E","R","T","T","M","E","M","M","E","R","B",null,"M","M","M","$","M","R","E","M","T","$","M","M","R","?","R","B",null],"character_chosen":"IRONCLAD","items_purchased":["Havoc","Seeing Red","PreservedInsect","Lantern","Metallicize","Entrench"],"campfire_rested":0,"item_purchase_floors":[4,21,21,38,38,38],"current_hp_per_floor":[49,55,30,30,34,34,12,12,12,18,38,38,39,39,39,28,67,64,56,53,53,53,53,53,53,53,56,50,49,55,54,54,30,51,58,58,46,60,62,62,58,66,66,66,48,33,33,58,58,58],"gold":149,"neow_bonus":"RANDOM_COLORLESS_2","is_daily":false,"chose_seed":false,"campfire_upgraded":8,"win_rate":0.0,"timestamp":1612557715,"path_taken":["M","?","?","$","M","R","E","$","T","M","E","R","M","M","R","BOSS","M","?","?","$","?","E","R","?","T","M","E","M","?","E","R","BOSS","M","M","M","$","M","R","E","?","T","$","M","M","R","?","R","BOSS"],"items_purchased_type":["Card","Card","Relic","Relic","Card","Card"],"build_version":"2020-12-22","purchased_purges":2,"victory":true,"max_hp_per_floor":[80,80,80,80,80,80,80,80,80,80,80,80,80,80,80,80,80,80,56,56,56,56,56,56,56,56,56,56,56,56,58,58,58,58,58,58,60,60,62,62,64,66,66,66,66,66,66,58,58,58],"card_choices":[{"not_picked":["Master of Strategy","Thinking Ahead"],"picked":"Apotheosis","floor":0},{"not_picked":["Combust","Shockwave"],"picked":"Entrench","floor":1},{"not_picked":["Cleave","Wild Strike","Second Wind"],"picked":"SKIP","floor":2},{"not_picked":["Flex","Rupture"],"picked":"Blood for Blood","floor":5},{"not_picked":["Thunderclap","Havoc"],"picked":"Pommel Strike","floor":7},{"not_picked":["Whirlwind","Disarm","Dark Embrace"],"picked":"SKIP","floor":10},{"not_picked":["Iron Wave","Clothesline"],"picked":"Offering","floor":11},{"not_picked":["Havoc","Dual Wield","Sever Soul"],"picked":"SKIP","floor":13},{"not_picked":["Twin Strike","Spot Weakness"],"picked":"Pommel Strike","floor":14},{"not_picked":["Demon Form","Reaper"],"picked":"Barricade","floor":16},{"not_picked":["True Grit","Armaments+1"],"picked":"Shrug It Off","floor":18},{"not_picked":["Blood for Blood","Whirlwind+1"],"picked":"Warcry","floor":20},{"not_picked":["Flex","Warcry"],"picked":"Bludgeon","floor":23},{"not_picked":["Clothesline","Anger"],"picked":"Headbutt+1","floor":27},{"not_picked":["Warcry","Combust","Disarm"],"picked":"SKIP","floor":28},{"not_picked":["Dropkick","Headbutt"],"picked":"Sentinel","floor":29},{"not_picked":["Rupture","Disarm","Cleave"],"picked":"SKIP","floor":30},{"not_picked":["Headbutt+1","Battle Trance","Warcry"],"picked":"Singing Bowl","floor":31},{"not_picked":["Barricade","Corruption"],"picked":"Exhume","floor":33},{"not_picked":["Havoc","Anger"],"picked":"Bloodletting+1","floor":35},{"not_picked":["Body Slam","Perfected Strike+1"],"picked":"Burning Pact","floor":36},{"not_picked":["Disarm+1","Heavy Blade+1","Bloodletting"],"picked":"Singing Bowl","floor":37},{"not_picked":["Clash+1","Cleave","Ghostly Armor+1"],"picked":"Singing Bowl","floor":39},{"not_picked":["Dual Wield","Clash+1","Disarm"],"picked":"Singing Bowl","floor":41},{"not_picked":["Clothesline","Ghostly Armor+1","Entrench"],"picked":"Singing Bowl","floor":42},{"not_picked":["Dark Embrace+1","Searing Blow+1"],"picked":"Body Slam","floor":45},{"not_picked":["True Grit","Iron Wave"],"picked":"Body Slam","floor":46}],"player_experience":337291,"relics_obtained":[{"floor":7,"key":"Akabeko"},{"floor":9,"key":"Red Skull"},{"floor":11,"key":"Vajra"},{"floor":20,"key":"Red Mask"},{"floor":23,"key":"MealTicket"},{"floor":25,"key":"Sundial"},{"floor":26,"key":"Dream Catcher"},{"floor":28,"key":"Pen Nib"},{"floor":31,"key":"Singing Bowl"},{"floor":41,"key":"Paper Frog"},{"floor":43,"key":"Frozen Egg 2"}],"event_choices":[{"damage_healed":0,"gold_gain":0,"player_choice":"Success","damage_taken":25,"relics_obtained":["Orichalcum"],"max_hp_gain":0,"max_hp_loss":0,"event_name":"Scrap Ooze","floor":3,"gold_loss":0},{"damage_healed":0,"gold_gain":0,"player_choice":"Became a vampire","damage_taken":0,"max_hp_gain":0,"max_hp_loss":24,"event_name":"Vampires","floor":19,"gold_loss":0,"cards_obtained":["Bite","Bite","Bite","Bite","Bite"]},{"damage_healed":0,"gold_gain":0,"player_choice":"Fought Bandits","damage_taken":0,"max_hp_gain":0,"max_hp_loss":0,"event_name":"Masked Bandits","floor":20,"gold_loss":0},{"damage_healed":0,"gold_gain":0,"player_choice":"Ignored","damage_taken":0,"max_hp_gain":0,"max_hp_loss":0,"event_name":"Ghosts","floor":22,"gold_loss":0},{"damage_healed":58,"gold_gain":0,"player_choice":"Heal","damage_taken":0,"max_hp_gain":0,"max_hp_loss":8,"event_name":"The Moai Head","floor":48,"gold_loss":0}],"is_beta":false,"boss_relics":[{"not_picked":["Busted Crown","Velvet Choker"],"picked":"Sozu"},{"not_picked":["Tiny House","SacredBark"],"picked":"Cursed Key"}],"items_purged_floors":[8,38],"is_endless":false,"potions_floor_spawned":[5,11,13,16,20,23,27,31,35,41,42],"ascension_level":6}}