{"host":"h7xtspmc2x3i8s2i","time":1612487992,"event":{"mods":["2.2 Compatiblity","AchievementEnabler","Act Like it!","AlwaysNeverKeys","Aspiration","Astrologer","BaseMod","Bestiary","Better Altar","Better Match","Better Note","Better Sensory Stone","Better Skull","Better Third Choice","Better Vampires","Better-Laid Plans","Colored Map","Colored Powertips","Conjunction","Curses Come First","Defuse TimeMaze Blight","Dio Mod","Disable Question Mark Monsters","Dota2Spire","Downfall","EXCEPTION","Emptier Cage","Energized Spire","Evolution","Friendly Minions","GifTheSpireLib","Gold Saver","Gremlin Skip","Halation","Hubris","Hyrulean Relics","Jedi Mod","Key Reminder","Marked Mod","Minty Spire (QoL Compilation)","Permanent Neow","Potion Indicator Mod","Quick Restart","Random Character Button","Random Character Mod","Rare Cards Sparkle","Relic Filter","Relic Stats","Reliquary","Replay The Spire","SacredBarkPlus","Shop Mod","Smile Girya","Somnambulant","Spicy Shops","Spikes Relics","Spire Birthday Party","StSLib","Steal the Spire","Stuff the Spire","SuperFastMode","The Awakened One except there are too many feathers","The Blue Laboratory","The Cursed","The Death Knight","The Edgeheg","The Problem Sleuth","The Runesmith","The Wild Card","Trackpad","Transform Curses","Uncapped","Unceasing Turn Reminder","Virulent Crown","Wide Potions","everything is the same but u backflip on backflip","slay the spire mod where everything is the same but ironclad has a cowboy hat"],"gold_per_floor":[113,128,203,203,216,249,249,281,308,327,327,327,344,364,364,466,466,476,476,476,496,248,248,279,279,279,279,293,293,309,321,321,420,420,439,454,454,473,473,508,508,71,71,71,96,115,115,215,215,215,215,215,64,94,94],"floor_reached":56,"language":"ENG","playtime":2453,"items_purged":["astrologer:Strike"],"score":1281,"play_id":"d776d185-c9de-451d-a65b-0ae644ab348f","local_time":"20210204201952","is_ascension_mode":true,"campfire_choices":[{"floor":7,"key":"REST"},{"floor":12,"key":"REST"},{"floor":15,"key":"REST"},{"floor":23,"key":"REST"},{"floor":25,"key":"REST"},{"floor":29,"key":"REST"},{"floor":32,"key":"RECALL"},{"floor":49,"key":"REST"}],"circlet_count":0,"master_deck":["astrologer:Strike","astrologer:Strike","astrologer:Defend","astrologer:Defend","astrologer:Defend","astrologer:Defend","astrologer:NorthStar","astrologer:TheFool","astrologer:FrozenStar","astrologer:FrozenStar","astrologer:Novile","astrologer:Starfield+1","astrologer:ShiningStar","astrologer:ShootingStar","astrologer:TheStar","astrologer:TheHierophant","astrologer:SolarFlare+1","StuffTheSpire:Innocence","astrologer:NeutronStar","astrologer:Fireball","astrologer:Nova","astrologer:Stardust+1","astrologer:SolarFlare+1","astrologer:Nova","astrologer:Prismatic","astrologer:ReadTheStars","astrologer:Glimpse+1","astrologer:Prismatic","astrologer:LonelyStar"],"relics":["StuffTheSpire:OccultApparatus","EVO:Axolotl","Guardian:ModeShifter","Centennial Puzzle","reliquary:PorcupineQuills","energizedSpire:NeverEndingSparkler","Bloody Idol","Blood Vial","aspiration:ArtOfWarUpgrade","reliquary:Aerogel","hubris:HollowSoul","Juzu Bracelet","MerchantsRug","StuffTheSpire:Expresso","Quantum Egg","Orichalcum","StuffTheSpire:GrapeVine"],"acts_visited":["Exordium","TheCity","TheBeyond","TheEnding"],"potions_floor_usage":[6,8,8,18,24,28,30,35,40,50,50,55],"damage_taken":[{"damage":0,"enemies":"2 Louse","floor":1,"turns":3},{"damage":0,"enemies":"Small Slimes","floor":2,"turns":4},{"damage":0,"enemies":"Jaw Worm","floor":5,"turns":5},{"damage":32,"enemies":"3 Sentries","floor":6,"turns":20},{"damage":40,"enemies":"Gremlin Nob","floor":8,"turns":5},{"damage":4,"enemies":"Blue Slaver","floor":10,"turns":4},{"damage":5,"enemies":"Lots of Slimes","floor":13,"turns":5},{"damage":5,"enemies":"3 Louse","floor":14,"turns":3},{"damage":36,"enemies":"Hexaghost","floor":16,"turns":9},{"damage":5,"enemies":"2 Thieves","floor":18,"turns":4},{"damage":0,"enemies":"Spheric Guardian","floor":21,"turns":3},{"damage":33,"enemies":"Slavers","floor":24,"turns":5},{"damage":1,"enemies":"Snake Plant","floor":28,"turns":3},{"damage":13,"enemies":"Centurion and Healer","floor":30,"turns":6},{"damage":0,"enemies":"Shelled Parasite and Fungi","floor":31,"turns":4},{"damage":64,"enemies":"Collector","floor":33,"turns":9},{"damage":29,"enemies":"3 Darklings","floor":35,"turns":5},{"damage":7,"enemies":"Orb Walker","floor":36,"turns":4},{"damage":42,"enemies":"Spire Growth","floor":38,"turns":6},{"damage":10,"enemies":"Reptomancer","floor":40,"turns":5},{"damage":53,"enemies":"Nemesis","floor":45,"turns":7},{"damage":0,"enemies":"4 Shapes","floor":46,"turns":3},{"damage":8,"enemies":"Donu and Deca","floor":50,"turns":6},{"damage":2,"enemies":"Shield and Spear","floor":54,"turns":5},{"damage":109,"enemies":"The Heart","floor":55,"turns":9}],"seed_played":"-2252406419384051734","potions_obtained":[{"floor":2,"key":"Explosive Potion"},{"floor":5,"key":"FearPotion"},{"floor":6,"key":"Dota2Spire:HealingSalve"},{"floor":16,"key":"blueLaboratory:BubblePotion"},{"floor":21,"key":"blueLaboratory:LouseDecoction"},{"floor":24,"key":"blueLaboratory:ArtificerPotion"},{"floor":28,"key":"GamblersBrew"},{"floor":33,"key":"Adrenaline Potion"},{"floor":38,"key":"blueLaboratory:FrostheartPotion"},{"floor":45,"key":"hexamod:SoulburnPotion"},{"floor":46,"key":"Dota2Spire:HealingSalve"},{"floor":54,"key":"Energy Potion"}],"is_trial":false,"path_per_floor":["M","M","?","?","M","E","R","E","T","M","?","R","M","M","R","B",null,"M","?","?","M","?","R","E","R","T","T","M","R","M","M","R_BF","B",null,"M","M","?","M","?","E","R","$","T","$","E","M","?","?","R","B",null,"R","$","E","B",null],"character_chosen":"ASTROLOGER","items_purchased":["astrologer:Prismatic","MerchantsRug","StuffTheSpire:Expresso","astrologer:Prismatic"],"campfire_rested":7,"item_purchase_floors":[42,42,42,53],"current_hp_per_floor":[70,70,59,70,70,38,59,31,31,27,27,48,43,38,59,23,70,65,12,12,19,19,40,14,35,35,35,41,62,56,63,63,6,70,46,46,46,11,65,60,60,65,65,65,17,24,24,29,48,60,65,65,65,65,39],"gold":94,"neow_bonus":"NOSTALGIA","is_daily":false,"chose_seed":false,"campfire_upgraded":0,"win_rate":0.0,"timestamp":1612487992,"path_taken":["M","M","?","?","M","E","R","E","T","?","?","R","M","?","R","BOSS","M","?","?","M","?","R","E","R","T","?","M","R","?","M","R_BF","BOSS","M","M","?","M","?","E","R","?","T","$","E","M","?","?","R","BOSS","R","$","E","BOSS"],"items_purchased_type":["Card","Relic","Relic","Card"],"build_version":"2020-12-22","purchased_purges":1,"victory":true,"max_hp_per_floor":[70,70,70,70,70,70,70,70,70,70,70,70,70,70,70,70,70,70,70,70,70,70,70,70,70,70,70,70,70,70,70,70,70,70,70,70,70,70,65,65,65,65,65,65,65,65,65,65,65,65,65,65,65,65,65],"relic_stats":{"Blood Vial":20,"Centennial Puzzle":[54],"counters":[25,142],"Bloody Idol":72,"Juzu Bracelet":1,"Orichalcum":[0],"obtain_stats":[{"MerchantsRug":42,"aspiration:Nostalgia":0,"reliquary:Aerogel":26,"Quantum Egg":43,"Guardian:ModeShifter":0,"StuffTheSpire:Expresso":42,"hubris:HollowSoul":34,"Juzu Bracelet":40,"StuffTheSpire:GrapeVine":54,"EVO:Axolotl":0,"Orichalcum":45,"keyreminder:keyreminder":6,"Blood Vial":19,"StuffTheSpire:OccultApparatus":47,"Centennial Puzzle":6,"Replay:Baseball":27,"reliquary:PorcupineQuills":8,"energizedSpire:NeverEndingSparkler":17,"Bloody Idol":19,"aspiration:ArtOfWarUpgrade":52,"astrologer:SkyMirror":0,"Art of War":24},{"MerchantsRug":20,"aspiration:Nostalgia":0,"reliquary:Aerogel":12,"Quantum Egg":20,"Guardian:ModeShifter":0,"StuffTheSpire:Expresso":20,"hubris:HollowSoul":16,"Juzu Bracelet":20,"StuffTheSpire:GrapeVine":24,"EVO:Axolotl":0,"Orichalcum":21,"keyreminder:keyreminder":4,"Blood Vial":10,"StuffTheSpire:OccultApparatus":22,"Centennial Puzzle":4,"Replay:Baseball":12,"reliquary:PorcupineQuills":5,"energizedSpire:NeverEndingSparkler":9,"Bloody Idol":10,"aspiration:ArtOfWarUpgrade":23,"astrologer:SkyMirror":0,"Art of War":12},{"MerchantsRug":112,"aspiration:Nostalgia":0,"reliquary:Aerogel":70,"Quantum Egg":112,"Guardian:ModeShifter":0,"StuffTheSpire:Expresso":112,"hubris:HollowSoul":92,"Juzu Bracelet":112,"StuffTheSpire:GrapeVine":133,"EVO:Axolotl":0,"Orichalcum":119,"keyreminder:keyreminder":32,"Blood Vial":62,"StuffTheSpire:OccultApparatus":122,"Centennial Puzzle":32,"Replay:Baseball":70,"reliquary:PorcupineQuills":37,"energizedSpire:NeverEndingSparkler":58,"Bloody Idol":62,"aspiration:ArtOfWarUpgrade":128,"astrologer:SkyMirror":0,"Art of War":70}]},"card_choices":[{"not_picked":["astrologer:Conjunction","astrologer:TheHangedMan"],"picked":"astrologer:FrozenStar","floor":1},{"not_picked":["astrologer:StarOfRegret","astrologer:ReadTheStars"],"picked":"astrologer:FrozenStar","floor":2},{"not_picked":["astrologer:FrozenStar","astrologer:MeteorShower"],"picked":"astrologer:Novile","floor":5},{"not_picked":["astrologer:SpaceDust","astrologer:MeteorShower"],"picked":"astrologer:Starfield","floor":6},{"not_picked":["astrologer:TheTower","astrologer:Stardust"],"picked":"astrologer:ShiningStar","floor":8},{"not_picked":["astrologer:Moonlight","astrologer:Temperance"],"picked":"astrologer:ShootingStar","floor":10},{"not_picked":["astrologer:Eclipse","astrologer:Conjunction"],"picked":"astrologer:TheStar","floor":13},{"not_picked":["astrologer:Quincunx","astrologer:Moonlight","astrologer:TheMoon"],"picked":"SKIP","floor":14},{"not_picked":["astrologer:CosmicExpanse+1","astrologer:Eclipse"],"picked":"astrologer:TheHierophant","floor":18},{"not_picked":["astrologer:Still+1","astrologer:MeteorShower"],"picked":"astrologer:SolarFlare+1","floor":21},{"not_picked":["astrologer:FrozenStar","astrologer:MeteorShower"],"picked":"astrologer:NeutronStar","floor":24},{"not_picked":["astrologer:TheLovers","astrologer:Eclipse+1"],"picked":"astrologer:Fireball","floor":28},{"not_picked":["astrologer:Opposition","astrologer:Shine","astrologer:Moonlight"],"picked":"SKIP","floor":30},{"not_picked":["astrologer:Opposition","astrologer:CometStrike+1","astrologer:Quincunx"],"picked":"SKIP","floor":31},{"not_picked":["astrologer:Trine","astrologer:Starfield"],"picked":"astrologer:Nova","floor":33},{"not_picked":["astrologer:MeteorShower","astrologer:Opposition"],"picked":"astrologer:Stardust+1","floor":35},{"not_picked":["astrologer:CometStrike","astrologer:Novile"],"picked":"astrologer:SolarFlare+1","floor":36},{"not_picked":["astrologer:CometStrike+1","astrologer:TheLovers","astrologer:MeteorShower+1"],"picked":"SKIP","floor":38},{"not_picked":["astrologer:SpaceDust+1","astrologer:Justice+1"],"picked":"astrologer:Nova","floor":40},{"not_picked":["astrologer:Conjunction","astrologer:StarOfCourage"],"picked":"astrologer:ReadTheStars","floor":45},{"not_picked":["astrologer:Conjunction+1","astrologer:CometStrike"],"picked":"astrologer:Glimpse+1","floor":46},{"not_picked":["astrologer:Moonlight+1","astrologer:Conjunction"],"picked":"astrologer:LonelyStar","floor":54}],"player_experience":375442,"relics_obtained":[{"floor":6,"key":"Centennial Puzzle"},{"floor":8,"key":"reliquary:PorcupineQuills"},{"floor":24,"key":"Art of War"},{"floor":26,"key":"reliquary:Aerogel"},{"floor":27,"key":"Replay:Baseball"},{"floor":40,"key":"Juzu Bracelet"},{"floor":43,"key":"Quantum Egg"},{"floor":45,"key":"Orichalcum"},{"floor":54,"key":"StuffTheSpire:GrapeVine"}],"event_choices":[{"damage_healed":0,"gold_gain":75,"player_choice":"Gold","damage_taken":11,"max_hp_gain":0,"max_hp_loss":0,"event_name":"betterThird:BetterGoop","floor":3,"gold_loss":0},{"damage_healed":0,"gold_gain":0,"player_choice":"Upgraded","damage_taken":0,"max_hp_gain":0,"max_hp_loss":0,"event_name":"Upgrade Shrine","floor":11,"gold_loss":0,"cards_upgraded":["astrologer:Starfield"]},{"damage_healed":0,"gold_gain":0,"player_choice":" Idol Vial ","damage_taken":53,"relics_obtained":["Bloody Idol","Blood Vial"],"max_hp_gain":65,"max_hp_loss":12,"event_name":"betterAltar:BetterAltar","floor":19,"potions_obtained":[],"relics_lost":[],"gold_loss":0},{"damage_healed":0,"gold_gain":0,"player_choice":"Ignored","damage_taken":0,"max_hp_gain":0,"max_hp_loss":0,"event_name":"Vampires","floor":20,"gold_loss":0},{"cards_removed":["astrologer:Strike"],"damage_healed":0,"gold_gain":0,"player_choice":"Removed Attack","damage_taken":0,"max_hp_gain":0,"max_hp_loss":0,"event_name":"Falling","floor":37,"gold_loss":0},{"damage_healed":0,"gold_gain":100,"player_choice":"Pray","damage_taken":0,"max_hp_gain":0,"max_hp_loss":0,"event_name":"Golden Shrine","floor":48,"gold_loss":0}],"is_beta":false,"boss_relics":[{"not_picked":["aspiration:SilentSkillbook","StuffTheSpire:Kangaroo"],"picked":"energizedSpire:NeverEndingSparkler"},{"not_picked":["hubris:Stopwatch","aspiration:RitualDagger"],"picked":"hubris:HollowSoul"}],"items_purged_floors":[53],"is_endless":false,"potions_floor_spawned":[2,5,6,16,21,24,28,33,38,45,46,54],"ascension_level":1}}