{"host":"08ib58efwyqa9h2x","time":1612529891,"event":{"mods":["BaseMod","Minty Spire (QoL Compilation)","Relic Stats"],"gold_per_floor":[16,28,45,120,132,157,157,157,157],"floor_reached":8,"language":"ENG","playtime":513,"items_purged":[],"score":113,"play_id":"f8dcffa1-5202-498c-8042-22322bf2a63f","local_time":"20210205135811","is_ascension_mode":true,"campfire_choices":[],"circlet_count":0,"master_deck":["AscendersBane","Strike_R","Strike_R","Strike_R","Strike_R","Strike_R","Defend_R","Defend_R","Defend_R","Defend_R","Bash","Juggernaut","Perfected Strike","Cleave","Battle Trance","Ghostly Armor"],"relics":["Burning Blood","Potion Belt"],"acts_visited":["Exordium"],"potions_floor_usage":[5,6,6],"damage_taken":[{"damage":4,"enemies":"Small Slimes","floor":1,"turns":4},{"damage":7,"enemies":"2 Louse","floor":2,"turns":3},{"damage":12,"enemies":"Jaw Worm","floor":3,"turns":3},{"damage":31,"enemies":"Exordium Wildlife","floor":5,"turns":6},{"damage":15,"enemies":"Lagavulin","floor":6,"turns":7},{"damage":34,"enemies":"Gremlin Nob","floor":8,"turns":3}],"seed_played":"-6726544858498437594","potions_obtained":[{"floor":2,"key":"DuplicationPotion"},{"floor":3,"key":"ColorlessPotion"},{"floor":5,"key":"SteroidPotion"}],"is_trial":false,"path_per_floor":["M","M","M","?","M","E","?","E"],"character_chosen":"IRONCLAD","items_purchased":[],"campfire_rested":0,"item_purchase_floors":[],"current_hp_per_floor":[70,69,63,52,27,18,18,0,0],"gold":157,"neow_bonus":"THREE_RARE_CARDS","is_daily":false,"chose_seed":false,"campfire_upgraded":0,"win_rate":0.0,"timestamp":1612529891,"path_taken":["M","M","M","?","M","E","?","E"],"items_purchased_type":[],"build_version":"2020-12-22","purchased_purges":0,"victory":false,"max_hp_per_floor":[75,75,75,75,75,75,75,75,75],"relic_stats":{"counters":[6,26],"obtain_stats":[{"Potion Belt":6,"Burning Blood":0},{"Potion Belt":5,"Burning Blood":0},{"Potion Belt":23,"Burning Blood":0}],"Burning Blood":30},"card_choices":[{"not_picked":["Barricade","Demon Form"],"picked":"Juggernaut","floor":0},{"not_picked":["Headbutt","Heavy Blade"],"picked":"Perfected Strike","floor":1},{"not_picked":["Pummel","Shrug It Off"],"picked":"Cleave","floor":2},{"not_picked":["Perfected Strike","Impervious"],"picked":"Battle Trance","floor":3},{"not_picked":["Carnage","Headbutt","Clash"],"picked":"SKIP","floor":5},{"not_picked":["Searing Blow","Clash"],"picked":"Ghostly Armor","floor":6}],"player_experience":621838,"relics_obtained":[{"floor":6,"key":"Potion Belt"}],"event_choices":[{"damage_healed":0,"gold_gain":75,"player_choice":"Gather Gold","damage_taken":11,"max_hp_gain":0,"max_hp_loss":0,"event_name":"World of Goop","floor":4,"gold_loss":0},{"damage_healed":0,"gold_gain":0,"player_choice":"Ignored","damage_taken":0,"max_hp_gain":0,"max_hp_loss":0,"event_name":"Liars Game","floor":7,"gold_loss":0}],"is_beta":false,"boss_relics":[],"items_purged_floors":[],"is_endless":false,"potions_floor_spawned":[2,3,5],"killed_by":"Gremlin Nob","ascension_level":19}}