{"host":"2pffx5rqbod9ds0c","time":1612498396,"event":{"mods":["Arknights","BaseMod","Better Altar","Better Match","Better Note","Better Sensory Stone","Better Skull","Better Third Choice","Bossed Relics","Custom Start","Hubris","Minty Spire (QoL Compilation)","Quick Restart","Relic Stats","Spicy Shops","StSLib"],"gold_per_floor":[109,109,59,21,39,39,39,59,113,145,145,157,173,173,173,274,274,293,293,2030000,2030015,2030029,2030059,2030079,2028939,2028964,2028999,2028999,2029026,2029026,2029052,2029052,2029150,2029150,2029162,2029175,2029192,2028049,2027972,2027997,2026735,2026735,2026735,2026763,2025259,2025277,2025277,2025289,2025289,2025289],"floor_reached":51,"language":"ENG","playtime":1745,"items_purged":["ats:Defend","ats:Strike S+1","ats:Strike G+1","ats:Defend","ats:Emotion Absorption","ats:Defend"],"score":1058,"play_id":"1cec3e4c-b16a-41dd-a04d-e2e296892805","local_time":"20210204201316","is_ascension_mode":false,"campfire_choices":[{"data":"ats:Cat Scratch","floor":6.0,"key":"SMITH"},{"data":"ats:Consecutive Shot Auto","floor":15.0,"key":"SMITH"},{"data":"hubris:StunningStrike","floor":30.0,"key":"SMITH"},{"data":"hubris:StunningStrike","floor":32.0,"key":"SMITH"},{"data":"ats:Red Shift","floor":42.0,"key":"SMITH"},{"data":"ats:Fractured Body","floor":49.0,"key":"SMITH"}],"circlet_count":0,"master_deck":["ats:Armor Crushing Shot+1","ats:Defend+1","ats:Cat Scratch+1","ats:Hammer On+1","ats:Fractured Body+1","ats:Consecutive Shot Auto+1","hubris:StunningStrike+1","ats:Shadow Assault+1","ats:True Silver Slash+1","hubris:StunningStrike+1","ats:Closed Bolt Burst Fire+1","ats:Red Shift+1"],"relics":["ats:Sanity","hubris:Towel","betterThird:SlimedRelic","Juzu Bracelet","ats:Originium","hubris:Metronome","Gambling Chip","hubris:TerracottaHorce","hubris:CrystalStatue","Vajra","TungstenRod","Medical Kit","Bag of Marbles","Bronze Scales","DollysMirror","Orichalcum","Akabeko","hubris:Icosahedron","Lantern","Regal Pillow","Black Star","ats:Ability Aura","ClockworkSouvenir","Centennial Puzzle","Blood Vial","CeramicFish","Orrery","PreservedInsect","Happy Flower","Anchor","ats:Defend","Cauldron","hubris:Reverence","Sundial","Whetstone","Pen Nib","Shuriken","Gremlin Horn","hubris:ToyBattleship","Nunchaku","ats:Emergency Defibrillator","StrikeDummy","White Beast Statue","ats:Snipe","Sling"],"acts_visited":["Exordium","TheCity","TheBeyond"],"potions_floor_usage":[50,50,50],"damage_taken":[{"damage":5.0,"enemies":"Small Slimes","floor":1.0,"turns":4.0},{"damage":1.0,"enemies":"2 Louse","floor":5.0,"turns":3.0},{"damage":6.0,"enemies":"Jaw Worm","floor":8.0,"turns":2.0},{"damage":14.0,"enemies":"Gremlin Nob","floor":10.0,"turns":5.0},{"damage":10.0,"enemies":"Exordium Wildlife","floor":12.0,"turns":3.0},{"damage":0.0,"enemies":"2 Fungi Beasts","floor":13.0,"turns":2.0},{"damage":0.0,"enemies":"Slime Boss","floor":16.0,"turns":4.0},{"damage":0.0,"enemies":"Chosen","floor":18.0,"turns":2.0},{"damage":0.0,"enemies":"Spheric Guardian","floor":21.0,"turns":1.0},{"damage":0.0,"enemies":"3 Cultists","floor":22.0,"turns":2.0},{"damage":18.0,"enemies":"Gremlin Leader","floor":23.0,"turns":5.0},{"damage":0.0,"enemies":"Snake Plant","floor":24.0,"turns":2.0},{"damage":0.0,"enemies":"Slavers","floor":27.0,"turns":2.0},{"damage":0.0,"enemies":"Book of Stabbing","floor":29.0,"turns":1.0},{"damage":0.0,"enemies":"Gremlin Leader","floor":31.0,"turns":1.0},{"damage":8.0,"enemies":"hubris:MusketHawk","floor":33.0,"turns":4.0},{"damage":0.0,"enemies":"3 Shapes","floor":35.0,"turns":1.0},{"damage":0.0,"enemies":"Orb Walker","floor":36.0,"turns":1.0},{"damage":0.0,"enemies":"Maw","floor":37.0,"turns":3.0},{"damage":0.0,"enemies":"Reptomancer","floor":40.0,"turns":2.0},{"damage":0.0,"enemies":"Nemesis","floor":44.0,"turns":1.0},{"damage":4.0,"enemies":"4 Shapes","floor":46.0,"turns":1.0},{"damage":0.0,"enemies":"Jaw Worm Horde","floor":48.0,"turns":1.0},{"damage":8,"enemies":"Donu and Deca","floor":50,"turns":3}],"seed_played":"3393871464941383170","potions_obtained":[{"floor":5.0,"key":"Weak Potion"},{"floor":10.0,"key":"Energy Potion"},{"floor":13.0,"key":"Dexterity Potion"},{"floor":21.0,"key":"ats:Top Emergency Sanity Potion"},{"floor":23.0,"key":"FearPotion"},{"floor":29.0,"key":"SteroidPotion"},{"floor":35.0,"key":"ats:Emergency Sanity Potion"},{"floor":41.0,"key":"CultistPotion"}],"is_trial":false,"path_per_floor":["M","?","?","?","M","R","$","M","T","E","?","M","M","?","R","B",null,"M","?","?","M","M","E","M","$","T","E","?","E","R","E","R","B",null,"M","M","M","$","?","E","$","R","T","E","$","M","?","M","R","B",null],"character_chosen":"DOCTOR_CLASS","items_purchased":["Vajra","TungstenRod","Medical Kit","Bag of Marbles","Bronze Scales","DollysMirror","ats:Ability Aura","ClockworkSouvenir","Centennial Puzzle","Blood Vial","CeramicFish","Orrery","ats:Defend","Cauldron","hubris:Reverence","Sundial","Whetstone","Pen Nib","ats:Red Shift","Nunchaku","ats:Emergency Defibrillator","StrikeDummy","White Beast Statue","ats:Snipe","Sling"],"campfire_rested":0,"item_purchase_floors":[25,25,25,25,25,25,38,38,38,38,38,38,41,41,41,41,41,41,41,45,45,45,45,45,45],"current_hp_per_floor":[67,67,67,56,55,55,55,49,49,35,21,11,11,54,54,54,68,68,68,68,68,68,50,50,50,50,50,50,50,50,50,50,42,65,65,65,65,65,65,67,67,67,67,69,69,67,67,69,69,63],"gold":2025289,"neow_bonus":"UPGRADE_CARD","is_daily":false,"chose_seed":false,"campfire_upgraded":6,"win_rate":0.0,"timestamp":1612498396,"path_taken":["M","?","?","?","M","R","$","M","T","E","?","M","M","?","R","BOSS","M","?","?","M","M","E","M","$","T","E","?","E","R","E","R","BOSS","M","M","M","$","?","E","$","R","T","E","$","M","?","M","R","BOSS"],"items_purchased_type":["Relic","Relic","Relic","Relic","Relic","Relic","Relic","Relic","Relic","Relic","Relic","Relic","Card","Relic","Relic","Relic","Relic","Relic","Card","Relic","Relic","Relic","Relic","Relic","Relic"],"build_version":"2020-12-22","purchased_purges":6,"victory":true,"max_hp_per_floor":[72,72,72,72,72,72,72,72,72,72,72,72,72,72,72,72,72,72,72,72,72,72,72,72,72,72,72,72,72,72,72,72,72,72,72,72,72,72,72,72,72,72,72,72,72,72,72,72,72,72],"relic_stats":{"Regal Pillow":0,"Happy Flower":[2],"Gremlin Horn":[1,1],"counters":[24,56],"CeramicFish":9,"PreservedInsect":106,"Pen Nib":[1],"Juzu Bracelet":3,"Whetstone":["ats:Hammer On","ats:True Silver Slash"],"Orichalcum":[48],"Medical Kit":[0],"Blood Vial":10,"Centennial Puzzle":[3],"Nunchaku":[1],"Sundial":[0],"Shuriken":[2],"Gambling Chip":[36],"Bronze Scales":[15],"Black Star":2,"obtain_stats":[{"ats:Ability Aura":38,"hubris:Metronome":10,"Lantern":29,"Regal Pillow":31,"hubris:CrystalStatue":23,"Gremlin Horn":44,"CeramicFish":38,"Vajra":25,"ats:Snipe":45,"Juzu Bracelet":9,"Whetstone":41,"Sling":45,"hubris:TerracottaHorce":17,"ClockworkSouvenir":38,"Blood Vial":38,"Centennial Puzzle":38,"Nunchaku":45,"hubris:Icosahedron":28,"DollysMirror":25,"Sundial":41,"Gambling Chip":14,"ats:Emergency Defibrillator":45,"ats:Sanity":0,"ats:Defend":41,"Happy Flower":40,"PreservedInsect":39,"Pen Nib":41,"hubris:Towel":2,"Orichalcum":26,"Medical Kit":25,"Akabeko":27,"White Beast Statue":45,"Cauldron":41,"Anchor":40,"ats:Originium":10,"Shuriken":43,"betterThird:SlimedRelic":4,"Bronze Scales":25,"Orrery":38,"Bag of Marbles":25,"Black Star":34,"hubris:ToyBattleship":44,"StrikeDummy":45,"TungstenRod":25,"hubris:Reverence":41},{"ats:Ability Aura":19,"hubris:Metronome":4,"Lantern":14,"Regal Pillow":15,"hubris:CrystalStatue":11,"Gremlin Horn":21,"CeramicFish":19,"Vajra":12,"ats:Snipe":21,"Juzu Bracelet":3,"Whetstone":20,"Sling":21,"hubris:TerracottaHorce":7,"ClockworkSouvenir":19,"Blood Vial":19,"Centennial Puzzle":19,"Nunchaku":21,"hubris:Icosahedron":13,"DollysMirror":12,"Sundial":20,"Gambling Chip":6,"ats:Emergency Defibrillator":21,"ats:Sanity":0,"ats:Defend":20,"Happy Flower":20,"PreservedInsect":19,"Pen Nib":20,"hubris:Towel":1,"Orichalcum":12,"Medical Kit":12,"Akabeko":13,"White Beast Statue":21,"Cauldron":20,"Anchor":20,"ats:Originium":4,"Shuriken":20,"betterThird:SlimedRelic":1,"Bronze Scales":12,"Orrery":19,"Bag of Marbles":12,"Black Star":16,"hubris:ToyBattleship":21,"StrikeDummy":21,"TungstenRod":12,"hubris:Reverence":20},{"ats:Ability Aura":48,"hubris:Metronome":14,"Lantern":38,"Regal Pillow":39,"hubris:CrystalStatue":33,"Gremlin Horn":51,"CeramicFish":48,"Vajra":35,"ats:Snipe":51,"Juzu Bracelet":9,"Whetstone":50,"Sling":51,"hubris:TerracottaHorce":23,"ClockworkSouvenir":48,"Blood Vial":48,"Centennial Puzzle":48,"Nunchaku":51,"hubris:Icosahedron":37,"DollysMirror":35,"Sundial":50,"Gambling Chip":19,"ats:Emergency Defibrillator":51,"ats:Sanity":0,"ats:Defend":50,"Happy Flower":50,"PreservedInsect":48,"Pen Nib":50,"hubris:Towel":4,"Orichalcum":35,"Medical Kit":35,"Akabeko":37,"White Beast Statue":51,"Cauldron":50,"Anchor":50,"ats:Originium":14,"Shuriken":50,"betterThird:SlimedRelic":4,"Bronze Scales":35,"Orrery":48,"Bag of Marbles":35,"Black Star":43,"hubris:ToyBattleship":51,"StrikeDummy":51,"TungstenRod":35,"hubris:Reverence":50}],"TungstenRod":6},"card_choices":[{"not_picked":["ats:Very Hot Blade","ats:Healing Drone"],"picked":"ats:Cat Scratch","floor":1.0},{"not_picked":["ats:Shell Defense","ats:Consecutive Shot Auto"],"picked":"ats:Hammer On","floor":5.0},{"not_picked":["ats:Guard Mode","ats:Curse Doll"],"picked":"ats:Fractured Body","floor":8.0},{"not_picked":["ats:Cat Scratch","ats:Counter Healing Mode","ats:Leaping Hammer"],"picked":"SKIP","floor":10.0},{"not_picked":["ats:Guard Mode","ats:Assault Order","ats:Flexible Camouflage"],"picked":"SKIP","floor":12.0},{"not_picked":["ats:Hammer On","ats:Automatic Cover"],"picked":"ats:Consecutive Shot Auto","floor":13.0},{"not_picked":["ats:Ambush","ats:Rat Pack"],"picked":"ats:Shadow Assault","floor":16.0},{"not_picked":["ats:Song Of Battle","ats:Guardian Obelisk+1","ats:Leaping Hammer"],"picked":"SKIP","floor":18.0},{"not_picked":["ats:Explosion Area Strengthen+1","ats:Cat Scratch","ats:Support Order"],"picked":"SKIP","floor":21.0},{"not_picked":["ats:Very Hot Blade","ats:Mental Burst","ats:Thorns"],"picked":"SKIP","floor":22.0},{"not_picked":["ats:Blood Oath","ats:Powerful Strike","ats:Cat Scratch"],"picked":"SKIP","floor":23.0},{"not_picked":["ats:Guard Mode+1","ats:Charging Defense","ats:Curse Doll"],"picked":"SKIP","floor":24.0},{"not_picked":["ats:Consecutive Shot Auto","ats:Absolute Focus","ats:Healing Drone"],"picked":"SKIP","floor":27.0},{"not_picked":["ats:Ambush","ats:Directed Diagnosis"],"picked":"ats:Closed Bolt Burst Fire+1","floor":29.0},{"not_picked":["ats:Cat Scratch","ats:Serious Mode+1","ats:Apocalypse+1"],"picked":"SKIP","floor":31.0},{"not_picked":["ats:Poison Spread+1","ats:Powerful Strike+1","ats:Leaping Hammer+1"],"picked":"SKIP","floor":35.0},{"not_picked":["ats:Apocalypse","ats:Ignite","ats:Shadow Raid"],"picked":"SKIP","floor":36.0},{"not_picked":["ats:Apocalypse+1","ats:Song Of Battle","ats:Cat Scratch+1"],"picked":"SKIP","floor":37.0},{"not_picked":["ats:Serious Mode+1","ats:Explosion Area Strengthen","ats:Guard Mode"],"picked":"SKIP","floor":40.0},{"not_picked":["ats:Healing Strengthening","ats:Closed Bolt Burst Fire+1","ats:Spore Proliferation+1"],"picked":"SKIP","floor":44.0},{"not_picked":["ats:Revitalization+1","ats:Shell Defense+1","ats:Sword Rain"],"picked":"SKIP","floor":46.0},{"not_picked":["ats:Revitalization+1","ats:Shell Defense+1","ats:Sword Rain"],"picked":"SKIP","floor":46.0},{"not_picked":["ats:Consecutive Shot Auto+1","ats:Absolute Focus+1","ats:Flexible Camouflage"],"picked":"SKIP","floor":48.0}],"player_experience":735475,"relics_obtained":[{"floor":9.0,"key":"Juzu Bracelet"},{"floor":10.0,"key":"ats:Originium"},{"floor":10.0,"key":"hubris:Metronome"},{"floor":23.0,"key":"ats:Originium"},{"floor":23.0,"key":"hubris:CrystalStatue"},{"floor":26.0,"key":"Orichalcum"},{"floor":27.0,"key":"ats:Originium"},{"floor":27.0,"key":"Akabeko"},{"floor":29.0,"key":"ats:Originium"},{"floor":29.0,"key":"Lantern"},{"floor":31.0,"key":"Regal Pillow"},{"floor":40.0,"key":"Happy Flower"},{"floor":40.0,"key":"Anchor"},{"floor":43.0,"key":"Shuriken"},{"floor":44.0,"key":"Gremlin Horn"},{"floor":44.0,"key":"hubris:ToyBattleship"}],"event_choices":[{"cards_removed":["ats:Strike C"],"damage_healed":0.0,"max_hp_gain":0.0,"max_hp_loss":0.0,"gold_gain":0.0,"event_name":"The Cleric","player_choice":"Card Removal","floor":3.0,"gold_loss":50.0,"damage_taken":0.0},{"damage_healed":0.0,"max_hp_gain":0.0,"max_hp_loss":0.0,"gold_gain":0.0,"event_name":"betterThird:BetterGoop","player_choice":"Slimed","floor":4.0,"gold_loss":38.0,"damage_taken":11.0},{"damage_healed":35.0,"max_hp_gain":0.0,"max_hp_loss":72.0,"gold_gain":0.0,"event_name":"betterThird:BetterShining","player_choice":"Upgrade","floor":11.0,"gold_loss":0.0,"damage_taken":14.0,"cards_upgraded":["ats:Strike S","ats:Strike G"]},{"cards_removed":["ats:Shadow Assault"],"damage_healed":0.0,"max_hp_gain":0.0,"max_hp_loss":0.0,"gold_gain":0.0,"event_name":"betterNote:BetterNote","player_choice":"Take \u0026 Give","floor":19.0,"gold_loss":0.0,"damage_taken":0.0,"cards_obtained":["ats:True Silver Slash"]},{"cards_removed":["ats:Strike V"],"damage_healed":0.0,"max_hp_gain":0.0,"max_hp_loss":0.0,"gold_gain":0.0,"event_name":"Designer","player_choice":"Upgrade and Remove","floor":20.0,"gold_loss":90.0,"damage_taken":0.0,"cards_upgraded":["ats:Defend"]},{"damage_healed":0.0,"max_hp_gain":0.0,"max_hp_loss":0.0,"gold_gain":0.0,"event_name":"WeMeetAgain","player_choice":"Paid Gold","floor":39.0,"gold_loss":77.0,"damage_taken":0.0,"relics_obtained":["PreservedInsect"]}],"is_beta":false,"boss_relics":[{"not_picked":["SlaversCollar","ats:Omniscience"],"picked":"hubris:TerracottaHorce"},{"not_picked":["ats:Tactical Delivery","Runic Pyramid"],"picked":"Black Star"}],"items_purged_floors":[25,38,38,41,45,45],"is_endless":false,"potions_floor_spawned":[5,10,13,21,22,23,29,35,36,46,48],"ascension_level":0}}