{"host":"uceopoba4zvqsgiy","time":1612529735,"event":{"mods":["2.2 Compatiblity","Act Like it!","BaseMod","Better Skull","Better Third Choice","Elementarium","Evolution","GifTheSpireLib","Hermit","Humility","Infinite Spire","Jorbs\u0027s Wanderer Trilogy","Marked Mod","Minty Spire (QoL Compilation)","Potionbrewer","Reliquary","Replay The Spire","Robot Space Explorer","Shade Mod","Spicy Shops","StS++","StSLib","Stuff the Spire","The Blue Laboratory","The Caster","The Cursed","The Dragon Tamer","The Hierophant","The Judge","The Jungle","TheSurvivalist","Wandering Minibosses"],"gold_per_floor":[116,116,116,46,61,61,101,101,126,146,184,198,198,198],"floor_reached":13,"language":"ENG","playtime":1078,"items_purged":[],"score":136,"play_id":"5091b0c1-a04b-4eb5-80a1-258be8c08e09","local_time":"20210205232535","is_ascension_mode":true,"campfire_choices":[{"data":"Fasting2","floor":6,"key":"SMITH"}],"circlet_count":0,"master_deck":["Strike_P","Strike_P","Strike_P+1","Strike_P","Defend_P","Defend_P+1","Defend_P","Defend_P","Eruption","Vigilance","Fasting2+1","DeusExMachina","StuffTheSpire:Innocence","Replay:LoomingThreat"],"relics":["PureWater","EVO:Axolotl","NeowsBlessing","Golden Idol","reliquary:Solitaire","Bag of Preparation","Simple Rune","Happy Flower"],"acts_visited":["Exordium"],"potions_floor_usage":[11,13],"damage_taken":[{"damage":0,"enemies":"Small Slimes","floor":1,"turns":1},{"damage":0,"enemies":"Jaw Worm","floor":5,"turns":2},{"damage":0,"enemies":"Gremlin Nob","floor":7,"turns":1},{"damage":0,"enemies":"Cultist","floor":10,"turns":2},{"damage":3,"enemies":"Lagavulin","floor":11,"turns":6},{"damage":1,"enemies":"Looter","floor":12,"turns":2},{"damage":61,"enemies":"Gremlin Nob","floor":13,"turns":4}],"seed_played":"-7374346079784096267","potions_obtained":[{"floor":7,"key":"Strength Potion"},{"floor":11,"key":"Explosive Potion"}],"is_trial":false,"path_per_floor":["M","?","T","$","M","R","E","?","T","M","E","M","E"],"character_chosen":"WATCHER","items_purchased":["Fasting2"],"campfire_rested":0,"item_purchase_floors":[4],"current_hp_per_floor":[72,54,54,54,54,54,54,47,47,47,44,43,0,0],"gold":198,"neow_bonus":"THREE_ENEMY_KILL","is_daily":false,"chose_seed":false,"campfire_upgraded":1,"win_rate":0.0,"timestamp":1612529735,"path_taken":["M","?","?","$","M","R","E","?","T","?","E","M","E"],"items_purchased_type":["Card"],"build_version":"2020-12-22","purchased_purges":0,"victory":false,"max_hp_per_floor":[72,72,72,72,72,72,72,72,72,72,72,72,72,72],"card_choices":[{"not_picked":["Crescendo","Replay:BluntJabs","Collect"],"picked":"SKIP","floor":1},{"not_picked":["Crescendo","Prostrate","FollowUp"],"picked":"SKIP","floor":5},{"not_picked":["ThirdEye","MarkedMod:Acupuncture"],"picked":"DeusExMachina","floor":7},{"not_picked":["DeceiveReality","MarkedMod:PinPointDefense"],"picked":"Replay:LoomingThreat","floor":10},{"not_picked":["StSpp:Renounce","InnerPeace","Evaluate"],"picked":"SKIP","floor":11},{"not_picked":["Nirvana","SashWhip","StSpp:LatentStrike"],"picked":"SKIP","floor":12}],"player_experience":1767782,"relics_obtained":[{"floor":3,"key":"reliquary:Solitaire"},{"floor":7,"key":"Bag of Preparation"},{"floor":9,"key":"Simple Rune"},{"floor":11,"key":"Happy Flower"}],"event_choices":[{"damage_healed":0,"gold_gain":0,"player_choice":"Take Damage","damage_taken":18,"relics_obtained":["Golden Idol"],"max_hp_gain":0,"max_hp_loss":0,"event_name":"Golden Idol","floor":2,"gold_loss":0}],"is_beta":false,"boss_relics":[],"items_purged_floors":[],"is_endless":false,"potions_floor_spawned":[7,11],"killed_by":"Gremlin Nob","ascension_level":3,"is_humility":true}}