{"host":"cxvb37eaaiijvrl4","time":1612485162,"event":{"mods":["ATMod(阿瑾Mod)","BaseMod","Better Third Choice","Minty Spire (QoL Compilation)","MostiFishMod","Quick Restart","Rare Cards Sparkle","Shop Mod","Spicy Shops","StSLib","TestMod","Uncapped","残留之物"],"gold_per_floor":[118,118,118,18,32,56,71,96,122,122,1000122,153,207,207,207,284,284,298,1000355,313,1000378,313,313,1000344,332,332,332,352,352,380,400,400,478,478,494,494,503,565,565,599,599,632,632,999119,535,664,686,686,686,889,1093,1093,1093,1001093,1324,1429],"floor_reached":57,"language":"ZHS","playtime":2034,"items_purged":["Dualcast","Strike_B","Strike_B","Strike_B","Defend_B","Defend_B","Ball Lightning+1","Gash+1","Sword Boomerang+1"],"score":3823,"play_id":"61532d75-2a2f-48f1-a042-441520c1f86f","local_time":"20210204163242","is_ascension_mode":true,"campfire_choices":[{"data":"Zap","floor":10.0,"key":"SMITH"},{"data":"White Noise","floor":15.0,"key":"SMITH"},{"data":"Madness","floor":27,"key":"SMITH"},{"data":"MostiFishMod:StrandedSiren","floor":29,"key":"SMITH"},{"data":"AT_StudyProgram","floor":32,"key":"SMITH"},{"floor":41,"key":"RECALL"},{"floor":49,"key":"REST"},{"floor":53,"key":"REST"}],"circlet_count":0,"master_deck":["AscendersBane","Defend_B+1","Zap+1","Coolheaded+1","MostiFishMod:TalkingToTheRain+1","White Noise+1","AT_StudyProgram+1","MostiFishMod:StrandedSiren+1","MostiFishMod:LinkProtocol+1","MostiFishMod:Distribution+1","Madness+1","testmod-ChaoticCore+1","BootSequence+1","AT_DarkMatter+1","Capacitor+1","Thunder Strike+1"],"relics":["testmod-TestBox","AT_ATBox","DiscerningMonocle","testmod-Fanaticism","FeatherPendant","SynthV:TestCard","testmod-Charity","AT_SunfireAegis","Vajra","DianDianMeat","Tiny Chest","MerchantsRug","Art of War","testmod-Antiphasic","BirthdayGift-Icosahedron","Oddly Smooth Stone","Whetstone","testmod-Faith","Centennial Puzzle","SentryEyes","testmod-DeterminationOfClimber","PlaceholderMod:SoulofChaos","testmod-LifeArmor","Mercury Hourglass","Gremlin Horn","TimeFreeze","BrkXgEgg","Turnip","Molten Egg 2","testmod-Hope","PlaceholderMod:FlatBlood","Strange Spoon","Kunai","AT_GuinsooRageblade","War Paint","Potion Belt","PrismaticShard","Strawberry","AT_SilvercatRing","testmod-TurbochargingSystem","RhineFirstAidKit","DaveBox","SacredBark","Membership Card","Lee\u0027s Waffle","AT_TimeSand","FossilizedHelix","SynthV:C4","AT_ArchangelStaff","Nunchaku","testmod-OneHitWonder","Bottled Tornado","AT_TheCollector","HornCleat","AT_BladeRuinedKing","Ginger","Technique","SynthV:MejaisSoulstealer","Thread and Needle","StrikeDummy","Runic Capacitor","White Beast Statue","Dodecahedron","testmod-Maize","AT_ChloranthyRing"],"acts_visited":["Exordium","TheCity","TheBeyond","TheEnding"],"potions_floor_usage":[38,56,56,56,56,56,56,56,56,56,56,56],"damage_taken":[{"damage":0.0,"enemies":"Cultist","floor":1.0,"turns":2.0},{"damage":8.0,"enemies":"Small Slimes","floor":5.0,"turns":2.0},{"damage":0.0,"enemies":"3 Sentries","floor":6.0,"turns":4.0},{"damage":0.0,"enemies":"Jaw Worm","floor":7.0,"turns":1.0},{"damage":0.0,"enemies":"Gremlin Nob","floor":8.0,"turns":3.0},{"damage":0.0,"enemies":"3 Sentries","floor":12.0,"turns":2.0},{"damage":0.0,"enemies":"3 Sentries","floor":13.0,"turns":2.0},{"damage":0.0,"enemies":"Hexaghost","floor":16.0,"turns":2.0},{"damage":0.0,"enemies":"3 Byrds","floor":18.0,"turns":1.0},{"damage":0.0,"enemies":"Spheric Guardian","floor":20.0,"turns":1.0},{"damage":0,"enemies":"Snecko","floor":25,"turns":1},{"damage":0,"enemies":"Snake Plant","floor":28,"turns":1},{"damage":0,"enemies":"Gremlin Leader","floor":30,"turns":1},{"damage":0,"enemies":"Centurion and Healer","floor":31,"turns":1},{"damage":0,"enemies":"Champ","floor":33,"turns":1},{"damage":0,"enemies":"Orb Walker","floor":35,"turns":1},{"damage":0,"enemies":"3 Shapes","floor":37,"turns":1},{"damage":0,"enemies":"Giant Head","floor":40,"turns":1},{"damage":0,"enemies":"Reptomancer","floor":42,"turns":1},{"damage":0,"enemies":"Maw","floor":45,"turns":1},{"damage":0,"enemies":"Nemesis","floor":46,"turns":1},{"damage":0,"enemies":"Jaw Worm Horde","floor":47,"turns":1},{"damage":0,"enemies":"Awakened One","floor":50,"turns":2},{"damage":0,"enemies":"Donu and Deca","floor":51,"turns":1},{"damage":0,"enemies":"Shield and Spear","floor":55,"turns":1},{"damage":0,"enemies":"The Heart","floor":56,"turns":4}],"seed_played":"2812426510067958494","potions_obtained":[{"floor":37,"key":"DistilledChaos"},{"floor":40,"key":"PlaceholderMod:PlaceholderPotion"}],"is_trial":false,"path_per_floor":["M","?","?","$","M","E","M","E","T","R","$","E","?","?","R","B",null,"M","$","M","$","?","T","$","M","T","R","M","R","E","M","R","B",null,"M","?","M","$","?","E","R","E","T","$","M","E","M","T","R","B","B",null,"R","$","E","B",null],"character_chosen":"DEFECT","items_purchased":["testmod-Charity","AT_SunfireAegis","Vajra","DianDianMeat","Tiny Chest","LiquidMemories","Block Potion","MerchantsRug","BirthdayGift-Icosahedron","Oddly Smooth Stone","Whetstone","testmod-Faith","PlaceholderMod:SoulofChaos","testmod-LifeArmor","Mercury Hourglass","Gremlin Horn","TimeFreeze","BrkXgEgg","testmod-SpacePotion","PotionOfCapacity","SpeedPotion","Fruit Juice","Turnip","Molten Egg 2","testmod-Hope","PlaceholderMod:FlatBlood","MostiFishMod:LinkProtocol","Strange Spoon","SneckoOil","SneckoOil","Block Potion","LiquidMemories","AT_GuinsooRageblade","War Paint","Potion Belt","PrismaticShard","Strawberry","BlessingOfTheForge","BlessingOfTheForge","FearPotion","Block Potion","MostiFishMod:Distribution+1","Membership Card","Lee\u0027s Waffle","AT_TimeSand","FossilizedHelix","SynthV:C4","AT_ArchangelStaff","testmod-SpacePotion","EntropicBrew","Ancient Potion","BlessingOfTheForge","AT_TheCollector","HornCleat","AT_BladeRuinedKing","Ginger","Capacitor","Technique","SynthV:MejaisSoulstealer","Runic Capacitor","White Beast Statue","Dodecahedron","testmod-Maize","Thunder Strike+1"],"campfire_rested":2,"item_purchase_floors":[4,4,4,4,4,4,4,4,11,11,11,11,19,19,19,19,19,19,19,19,19,19,21,21,21,21,21,21,21,21,21,21,24,24,24,24,24,24,24,24,24,24,38,38,38,38,38,38,38,38,38,38,44,44,44,44,44,44,44,54,54,54,54,54],"current_hp_per_floor":[64,69,62,62,59,61,64,68,69,69,69,75,82,58,58,66,99,109,117,121,130,133,136,153,167,167,167,170,170,173,176,176,188,188,190,193,194,204,218,234,234,238,238,251,274,279,282,285,285,292,298,298,298,313,321,334],"gold":1429,"neow_bonus":"BOSS_RELIC","is_daily":false,"chose_seed":false,"campfire_upgraded":5,"win_rate":0.0,"timestamp":1612485162,"path_taken":["M","?","?","$","M","E","M","E","T","R","$","E","?","?","R","BOSS","M","$","M","$","?","?","$","M","T","R","M","R","E","M","R","BOSS","M","?","M","$","?","E","R","E","T","$","?","E","M","?","R","BOSS","BOSS","R","$","E","BOSS"],"items_purchased_type":["Relic","Relic","Relic","Relic","Relic","Potion","Potion","Relic","Relic","Relic","Relic","Relic","Relic","Relic","Relic","Relic","Relic","Relic","Potion","Potion","Potion","Potion","Relic","Relic","Relic","Relic","Card","Relic","Potion","Potion","Potion","Potion","Relic","Relic","Relic","Relic","Relic","Potion","Potion","Potion","Potion","Card","Relic","Relic","Relic","Relic","Relic","Relic","Potion","Potion","Potion","Potion","Relic","Relic","Relic","Relic","Card","Relic","Relic","Relic","Relic","Relic","Relic","Card"],"build_version":"2020-12-22","purchased_purges":9,"victory":true,"max_hp_per_floor":[71,76,76,76,77,79,82,86,87,87,87,92,98,103,103,110,110,113,121,123,132,135,138,155,167,167,167,170,170,173,176,176,188,188,190,193,194,204,218,234,234,238,238,251,274,279,282,285,285,292,298,298,298,313,321,334],"card_choices":[{"not_picked":["Beam Cell","MostiFishMod:GatherIntelligence"],"picked":"Gash","floor":1.0},{"not_picked":["AT_HeatAcrobatics","MostiFishMod:PushDownKick","Chill","Loop","MostiFishMod:IceShield"],"picked":"SKIP","floor":5.0},{"not_picked":["AT_WarpDrive","Conserve Battery","Go for the Eyes","Turbo"],"picked":"Ball Lightning","floor":6.0},{"not_picked":["Rebound","Cold Snap","Blizzard","Hologram"],"picked":"Coolheaded","floor":7.0},{"not_picked":["Beam Cell","Stack","Gash","Go for the Eyes"],"picked":"MostiFishMod:TalkingToTheRain","floor":8.0},{"not_picked":["Seek","Undo","Streamline","Stack","White Noise"],"picked":"SKIP","floor":12.0},{"not_picked":["Seek","Undo","Streamline","Stack"],"picked":"White Noise","floor":12.0},{"not_picked":["Force Field","Barrage","Hologram","Cold Snap"],"picked":"AT_StudyProgram","floor":13.0},{"not_picked":["Multi-Cast","AT_WaterDrop","Creative AI","Reboot"],"picked":"MostiFishMod:StrandedSiren","floor":16.0},{"not_picked":["Stack","Doom and Gloom+1","Streamline","Chill","AT_HeatAcrobatics+1"],"picked":"SKIP","floor":18.0},{"not_picked":["Undo","Stack+1","Streamline+1","Go for the Eyes","AT_HeatAcrobatics"],"picked":"SKIP","floor":20.0},{"not_picked":["PlaceholderMod:Colorful+1","PlaceholderMod:Break+1","Bane+1","PlaceholderMod:SevereHeat"],"picked":"Madness","floor":25},{"not_picked":["AT_ArcaneSupremacy","Heatsinks","PlaceholderMod:ContinueSpray+1","AT_BreakingExtremeWeapon+1","Concentrate+1"],"picked":"SKIP","floor":28},{"not_picked":["PlaceholderMod:Turn+1","Poisoned Stab+1","PlaceholderMod:HardStrike+1","Sucker Punch+1","Evaluate"],"picked":"SKIP","floor":30},{"not_picked":["MostiFishMod:PerfectParry","PlaceholderMod:ProliferateStrike+1","Protect","JustLucky+1","Battle Trance+1"],"picked":"SKIP","floor":31},{"not_picked":["PlaceholderMod:MultiReaction+1","Secret Weapon+1","Electrodynamics+1","MostiFishMod:ShivMaster+1"],"picked":"testmod-ChaoticCore+1","floor":33},{"not_picked":["Quick Slash+1","Flex","Turbo","PlaceholderMod:AttackAsDefend+1","Heel Hook+1"],"picked":"SKIP","floor":35},{"not_picked":["Dagger Throw+1","EmptyMind","Stack","Finisher+1","AT_WindFlip+1"],"picked":"SKIP","floor":37},{"not_picked":["Bane+1","Lockon+1","Machine Learning+1","Auto Shields+1"],"picked":"AT_DarkMatter","floor":40},{"not_picked":["SashWhip+1","PlaceholderMod:ConsolidateHit+1","Barrage+1","AT_IchimonjiDouble+1","MostiFishMod:GrandStart+1"],"picked":"SKIP","floor":42},{"not_picked":["Iron Wave+1","Underhanded Strike+1","MostiFishMod:ScryFuture+1","Slice+1"],"picked":"Sword Boomerang+1","floor":45},{"not_picked":["Ghostly Armor","Streamline+1","Deadly Poison","Body Slam+1","Backflip"],"picked":"SKIP","floor":46},{"not_picked":["MostiFishMod:PerfectStrikeMKII+1","AT_HeatAcrobatics","PlaceholderMod:StrongAcid","testmod-PocketStoneCalender+1","Acrobatics"],"picked":"SKIP","floor":47},{"not_picked":["Steam","PlaceholderMod:SeverePoisonStrike+1","testmod-TemporaryDeletion+1","Redo","Backflip"],"picked":"SKIP","floor":55}],"player_experience":734162,"relics_obtained":[{"floor":1.0,"key":"SynthV:TestCard"},{"floor":6.0,"key":"Art of War"},{"floor":8.0,"key":"testmod-Antiphasic"},{"floor":12.0,"key":"Centennial Puzzle"},{"floor":23,"key":"Kunai"},{"floor":26,"key":"AT_SilvercatRing"},{"floor":30,"key":"testmod-TurbochargingSystem"},{"floor":40,"key":"Nunchaku"},{"floor":42,"key":"testmod-OneHitWonder"},{"floor":43,"key":"Bottled Tornado"},{"floor":46,"key":"Thread and Needle"},{"floor":48,"key":"StrikeDummy"},{"floor":55,"key":"AT_ChloranthyRing"}],"event_choices":[{"damage_healed":0.0,"max_hp_gain":5.0,"max_hp_loss":0.0,"gold_gain":0.0,"event_name":"Big Fish","player_choice":"Donut","floor":2.0,"gold_loss":0.0,"damage_taken":0.0},{"cards_removed":["Strike_B"],"damage_healed":0.0,"max_hp_gain":0.0,"max_hp_loss":0.0,"gold_gain":0.0,"event_name":"Golden Wing","player_choice":"Card Removal","floor":3.0,"gold_loss":0.0,"damage_taken":7.0},{"damage_healed":0.0,"max_hp_gain":0.0,"max_hp_loss":0.0,"gold_gain":0.0,"event_name":"Dead Adventurer","player_choice":"Searched \u00273\u0027 times","floor":13.0,"gold_loss":0.0,"damage_taken":0.0,"relics_obtained":["SentryEyes"]},{"damage_healed":82.0,"max_hp_gain":0.0,"max_hp_loss":98.0,"gold_gain":0.0,"event_name":"betterThird:BetterShining","player_choice":"Upgrade","floor":14.0,"gold_loss":0.0,"damage_taken":29.0,"cards_upgraded":["Defend_B","MostiFishMod:TalkingToTheRain"]},{"damage_healed":0,"gold_gain":0,"player_choice":"Ignored","damage_taken":0,"max_hp_gain":0,"max_hp_loss":0,"event_name":"Cursed Tome","floor":22,"gold_loss":0},{"damage_healed":0,"gold_gain":0,"player_choice":"Swap Relic","damage_taken":0,"relics_obtained":["DaveBox"],"max_hp_gain":0,"max_hp_loss":0,"event_name":"给自己的盒子","floor":36,"relics_lost":["DaveBox"],"gold_loss":0},{"damage_healed":0,"gold_gain":0,"cards_transformed":["Defend_B"],"player_choice":"Transformed","damage_taken":0,"max_hp_gain":0,"max_hp_loss":0,"event_name":"Transmorgrifier","floor":39,"gold_loss":0,"cards_obtained":["BootSequence"]}],"is_beta":false,"boss_relics":[{"not_picked":["Ectoplasm","PlaceholderMod:LiveLive"],"picked":"testmod-DeterminationOfClimber"},{"not_picked":["testmod-EnergyCheck","Pandora\u0027s Box"],"picked":"RhineFirstAidKit"}],"items_purged_floors":[4,4,11,19,21,24,38,44,54],"is_endless":false,"potions_floor_spawned":[6,7,8,16,30,33,37,40,46,55],"ascension_level":20}}