{"host":"h5acbxt0wmjo1kpm","time":1612515016,"event":{"mods":["2.2 Compatiblity","Act Like it!","AlwaysNeverKeys","Aspiration","Bard","Bartender","BaseMod","Better Third Choice","Colored Map","Downfall","Elementarium","Gensokyo","GifTheSpireLib","Hallownest","Marisa????????","Menagerie","Minty Spire (QoL Compilation)","Permanent Neow","Potionbrewer","Quick Restart","Relic Filter","Reliquary","Robot Space Explorer","RumiaBox-????????","Shade Mod","Spicy Shops","StSLib","Strawberry Spire","The Blackbeard","The Dragon Tamer","The Gatherer","The Hayseed","The Problem Sleuth","The Servant 0.9.4","Wandering Minibosses","Wide Potions"],"gold_per_floor":[99,99,109,109,129,129,129,8,26,42,42,68,68,94,112,209,209,209,220,220,239,239,249,249,249,259,259,259,259,259],"floor_reached":28,"language":"ENG","playtime":2092,"items_purged":[],"score":274,"play_id":"8bca3a72-0c85-45c2-ba69-a22833718a42","local_time":"20210205005016","is_ascension_mode":true,"campfire_choices":[{"data":"bronze:Goto","floor":1,"key":"SMITH"},{"data":"bronze:Repulsor","floor":6,"key":"SMITH"},{"data":"bronze:Library","floor":13,"key":"SMITH"},{"data":"bronze:ClassDefault","floor":18,"key":"SMITH"},{"floor":25,"key":"REST"},{"floor":27,"key":"RECALL"}],"circlet_count":0,"master_deck":["bronze:Replicate","bronze:Goto+1","bronze:Repulsor+1","Hallownest:skillSlugHide","Hallownest:skillSlugHide","Hallownest:skillSlugHide","Hallownest:skillSlugHide","Hallownest:skillSlugHide","bronze:BuggyMess","bronze:Library+1","bronze:ClassDefault+1","bronze:Overheat","bronze:DelayedSlice","bronze:Assembly","bronze:ForceShield","bronze:Verify","Elementarium:StickyTar","bronze:Constructor","bronze:BuggyMess","bronze:Optimize","Masterful Stab","Bane","Glass Knife","bronze:Separator+1"],"relics":["bronze:BronzeCore","aspiration:Nostalgia","Burning Blood","Hallownest:DreamNailRelic","Kunai","Hallownest:TeacherSealRelic","HornCleat","Peace Pipe","bronze:MakeshiftBattery","Guardian:PocketSentry"],"acts_visited":["Hallownest:Greenpath","Elementarium:Elementarium"],"potions_floor_usage":[15,15,19],"damage_taken":[{"damage":2,"enemies":"2_ Uuma","floor":3,"turns":7},{"damage":0,"enemies":"Hallownest:monsterHuskWarrior","floor":5,"turns":6},{"damage":0,"enemies":"downfall:FleeingMerchant","floor":8,"turns":6},{"damage":3,"enemies":"Hallownest:monsterHuskGuard","floor":9,"turns":7},{"damage":12,"enemies":"Hallownest:Wandering_and_Horned","floor":10,"turns":8},{"damage":17,"enemies":"Hallownest:eliteMossKnight","floor":12,"turns":9},{"damage":32,"enemies":"Hallownest:eliteCrystalGuardian","floor":14,"turns":6},{"damage":9,"enemies":"Hallownest:1_Ooma_and_2_Uuma","floor":15,"turns":6},{"damage":5,"enemies":"IC_STATUS_ARCHETYPE","floor":16,"turns":10},{"damage":19,"enemies":"Elementarium:MUD_AND_TAR_GOLEMS","floor":19,"turns":5},{"damage":24,"enemies":"Elementarium:2_ELEMENTALS","floor":21,"turns":8},{"damage":17,"enemies":"Elementarium:Hydrostalker","floor":23,"turns":4},{"damage":6,"enemies":"Elementarium:STONE_GOLEMS","floor":26,"turns":5},{"damage":75,"enemies":"Elementarium:FIRE_NOBILITY","floor":28,"turns":6}],"seed_played":"-8616118739878995640","potions_obtained":[{"floor":12,"key":"Regen Potion"},{"floor":14,"key":"Fire Potion"},{"floor":15,"key":"Fire Potion"},{"floor":16,"key":"FairyPotion"}],"is_trial":false,"path_per_floor":["R","?","M","?","M","R","T","$","M","M","?","?","R","E","M","B",null,"R","M","?","M","?","M","T","R","M","R","E"],"character_chosen":"THE_AUTOMATON","items_purchased":["bronze:ClassDefault"],"campfire_rested":1,"item_purchase_floors":[8],"current_hp_per_floor":[70,70,70,70,70,70,70,70,70,64,64,53,53,27,38,39,70,70,57,57,39,39,28,28,49,49,49,0,0,0],"gold":259,"neow_bonus":"NOSTALGIA","is_daily":false,"chose_seed":false,"campfire_upgraded":4,"win_rate":0.0,"timestamp":1612515016,"path_taken":["R","?","M","?","M","R","T","$","M","M","?","?","R","E","M","BOSS","R","M","?","M","?","?","T","R","M","R","E"],"items_purchased_type":["Card"],"build_version":"2020-12-22","purchased_purges":0,"victory":false,"max_hp_per_floor":[70,70,70,70,70,70,70,70,70,70,70,70,70,70,70,70,70,70,70,70,70,70,70,70,70,70,70,68,68,68],"card_choices":[{"not_picked":["bronze:Invalidate","bronze:Turbo"],"picked":"bronze:Repulsor","floor":3},{"not_picked":["bronze:BitShift","bronze:DelayedSlice"],"picked":"bronze:BuggyMess","floor":5},{"not_picked":["bronze:CleanCode","bronze:BuggyMess"],"picked":"bronze:Library","floor":8},{"not_picked":["bronze:Shield","bronze:DarkDash"],"picked":"bronze:Overheat","floor":9},{"not_picked":["bronze:CutThrough","bronze:Shield"],"picked":"bronze:DelayedSlice","floor":10},{"not_picked":["bronze:DelayedGuard","bronze:DelayedSlice"],"picked":"bronze:Assembly","floor":12},{"not_picked":["bronze:BugBarrage","bronze:Invalidate","bronze:Iterate"],"picked":"SKIP","floor":14},{"not_picked":["bronze:OilSpill","bronze:Backtrace"],"picked":"bronze:ForceShield","floor":15},{"not_picked":["bronze:Format","bronze:ThunderWave"],"picked":"bronze:Verify","floor":16},{"not_picked":["bronze:Overheat","bronze:ForLoop"],"picked":"bronze:Constructor","floor":19},{"not_picked":["bronze:Turbo","bronze:Iterate"],"picked":"bronze:Optimize","floor":21},{"not_picked":["bronze:Branch","bronze:Frontload"],"picked":"bronze:Separator+1","floor":23},{"not_picked":["bronze:Overheat","bronze:WhirlingStrike+1","bronze:Iterate+1"],"picked":"SKIP","floor":26}],"player_experience":2666293,"relics_obtained":[{"floor":7,"key":"Kunai"},{"floor":12,"key":"reliquary:FerryPass"},{"floor":14,"key":"HornCleat"},{"floor":15,"key":"Peace Pipe"},{"floor":24,"key":"Guardian:PocketSentry"}],"event_choices":[],"is_beta":false,"boss_relics":[{"not_picked":["aspiration:MarisaSkillbook","Runic Pyramid"],"picked":"bronze:MakeshiftBattery"}],"items_purged_floors":[],"is_endless":false,"potions_floor_spawned":[12,14,15,16],"killed_by":"Elementarium:FIRE_NOBILITY","ascension_level":2}}