{"host":"kmq7aw60w430zvtx","time":1612516252,"event":{"mods":["BaseMod","Downfall","GifTheSpireLib","Hermit","Hubris","Minty Spire (QoL Compilation)","Reliquary","Replay The Spire","StSLib","The Construct","The Cursed","The Hierophant","The Jungle","The Necromancer","The Runesmith"],"gold_per_floor":[118,27,42,217,217,217,217,217,217,230,261,261,271,291,291,396,396,414,414,414,383,32,32,32,32],"floor_reached":24,"language":"ENG","playtime":1118,"items_purged":["Strike_G"],"score":272,"play_id":"70b37291-291a-456b-bdd0-55c04581431a","local_time":"20210205101052","is_ascension_mode":true,"campfire_choices":[{"floor":6,"key":"RECALL"},{"data":"Infinite Blades","floor":8,"key":"SMITH"},{"floor":12,"key":"REST"},{"data":"Neutralize","floor":15,"key":"SMITH"},{"floor":23,"key":"REST"}],"circlet_count":0,"master_deck":["Strike_G","Strike_G","Strike_G","Strike_G","Defend_G","Defend_G","Defend_G","Defend_G","Defend_G","Survivor","Neutralize+1","Infinite Blades+1","Panacea","ReplayTheSpireMod:The Works","Backstab","ReplayTheSpireMod:Scrap Shanks","Endless Agony","Swift Strike","Quick Slash"],"relics":["Ring of the Snake","reliquary:Sideboard","hubris:Backtick","ReplayTheSpireMod:Ninjato"],"acts_visited":["Exordium","TheCity"],"potions_floor_usage":[11,16,18,21],"damage_taken":[{"damage":9,"enemies":"Cultist","floor":1,"turns":6},{"damage":11,"enemies":"Jaw Worm","floor":3,"turns":5},{"damage":1,"enemies":"2 Louse","floor":10,"turns":4},{"damage":13,"enemies":"Gremlin Nob","floor":11,"turns":4},{"damage":0,"enemies":"2 Fungi Beasts","floor":13,"turns":3},{"damage":0,"enemies":"Looter","floor":14,"turns":4},{"damage":40,"enemies":"Hexaghost","floor":16,"turns":13},{"damage":0,"enemies":"3 Byrds","floor":18,"turns":6},{"damage":36,"enemies":"2 Thieves","floor":21,"turns":5},{"damage":61,"enemies":"Gremlin Leader","floor":24,"turns":6}],"seed_played":"-1639487084014441668","potions_obtained":[{"floor":3,"key":"SkillPotion"},{"floor":11,"key":"Fire Potion"},{"floor":13,"key":"construct:ShiftPotion"},{"floor":14,"key":"Cursed Concoction"}],"is_trial":false,"path_per_floor":["M","$","M","?","?","R","?","R","T","M","E","R","M","M","R","B",null,"M","?","?","M","$","R","E"],"character_chosen":"THE_SILENT","items_purchased":["Panacea","ReplayTheSpireMod:Scrap Shanks","Endless Agony","Swift Strike","Quick Slash"],"campfire_rested":2,"item_purchase_floors":[2,22,22,22,22],"current_hp_per_floor":[61,61,50,50,75,75,68,68,68,67,54,77,77,77,77,37,67,67,67,67,31,31,54,0,0],"gold":32,"neow_bonus":"TEN_PERCENT_HP_BONUS","is_daily":false,"chose_seed":false,"campfire_upgraded":2,"win_rate":0.0,"timestamp":1612516252,"path_taken":["M","$","?","?","?","R","?","R","T","M","E","R","M","M","R","BOSS","M","?","?","M","?","R","E"],"items_purchased_type":["Card","Card","Card","Card","Card"],"build_version":"2020-12-22","purchased_purges":1,"victory":false,"max_hp_per_floor":[77,77,77,77,77,77,77,77,77,77,77,77,77,77,77,77,77,77,77,77,77,77,77,77,77],"card_choices":[{"not_picked":["Outmaneuver","Bane"],"picked":"Infinite Blades","floor":1},{"not_picked":["Poisoned Stab","Infinite Blades"],"picked":"ReplayTheSpireMod:The Works","floor":3},{"not_picked":["Well Laid Plans","hubris:SlightOfHand"],"picked":"Backstab","floor":10},{"not_picked":["Reflex","Sneak Up"],"picked":"Dodge and Roll","floor":11},{"not_picked":["Poisoned Stab","Underhanded Strike"],"picked":"Hidden Blade","floor":13},{"not_picked":["hubris:SlightOfHand","Bane"],"picked":"Slice","floor":14},{"not_picked":["Atom Bomb","Malaise"],"picked":"Glass Knife","floor":16},{"not_picked":["Eviscerate","Calculated Gamble"],"picked":"Acrobatics","floor":18},{"not_picked":["Flying Knee","Underhanded Strike+1"],"picked":"Deflect","floor":21}],"player_experience":340961,"relics_obtained":[{"floor":11,"key":"reliquary:Sideboard"}],"event_choices":[{"damage_healed":0,"gold_gain":175,"player_choice":"AGREE","damage_taken":0,"max_hp_gain":0,"max_hp_loss":0,"event_name":"Liars Game","floor":4,"gold_loss":0,"cards_obtained":["Doubt"]},{"damage_healed":25,"gold_gain":0,"player_choice":"Banana","damage_taken":0,"max_hp_gain":0,"max_hp_loss":0,"event_name":"Big Fish","floor":5,"gold_loss":0},{"cards_removed":["Doubt"],"damage_healed":0,"gold_gain":0,"player_choice":"Card Removal","damage_taken":7,"max_hp_gain":0,"max_hp_loss":0,"event_name":"Golden Wing","floor":7,"gold_loss":0},{"damage_healed":0,"gold_gain":0,"player_choice":"Ignored","damage_taken":0,"max_hp_gain":0,"max_hp_loss":0,"event_name":"Ghosts","floor":19,"gold_loss":0}],"is_beta":false,"boss_relics":[{"not_picked":["SacredBark","hubris:Stopwatch"],"picked":"hubris:Backtick"}],"items_purged_floors":[22],"is_endless":false,"potions_floor_spawned":[3,11,13,14],"killed_by":"Gremlin Leader","ascension_level":8}}