{"host":"7rmsgc3rayi00cdt","time":1612543586,"event":{"mods":["BaseMod","Minty Spire (QoL Compilation)"],"gold_per_floor":[109,124,27,302,313,313,7,18,18,18,18,51,70,88,88,212,212,233,248,248,248,264,264,303,224,224,224,67,87,110,235,235,235,235],"floor_reached":33,"language":"ENG","playtime":1051,"items_purged":["Regret"],"score":334,"play_id":"9cd85289-fb98-4d8e-bf55-6232c5d547d0","local_time":"20210205164626","is_ascension_mode":true,"campfire_choices":[{"data":"Wild Strike","floor":6,"key":"SMITH"},{"data":"Shrug It Off","floor":15,"key":"SMITH"},{"data":"Finesse","floor":23,"key":"SMITH"},{"floor":32,"key":"REST"}],"circlet_count":0,"master_deck":["Strike_R+1","Strike_R+1","Strike_R+1","Strike_R+1","Defend_R+1","Defend_R+1","Defend_R+1","Defend_R+1","Bash","Headbutt","Finesse+1","Wild Strike+1","Fire Breathing","Wild Strike","Shrug It Off+1","Iron Wave+1","Dropkick","Warcry","Power Through"],"relics":["Burning Blood","Red Skull","HornCleat","Self Forming Clay","Golden Idol","Bottled Lightning","Busted Crown","Blue Candle","Pantograph","Bottled Tornado","Bronze Scales","Unceasing Top","Paper Frog"],"acts_visited":["Exordium","TheCity"],"potions_floor_usage":[16,24,31,33],"damage_taken":[{"damage":1,"enemies":"Cultist","floor":1,"turns":3},{"damage":9,"enemies":"Jaw Worm","floor":2,"turns":3},{"damage":4,"enemies":"Small Slimes","floor":5,"turns":5},{"damage":13,"enemies":"Blue Slaver","floor":8,"turns":2},{"damage":21,"enemies":"Lagavulin","floor":12,"turns":4},{"damage":0,"enemies":"Exordium Thugs","floor":13,"turns":3},{"damage":1,"enemies":"Looter","floor":14,"turns":3},{"damage":16,"enemies":"Hexaghost","floor":16,"turns":9},{"damage":0,"enemies":"Spheric Guardian","floor":18,"turns":3},{"damage":8,"enemies":"Chosen","floor":19,"turns":5},{"damage":18,"enemies":"Snake Plant","floor":22,"turns":4},{"damage":23,"enemies":"Book of Stabbing","floor":24,"turns":6},{"damage":10,"enemies":"Cultist and Chosen","floor":29,"turns":5},{"damage":5,"enemies":"Centurion and Healer","floor":30,"turns":4},{"damage":3,"enemies":"Colosseum Slavers","floor":31,"turns":3},{"damage":3,"enemies":"Colosseum Nobs","floor":31,"turns":3},{"damage":111,"enemies":"Champ","floor":33,"turns":13}],"seed_played":"-8464989209042355741","potions_obtained":[{"floor":1,"key":"AttackPotion"},{"floor":2,"key":"BloodPotion"},{"floor":13,"key":"Block Potion"},{"floor":16,"key":"DuplicationPotion"},{"floor":29,"key":"BloodPotion"},{"floor":31,"key":"Ancient Potion"}],"is_trial":false,"path_per_floor":["M","M","$","?","M","R","$","M","T","T","?","E","M","M","R","B",null,"M","M","?","?","M","R","E","$","T","?","$","M","M","?","R","B"],"character_chosen":"IRONCLAD","items_purchased":["Finesse","Red Skull","Fire Breathing","Power Through","Bronze Scales"],"campfire_rested":1,"item_purchase_floors":[3,7,7,25,28],"current_hp_per_floor":[80,77,77,77,79,79,79,72,72,72,52,37,43,48,48,38,70,76,74,74,74,62,62,45,45,45,30,30,26,27,33,58,0,0],"gold":235,"neow_bonus":"TRANSFORM_CARD","is_daily":false,"chose_seed":false,"campfire_upgraded":3,"win_rate":0.0,"timestamp":1612543586,"path_taken":["M","?","$","?","?","R","?","M","T","?","?","E","M","M","R","BOSS","M","M","?","?","?","R","E","$","T","?","$","M","M","?","R","BOSS"],"items_purchased_type":["Card","Relic","Card","Card","Relic"],"build_version":"2020-12-22","purchased_purges":1,"victory":false,"max_hp_per_floor":[80,80,80,80,80,80,80,80,80,80,80,80,80,80,80,80,80,80,80,80,80,80,80,80,80,80,85,85,85,85,85,85,85,85],"card_choices":[{"not_picked":["Shockwave","Sever Soul","Bloodletting"],"picked":"SKIP","floor":1},{"not_picked":["Combust","Sentinel","Perfected Strike"],"picked":"SKIP","floor":2},{"not_picked":["Metallicize","Clothesline"],"picked":"Wild Strike","floor":5},{"not_picked":["Anger","Fire Breathing"],"picked":"Wild Strike","floor":8},{"not_picked":["Uppercut","Wild Strike"],"picked":"Shrug It Off","floor":12},{"not_picked":["Body Slam","Feel No Pain","Carnage"],"picked":"SKIP","floor":13},{"not_picked":["Searing Blow","Sever Soul","Dual Wield"],"picked":"SKIP","floor":14},{"not_picked":[],"picked":"Iron Wave+1","floor":18},{"not_picked":[],"picked":"Dropkick","floor":19},{"not_picked":["Flame Barrier"],"picked":"SKIP","floor":22},{"not_picked":[],"picked":"Warcry","floor":24},{"not_picked":["Twin Strike"],"picked":"SKIP","floor":29},{"not_picked":["True Grit"],"picked":"SKIP","floor":30}],"player_experience":800062,"relics_obtained":[{"floor":9,"key":"HornCleat"},{"floor":10,"key":"Self Forming Clay"},{"floor":12,"key":"Bottled Lightning"},{"floor":24,"key":"Pantograph"},{"floor":26,"key":"Bottled Tornado"},{"floor":31,"key":"Unceasing Top"},{"floor":31,"key":"Paper Frog"}],"event_choices":[{"damage_healed":0,"gold_gain":275,"player_choice":"Desecrate","damage_taken":0,"max_hp_gain":0,"max_hp_loss":0,"event_name":"Golden Shrine","floor":4,"gold_loss":0,"cards_obtained":["Regret"]},{"damage_healed":0,"gold_gain":0,"player_choice":"Take Damage","damage_taken":20,"relics_obtained":["Golden Idol"],"max_hp_gain":0,"max_hp_loss":0,"event_name":"Golden Idol","floor":11,"gold_loss":0},{"damage_healed":0,"gold_gain":0,"player_choice":"Simplicity","damage_taken":0,"max_hp_gain":0,"max_hp_loss":0,"event_name":"Back to Basics","floor":20,"gold_loss":0,"cards_upgraded":["Strike_R","Strike_R","Strike_R","Strike_R","Defend_R","Defend_R","Defend_R","Defend_R"]},{"damage_healed":0,"gold_gain":0,"player_choice":"Gave Potion","damage_taken":0,"relics_obtained":["Blue Candle"],"max_hp_gain":0,"max_hp_loss":0,"event_name":"WeMeetAgain","floor":21,"gold_loss":0},{"damage_healed":0,"gold_gain":0,"player_choice":"Shed Blood","damage_taken":20,"max_hp_gain":5,"max_hp_loss":0,"event_name":"Forgotten Altar","floor":27,"gold_loss":0},{"damage_healed":0,"gold_gain":0,"player_choice":"Fight","damage_taken":0,"max_hp_gain":0,"max_hp_loss":0,"event_name":"Colosseum","floor":31,"gold_loss":0},{"damage_healed":0,"gold_gain":0,"player_choice":"Fought Nobs","damage_taken":0,"max_hp_gain":0,"max_hp_loss":0,"event_name":"Colosseum","floor":31,"gold_loss":0}],"is_beta":false,"boss_relics":[{"not_picked":["SacredBark","Tiny House"],"picked":"Busted Crown"}],"items_purged_floors":[7],"is_endless":false,"potions_floor_spawned":[1,2,13,16,18,29,31,31],"killed_by":"Champ","ascension_level":5}}