{"host":"kj566mc1j9861y4f","time":1612496526,"event":{"mods":["AchievementEnabler","Act Like it!","BaseMod","Better Altar","Better Note","Better Vampires","BetterRewards","Colored Powertips","Downfall","Hermit","Infinite Spire","Lobotomy","Luminous","Minty Spire (QoL Compilation)","Relic Stats","Replay The Spire","Shade Mod","Shop Mod","Spicy Shops","StSLib","The Blue Laboratory","Uncapped"],"gold_per_floor":[109,124,134,59,68,90,90,112,112,112,157,157,157],"floor_reached":12,"language":"ENG","playtime":550,"items_purged":[],"score":106,"play_id":"38027097-bb37-4345-9c02-c27aacd11c45","local_time":"20210204214206","is_ascension_mode":true,"campfire_choices":[{"data":"Fusion","floor":7,"key":"SMITH"},{"floor":10,"key":"REST"}],"circlet_count":0,"master_deck":["Strike_B","Strike_B","Strike_B","Strike_B","Defend_B","Defend_B","Defend_B","Defend_B","Zap","Dualcast","Leap","Freischutz","Reprogram","UniverseFragment","FIFO Queue","Scarecrow","Fusion+1","HeroicMonk","Barrage","Scorched","Turbo","ReplayTheSpireMod:Splinters","Reinforced Body","Beam Cell"],"relics":["Cracked Core","CogitoBucket","Medical Kit","Pet Ghost","Snack Pack","Shuriken","Solar Panel"],"acts_visited":["Exordium"],"potions_floor_usage":[8],"damage_taken":[{"damage":4,"enemies":"Jaw Worm","floor":1,"turns":4},{"damage":3,"enemies":"2 Louse","floor":2,"turns":3},{"damage":7,"enemies":"Small Slimes","floor":3,"turns":3},{"damage":0,"enemies":"Red Slaver","floor":5,"turns":2},{"damage":29,"enemies":"Replay:BlueRogue","floor":6,"turns":10},{"damage":24,"enemies":"Gremlin Nob","floor":8,"turns":4},{"damage":44,"enemies":"3 Sentries","floor":12,"turns":3}],"seed_played":"-3100727277032468203","potions_obtained":[{"floor":5,"key":"FearPotion"},{"floor":8,"key":"blueLaboratory:BottleOfVodka"}],"is_trial":false,"path_per_floor":["M","M","M","$","M","E","R","E","T","R","?","E"],"character_chosen":"DEFECT","items_purchased":["Medical Kit"],"campfire_rested":1,"item_purchase_floors":[4],"current_hp_per_floor":[71,68,61,61,61,32,32,8,8,30,30,0,0],"gold":157,"neow_bonus":"","is_daily":false,"chose_seed":false,"campfire_upgraded":1,"win_rate":0.0,"timestamp":1612496526,"path_taken":["M","M","M","$","M","E","R","E","T","R","?","E"],"items_purchased_type":["Relic"],"build_version":"2020-12-22","purchased_purges":0,"victory":false,"max_hp_per_floor":[75,75,75,75,75,75,75,75,75,75,75,75,75],"relic_stats":{"counters":[7,29],"Shuriken":[0],"Medical Kit":[0],"obtain_stats":[{"Solar Panel":11,"CogitoBucket":0,"Shuriken":9,"Snack Pack":8,"Cracked Core":0,"Medical Kit":4,"Pet Ghost":6},{"Solar Panel":6,"CogitoBucket":0,"Shuriken":6,"Snack Pack":6,"Cracked Core":0,"Medical Kit":3,"Pet Ghost":5},{"Solar Panel":26,"CogitoBucket":0,"Shuriken":26,"Snack Pack":26,"Cracked Core":0,"Medical Kit":10,"Pet Ghost":22}]},"card_choices":[{"not_picked":["PunishingBird","Wellcheers","Murderer"],"picked":"Singing Bowl","floor":1},{"not_picked":["Hologram","Rebound"],"picked":"Leap","floor":1},{"not_picked":["CherryBlossoms","Laetitia"],"picked":"Freischutz","floor":2},{"not_picked":["Coolheaded","Crystallizer"],"picked":"Reprogram","floor":2},{"not_picked":["PunishingBird","SpiderBud"],"picked":"UniverseFragment","floor":3},{"not_picked":["Stack","Barrage"],"picked":"FIFO Queue","floor":3},{"not_picked":["FairyFestival","CrumblingArmor"],"picked":"Scarecrow","floor":5},{"not_picked":["Steam","Aggregate"],"picked":"Fusion","floor":5},{"not_picked":["Wellcheers","BeautyBeast"],"picked":"HeroicMonk","floor":6},{"not_picked":["Steam","Reprogram"],"picked":"Barrage","floor":6},{"not_picked":["Murderer","SpiderBud"],"picked":"Scorched","floor":8},{"not_picked":["Sweeping Beam","Cold Snap"],"picked":"Turbo","floor":8},{"not_picked":["Steam","Force Field"],"picked":"Reinforced Body","floor":11},{"not_picked":["Loop","Barrage"],"picked":"Beam Cell","floor":11}],"player_experience":180409,"relics_obtained":[{"floor":6,"key":"Pet Ghost"},{"floor":8,"key":"Snack Pack"},{"floor":9,"key":"Shuriken"},{"floor":11,"key":"Solar Panel"}],"event_choices":[],"is_beta":false,"boss_relics":[],"items_purged_floors":[],"is_endless":false,"potions_floor_spawned":[5,8],"killed_by":"3 Sentries","ascension_level":4}}