{"host":"Qube","time":1612569023,"event":{"mods":["AchievementEnabler","BaseMod","Colored Map","Colored Powertips","Highlight Path","Minty Spire (QoL Compilation)","Permanent Neow","Quick Restart","Random Character Button","StSLib"],"gold_per_floor":[15,32,42,54,104,104,123,123,123,154,164,164,192,192,192,275,275,275,275],"floor_reached":18,"language":"ENG","playtime":942,"items_purged":[],"score":344,"play_id":"eb013e80-7c8c-4eae-a928-4a6cdce85062","local_time":"20210205155023","is_ascension_mode":true,"campfire_choices":[{"data":"Perfected Strike","floor":6,"key":"SMITH"},{"data":"Shrug It Off","floor":8,"key":"SMITH"},{"data":"Bash","floor":12,"key":"SMITH"},{"data":"Iron Wave","floor":15,"key":"SMITH"}],"circlet_count":0,"master_deck":["AscendersBane","Strike_R","Strike_R","Strike_R","Strike_R","Defend_R","Defend_R","Defend_R","Bash+1","Havoc","Cleave","Perfected Strike+1","Pommel Strike","Shrug It Off+1","Pommel Strike","Iron Wave+1","Clothesline","Exhume","Corruption"],"relics":["Burning Blood","Pantograph","Paper Frog","Letter Opener","CeramicFish","Runic Pyramid"],"acts_visited":["Exordium","TheCity"],"potions_floor_usage":[3,10,16],"damage_taken":[{"damage":5,"enemies":"2 Louse","floor":1,"turns":3},{"damage":0,"enemies":"Cultist","floor":2,"turns":2},{"damage":5,"enemies":"Small Slimes","floor":3,"turns":3},{"damage":13,"enemies":"Blue Slaver","floor":4,"turns":4},{"damage":5,"enemies":"Large Slime","floor":7,"turns":4},{"damage":13,"enemies":"3 Sentries","floor":10,"turns":7},{"damage":8,"enemies":"Exordium Wildlife","floor":11,"turns":5},{"damage":6,"enemies":"Gremlin Nob","floor":13,"turns":3},{"damage":61,"enemies":"The Guardian","floor":16,"turns":16},{"damage":12,"enemies":"Shell Parasite","floor":18,"turns":3}],"seed_played":"-540691565729517229","potions_obtained":[{"floor":1,"key":"SkillPotion"},{"floor":7,"key":"PowerPotion"},{"floor":13,"key":"Swift Potion"}],"is_trial":false,"path_per_floor":["M","M","M","M","?","R","M","R","T","E","M","R","E","?","R","B",null,"M"],"character_chosen":"IRONCLAD","items_purchased":[],"campfire_rested":0,"item_purchase_floors":[],"current_hp_per_floor":[69,75,75,68,68,68,69,69,69,62,60,60,60,55,55,20,61,49,49],"gold":275,"neow_bonus":"TRANSFORM_TWO_CARDS","is_daily":false,"chose_seed":false,"campfire_upgraded":4,"win_rate":0.0,"timestamp":1612569023,"path_taken":["M","M","M","M","?","R","?","R","T","E","M","R","E","?","R","BOSS","M"],"items_purchased_type":[],"build_version":"2020-12-18","purchased_purges":0,"victory":false,"max_hp_per_floor":[75,75,75,75,75,75,75,75,75,75,75,75,75,75,75,75,75,75,75],"card_choices":[{"not_picked":["Combust","Warcry"],"picked":"Perfected Strike","floor":1},{"not_picked":["Combust","Flex"],"picked":"Pommel Strike","floor":2},{"not_picked":["Thunderclap","Anger"],"picked":"Shrug It Off","floor":3},{"not_picked":["Anger","Iron Wave"],"picked":"Pommel Strike","floor":4},{"not_picked":["Reckless Charge","Flex"],"picked":"Iron Wave","floor":7},{"not_picked":["Intimidate","Evolve","Pummel"],"picked":"SKIP","floor":10},{"not_picked":["Flex","Bloodletting"],"picked":"Clothesline","floor":11},{"not_picked":["Sword Boomerang","Rupture"],"picked":"Exhume","floor":13},{"not_picked":["Offering","Impervious"],"picked":"Corruption","floor":16}],"player_experience":1065049,"relics_obtained":[{"floor":9,"key":"Pantograph"},{"floor":10,"key":"Paper Frog"},{"floor":13,"key":"Letter Opener"}],"event_choices":[{"damage_healed":0,"gold_gain":50,"player_choice":"Pray","damage_taken":0,"max_hp_gain":0,"max_hp_loss":0,"event_name":"Golden Shrine","floor":5,"gold_loss":0},{"damage_healed":0,"gold_gain":0,"player_choice":"Success","damage_taken":5,"relics_obtained":["CeramicFish"],"max_hp_gain":0,"max_hp_loss":0,"event_name":"Scrap Ooze","floor":14,"gold_loss":0}],"is_beta":true,"boss_relics":[{"not_picked":["Empty Cage","Ectoplasm"],"picked":"Runic Pyramid"}],"items_purged_floors":[],"is_endless":false,"potions_floor_spawned":[1,7,13],"killed_by":"Shell Parasite","ascension_level":20}}