{"host":"22ezjknwheybwqtz","time":1612542419,"event":{"mods":["BaseMod","Downfall","Minty Spire (QoL Compilation)","Replay The Spire","Shop Mod","StSLib"],"gold_per_floor":[99,115,115,134,145,145,145,155,330,330,21,35,35,50,70,170,170,170,180,192,202,202,202,502,522,539,274,291,301,129,143,163,163,163,163],"floor_reached":33,"language":"ENG","playtime":4858,"items_purged":["Doubt","ReplayTheSpireMod:Splinters"],"score":297,"play_id":"e445f29e-fe38-4957-ab0d-d60f3fcb4d6a","local_time":"20210206002659","is_ascension_mode":false,"campfire_choices":[{"data":"champ:FocusedBerserking","floor":6,"key":"SMITH"},{"data":"champ:StanceDance","floor":13,"key":"SMITH"},{"floor":18,"key":"DIG"}],"circlet_count":0,"master_deck":["champ:Strike","champ:Strike","champ:Strike","champ:Defend","champ:Defend","champ:Defend","champ:Execute+1","champ:Taunt+1","champ:LastStand","champ:BringItOn","champ:GutPunch","champ:FocusedBerserking+1","champ:RecklessLeap","champ:Duel+1","champ:Shatter","expansioncontent:StudyTheSpire","champ:StanceDance+1","champ:AdrenalArmor","champ:DeathBlow","champ:CalledShot","champ:VampiricStrike","champ:DeathBlow","champ:ArenaPreparation+1","champ:FlashCut","champ:UltimateStance","champ:FlashCut+1","champ:Duel","champ:FlashCut","champ:Circumvent+1","champ:PreciseThrust+1","champ:ShieldWall","champ:PerfectedStrike"],"relics":["champ:ChampionCrown","ReplayTheSpireMod:Shallot","Honey Jar","MealTicket","Old Coin","Chemical X","Pet Ghost"],"acts_visited":["Exordium","TheCity"],"potions_floor_usage":[16,20,33],"damage_taken":[{"damage":27,"enemies":"Jaw Worm","floor":2,"turns":5},{"damage":25,"enemies":"Cultist","floor":4,"turns":4},{"damage":14,"enemies":"2 Louse","floor":5,"turns":2},{"damage":26,"enemies":"Exordium Wildlife","floor":8,"turns":6},{"damage":53,"enemies":"downfall:FleeingMerchant","floor":11,"turns":4},{"damage":37,"enemies":"3 Louse","floor":12,"turns":5},{"damage":33,"enemies":"Gremlin Gang","floor":14,"turns":5},{"damage":20,"enemies":"Red Slaver","floor":15,"turns":1},{"damage":0,"enemies":"WA_ARCHETYPE_RETAIN","floor":16,"turns":4},{"damage":68,"enemies":"Shell Parasite","floor":19,"turns":5},{"damage":47,"enemies":"Chosen","floor":20,"turns":4},{"damage":74,"enemies":"Centurion and Healer","floor":21,"turns":6},{"damage":37,"enemies":"3 Cultists","floor":25,"turns":5},{"damage":20,"enemies":"Snake Plant","floor":26,"turns":4},{"damage":40,"enemies":"downfall:FleeingMerchant","floor":27,"turns":4},{"damage":35,"enemies":"Centurion and Healer","floor":28,"turns":6},{"damage":82,"enemies":"Chosen and Byrds","floor":29,"turns":7},{"damage":50,"enemies":"downfall:FleeingMerchant","floor":30,"turns":4},{"damage":55,"enemies":"Snecko","floor":31,"turns":3},{"damage":46,"enemies":"Sentry and Sphere","floor":32,"turns":5},{"damage":88,"enemies":"SI_MIRROR_ARCHETYPE","floor":33,"turns":8}],"seed_played":"5602002598001881120","potions_obtained":[{"floor":5,"key":"ColorlessPotion"},{"floor":12,"key":"DuplicationPotion"},{"floor":15,"key":"sneckomod:MuddlingPotion"},{"floor":19,"key":"Elixir"},{"floor":21,"key":"FearPotion"},{"floor":31,"key":"Strength Potion"}],"is_trial":false,"path_per_floor":["R","M","?","M","M","R","T","M","?","?","$","M","R","M","M","B",null,"R","M","M","M","?","?","T","M","M","$","M","M","$","M","M","B"],"character_chosen":"THE_CHAMP","items_purchased":["expansioncontent:StudyTheSpire","champ:StanceDance","Chemical X","Pet Ghost"],"campfire_rested":0,"item_purchase_floors":[11,11,27,30],"current_hp_per_floor":[99,82,82,77,73,73,73,62,62,62,59,52,52,39,39,39,99,99,81,74,85,85,85,85,73,73,88,88,46,61,61,60,0,0,0],"gold":163,"neow_bonus":"TEN_PERCENT_HP_BONUS","is_daily":false,"chose_seed":false,"campfire_upgraded":2,"win_rate":0.0,"timestamp":1612542419,"path_taken":["R","M","?","?","M","R","T","M","?","?","?","M","R","M","M","BOSS","R","M","M","M","?","?","T","M","?","$","M","M","?","?","M","BOSS"],"items_purchased_type":["Card","Card","Relic","Relic"],"build_version":"2020-12-22","purchased_purges":2,"victory":false,"max_hp_per_floor":[99,99,99,99,99,99,99,99,99,99,99,99,99,99,99,99,99,99,99,99,99,99,99,99,99,99,99,99,99,99,99,99,99,99,99],"card_choices":[{"not_picked":["champ:Shatter","champ:CrookedStrike"],"picked":"champ:BringItOn","floor":2},{"not_picked":["champ:PreciseThrust","champ:CrookedStrike"],"picked":"champ:GutPunch","floor":4},{"not_picked":["champ:PreciseThrust","champ:FanOfKnives"],"picked":"champ:FocusedBerserking","floor":5},{"not_picked":["champ:Shatter","champ:AdrenalArmor"],"picked":"champ:RecklessLeap","floor":8},{"not_picked":["champ:FalseCounter","champ:BringItOn"],"picked":"champ:Shatter","floor":11},{"not_picked":["champ:Endure","champ:Parry"],"picked":"champ:AdrenalArmor","floor":12},{"not_picked":["champ:FocusedBerserking","champ:BladeFlurry"],"picked":"champ:DeathBlow","floor":14},{"not_picked":["champ:SetATrap","champ:Circumvent"],"picked":"champ:CalledShot","floor":15},{"not_picked":["champ:Devastate","champ:CheapShot"],"picked":"champ:VampiricStrike","floor":16},{"not_picked":["champ:FlashCut+1","champ:Parry","champ:PerfectedStrike+1"],"picked":"champ:DeathBlow","floor":19},{"not_picked":["champ:SetATrap+1","champ:CrookedStrike+1","champ:BringItOn"],"picked":"champ:ArenaPreparation+1","floor":20},{"not_picked":["champ:GutPunch+1","champ:StanceDance","champ:AdrenalArmor+1"],"picked":"champ:FlashCut","floor":21},{"not_picked":["champ:BerserkersShout","champ:EnGarde","champ:AdrenalArmor"],"picked":"champ:UltimateStance","floor":25},{"not_picked":["champ:BladeFlurry","champ:TornadoPunch","champ:AdrenalArmor"],"picked":"champ:FlashCut+1","floor":26},{"not_picked":["champ:Circumvent","champ:Shatter","champ:FanOfKnives"],"picked":"champ:Duel","floor":27},{"not_picked":["champ:EndlessRage+1","champ:Haymaker","champ:AdrenalArmor"],"picked":"champ:FlashCut","floor":28},{"not_picked":["champ:PreemptiveStrike","champ:EnragedBash","champ:FocusedDefense"],"picked":"champ:Circumvent+1","floor":29},{"not_picked":["champ:LastStand","champ:RisingSlash","champ:EnGarde+1"],"picked":"champ:PreciseThrust+1","floor":30},{"not_picked":["champ:SetATrap","champ:Endure+1","champ:GutPunch"],"picked":"champ:ShieldWall","floor":31},{"not_picked":["champ:CrookedStrike","champ:EnragedBash","champ:Haymaker"],"picked":"champ:PerfectedStrike","floor":32}],"player_experience":80205,"relics_obtained":[{"floor":7,"key":"ReplayTheSpireMod:Shallot"},{"floor":18,"key":"MealTicket"},{"floor":24,"key":"Old Coin"}],"event_choices":[],"is_beta":false,"boss_relics":[{"not_picked":["ChewingGum","ReplayTheSpireMod:DimensionalGlitch"],"picked":"Honey Jar"}],"items_purged_floors":[11,27],"is_endless":false,"potions_floor_spawned":[5,12,15,19,21,31],"killed_by":"SI_MIRROR_ARCHETYPE","ascension_level":0}}