{"host":"pe2q1tocp309rrg9","time":1612510735,"event":{"mods":["2.2 Compatiblity","BaseMod","BetterRewards","Downfall","Ekko","Gremlin Mod","Hermit","Jorbs\u0027s Wanderer Trilogy","Minty Spire (QoL Compilation)","Quick Restart","Rare Cards Sparkle","Replay The Spire","StSLib","The Blue Laboratory","The Construct","The Hierophant","Uncapped"],"gold_per_floor":[111,111,124,78,95,126,126,144,168,168,168,182,202,221,221,316,316,334,334,160,171,185,217,217,250,250,78,95,95,194,109,109,206,206,223,237,254,254,266,266,294,294,294,328,328,357,409,228,228,228],"floor_reached":51,"language":"ENG","playtime":1526,"items_purged":[],"score":1065,"play_id":"6b2b0399-8b4d-4794-b96e-1d0bcb8e1ecf","local_time":"20210205013855","is_ascension_mode":true,"campfire_choices":[{"data":"Finisher","floor":7.0,"key":"SMITH"},{"floor":15.0,"key":"REST"},{"floor":24,"key":"REST"},{"floor":29,"key":"REST"},{"floor":32,"key":"DIG"},{"floor":40,"key":"REST"},{"floor":42,"key":"REST"},{"floor":45,"key":"REST"},{"data":"Bullet Time","floor":49,"key":"SMITH"}],"circlet_count":0,"master_deck":["Strike_G+1","Strike_G+1","Strike_G","Strike_G","Strike_G","Defend_G","Defend_G","Defend_G","Defend_G","Defend_G+1","Survivor","Neutralize","Poisoned Stab","Finisher+1","Bane","Outmaneuver","Deflect","Cloak And Dagger","Bane","Blade Dance","Blade Dance","Bullet Time+1","Outmaneuver+1","downfall:Haunted","downfall:Haunted","Writhe","ReplayTheSpireMod:Doomed","Glass Knife","Poisoned Stab","Poisoned Stab","Bouncing Flask","Infinite Blades","Endless Agony+1","Deadly Poison","Backflip","Die Die Die","Choke","Poisoned Stab","Deadly Poison","ReplayTheSpireMod:The Works","Adrenaline","Cloak And Dagger+1","Finisher+1","Slice","Writhe","Endless Agony+1","Sucker Punch+1","Catalyst","Backstab","Poisoned Stab+1"],"relics":["Ring of the Serpent","Potion Belt","Akabeko","Pet Ghost","Du-Vu Doll","Juzu Bracelet","ReplayFunnel","Chameleon Ring","Simple Rune","Regal Pillow","SlaversCollar","Paper Crane","Pen Nib","Mummified Hand","Shovel","Strawberry","ClockworkSouvenir"],"acts_visited":["Exordium","TheCity","TheBeyond"],"potions_floor_usage":[23,25,41,41,46,50],"damage_taken":[{"damage":1.0,"enemies":"Cultist","floor":1.0,"turns":4.0},{"damage":1.0,"enemies":"Small Slimes","floor":3.0,"turns":3.0},{"damage":4.0,"enemies":"2 Louse","floor":5.0,"turns":2.0},{"damage":4.0,"enemies":"Gremlin Nob","floor":6.0,"turns":3.0},{"damage":10.0,"enemies":"Looter","floor":8.0,"turns":2.0},{"damage":0.0,"enemies":"3 Louse","floor":12.0,"turns":3.0},{"damage":4.0,"enemies":"Exordium Wildlife","floor":13.0,"turns":4.0},{"damage":0.0,"enemies":"Large Slime","floor":14.0,"turns":4.0},{"damage":0.0,"enemies":"Slime Boss","floor":16.0,"turns":4.0},{"damage":9.0,"enemies":"Shell Parasite","floor":18.0,"turns":6.0},{"damage":1.0,"enemies":"Chosen","floor":21.0,"turns":3.0},{"damage":15.0,"enemies":"Snake Plant","floor":22.0,"turns":2.0},{"damage":5,"enemies":"Gremlin Leader","floor":23,"turns":2},{"damage":16,"enemies":"Book of Stabbing","floor":25,"turns":4},{"damage":2,"enemies":"Cultist and Chosen","floor":28,"turns":4},{"damage":54,"enemies":"Pondfish","floor":33,"turns":6},{"damage":4,"enemies":"3 Shapes","floor":35,"turns":5},{"damage":5,"enemies":"Orb Walker","floor":36,"turns":2},{"damage":4,"enemies":"Transient","floor":37,"turns":5},{"damage":24,"enemies":"Spire Growth","floor":39,"turns":4},{"damage":23,"enemies":"Giant Head","floor":41,"turns":5},{"damage":27,"enemies":"Nemesis","floor":44,"turns":4},{"damage":3,"enemies":"Giant Head","floor":46,"turns":5},{"damage":67,"enemies":"Replay:Hell Engine","floor":50,"turns":8}],"seed_played":"8068739469619220463","potions_obtained":[{"floor":3.0,"key":"LiquidBronze"},{"floor":5.0,"key":"AttackPotion"},{"floor":8.0,"key":"SkillPotion"},{"floor":14.0,"key":"Energy Potion"},{"floor":16.0,"key":"DistilledChaos"},{"floor":22.0,"key":"blueLaboratory:AbyssPotion"},{"floor":23,"key":"LiquidBronze"},{"floor":25,"key":"blueLaboratory:SavagePotion"},{"floor":35,"key":"Reflective Coating"},{"floor":44,"key":"Toxic Potion"},{"floor":46,"key":"Doom Potion"}],"is_trial":false,"path_per_floor":["M","?","M","$","M","E","R","M","T","?","?","M","M","M","R","B",null,"M","?","$","M","M","E","R","E","T","$","M","R","?","?","R","B",null,"M","M","M","?","M","R","E","R","T","E","R","E","T","$","R","B",null],"character_chosen":"THE_SILENT","items_purchased":["Bane","Poisoned Stab","Bouncing Flask","Infinite Blades","Choke","Poisoned Stab","Deadly Poison","Poisoned Stab+1","ClockworkSouvenir"],"campfire_rested":6,"item_purchase_floors":[4,20,20,20,27,27,27,48,48],"current_hp_per_floor":[69,69,68,68,64,60,60,50,50,50,50,50,46,46,67,67,70,61,66,66,65,50,45,67,51,51,51,49,71,71,71,71,17,75,71,66,62,75,51,75,52,75,75,48,75,72,79,79,79,12],"gold":228,"neow_bonus":"RANDOM_COMMON_RELIC","is_daily":false,"chose_seed":false,"campfire_upgraded":2,"win_rate":0.0,"timestamp":1612510735,"path_taken":["M","?","M","$","M","E","R","M","T","?","?","M","M","M","R","BOSS","M","?","$","M","M","E","R","E","T","$","M","R","?","?","R","BOSS","M","M","M","?","M","R","E","R","T","E","R","E","?","$","R","BOSS"],"items_purchased_type":["Card","Card","Card","Card","Card","Card","Card","Card","Relic"],"build_version":"2020-12-22","purchased_purges":0,"victory":true,"max_hp_per_floor":[70,70,70,70,70,70,70,70,70,70,70,70,70,70,70,70,70,70,75,75,75,75,75,75,75,75,75,75,75,75,75,75,75,75,75,75,75,75,75,75,75,75,75,75,75,75,82,82,82,82],"card_choices":[{"not_picked":["Acrobatics","Bane"],"picked":"Poisoned Stab","floor":1.0},{"not_picked":["Underhanded Strike","ReplayTheSpireMod:Speed Training"],"picked":"Finisher","floor":3.0},{"not_picked":["Calculated Gamble","Masterful Stab"],"picked":"Outmaneuver","floor":5.0},{"not_picked":["Finisher","ReplayTheSpireMod:Scrap Shanks"],"picked":"Deflect","floor":6.0},{"not_picked":["Crippling Poison","Well Laid Plans"],"picked":"Cloak And Dagger","floor":8.0},{"not_picked":["ReplayTheSpireMod:The Works","Choke"],"picked":"Bane","floor":12.0},{"not_picked":["Bane","Dagger Spray"],"picked":"Blade Dance","floor":13.0},{"not_picked":["Outmaneuver","Quick Slash"],"picked":"Blade Dance","floor":14.0},{"not_picked":["Unload","Phantasmal Killer"],"picked":"Bullet Time","floor":16.0},{"not_picked":["Setup","Deflect"],"picked":"Outmaneuver+1","floor":18.0},{"not_picked":["Replay:Poison Smokescreen","Bane"],"picked":"Endless Agony+1","floor":21.0},{"not_picked":["Flying Knee","Venomology"],"picked":"Deadly Poison","floor":22.0},{"not_picked":["Sucker Punch","Well Laid Plans"],"picked":"Backflip","floor":23},{"not_picked":["Dodge and Roll","All Out Attack+1"],"picked":"Die Die Die","floor":25},{"not_picked":["Dodge and Roll","Caltrops"],"picked":"ReplayTheSpireMod:The Works","floor":28},{"not_picked":["Poison Darts","Replay:Bag of Tricks"],"picked":"Adrenaline","floor":33},{"not_picked":["Flying Knee+1","Slice"],"picked":"Cloak And Dagger+1","floor":35},{"not_picked":["Backflip","Sucker Punch"],"picked":"Finisher+1","floor":36},{"not_picked":["Eviscerate+1","Dagger Throw"],"picked":"Slice","floor":37},{"not_picked":["Doppelganger","Setup"],"picked":"Endless Agony+1","floor":39},{"not_picked":["Expertise","All Out Attack"],"picked":"Sucker Punch+1","floor":41},{"not_picked":["Slice+1","Expertise"],"picked":"Catalyst","floor":44},{"not_picked":["Cloak And Dagger","Deadly Poison"],"picked":"Backstab","floor":46}],"player_experience":699338,"relics_obtained":[{"floor":6.0,"key":"Akabeko"},{"floor":9.0,"key":"Pet Ghost"},{"floor":23,"key":"Juzu Bracelet"},{"floor":25,"key":"ReplayFunnel"},{"floor":26,"key":"Chameleon Ring"},{"floor":32,"key":"Regal Pillow"},{"floor":41,"key":"Paper Crane"},{"floor":43,"key":"Pen Nib"},{"floor":44,"key":"Mummified Hand"},{"floor":46,"key":"Shovel"},{"floor":47,"key":"Strawberry"}],"event_choices":[{"damage_healed":0.0,"max_hp_gain":0.0,"max_hp_loss":0.0,"gold_gain":0.0,"event_name":"Golden Wing","player_choice":"Ignored","floor":2.0,"gold_loss":0.0,"damage_taken":0.0},{"damage_healed":0.0,"max_hp_gain":0.0,"max_hp_loss":0.0,"gold_gain":0.0,"event_name":"Liars Game","player_choice":"Ignored","floor":11.0,"gold_loss":0.0,"damage_taken":0.0},{"damage_healed":0,"gold_gain":99,"player_choice":"Stole From Cult","damage_taken":0,"max_hp_gain":0,"max_hp_loss":0,"event_name":"Nest","floor":30,"gold_loss":0},{"damage_healed":0,"gold_gain":0,"player_choice":"Obtained Relic","damage_taken":0,"relics_obtained":["Simple Rune"],"max_hp_gain":0,"max_hp_loss":0,"event_name":"Addict","floor":31,"gold_loss":85},{"damage_healed":19,"gold_gain":0,"player_choice":"Writhe","damage_taken":0,"max_hp_gain":0,"max_hp_loss":0,"event_name":"Winding Halls","floor":38,"gold_loss":0,"cards_obtained":["Writhe"]}],"is_beta":false,"boss_relics":[{"not_picked":["Abe\u0027s Treasure","Snecko Scales"],"picked":"Ring of the Serpent"},{"not_picked":["Kintsugi","Replay:Bronze Core"],"picked":"SlaversCollar"}],"items_purged_floors":[],"is_endless":false,"potions_floor_spawned":[3,5,8,14,16,22,23,25,35,44,46],"ascension_level":1}}