{"host":"yuwyc1esdalgjt4e","time":1612538827,"event":{"mods":["Arknights","Astrologer","BaseMod","CapriCore","Hermit","KomeijiMod","Marisa????????","Minty Spire (QoL Compilation)","Railgun Mod","Reimu??????","StSLib","The Bug Knight","The Death Knight","The Dragon Tamer","The Hierophant","The Immortal","The Marked","The Servant 0.9.4","The Wild Card","TheSwordswoman","Yuri Mod"],"gold_per_floor":[116,116,135,60,60,60,75,75,75,90,67,82,114,133,133,234,234,234,234],"floor_reached":18,"language":"ENG","playtime":654,"items_purged":["Poor:ReiMu"],"score":162,"play_id":"9ac2146f-97b2-4a65-8444-1aa014a56cac","local_time":"20210205162707","is_ascension_mode":false,"campfire_choices":[{"data":"ats:Strike S","floor":6,"key":"SMITH"},{"data":"ats:Armor Crushing Shot","floor":8,"key":"SMITH"},{"floor":15,"key":"REST"}],"circlet_count":0,"master_deck":["ats:Strike C","ats:Strike G","ats:Strike S+1","ats:Armor Crushing Shot+1","ats:Defend","ats:Defend","ats:Defend","ats:Defend","ats:Emotion Absorption","ats:Hook Shot","ats:Neurotoxin+1","ats:Poison Spread","ats:Poison Spread","ats:Powerful Strike","ats:Rapid Magazine+1"],"relics":["ats:Sanity","NeowsBlessing","YidongShenshe:ReiMu","Frozen Egg 2","ats:Originium","DeathKnight:PutricidesVial","Busted Crown"],"acts_visited":["Exordium","TheCity"],"potions_floor_usage":[12,13,16],"damage_taken":[{"damage":0,"enemies":"Cultist","floor":1,"turns":1},{"damage":0,"enemies":"2 Louse","floor":3,"turns":1},{"damage":0,"enemies":"Jaw Worm","floor":7,"turns":1},{"damage":2,"enemies":"3 Louse","floor":10,"turns":3},{"damage":7,"enemies":"Exordium Wildlife","floor":12,"turns":4},{"damage":26,"enemies":"Lagavulin","floor":13,"turns":5},{"damage":10,"enemies":"Looter","floor":14,"turns":3},{"damage":37,"enemies":"Slime Boss","floor":16,"turns":8},{"damage":0,"enemies":"2 Thieves","floor":18,"turns":1}],"seed_played":"-8004406482533275148","potions_obtained":[{"floor":1,"key":"DeathKnight:RimePotion"},{"floor":10,"key":"Fire Potion"},{"floor":14,"key":"GamblersBrew"},{"floor":16,"key":"DeathKnight:RimePotion"}],"is_trial":false,"path_per_floor":["M","?","M","$","?","R","M","R","T","M","$","M","E","M","R","B",null,"M"],"character_chosen":"DOCTOR_CLASS","items_purchased":["ats:Poison Spread"],"campfire_rested":1,"item_purchase_floors":[11],"current_hp_per_floor":[72,72,72,72,65,65,65,65,65,63,63,56,30,20,41,4,72,72,72],"gold":234,"neow_bonus":"THREE_ENEMY_KILL","is_daily":false,"chose_seed":false,"campfire_upgraded":2,"win_rate":0.0,"timestamp":1612538827,"path_taken":["M","?","M","$","?","R","M","R","T","M","$","M","E","M","R","BOSS","M"],"items_purchased_type":["Card"],"build_version":"2020-12-22","purchased_purges":1,"victory":false,"max_hp_per_floor":[72,72,72,72,72,72,72,72,72,72,72,72,72,72,72,72,72,72,72],"card_choices":[{"not_picked":["ats:Shell Defense","ats:Assault Order"],"picked":"ats:Hook Shot","floor":1},{"not_picked":["ats:Automatic Cover","ats:Closed Bolt Burst Fire"],"picked":"ats:Neurotoxin","floor":3},{"not_picked":["ats:Closed Bolt Burst Fire","ats:Sashimi Platter","ats:Very Hot Blade"],"picked":"SKIP","floor":7},{"not_picked":["ats:Mental Burst","ats:Assault Order"],"picked":"ats:Poison Spread","floor":10},{"not_picked":["ats:Magnetic Hammer","ats:Demon Strength+1"],"picked":"ats:Powerful Strike","floor":12},{"not_picked":["ats:Shadow Assault","ats:Very Hot Blade"],"picked":"ats:Rapid Magazine+1","floor":13},{"not_picked":["ats:Very Hot Blade","ats:Absolute Focus","ats:Mental Burst"],"picked":"SKIP","floor":14}],"player_experience":104074,"relics_obtained":[{"floor":9,"key":"Frozen Egg 2"},{"floor":13,"key":"ats:Originium"},{"floor":13,"key":"DeathKnight:PutricidesVial"}],"event_choices":[{"damage_healed":0,"gold_gain":0,"player_choice":"Take Tiny Shrine away","damage_taken":0,"relics_obtained":["YidongShenshe:ReiMu"],"max_hp_gain":0,"max_hp_loss":0,"event_name":"yidonshenshe","floor":2,"gold_loss":0,"cards_obtained":["Poor:ReiMu"]}],"is_beta":false,"boss_relics":[{"not_picked":["Snecko Eye","Calling Bell"],"picked":"Busted Crown"}],"items_purged_floors":[4],"is_endless":false,"potions_floor_spawned":[1,10,14,16],"killed_by":"2 Thieves","ascension_level":0}}