{"host":"630px4nyj50z5id8","time":1612514021,"event":{"mods":["BaseMod","Colored Powertips","Downfall","Minty Spire (QoL Compilation)","Quick Restart","Replay The Spire","StSLib","Waifu the Spire"],"gold_per_floor":[117,134,134,134,134,134,167,167,167,167,242,255,180,200,200,279,279,299,114,132,132,132,132],"floor_reached":22,"language":"ZHS","playtime":879,"items_purged":["Strike_G","Strike_G"],"score":362,"play_id":"19007af9-ea09-4397-bf33-def3e154b2f5","local_time":"20210205163341","is_ascension_mode":true,"campfire_choices":[{"data":"Sneak Up","floor":6.0,"key":"SMITH"},{"floor":8.0,"key":"REST"},{"data":"Replay:Bag of Tricks","floor":10.0,"key":"SMITH"},{"floor":15.0,"key":"REST"}],"circlet_count":0,"master_deck":["AscendersBane","Strike_G","Strike_G","Defend_G","Defend_G","Defend_G","Defend_G","Defend_G","Survivor","Neutralize","Clumsy","Cloak And Dagger","Sneak Up+1","Night Terror","Replay:Bag of Tricks+1","ReplayTheSpireMod:Scrap Shanks","Adrenaline","Deadly Poison","Blur","Noxious Fumes"],"relics":["Ring of the Snake","Durian","Blue Candle","Happy Flower","Replay:Ringing Soul","Sozu","Replay:Wax Seal"],"acts_visited":["Exordium","TheCity"],"potions_floor_usage":[],"damage_taken":[{"damage":3.0,"enemies":"Small Slimes","floor":1.0,"turns":4.0},{"damage":0.0,"enemies":"2 Louse","floor":2.0,"turns":4.0},{"damage":42.0,"enemies":"Gremlin Nob","floor":7.0,"turns":7.0},{"damage":0.0,"enemies":"Jaw Worm","floor":12.0,"turns":5.0},{"damage":8.0,"enemies":"Exordium Thugs","floor":14.0,"turns":5.0},{"damage":37.0,"enemies":"Hexaghost","floor":16.0,"turns":14.0},{"damage":12.0,"enemies":"Spheric Guardian","floor":18.0,"turns":8.0},{"damage":20,"enemies":"Chosen","floor":20,"turns":5},{"damage":13,"enemies":"Snecko","floor":22,"turns":5}],"seed_played":"-8812961527241440765","potions_obtained":[{"floor":1.0,"key":"Fire Potion"},{"floor":12.0,"key":"Death Potion"},{"floor":14.0,"key":"Strength Potion"}],"is_trial":false,"path_per_floor":["M","M","?","?","?","R","E","R","T","R","?","M","$","M","R","B",null,"M","$","M","?","M"],"character_chosen":"THE_SILENT","items_purchased":["Replay:Wax Seal"],"campfire_rested":2,"item_purchase_floors":[19],"current_hp_per_floor":[61,61,56,56,56,56,14,35,35,35,24,27,27,19,41,7,60,51,51,34,37,24,24],"gold":132,"neow_bonus":"ONE_RARE_RELIC","is_daily":false,"chose_seed":false,"campfire_upgraded":2,"win_rate":0.0,"timestamp":1612514021,"path_taken":["M","M","?","?","?","R","E","R","T","R","?","M","$","M","R","BOSS","M","$","M","?","M"],"items_purchased_type":["Relic"],"build_version":"2020-12-22","purchased_purges":2,"victory":false,"max_hp_per_floor":[71,71,71,71,71,71,71,71,71,71,71,74,74,74,74,77,77,80,80,83,86,86,86],"card_choices":[{"not_picked":["Sucker Punch","Outmaneuver"],"picked":"Cloak And Dagger","floor":1.0},{"not_picked":["Cloak And Dagger","Hidden Blade"],"picked":"Sneak Up","floor":2.0},{"not_picked":["All Out Attack","Blade Dance"],"picked":"Replay:Bag of Tricks","floor":7.0},{"not_picked":["Hidden Blade","Dagger Spray"],"picked":"ReplayTheSpireMod:Scrap Shanks","floor":12.0},{"not_picked":["Endless Agony","Dodge and Roll","Heel Hook"],"picked":"SKIP","floor":14.0},{"not_picked":["Storm of Steel","Envenom"],"picked":"Adrenaline","floor":16.0},{"not_picked":["Dagger Spray","Poisoned Stab"],"picked":"Deadly Poison","floor":18.0},{"not_picked":["Caltrops","Dagger Spray+1"],"picked":"Blur","floor":20}],"player_experience":374824,"relics_obtained":[{"floor":7.0,"key":"Happy Flower"},{"floor":9.0,"key":"Replay:Ringing Soul"}],"event_choices":[{"damage_healed":0.0,"max_hp_gain":0.0,"max_hp_loss":0.0,"gold_gain":0.0,"event_name":"Liars Game","player_choice":"Ignored","floor":4.0,"gold_loss":0.0,"damage_taken":0.0},{"damage_healed":0.0,"max_hp_gain":0.0,"max_hp_loss":0.0,"gold_gain":0.0,"cards_transformed":["Strike_G"],"event_name":"Living Wall","player_choice":"Change","floor":5.0,"gold_loss":0.0,"damage_taken":0.0,"cards_obtained":["Night Terror"]},{"damage_healed":0.0,"max_hp_gain":0.0,"max_hp_loss":0.0,"gold_gain":75.0,"event_name":"World of Goop","player_choice":"Gather Gold","floor":11.0,"gold_loss":0.0,"damage_taken":11.0},{"damage_healed":0,"gold_gain":0,"player_choice":"Read","damage_taken":0,"max_hp_gain":0,"max_hp_loss":0,"event_name":"The Library","floor":21,"gold_loss":0,"cards_obtained":["Noxious Fumes"]}],"is_beta":false,"boss_relics":[{"not_picked":["Painkiller Herb","Ring of Chaos"],"picked":"Sozu"}],"items_purged_floors":[13,19],"is_endless":false,"potions_floor_spawned":[1,12,14,18],"killed_by":"Snecko","ascension_level":17}}