{"host":"5rycm1ajjg5acc5q","time":1612499894,"event":{"mods":["BaseMod","Better Third Choice","Downfall","Highlight Path","Infinite Spire","Minty Spire (QoL Compilation)","Replay The Spire","StSLib"],"gold_per_floor":[114,132,132,9,9,34,52,65,65,65,80,80,100,112,112,212,212,230,230,243,69,84,111,111,111,135,146,146,146,146,146,146,250,250,264,274,320,420,436,449,449,468,493,510,539,551,567,8,8,8,8,8,61,91,91],"floor_reached":56,"language":"ENG","playtime":6007,"items_purged":["Strike_G","downfall:Bewildered","Strike_G","Strike_G"],"score":1303,"play_id":"9e11ed16-0754-4e8b-9a6b-2392fbaec822","local_time":"20210204223814","is_ascension_mode":false,"campfire_choices":[{"data":"Noxious Fumes","floor":10,"key":"SMITH"},{"data":"Crippling Poison","floor":12,"key":"SMITH"},{"data":"Crippling Poison","floor":15,"key":"SMITH"},{"data":"Envenom","floor":24,"key":"SMITH"},{"data":"Footwork","floor":28,"key":"SMITH"},{"floor":32,"key":"RECALL"},{"data":"ReplayTheSpireMod:Echoes of Time","floor":41,"key":"SMITH"},{"data":"Infinite Blades","floor":49,"key":"SMITH"},{"data":"Bullet Time","floor":52,"key":"SMITH"}],"circlet_count":0,"master_deck":["Strike_G","Defend_G","Defend_G","Defend_G","Defend_G","Survivor","Neutralize+1","Noxious Fumes+1","Poisoned Stab","Crippling Poison+1","Crippling Poison+1","ReplayTheSpireMod:Speed Training","Bouncing Flask","Envenom+1","Dodge and Roll+1","Footwork+1","Noxious Fumes","Riddle With Holes+1","Infinite Blades+1","Skewer+1","Heel Hook+1","CurseOfTheBell","CurseOfTheBell","ReplayTheSpireMod:Echoes of Time+1","Ghostly","Ghostly","Ghostly","Ghostly","Ghostly","Replay:Bag of Tricks","Acrobatics","Riddle With Holes+1","Hidden Blade+1","Acrobatics+1","Flying Knee+1","Toxin Wave+1","Bullet Time+1","Hidden Blade+1","Fluid Movement+1","Crippling Poison","Looming Evil","Flash of Steel+1","Replay:Bag of Tricks"],"relics":["Ring of the Snake","NeowsBlessing","Paper Crane","Molten Egg 2","Ring of Chaos","sneckomod:BabySnecko","FossilizedHelix","Blood Vial","downfall:ExtraCursedBell","Boot","Mummified Hand","Tough Bandages","TwistedFunnel","Replay:Bronze Core","Du-Vu Doll","Replay:Mystery Machine","Incense Burner","ReplayTheSpireMod:CursedCoin","Replay:Wax Seal"],"acts_visited":["Exordium","TheCity","TheBeyond","TheEnding"],"potions_floor_usage":[16,18,23,37,50,55,55,55,55,55],"damage_taken":[{"damage":0,"enemies":"2 Louse","floor":1,"turns":1},{"damage":0,"enemies":"Small Slimes","floor":2,"turns":1},{"damage":0,"enemies":"Gremlin Nob","floor":6,"turns":1},{"damage":0,"enemies":"infinitespire:Voidling","floor":7,"turns":5},{"damage":8,"enemies":"Large Slime","floor":8,"turns":6},{"damage":0,"enemies":"3 Louse","floor":11,"turns":4},{"damage":0,"enemies":"Red Slaver","floor":13,"turns":4},{"damage":19,"enemies":"Large Slime","floor":14,"turns":5},{"damage":11,"enemies":"Fading Forest","floor":16,"turns":11},{"damage":7,"enemies":"3 Byrds","floor":18,"turns":5},{"damage":12,"enemies":"2 Thieves","floor":20,"turns":4},{"damage":3,"enemies":"Snake Plant","floor":22,"turns":4},{"damage":4,"enemies":"Gremlin Leader","floor":23,"turns":6},{"damage":2,"enemies":"Centurion and Healer","floor":27,"turns":6},{"damage":0,"enemies":"Champ","floor":33,"turns":11},{"damage":0,"enemies":"Orb Walker","floor":35,"turns":4},{"damage":0,"enemies":"3 Darklings","floor":36,"turns":4},{"damage":5,"enemies":"2 Orb Walkers","floor":37,"turns":4},{"damage":0,"enemies":"Transient","floor":39,"turns":5},{"damage":0,"enemies":"4 Shapes","floor":40,"turns":4},{"damage":0,"enemies":"Writhing Mass","floor":42,"turns":6},{"damage":0,"enemies":"Sphere and 2 Shapes","floor":44,"turns":3},{"damage":1,"enemies":"Giant Head","floor":45,"turns":8},{"damage":0,"enemies":"4 Shapes","floor":46,"turns":4},{"damage":2,"enemies":"Writhing Mass","floor":47,"turns":5},{"damage":28,"enemies":"Time Eater","floor":50,"turns":14},{"damage":0,"enemies":"Shield and Spear","floor":54,"turns":6},{"damage":26,"enemies":"The Heart","floor":55,"turns":11}],"seed_played":"-8125731708249595435","potions_obtained":[{"floor":6,"key":"Languid Potion"},{"floor":7,"key":"champ:CounterPotion"},{"floor":22,"key":"Strength Potion"},{"floor":27,"key":"AttackPotion"},{"floor":33,"key":"EntropicBrew"},{"floor":35,"key":"BlessingOfTheForge"},{"floor":39,"key":"LiquidBronze"},{"floor":44,"key":"ColorlessPotion"}],"is_trial":false,"path_per_floor":["M","M","?","$","?","E","M","M","T","R","M","R","M","M","R","B",null,"M","?","M","$","M","E","R","?","T","M","R","?","AVR","?","R","B",null,"M","M","?","?","M","M","R","M","T","M","E","M","M","$","R","B",null,"R","$","E","B",null],"character_chosen":"THE_SILENT","items_purchased":["Poisoned Stab","Noxious Fumes","Fluid Movement+1","Incense Burner","Crippling Poison","ReplayTheSpireMod:CursedCoin","Flash of Steel+1"],"campfire_rested":0,"item_purchase_floors":[4,21,48,48,48,53,53],"current_hp_per_floor":[70,70,70,70,70,70,70,62,62,62,62,62,62,43,43,42,70,63,63,51,51,48,44,44,44,44,44,44,44,44,35,35,35,35,35,35,30,30,32,34,34,35,35,35,34,35,33,33,33,7,35,35,35,35,9],"gold":91,"neow_bonus":"THREE_ENEMY_KILL","is_daily":false,"chose_seed":false,"campfire_upgraded":8,"win_rate":0.0,"timestamp":1612499894,"path_taken":["M","M","?","$","?","E","M","M","T","R","?","R","M","M","R","BOSS","M","?","M","$","M","E","R","?","T","?","R","?","AVR","?","R","BOSS","M","M","?","?","M","M","R","?","T","?","E","M","M","?","R","BOSS","R","$","E","BOSS"],"items_purchased_type":["Card","Card","Card","Relic","Card","Relic","Card"],"build_version":"2020-12-22","purchased_purges":4,"victory":true,"max_hp_per_floor":[70,70,70,70,70,70,70,70,70,70,70,70,70,70,70,70,70,70,70,70,70,70,70,70,70,70,70,70,70,70,35,35,35,35,35,35,35,35,35,35,35,35,35,35,35,35,35,35,35,35,35,35,35,35,35],"card_choices":[{"not_picked":["Bane","Backflip"],"picked":"Noxious Fumes","floor":1},{"not_picked":["Blade Dance","Slice","Caltrops"],"picked":"SKIP","floor":2},{"not_picked":["Dagger Throw","Replay:Bag of Tricks"],"picked":"Crippling Poison","floor":6},{"not_picked":["Blade Dance","Dagger Throw"],"picked":"Crippling Poison","floor":7},{"not_picked":["Slice","Deflect","Dodge and Roll"],"picked":"SKIP","floor":8},{"not_picked":["Tactician","Well Laid Plans"],"picked":"ReplayTheSpireMod:Speed Training","floor":11},{"not_picked":["Flying Knee+1","Dodge and Roll"],"picked":"Bouncing Flask","floor":13},{"not_picked":["ReplayTheSpireMod:Exploit Weakness","Terror","Finisher+1"],"picked":"SKIP","floor":14},{"not_picked":["Burst","A Thousand Cuts"],"picked":"Envenom","floor":16},{"not_picked":["Sucker Punch+1","Choke+1"],"picked":"Dodge and Roll+1","floor":18},{"not_picked":["Deadly Poison","Underhanded Strike+1"],"picked":"Footwork","floor":20},{"not_picked":["ReplayTheSpireMod:Shiv Toss","Dagger Spray+1"],"picked":"Riddle With Holes+1","floor":22},{"not_picked":["Dodge and Roll","Blade Dance"],"picked":"Infinite Blades","floor":23},{"not_picked":["Blade Dance","PiercingWail"],"picked":"Heel Hook+1","floor":27},{"not_picked":["Corpse Explosion","After Image"],"picked":"Replay:Bag of Tricks","floor":33},{"not_picked":["Bane+1","ReplayTheSpireMod:Exploit Weakness+1"],"picked":"Acrobatics","floor":35},{"not_picked":["Flying Knee+1","Bane+1","Finisher+1"],"picked":"SKIP","floor":36},{"not_picked":["Sucker Punch+1","ReplayTheSpireMod:The Works"],"picked":"Riddle With Holes+1","floor":37},{"not_picked":["Deflect+1","Outmaneuver+1"],"picked":"Hidden Blade+1","floor":39},{"not_picked":["Flying Knee+1","Outmaneuver"],"picked":"Acrobatics+1","floor":40},{"not_picked":["Hidden Blade","Distraction","Outmaneuver+1"],"picked":"SKIP","floor":42},{"not_picked":["ReplayTheSpireMod:Exploit Weakness+1","Slice+1"],"picked":"Flying Knee+1","floor":44},{"not_picked":["Sucker Punch+1","Riddle With Holes+1"],"picked":"Toxin Wave+1","floor":45},{"not_picked":["ReplayTheSpireMod:Speed Training","Distraction"],"picked":"Bullet Time","floor":46},{"not_picked":["Blade Dance","Slice+1"],"picked":"Hidden Blade+1","floor":47},{"not_picked":["Deadly Poison+1","Reflex"],"picked":"Replay:Bag of Tricks","floor":54}],"player_experience":155161,"relics_obtained":[{"floor":6,"key":"Paper Crane"},{"floor":9,"key":"Molten Egg 2"},{"floor":23,"key":"FossilizedHelix"},{"floor":26,"key":"Blood Vial"},{"floor":29,"key":"Boot"},{"floor":29,"key":"Mummified Hand"},{"floor":29,"key":"Tough Bandages"},{"floor":37,"key":"Du-Vu Doll"},{"floor":45,"key":"Replay:Mystery Machine"},{"floor":54,"key":"Replay:Wax Seal"}],"event_choices":[{"cards_removed":["Strike_G"],"damage_healed":0,"gold_gain":0,"player_choice":"Forget","damage_taken":0,"max_hp_gain":0,"max_hp_loss":0,"event_name":"Living Wall","floor":3,"gold_loss":0},{"damage_healed":0,"gold_gain":0,"player_choice":"Upgraded","damage_taken":0,"max_hp_gain":0,"max_hp_loss":0,"event_name":"Upgrade Shrine","floor":5,"gold_loss":0,"cards_upgraded":["Neutralize"]},{"damage_healed":0,"gold_gain":0,"cards_transformed":["Defend_G"],"player_choice":"Transformed","damage_taken":0,"max_hp_gain":0,"max_hp_loss":0,"event_name":"Transmorgrifier","floor":25,"gold_loss":0,"cards_obtained":["Skewer"]},{"damage_healed":0,"gold_gain":0,"player_choice":"Became a Ghost","damage_taken":0,"max_hp_gain":0,"max_hp_loss":35,"event_name":"Ghosts","floor":31,"gold_loss":0,"cards_obtained":["Ghostly","Ghostly","Ghostly","Ghostly","Ghostly"]},{"damage_healed":0,"gold_gain":0,"player_choice":"Fight","damage_taken":0,"max_hp_gain":0,"max_hp_loss":0,"event_name":"Mysterious Sphere","floor":37,"gold_loss":0},{"damage_healed":0,"gold_gain":100,"player_choice":"Pray","damage_taken":0,"max_hp_gain":0,"max_hp_loss":0,"event_name":"Golden Shrine","floor":38,"gold_loss":0}],"is_beta":false,"boss_relics":[{"not_picked":["Philosopher\u0027s Stone","ReplayTheSpireMod:DimensionalGlitch"],"picked":"Ring of Chaos"},{"not_picked":["Snecko Scales","Runic Dome"],"picked":"Replay:Bronze Core"}],"items_purged_floors":[4,21,30,48],"is_endless":false,"potions_floor_spawned":[6,7,22,27,33,35,39,44,47],"ascension_level":0}}