{"host":"9d9dhukr2jywmy0f","time":1612544557,"event":{"mods":["2.2 Compatiblity","Alarm Clock","BaseMod","Bestiary","Block Reminder","Colored Map","Colored Powertips","Curses Come First","DeckTracker","Highlight Path","Key Reminder","Minty Spire (QoL Compilation)","Quick Restart","Rare Cards Sparkle","Relic Sorter","Relic Stats","Replay The Spire","Spire Birthday Party","StSLib","SuperFastMode","Synergy Search","Unceasing Turn Reminder","Unknown Chances"],"gold_per_floor":[118,118,136,172,172,201,201,201,201,215,215,240,251,261,261,332,332,342,342,342,143,153,78,78,36,36,53,69,69,79,79,79,158,158,172,172,189,189,204,204,239,258,258,258,286,286,306,101,101,101,101,101,101,1,36,36],"floor_reached":57,"language":"ZHS","playtime":7035,"items_purged":["Strike_G","Blade Dance+1","Strike_G"],"score":2315,"play_id":"048bb176-d4cf-4d32-9458-68425e19d3f7","local_time":"20210206010237","is_ascension_mode":true,"campfire_choices":[{"data":"Blade Dance","floor":8.0,"key":"SMITH"},{"data":"Footwork","floor":11.0,"key":"SMITH"},{"floor":15.0,"key":"REST"},{"data":"Acrobatics","floor":24.0,"key":"SMITH"},{"data":"Hidden Blade","floor":29.0,"key":"SMITH"},{"data":"Grand Finale","floor":32.0,"key":"SMITH"},{"data":"Well Laid Plans","floor":40.0,"key":"SMITH"},{"floor":49.0,"key":"RECALL"},{"data":"Concentrate","floor":53.0,"key":"SMITH"}],"circlet_count":0,"master_deck":["AscendersBane","Defend_G","Defend_G","Defend_G","Defend_G","Defend_G","Survivor","Neutralize+1","Hidden Blade+1","Acrobatics+1","Footwork+1","Grand Finale+1","Well Laid Plans+1","Adrenaline","Acrobatics","Backflip","ReplayTheSpireMod:Speed Training","Deflect","Ghostly","Ghostly","Ghostly","Adrenaline","Escape Plan","Prepared","Terror","Accuracy","Concentrate+1","Footwork","Backflip","Grand Finale"],"relics":["Ring of the Snake","NeowsBlessing","Replay:Kaleidoscope","ReplayTheSpireMod:Lightbulb","The Courier","InkBottle","Oddly Smooth Stone","Cursed Key","Singing Bowl","Replay:Baseball","BargainBundle","Boot"],"acts_visited":["Exordium","TheCity","TheBeyond","TheEnding"],"potions_floor_usage":[56,56],"damage_taken":[{"damage":0.0,"enemies":"Cultist","floor":1.0,"turns":1.0},{"damage":0.0,"enemies":"Small Slimes","floor":3.0,"turns":1.0},{"damage":0.0,"enemies":"3 Sentries","floor":6.0,"turns":1.0},{"damage":1.0,"enemies":"2 Louse","floor":10.0,"turns":4.0},{"damage":32.0,"enemies":"Gremlin Nob","floor":12.0,"turns":4.0},{"damage":0.0,"enemies":"2 Fungi Beasts","floor":13.0,"turns":6.0},{"damage":6.0,"enemies":"3 Louse","floor":14.0,"turns":5.0},{"damage":8.0,"enemies":"Slime Boss","floor":16.0,"turns":10.0},{"damage":10.0,"enemies":"Shell Parasite","floor":18.0,"turns":8.0},{"damage":0.0,"enemies":"3 Byrds","floor":22.0,"turns":2.0},{"damage":14.0,"enemies":"Cultist and Chosen","floor":27.0,"turns":9.0},{"damage":16.0,"enemies":"Snecko","floor":28.0,"turns":7.0},{"damage":5.0,"enemies":"Shelled Parasite and Fungi","floor":30.0,"turns":5.0},{"damage":9.0,"enemies":"Collector","floor":33.0,"turns":10.0},{"damage":0.0,"enemies":"3 Shapes","floor":35.0,"turns":5.0},{"damage":0.0,"enemies":"Orb Walker","floor":37.0,"turns":3.0},{"damage":0.0,"enemies":"Transient","floor":39.0,"turns":6.0},{"damage":0.0,"enemies":"Nemesis","floor":41.0,"turns":5.0},{"damage":0.0,"enemies":"4 Shapes","floor":42.0,"turns":2.0},{"damage":0.0,"enemies":"Giant Head","floor":45.0,"turns":7.0},{"damage":0.0,"enemies":"3 Darklings","floor":47.0,"turns":2.0},{"damage":4.0,"enemies":"Time Eater","floor":50.0,"turns":11.0},{"damage":10.0,"enemies":"Replay:Hell Engine","floor":51.0,"turns":11.0},{"damage":0.0,"enemies":"Shield and Spear","floor":55.0,"turns":5.0},{"damage":17,"enemies":"The Heart","floor":56,"turns":9}],"seed_played":"6346911828279008828","potions_obtained":[{"floor":3.0,"key":"ColorlessPotion"},{"floor":4.0,"key":"Fruit Juice"},{"floor":4.0,"key":"SkillPotion"},{"floor":4.0,"key":"Explosive Potion"},{"floor":10.0,"key":"Dexterity Potion"},{"floor":16.0,"key":"SpeedPotion"},{"floor":18.0,"key":"Regen Potion"},{"floor":37.0,"key":"FearPotion"},{"floor":42.0,"key":"Poison Potion"},{"floor":45.0,"key":"Dexterity Potion"}],"is_trial":false,"path_per_floor":["M","?","M","?","?","E","?","R","T","M","R","E","M","M","R","B",null,"M","?","T","$","M","?","R","$","T","M","M","R","M","?","R","B",null,"M","?","M","?","M","R","E","M","T","?","E","?","M","$","R","B","B",null,"R","$","E","B",null],"character_chosen":"THE_SILENT","items_purchased":["Well Laid Plans","Adrenaline","Acrobatics","BargainBundle","Footwork","Backflip","Grand Finale"],"campfire_rested":1,"item_purchase_floors":[21,21,25,48,48,48,48],"current_hp_per_floor":[59,59,59,43,43,43,43,43,43,42,42,10,10,4,25,17,58,48,48,48,48,48,48,48,48,48,49,33,33,28,28,28,19,31,31,31,31,31,31,31,33,35,35,35,35,35,35,35,35,31,21,35,35,35,37,20],"gold":36,"neow_bonus":"THREE_ENEMY_KILL","is_daily":false,"chose_seed":false,"campfire_upgraded":7,"win_rate":0.0,"timestamp":1612544557,"path_taken":["M","?","?","?","?","E","?","R","T","M","R","E","?","M","R","BOSS","M","?","?","$","M","?","R","?","T","M","?","R","M","?","R","BOSS","M","?","M","?","M","R","E","M","T","?","E","?","M","$","R","BOSS","BOSS","R","$","E","BOSS"],"items_purchased_type":["Card","Card","Card","Relic","Card","Card","Card"],"build_version":"2020-12-22","purchased_purges":3,"victory":true,"max_hp_per_floor":[66,66,66,71,71,71,71,71,71,71,71,71,71,71,71,71,71,71,71,71,71,71,71,71,71,71,71,71,71,71,35,35,35,35,35,35,35,35,35,35,37,39,39,39,39,39,39,39,39,39,39,39,39,39,41,41],"relic_stats":{"Singing Bowl":6,"counters":[25,139],"Cursed Key":0,"Boot":[1],"obtain_stats":[{"BargainBundle":48,"NeowsBlessing":0,"Singing Bowl":41,"Oddly Smooth Stone":20,"The Courier":9,"Replay:Kaleidoscope":6,"Cursed Key":34,"Boot":55,"keyreminder:keyreminder":26,"Replay:Baseball":45,"ReplayTheSpireMod:Lightbulb":7,"InkBottle":12,"Ring of the Snake":0},{"BargainBundle":21,"NeowsBlessing":0,"Singing Bowl":18,"Oddly Smooth Stone":9,"The Courier":3,"Replay:Kaleidoscope":3,"Cursed Key":14,"Boot":24,"keyreminder:keyreminder":10,"Replay:Baseball":20,"ReplayTheSpireMod:Lightbulb":3,"InkBottle":5,"Ring of the Snake":0},{"BargainBundle":103,"NeowsBlessing":0,"Singing Bowl":92,"Oddly Smooth Stone":40,"The Courier":3,"Replay:Kaleidoscope":3,"Cursed Key":73,"Boot":130,"keyreminder:keyreminder":42,"Replay:Baseball":101,"ReplayTheSpireMod:Lightbulb":3,"InkBottle":11,"Ring of the Snake":0}],"InkBottle":[78],"Ring of the Snake":[50]},"card_choices":[{"not_picked":["Caltrops","Flying Knee"],"picked":"Blade Dance","floor":1.0},{"not_picked":["Flying Knee","Bane"],"picked":"Hidden Blade","floor":3.0},{"not_picked":["Setup","Quick Slash"],"picked":"Acrobatics","floor":4.0},{"not_picked":["PiercingWail","Outmaneuver"],"picked":"Footwork","floor":6.0},{"not_picked":["Sucker Punch","Draining Mist","Prepared"],"picked":"SKIP","floor":10.0},{"not_picked":["PiercingWail","ReplayTheSpireMod:Shiv Toss"],"picked":"Grand Finale","floor":12.0},{"not_picked":["Slice","Deflect","Deadly Poison"],"picked":"SKIP","floor":13.0},{"not_picked":["Cloak And Dagger","Deadly Poison"],"picked":"Backflip","floor":14.0},{"not_picked":["Sneak Up","Cloak And Dagger","Endless Agony"],"picked":"SKIP","floor":18.0},{"not_picked":["Heel Hook","Eviscerate","Catalyst"],"picked":"SKIP","floor":22.0},{"not_picked":["Dagger Throw","Deadly Poison"],"picked":"Backflip","floor":27.0},{"not_picked":["Dagger Throw","Blur"],"picked":"ReplayTheSpireMod:Speed Training","floor":28.0},{"not_picked":["ReplayTheSpireMod:Shiv Toss","Outmaneuver"],"picked":"Deflect","floor":30.0},{"not_picked":["Doppelganger","Venomology"],"picked":"Adrenaline","floor":33.0},{"not_picked":["Flying Knee+1","Dagger Throw"],"picked":"Escape Plan","floor":35.0},{"not_picked":["Slice","Riddle With Holes"],"picked":"Prepared","floor":37.0},{"not_picked":["Slice","Doppelganger","Blade Dance+1"],"picked":"SKIP","floor":39.0},{"not_picked":["Eviscerate","Deflect","ReplayTheSpireMod:Shiv Toss"],"picked":"Singing Bowl","floor":41.0},{"not_picked":["Flying Knee+1","ReplayTheSpireMod:Tripwire","ReplayTheSpireMod:Speed Training"],"picked":"Singing Bowl","floor":42.0},{"not_picked":["Slice+1","ReplayTheSpireMod:Shiv Toss"],"picked":"Terror","floor":45.0},{"not_picked":["ReplayTheSpireMod:Speed Training","PiercingWail"],"picked":"Concentrate","floor":47.0},{"not_picked":["Poisoned Stab","Bouncing Flask","Noxious Fumes"],"picked":"Singing Bowl","floor":55.0}],"player_experience":882552,"relics_obtained":[{"floor":6.0,"key":"Replay:Kaleidoscope"},{"floor":9.0,"key":"The Courier"},{"floor":12.0,"key":"InkBottle"},{"floor":20.0,"key":"Oddly Smooth Stone"},{"floor":41.0,"key":"Singing Bowl"},{"floor":45.0,"key":"Replay:Baseball"},{"floor":55.0,"key":"Boot"}],"event_choices":[{"cards_removed":["Strike_G"],"damage_healed":0.0,"max_hp_gain":0.0,"max_hp_loss":0.0,"gold_gain":0.0,"event_name":"Purifier","player_choice":"Purged","floor":2.0,"gold_loss":0.0,"damage_taken":0.0},{"damage_healed":0.0,"max_hp_gain":0.0,"max_hp_loss":0.0,"gold_gain":0.0,"event_name":"WeMeetAgain","player_choice":"Gave Potion","floor":7.0,"gold_loss":0.0,"damage_taken":0.0,"relics_obtained":["ReplayTheSpireMod:Lightbulb"]},{"damage_healed":0.0,"max_hp_gain":0.0,"max_hp_loss":0.0,"gold_gain":0.0,"event_name":"Vampires","player_choice":"Ignored","floor":19.0,"gold_loss":0.0,"damage_taken":0.0},{"cards_removed":["Strike_G"],"damage_healed":0.0,"max_hp_gain":0.0,"max_hp_loss":0.0,"gold_gain":0.0,"event_name":"Beggar","player_choice":"Gave Gold","floor":23.0,"gold_loss":75.0,"damage_taken":0.0},{"damage_healed":0.0,"max_hp_gain":0.0,"max_hp_loss":36.0,"gold_gain":0.0,"event_name":"Ghosts","player_choice":"Became a Ghost","floor":31.0,"gold_loss":0.0,"damage_taken":0.0,"cards_obtained":["Ghostly","Ghostly","Ghostly"]},{"damage_healed":0.0,"max_hp_gain":0.0,"max_hp_loss":0.0,"gold_gain":0.0,"event_name":"Tomb of Lord Red Mask","player_choice":"Ignored","floor":36.0,"gold_loss":0.0,"damage_taken":0.0},{"cards_removed":["Backflip"],"damage_healed":0.0,"max_hp_gain":0.0,"max_hp_loss":0.0,"gold_gain":0.0,"event_name":"Falling","player_choice":"Removed Skill","floor":38.0,"gold_loss":0.0,"damage_taken":0.0},{"damage_healed":0.0,"max_hp_gain":0.0,"max_hp_loss":0.0,"gold_gain":0.0,"cards_transformed":["Strike_G"],"event_name":"Transmorgrifier","player_choice":"Transformed","floor":46.0,"gold_loss":0.0,"damage_taken":0.0,"cards_obtained":["Accuracy"]}],"is_beta":false,"boss_relics":[{"not_picked":["Ring of the Serpent","ChewingGum","Pandora\u0027s Box"]},{"not_picked":["Calling Bell","Honey Jar"],"picked":"Cursed Key"}],"items_purged_floors":[21,48,54],"is_endless":false,"potions_floor_spawned":[3,10,16,18,22,37,42,45,47],"ascension_level":20}}