{"host":"1q02rw1wpi0nrsss","time":1612548547,"event":{"mods":["AchievementEnabler","BaseMod","Better Note","Custom Start","Dark Map","DeckTracker","Disable Question Mark Monsters","Hermit","Minty Spire (QoL Compilation)","Permanent Neow","Quick Restart","Rare Cards Sparkle","Relic Stats","StSLib","??????REMEMod"],"gold_per_floor":[216,166,91,110,110,110,10,10,10,36,36,36,68,79,79,182,182,193,204,204,204,18,18,18,18,18,18,35,35,45,58,58,158,158,169,188,36,36,11,21,21,21,67,67,67],"floor_reached":44,"language":"ENG","playtime":1329,"items_purged":["Strike_G","Defend_G"],"score":474,"play_id":"33800464-ed2d-4eb6-87cf-06688b7ac0aa","local_time":"20210205100907","is_ascension_mode":true,"campfire_choices":[{"data":"Devotion","floor":6.0,"key":"SMITH"},{"data":"Crippling Poison","floor":8.0,"key":"SMITH"},{"data":"A Thousand Cuts","floor":12.0,"key":"SMITH"},{"floor":15.0,"key":"REST"},{"floor":23.0,"key":"REST"},{"data":"Glass Knife","floor":27.0,"key":"SMITH"},{"data":"Terror","floor":29.0,"key":"SMITH"},{"floor":32,"key":"REST"},{"floor":41,"key":"REST"}],"circlet_count":0,"master_deck":["Strike_G","Strike_G","Strike_G","Strike_G","Defend_G","Defend_G","Survivor","Neutralize","Devotion+1","Backflip","Crippling Poison+1","A Thousand Cuts+1","Terror+1","Die Die Die","Glass Knife+1","Blur","Leg Sweep","Die Die Die+1","Calculated Gamble+1"],"relics":["Ring of the Snake","REME_ComplimentaryCards","Bronze Scales","Toy Ornithopter","Orichalcum","Black Star","Pen Nib","InkBottle","SacredBark","Membership Card","Smiling Mask"],"acts_visited":["Exordium","TheCity","TheBeyond"],"potions_floor_usage":[30,39,40,40],"damage_taken":[{"damage":4.0,"enemies":"Jaw Worm","floor":1.0,"turns":4.0},{"damage":0.0,"enemies":"Small Slimes","floor":4.0,"turns":6.0},{"damage":7.0,"enemies":"Lagavulin","floor":10.0,"turns":6.0},{"damage":31.0,"enemies":"Gremlin Nob","floor":13.0,"turns":5.0},{"damage":2.0,"enemies":"2 Louse","floor":14.0,"turns":2.0},{"damage":28.0,"enemies":"The Guardian","floor":16.0,"turns":10.0},{"damage":0.0,"enemies":"2 Thieves","floor":18.0,"turns":1.0},{"damage":18.0,"enemies":"Spheric Guardian","floor":19.0,"turns":5.0},{"damage":18.0,"enemies":"Snake Plant","floor":28.0,"turns":3.0},{"damage":3,"enemies":"3 Cultists","floor":30,"turns":4},{"damage":18,"enemies":"Shelled Parasite and Fungi","floor":31,"turns":5},{"damage":37,"enemies":"Collector","floor":33,"turns":11},{"damage":25,"enemies":"3 Shapes","floor":35,"turns":3},{"damage":32,"enemies":"3 Darklings","floor":36,"turns":5},{"damage":27,"enemies":"Sphere and 2 Shapes","floor":40,"turns":6},{"damage":33,"enemies":"Nemesis","floor":44,"turns":3}],"seed_played":"8456632801376451290","potions_obtained":[{"floor":1.0,"key":"Swift Potion"},{"floor":4.0,"key":"LiquidMemories"},{"floor":10.0,"key":"Block Potion"},{"floor":16.0,"key":"ColorlessPotion"},{"floor":19.0,"key":"Strength Potion"},{"floor":28.0,"key":"SkillPotion"},{"floor":35,"key":"FearPotion"},{"floor":36,"key":"PowerPotion"}],"is_trial":false,"path_per_floor":["M","?","$","M","?","R","$","R","T","E","$","R","E","M","R","B",null,"M","M","?","?","$","R","$","T","T","R","M","R","M","M","R","B",null,"M","M","$","?","$","M","R","$","T","E"],"character_chosen":"THE_SILENT","items_purchased":["Glass Knife","PowerPotion","Membership Card","REME_GoldPotion"],"campfire_rested":4,"item_purchase_floors":[22,22,37,39],"current_hp_per_floor":[66,66,66,66,63,63,63,63,63,56,56,56,30,28,49,21,70,70,52,39,39,39,61,61,61,61,61,53,53,55,37,59,22,75,50,18,18,18,23,6,28,28,28,0,0],"gold":67,"neow_bonus":"HUNDRED_GOLD","is_daily":false,"chose_seed":false,"campfire_upgraded":5,"win_rate":0.0,"timestamp":1612548547,"path_taken":["M","?","$","M","?","R","?","R","T","E","?","R","E","M","R","BOSS","M","M","?","?","$","R","$","?","T","R","M","R","M","M","R","BOSS","M","M","$","?","?","?","R","$","T","E"],"items_purchased_type":["Card","Potion","Relic","Potion"],"build_version":"2020-12-22","purchased_purges":2,"victory":false,"max_hp_per_floor":[70,70,70,70,70,70,70,70,70,70,70,70,70,70,70,70,70,70,70,75,75,75,75,75,75,75,75,75,75,75,75,75,75,75,75,75,75,75,75,75,75,75,75,75,75],"relic_stats":{"counters":[16,79],"Bronze Scales":[147],"Pen Nib":[6],"Black Star":0,"Orichalcum":[60],"Smiling Mask":0,"obtain_stats":[{"Bronze Scales":5,"SacredBark":34,"Pen Nib":25,"Black Star":17,"Membership Card":37,"Orichalcum":13,"Smiling Mask":43,"Toy Ornithopter":10,"InkBottle":26,"Ring of the Snake":0,"REME_ComplimentaryCards":0},{"Bronze Scales":2,"SacredBark":12,"Pen Nib":8,"Black Star":6,"Membership Card":14,"Orichalcum":4,"Smiling Mask":15,"Toy Ornithopter":3,"InkBottle":8,"Ring of the Snake":0,"REME_ComplimentaryCards":0},{"Bronze Scales":10,"SacredBark":62,"Pen Nib":39,"Black Star":33,"Membership Card":70,"Orichalcum":21,"Smiling Mask":76,"Toy Ornithopter":16,"InkBottle":39,"Ring of the Snake":0,"REME_ComplimentaryCards":0}],"Toy Ornithopter":35,"InkBottle":[12],"Ring of the Snake":[32]},"card_choices":[{"not_picked":["PiercingWail","Well Laid Plans"],"picked":"Backflip","floor":1.0},{"not_picked":["Distraction","Acrobatics"],"picked":"Crippling Poison","floor":4.0},{"not_picked":["Escape Plan","Masterful Stab"],"picked":"A Thousand Cuts","floor":10.0},{"not_picked":["Prepared","Bane"],"picked":"Terror","floor":13.0},{"not_picked":["Poisoned Stab","Slice","Cloak And Dagger"],"picked":"SKIP","floor":14.0},{"not_picked":["REME_ShadowForm","REME_LeechingPoison"],"picked":"Die Die Die","floor":16.0},{"not_picked":["Cloak And Dagger","Terror","Prepared"],"picked":"SKIP","floor":18.0},{"not_picked":["Caltrops","Dagger Spray","Prepared"],"picked":"SKIP","floor":19.0},{"not_picked":["PiercingWail","Prepared","Crippling Poison"],"picked":"SKIP","floor":28.0},{"not_picked":["Riddle With Holes","Infinite Blades"],"picked":"Blur","floor":30},{"not_picked":["Predator","Dagger Throw"],"picked":"Leg Sweep","floor":31},{"not_picked":["Doppelganger","REME_GrazeFinale"],"picked":"Die Die Die","floor":33},{"not_picked":["Dodge and Roll","Slice","Eviscerate"],"picked":"SKIP","floor":35},{"not_picked":["Masterful Stab+1","Underhanded Strike","Acrobatics"],"picked":"SKIP","floor":36},{"not_picked":["Bane+1","Underhanded Strike+1"],"picked":"Calculated Gamble+1","floor":40}],"player_experience":91056,"relics_obtained":[{"floor":10.0,"key":"Toy Ornithopter"},{"floor":13.0,"key":"Orichalcum"},{"floor":25.0,"key":"Pen Nib"},{"floor":26.0,"key":"InkBottle"},{"floor":43,"key":"Smiling Mask"}],"event_choices":[{"cards_removed":["Defend_G"],"damage_healed":0.0,"max_hp_gain":0.0,"max_hp_loss":0.0,"gold_gain":0.0,"event_name":"The Cleric","player_choice":"Card Removal","floor":2.0,"gold_loss":50.0,"damage_taken":0.0},{"damage_healed":0.0,"max_hp_gain":0.0,"max_hp_loss":0.0,"gold_gain":0.0,"event_name":"Scrap Ooze","player_choice":"Success","floor":5.0,"gold_loss":0.0,"damage_taken":3.0,"relics_obtained":["Bronze Scales"]},{"damage_healed":0.0,"max_hp_gain":5.0,"max_hp_loss":0.0,"gold_gain":0.0,"event_name":"Forgotten Altar","player_choice":"Shed Blood","floor":20.0,"gold_loss":0.0,"damage_taken":18.0},{"cards_removed":["Defend_G"],"damage_healed":0.0,"max_hp_gain":0.0,"max_hp_loss":0.0,"gold_gain":0.0,"event_name":"Back to Basics","player_choice":"Elegance","floor":21.0,"gold_loss":0.0,"damage_taken":0.0},{"damage_healed":0,"gold_gain":0,"player_choice":"Upgraded","damage_taken":0,"max_hp_gain":0,"max_hp_loss":0,"event_name":"Upgrade Shrine","floor":38,"gold_loss":0,"cards_upgraded":["Die Die Die"]}],"is_beta":false,"boss_relics":[{"not_picked":["Ectoplasm","HoveringKite"],"picked":"Black Star"},{"not_picked":["Snecko Eye","Calling Bell"],"picked":"SacredBark"}],"items_purged_floors":[3,7],"is_endless":false,"potions_floor_spawned":[1,4,10,16,19,28,35,36],"killed_by":"Nemesis","ascension_level":3}}