{"host":"9nx75o4jon4sxasg","time":1612530782,"event":{"mods":["Bard","BaseMod","Downfall","Gremlin Mod","Marisa£®ÏF”Í°°ƒß¿Ì…≥£©","Minty Spire (QoL Compilation)","READ ME - Guardian Mod","READ ME - Snecko Mod","Shop Mod","StSLib","The Bug Knight","The Cursed","The Servant 0.9.4"],"gold_per_floor":[118,118,132,144,319,347,347,347,347,359,378,378,439,472,472,472,472],"floor_reached":16,"language":"ZHS","playtime":1438,"items_purged":[],"score":110,"play_id":"1f016bc7-80d9-4a33-b45c-70cb1f2030d3","local_time":"20210205211302","is_ascension_mode":false,"campfire_choices":[{"data":"Eruption","floor":7,"key":"SMITH"},{"floor":12,"key":"REST"},{"floor":15,"key":"REST"}],"circlet_count":0,"master_deck":["Strike_P","Strike_P","Strike_P","Defend_P","Defend_P","Defend_P","Eruption+1","Vigilance","Evaluate+1","EmptyMind","ReachHeaven","Doubt","JustLucky","FlurryOfBlows","Adaptation","Vengeance+1","Evaluate+1"],"relics":["PureWater","Toxic Egg 2","Lantern","Incense Burner","Letter Opener"],"acts_visited":["Exordium"],"potions_floor_usage":[13,13,16],"damage_taken":[{"damage":0.0,"enemies":"Cultist","floor":1.0,"turns":3.0},{"damage":0.0,"enemies":"Small Slimes","floor":3.0,"turns":6.0},{"damage":1.0,"enemies":"2 Louse","floor":4.0,"turns":2.0},{"damage":35,"enemies":"HollowMod:MossKnight","floor":6,"turns":10},{"damage":0,"enemies":"Exordium Wildlife","floor":10,"turns":3},{"damage":7,"enemies":"Blue Slaver","floor":11,"turns":4},{"damage":12,"enemies":"Gremlin Nob","floor":13,"turns":3},{"damage":16,"enemies":"3 Sentries","floor":14,"turns":5},{"damage":33,"enemies":"The Guardian","floor":16,"turns":5}],"seed_played":"7712291156615506237","potions_obtained":[{"floor":6,"key":"ColorlessPotion"},{"floor":11,"key":"Regen Potion"},{"floor":14,"key":"AttackPotion"}],"is_trial":false,"path_per_floor":["M","?","M","M","?","E","R","?","T","M","M","R","?","E","R","B"],"character_chosen":"WATCHER","items_purchased":[],"campfire_rested":2,"item_purchase_floors":[],"current_hp_per_floor":[51,51,51,50,50,15,15,15,15,15,8,29,22,6,27,0,0],"gold":472,"neow_bonus":"REMOVE_TWO","is_daily":false,"chose_seed":false,"campfire_upgraded":1,"win_rate":0.0,"timestamp":1612530782,"path_taken":["M","?","M","?","?","E","R","?","T","M","?","R","?","E","R","BOSS"],"items_purchased_type":[],"build_version":"2020-12-22","purchased_purges":0,"victory":false,"max_hp_per_floor":[72,72,72,72,72,72,72,72,72,72,72,72,72,72,72,72,72],"card_choices":[{"not_picked":["BowlingBash","Collect"],"picked":"Evaluate","floor":1.0},{"not_picked":["WaveOfTheHand","Crescendo"],"picked":"EmptyMind","floor":3.0},{"not_picked":["Protect","Weave"],"picked":"ReachHeaven","floor":4.0},{"not_picked":["Conclude","ThirdEye+1"],"picked":"JustLucky","floor":6},{"not_picked":["Protect+1","CrushJoints"],"picked":"FlurryOfBlows","floor":10},{"not_picked":["EmptyBody+1","BattleHymn"],"picked":"Adaptation","floor":11},{"not_picked":["Consecrate","CrushJoints"],"picked":"Vengeance+1","floor":13},{"not_picked":["ThirdEye+1","CrushJoints"],"picked":"Evaluate+1","floor":14}],"player_experience":182120,"relics_obtained":[{"floor":6,"key":"Toxic Egg 2"},{"floor":9,"key":"Lantern"},{"floor":14,"key":"Letter Opener"}],"event_choices":[{"damage_healed":0.0,"max_hp_gain":0.0,"max_hp_loss":0.0,"gold_gain":0.0,"event_name":"Upgrade Shrine","player_choice":"Upgraded","floor":2.0,"gold_loss":0.0,"damage_taken":0.0,"cards_upgraded":["Evaluate"]},{"damage_healed":0.0,"max_hp_gain":0.0,"max_hp_loss":0.0,"gold_gain":175.0,"event_name":"Liars Game","player_choice":"AGREE","floor":5.0,"gold_loss":0.0,"damage_taken":0.0,"cards_obtained":["Doubt"]},{"damage_healed":0,"gold_gain":0,"player_choice":"Ignored","damage_taken":0,"max_hp_gain":0,"max_hp_loss":0,"event_name":"NoteForYourself","floor":8,"gold_loss":0},{"damage_healed":0,"gold_gain":0,"player_choice":"Searched \u00272\u0027 times","damage_taken":0,"relics_obtained":["Incense Burner"],"max_hp_gain":0,"max_hp_loss":0,"event_name":"Dead Adventurer","floor":13,"gold_loss":0}],"is_beta":false,"boss_relics":[],"items_purged_floors":[],"is_endless":false,"potions_floor_spawned":[6,11,14],"killed_by":"The Guardian","ascension_level":0}}