{"host":"9r21pjsoidsmrzpr","time":1612564046,"event":{"mods":["AchievementEnabler","BaseMod","Colored Map","Hermit","Highlight Path","Minty Spire (QoL Compilation)","Reliquary","Replay The Spire","StSLib","The Disciple","The Hierophant","The Necromancer","The Runesmith"],"gold_per_floor":[119,119,119,49,49,49,64,98,98,123,160,187,187,35,35,146,146,170,19,21,21],"floor_reached":20,"language":"ENG","playtime":29302,"items_purged":[],"score":205,"play_id":"97c8604f-eab9-429d-9fad-dc86e0387307","local_time":"20210206012726","is_ascension_mode":false,"campfire_choices":[{"data":"Runesmith:CraftMagma","floor":6,"key":"SMITH"},{"floor":13,"key":"REST"},{"floor":15,"key":"RECALL"}],"circlet_count":0,"master_deck":["Runesmith:Strike_RS","Runesmith:Strike_RS","Runesmith:Strike_RS","Runesmith:Strike_RS","Runesmith:Defend_RS","Runesmith:Defend_RS","Runesmith:Defend_RS","Runesmith:Defend_RS","Runesmith:CraftFirestone","Runesmith:Fortify+1","Runesmith:CraftMagma+1","CommonCold","Runesmith:Firestorm+1","Runesmith:CraftIncendium","Runesmith:ChiselStab","Runesmith:Repurpose","Runesmith:StaticCage","Runesmith:Grindstone","Runesmith:CraftReservo","Runesmith:GoWithTheFlow","Runesmith:EarthShield","Runesmith:CraftPrismatica","Runesmith:ArcReactor","Runesmith:HeatExchange"],"relics":["Runesmith:BrokenRuby","NeowsBlessing","Ring of Fury","Replay:Bandana","reliquary:RoseTintedGlasses","Orrery","Runic Pyramid","Runesmith:AutoHammer"],"acts_visited":["Exordium","TheCity"],"potions_floor_usage":[16],"damage_taken":[{"damage":0,"enemies":"Small Slimes","floor":1,"turns":1},{"damage":0,"enemies":"Jaw Worm","floor":7,"turns":1},{"damage":0,"enemies":"Gremlin Nob","floor":8,"turns":1},{"damage":2,"enemies":"Cultist","floor":10,"turns":4},{"damage":32,"enemies":"Lagavulin","floor":11,"turns":6},{"damage":0,"enemies":"Large Slime","floor":12,"turns":5},{"damage":28,"enemies":"Slime Boss","floor":16,"turns":8},{"damage":4,"enemies":"Shell Parasite","floor":18,"turns":5},{"damage":5,"enemies":"Chosen","floor":20,"turns":3}],"seed_played":"-6575847059014604627","potions_obtained":[{"floor":8,"key":"Strength Potion"},{"floor":11,"key":"Explosive Potion"},{"floor":12,"key":"Weak Potion"},{"floor":16,"key":"Adrenaline Potion"}],"is_trial":false,"path_per_floor":["M","$","?","$","?","R","M","E","T","M","E","M","R","$","R_BF","B",null,"M","$","M"],"character_chosen":"RUNESMITH_CLASS","items_purchased":["Runesmith:Firestorm","Orrery","Runesmith:AutoHammer"],"campfire_rested":1,"item_purchase_floors":[4,14,19],"current_hp_per_floor":[70,70,70,70,56,56,56,56,56,54,22,22,43,43,43,15,70,66,66,61,61],"gold":21,"neow_bonus":"THREE_ENEMY_KILL","is_daily":false,"chose_seed":false,"campfire_upgraded":1,"win_rate":0.0,"timestamp":1612564046,"path_taken":["M","$","?","$","?","R","M","E","T","M","E","?","R","?","R_BF","BOSS","M","$","M"],"items_purchased_type":["Card","Relic","Relic"],"build_version":"2020-12-22","purchased_purges":0,"victory":false,"max_hp_per_floor":[70,70,70,70,70,70,70,70,70,70,70,70,70,70,70,70,70,70,70,70,70],"card_choices":[{"not_picked":["Runesmith:HammerThrow","Runesmith:MakeshiftArmor"],"picked":"Runesmith:CraftMagma","floor":1},{"not_picked":["Runesmith:Firestorm","Runesmith:Attraction"],"picked":"Runesmith:CraftIncendium","floor":7},{"not_picked":["Runesmith:ShiftingStrike","Runesmith:NegativeSpace"],"picked":"Runesmith:ChiselStab","floor":8},{"not_picked":["Runesmith:EarthShield","Runesmith:Prism"],"picked":"Runesmith:Repurpose","floor":10},{"not_picked":["Runesmith:HeatedChisel","Runesmith:GenerateForcefield"],"picked":"Runesmith:StaticCage","floor":11},{"not_picked":["Runesmith:HammerThrow","Runesmith:Repurpose"],"picked":"Runesmith:Grindstone","floor":12},{"not_picked":["Runesmith:Overpower","Runesmith:HeatedChisel"],"picked":"Runesmith:CraftReservo","floor":14},{"not_picked":["Runesmith:ChiselStab","Runesmith:EnergizedChisel"],"picked":"Runesmith:GoWithTheFlow","floor":14},{"not_picked":["Runesmith:Overpower","Runesmith:HeatedChisel"],"picked":"Runesmith:EarthShield","floor":14},{"not_picked":["Runesmith:ShiftingStrike","Runesmith:Grindstone"],"picked":"Runesmith:CraftPrismatica","floor":14},{"not_picked":["Runesmith:DuctTape","Runesmith:CraftIndustria"],"picked":"Runesmith:ArcReactor","floor":16},{"not_picked":["Runesmith:StaticCage","Runesmith:HeatedChisel"],"picked":"Runesmith:HeatExchange","floor":18}],"player_experience":665265,"relics_obtained":[{"floor":3,"key":"Ring of Fury"},{"floor":8,"key":"Replay:Bandana"},{"floor":11,"key":"reliquary:RoseTintedGlasses"}],"event_choices":[{"damage_healed":0,"gold_gain":0,"player_choice":"Entered Light","damage_taken":14,"max_hp_gain":0,"max_hp_loss":0,"event_name":"Shining Light","floor":5,"gold_loss":0,"cards_upgraded":["Runesmith:Firestorm","Runesmith:Fortify"]}],"is_beta":false,"boss_relics":[{"not_picked":["Snecko Eye","SacredBark"],"picked":"Runic Pyramid"}],"items_purged_floors":[],"is_endless":false,"potions_floor_spawned":[8,11,12,16],"killed_by":"Chosen","ascension_level":0}}