{"host":"4eao2pkwlmv012cz","time":1612512036,"event":{"mods":["BaseMod","Colored Powertips","Minty Spire (QoL Compilation)","Permanent Neow","Quick Restart","Random Character Button","StSLib"],"gold_per_floor":[19,19,35,53,53,53,53,88,88,88,99,99,132,57,57,133,133,147,163,78,78,92,92,123,139,215,215,229,229,229],"floor_reached":29,"language":"ENG","playtime":897,"items_purged":["Strike_B"],"score":506,"play_id":"43da31dd-965b-4e28-bbbd-fb684062f450","local_time":"20210205030036","is_ascension_mode":true,"campfire_choices":[{"data":"Zap","floor":6,"key":"SMITH"},{"data":"Undo","floor":10,"key":"SMITH"},{"floor":12,"key":"REST"},{"data":"Reinforced Body","floor":15,"key":"SMITH"},{"data":"Rainbow","floor":23,"key":"SMITH"},{"floor":27,"key":"REST"}],"circlet_count":0,"master_deck":["AscendersBane","Strike_B","Strike_B","Defend_B","Defend_B","Defend_B","Defend_B","Zap+1","Dualcast","The Bomb+1","Cold Snap","Reinforced Body+1","Sweeping Beam","Undo+1","Ball Lightning","Machine Learning","Cold Snap","Glacier","Rainbow+1","Steam","Compile Driver","Seek","Defragment","Thunder Strike","Storm"],"relics":["Cracked Core","StoneCalendar","Torii","Bag of Preparation","Sozu","Gambling Chip","Matryoshka"],"acts_visited":["Exordium","TheCity"],"potions_floor_usage":[13,22,24],"damage_taken":[{"damage":6,"enemies":"2 Louse","floor":1,"turns":4},{"damage":7,"enemies":"Jaw Worm","floor":3,"turns":3},{"damage":6,"enemies":"Cultist","floor":4,"turns":5},{"damage":12,"enemies":"Lagavulin","floor":8,"turns":7},{"damage":14,"enemies":"Large Slime","floor":11,"turns":5},{"damage":12,"enemies":"3 Sentries","floor":13,"turns":4},{"damage":4,"enemies":"Hexaghost","floor":16,"turns":10},{"damage":7,"enemies":"3 Byrds","floor":18,"turns":3},{"damage":12,"enemies":"2 Thieves","floor":19,"turns":3},{"damage":1,"enemies":"Snake Plant","floor":22,"turns":4},{"damage":22,"enemies":"Book of Stabbing","floor":24,"turns":6},{"damage":11,"enemies":"Centurion and Healer","floor":25,"turns":5},{"damage":20,"enemies":"3 Cultists","floor":28,"turns":5},{"damage":0,"enemies":"Snake Plant","floor":29,"turns":1}],"seed_played":"-7344428069586704779","potions_obtained":[{"floor":8,"key":"EssenceOfSteel"},{"floor":13,"key":"Block Potion"},{"floor":16,"key":"SpeedPotion"}],"is_trial":false,"path_per_floor":["M","$","M","M","?","R","?","E","T","R","M","R","E","$","R","B",null,"M","M","$","?","M","R","E","M","T","R","M","M"],"character_chosen":"DEFECT","items_purchased":["Seek"],"campfire_rested":2,"item_purchase_floors":[20],"current_hp_per_floor":[58,58,51,45,45,45,45,33,33,33,19,40,28,28,28,24,59,52,40,40,40,39,39,17,6,6,27,7,7,7],"gold":229,"neow_bonus":"RANDOM_COLORLESS_2","is_daily":false,"chose_seed":false,"campfire_upgraded":4,"win_rate":0.0,"timestamp":1612512036,"path_taken":["M","$","M","M","?","R","?","E","T","R","M","R","E","$","R","BOSS","M","M","?","?","M","R","E","M","T","R","M","?"],"items_purchased_type":["Card"],"build_version":"2020-12-22","purchased_purges":1,"victory":false,"max_hp_per_floor":[71,71,71,71,71,71,71,71,71,71,71,71,71,71,71,71,71,71,71,71,71,71,71,71,71,71,71,71,71,71],"card_choices":[{"not_picked":["Thinking Ahead","Metamorphosis"],"picked":"The Bomb","floor":0},{"not_picked":["Conserve Battery","Rebound"],"picked":"Cold Snap","floor":1},{"not_picked":["Go for the Eyes","Stack"],"picked":"Reinforced Body","floor":3},{"not_picked":["Compile Driver","Steam"],"picked":"Sweeping Beam","floor":4},{"not_picked":["Steam Power","Reprogram"],"picked":"Machine Learning","floor":8},{"not_picked":["Hologram","Steam"],"picked":"Cold Snap","floor":11},{"not_picked":["Scrape","Barrage"],"picked":"Glacier","floor":13},{"not_picked":["All For One","Thunder Strike"],"picked":"Rainbow","floor":16},{"not_picked":["Beam Cell","Stack"],"picked":"Steam","floor":18},{"not_picked":["Stack","Sweeping Beam"],"picked":"Compile Driver","floor":19},{"not_picked":["Darkness","Compile Driver+1"],"picked":"Defragment","floor":22},{"not_picked":["Scrape","Cold Snap"],"picked":"Thunder Strike","floor":24},{"not_picked":["Sweeping Beam","Cold Snap"],"picked":"Storm","floor":25},{"not_picked":["Hologram","Steam","Gash"],"picked":"SKIP","floor":28}],"player_experience":2881747,"relics_obtained":[{"floor":8,"key":"StoneCalendar"},{"floor":9,"key":"Torii"},{"floor":13,"key":"Bag of Preparation"},{"floor":24,"key":"Gambling Chip"},{"floor":26,"key":"Matryoshka"}],"event_choices":[{"damage_healed":0,"gold_gain":0,"player_choice":"Grow","damage_taken":0,"max_hp_gain":0,"max_hp_loss":0,"event_name":"Living Wall","floor":5,"gold_loss":0,"cards_upgraded":["The Bomb"]},{"damage_healed":0,"gold_gain":0,"player_choice":"2 cards matched","damage_taken":0,"max_hp_gain":0,"max_hp_loss":0,"event_name":"Match and Keep!","floor":7,"gold_loss":0,"cards_obtained":["Undo","Ball Lightning"]},{"cards_removed":["Strike_B"],"damage_healed":0,"gold_gain":0,"player_choice":"Purged","damage_taken":0,"max_hp_gain":0,"max_hp_loss":0,"event_name":"Purifier","floor":21,"gold_loss":0}],"is_beta":false,"boss_relics":[{"not_picked":["Philosopher\u0027s Stone","Fusion Hammer"],"picked":"Sozu"}],"items_purged_floors":[14],"is_endless":false,"potions_floor_spawned":[8,13,16,22,25],"killed_by":"Snake Plant","ascension_level":20}}