{"host":"oigynbtg272c19pw","time":1612519101,"event":{"mods":["BaseMod","Colored Map","Minty Spire (QoL Compilation)","Relic Stats","Slay the Relics Exporter","StSLib"],"gold_per_floor":[110,110,126,11,11,39,39,65,65,65,65,65,65,76,76,76,76],"floor_reached":16,"playtime":427,"items_purged":["Strike_G"],"score":262,"play_id":"55f8775e-4cc4-4dbe-a051-ad7b54646630","local_time":"20210205105821","is_ascension_mode":true,"campfire_choices":[{"data":"All Out Attack","floor":7.0,"key":"SMITH"},{"data":"Escape Plan","floor":10.0,"key":"SMITH"},{"data":"Blur","floor":12.0,"key":"SMITH"},{"data":"Backstab","floor":15.0,"key":"SMITH"}],"circlet_count":0,"master_deck":["AscendersBane","Strike_G","Strike_G","Strike_G","Strike_G","Defend_G","Defend_G","Defend_G","Defend_G","Survivor","Neutralize","Backstab+1","All Out Attack+1","Blur+1","Tools of the Trade+1","Escape Plan+1","Well Laid Plans+1"],"relics":["Ring of the Snake","NeowsBlessing","Frozen Egg 2","Singing Bowl","White Beast Statue","Toxic Egg 2"],"acts_visited":["Exordium"],"potions_floor_usage":[16],"damage_taken":[{"damage":0.0,"enemies":"2 Louse","floor":1.0,"turns":1.0},{"damage":0.0,"enemies":"Jaw Worm","floor":3.0,"turns":1.0},{"damage":0.0,"enemies":"Lagavulin","floor":6.0,"turns":1.0},{"damage":14.0,"enemies":"3 Sentries","floor":8.0,"turns":8.0},{"damage":0.0,"enemies":"Small Slimes","floor":14.0,"turns":3.0},{"damage":25,"enemies":"Hexaghost","floor":16,"turns":12}],"seed_played":"2215477879462357432","potions_obtained":[{"floor":6.0,"key":"FearPotion"},{"floor":8.0,"key":"SteroidPotion"},{"floor":14.0,"key":"Fire Potion"}],"is_trial":false,"path_per_floor":["M","?","M","$","?","E","R","E","T","R","$","R","?","M","R","B"],"character_chosen":"THE_SILENT","items_purchased":["Blur"],"campfire_rested":0,"item_purchase_floors":[4],"current_hp_per_floor":[59,54,54,54,54,54,54,40,40,40,40,40,33,33,33,8,8],"gold":76,"neow_bonus":"THREE_ENEMY_KILL","is_daily":false,"chose_seed":false,"campfire_upgraded":4,"win_rate":0.0,"timestamp":1612519101,"path_taken":["M","?","M","$","?","E","R","E","T","R","$","R","?","M","R","BOSS"],"items_purchased_type":["Card"],"build_version":"2020-12-13","purchased_purges":1,"victory":false,"max_hp_per_floor":[66,66,66,66,66,66,66,66,66,66,66,66,66,66,66,66,66],"relic_stats":{"Singing Bowl":0,"counters":[6,26],"obtain_stats":[{"NeowsBlessing":0,"Singing Bowl":6,"Frozen Egg 2":2,"Toxic Egg 2":9,"White Beast Statue":8,"Ring of the Snake":0},{"NeowsBlessing":0,"Singing Bowl":3,"Frozen Egg 2":1,"Toxic Egg 2":4,"White Beast Statue":4,"Ring of the Snake":0},{"NeowsBlessing":0,"Singing Bowl":3,"Frozen Egg 2":1,"Toxic Egg 2":11,"White Beast Statue":11,"Ring of the Snake":0}],"Ring of the Snake":[12]},"card_choices":[{"not_picked":["Slice","Dagger Throw"],"picked":"Backstab","floor":1.0},{"not_picked":["Quick Slash","Deflect"],"picked":"All Out Attack","floor":3.0},{"not_picked":["Concentrate","Flying Knee"],"picked":"Tools of the Trade+1","floor":6.0},{"not_picked":["Deadly Poison","Storm of Steel"],"picked":"Escape Plan","floor":8.0},{"not_picked":["Riddle With Holes","PiercingWail+1"],"picked":"Well Laid Plans+1","floor":14.0}],"player_experience":1542972,"relics_obtained":[{"floor":6.0,"key":"Singing Bowl"},{"floor":8.0,"key":"White Beast Statue"},{"floor":9.0,"key":"Toxic Egg 2"}],"event_choices":[{"damage_healed":0.0,"max_hp_gain":0.0,"max_hp_loss":0.0,"gold_gain":0.0,"event_name":"Scrap Ooze","player_choice":"Success","floor":2.0,"gold_loss":0.0,"damage_taken":5.0,"relics_obtained":["Frozen Egg 2"]},{"damage_healed":0.0,"max_hp_gain":0.0,"max_hp_loss":0.0,"gold_gain":0.0,"event_name":"Liars Game","player_choice":"Ignored","floor":5.0,"gold_loss":0.0,"damage_taken":0.0},{"cards_removed":["Defend_G"],"damage_healed":0.0,"max_hp_gain":0.0,"max_hp_loss":0.0,"gold_gain":0.0,"event_name":"Golden Wing","player_choice":"Card Removal","floor":13.0,"gold_loss":0.0,"damage_taken":7.0}],"is_beta":false,"boss_relics":[],"items_purged_floors":[4],"is_endless":false,"potions_floor_spawned":[6,8,14],"killed_by":"Hexaghost","ascension_level":20}}