{"host":"8a72fthmlk1o8pdb","time":1612492907,"event":{"mods":["AchievementEnabler","Aspiration","Astrologer","Bard","BaseMod","Beaked The Cultist","Better Sensory Stone","Better Skull","Better Third Choice","ChefMod","Colored Map","Colored Powertips","Dark Map","Downfall","Friendly Minions","GifTheSpireLib","Googly Eyes","Gremlin Mod","Hermit","JesterMod","Jorbs\u0027s Wanderer Trilogy","Marisa????????","Minty Spire (QoL Compilation)","Permanent Neow","Random Character Button","Rare Cards Sparkle","Relic Stats","Reliquary","Robot Space Explorer","Shade Mod","Shop Mod","Somnambulant","StSLib","The Alterego","The Animator","The Blue Laboratory","The Construct","The Cursed","The Disciple","The Hayseed","The Hierophant","The Marked","The Necromancer","The Poker Player","The Problem Sleuth","The Runesmith","thorton"],"gold_per_floor":[113,113,33,33,51,51,16,35,84,98,98,23,43,70,70,70,70],"floor_reached":16,"language":"ENG","playtime":408,"items_purged":["Strike_R"],"score":100,"play_id":"4cb28624-eb88-4e2a-8633-cba8dbd8b45e","local_time":"20210204184147","is_ascension_mode":false,"campfire_choices":[{"data":"Combust","floor":6,"key":"SMITH"},{"data":"Dropkick","floor":15,"key":"SMITH"}],"circlet_count":0,"master_deck":["Strike_R","Strike_R","Strike_R","Strike_R","Defend_R","Defend_R","Defend_R","Defend_R","Bash","Doubt","Flex","Combust+1","Dropkick+1","Warcry"],"relics":["Burning Blood","Torii","Blood Vial","reliquary:Boomerang"],"acts_visited":["Exordium"],"potions_floor_usage":[14,14],"damage_taken":[{"damage":0,"enemies":"Small Slimes","floor":1,"turns":3},{"damage":13,"enemies":"Jaw Worm","floor":5,"turns":3},{"damage":7,"enemies":"Cultist","floor":8,"turns":3},{"damage":4,"enemies":"Lots of Slimes","floor":10,"turns":2},{"damage":12,"enemies":"Looter","floor":13,"turns":3},{"damage":13,"enemies":"3 Sentries","floor":14,"turns":4},{"damage":71,"enemies":"Slime Boss","floor":16,"turns":8}],"seed_played":"-4334017344152999518","potions_obtained":[{"floor":5,"key":"ColorlessPotion"},{"floor":10,"key":"Explosive Potion"},{"floor":14,"key":"Dexterity Potion"}],"is_trial":false,"path_per_floor":["M","?","$","?","M","R","?","M","T","M","?","$","M","E","R","B"],"character_chosen":"IRONCLAD","items_purchased":["Combust"],"campfire_rested":0,"item_purchase_floors":[3],"current_hp_per_floor":[80,80,80,80,73,73,73,72,72,76,76,76,72,67,67,0,0],"gold":70,"neow_bonus":"ONE_RARE_RELIC","is_daily":false,"chose_seed":false,"campfire_upgraded":2,"win_rate":0.0,"timestamp":1612492907,"path_taken":["M","?","$","?","?","R","?","M","T","M","?","?","M","E","R","BOSS"],"items_purchased_type":["Card"],"build_version":"2020-12-22","purchased_purges":1,"victory":false,"max_hp_per_floor":[80,80,80,80,80,80,80,80,80,80,80,80,80,80,80,80,80],"relic_stats":{"Blood Vial":8,"Torii":6,"counters":[7,26],"obtain_stats":[{"Blood Vial":9,"reliquary:Boomerang":14,"Torii":0,"Burning Blood":0},{"Blood Vial":3,"reliquary:Boomerang":6,"Torii":0,"Burning Blood":0},{"Blood Vial":9,"reliquary:Boomerang":18,"Torii":0,"Burning Blood":0}],"Burning Blood":30},"card_choices":[{"not_picked":["Sword Boomerang","Twin Strike"],"picked":"Flex","floor":1},{"not_picked":["Ghostly Armor","Clash","Searing Blow"],"picked":"SKIP","floor":5},{"not_picked":["Fire Breathing","Cleave"],"picked":"Dropkick","floor":8},{"not_picked":["Body Slam","Clash","Anger"],"picked":"SKIP","floor":10},{"not_picked":["True Grit","Shockwave","Cleave"],"picked":"SKIP","floor":13},{"not_picked":["Perfected Strike","Searing Blow"],"picked":"Warcry","floor":14}],"player_experience":151000,"relics_obtained":[{"floor":9,"key":"Blood Vial"},{"floor":14,"key":"reliquary:Boomerang"}],"event_choices":[{"damage_healed":0,"gold_gain":0,"player_choice":"Ignored","damage_taken":0,"max_hp_gain":0,"max_hp_loss":0,"event_name":"Golden Idol","floor":4,"gold_loss":0},{"damage_healed":0,"gold_gain":0,"player_choice":"Left","damage_taken":0,"max_hp_gain":0,"max_hp_loss":0,"event_name":"betterThird:BetterGoop","floor":7,"gold_loss":35},{"damage_healed":0,"gold_gain":0,"player_choice":"Searched \u00271\u0027 times","damage_taken":0,"max_hp_gain":0,"max_hp_loss":0,"event_name":"Dead Adventurer","floor":11,"gold_loss":0}],"is_beta":false,"boss_relics":[],"items_purged_floors":[12],"is_endless":false,"potions_floor_spawned":[5,10,14],"killed_by":"Slime Boss","ascension_level":0}}