{"host":"mb22iysgi53dyee9","time":1612530263,"event":{"mods":["AchievementEnabler","BaseMod","Colored Map","DeckTracker","Minty Spire (QoL Compilation)","Permanent Neow","SuperFastMode"],"gold_per_floor":[115,15,15,15,15,49,49,49,74,85,85,112,132,144,144,239,239,257,277,177,177,177,177,177,177,177,52,52,52,52,0,0,95,95,111,161,11,27,27,27,27,27,82,30,30,30,30,30,30,30],"floor_reached":51,"language":"KOR","playtime":2310,"items_purged":["Catalyst","Echo Form","Demon Form","Parasite"],"score":716,"play_id":"6638d70d-12dc-4220-8521-33ededd70643","local_time":"20210205220423","daily_mods":["Draft","Heirloom","Time Dilation","Flight"],"is_ascension_mode":false,"campfire_choices":[{"floor":7,"key":"REST"},{"data":"Accuracy","floor":15,"key":"SMITH"},{"data":"Wraith Form v2","floor":23,"key":"SMITH"},{"data":"Blade Dance","floor":24,"key":"SMITH"},{"data":"Blade Dance","floor":25,"key":"SMITH"},{"data":"1","floor":28,"key":"LIFT"},{"data":"2","floor":29,"key":"LIFT"},{"data":"3","floor":32,"key":"LIFT"},{"floor":40,"key":"REST"},{"data":"Deflect","floor":42,"key":"SMITH"},{"data":"Deflect","floor":47,"key":"SMITH"},{"data":"Deflect","floor":49,"key":"SMITH"}],"circlet_count":0,"master_deck":["Wraith Form v2+1","DevaForm","Slice+1","Well Laid Plans","Blade Dance+1","Catalyst+1","Backflip","Quick Slash","Slice","Blade Dance+1","PiercingWail","Poisoned Stab+1","Deadly Poison","Deflect+1","Deflect+1","Deflect+1","Dagger Throw","Accuracy+1","Grand Finale","Outmaneuver+1","Finesse","Regret"],"relics":["Ring of the Snake","Ice Cream","Oddly Smooth Stone","HornCleat","Centennial Puzzle","Darkstone Periapt","Black Star","Girya","Cursed Key","CaptainsWheel","Snake Skull"],"acts_visited":["Exordium","TheCity","TheBeyond"],"potions_floor_usage":[33,33,33,50],"damage_taken":[{"damage":1,"enemies":"2 Louse","floor":1,"turns":3},{"damage":12,"enemies":"3 Sentries","floor":6,"turns":5},{"damage":0,"enemies":"Jaw Worm","floor":10,"turns":1},{"damage":3,"enemies":"Lagavulin","floor":12,"turns":4},{"damage":0,"enemies":"Small Slimes","floor":13,"turns":3},{"damage":2,"enemies":"Blue Slaver","floor":14,"turns":2},{"damage":13,"enemies":"The Guardian","floor":16,"turns":5},{"damage":4,"enemies":"Shell Parasite","floor":18,"turns":3},{"damage":15,"enemies":"2 Thieves","floor":19,"turns":2},{"damage":0,"enemies":"Automaton","floor":33,"turns":6},{"damage":0,"enemies":"Orb Walker","floor":35,"turns":2},{"damage":0,"enemies":"Mind Bloom Boss Battle","floor":36,"turns":5},{"damage":9,"enemies":"3 Darklings","floor":38,"turns":3},{"damage":21,"enemies":"Donu and Deca","floor":50,"turns":7}],"seed_played":"-3610335100934159830","potions_obtained":[{"floor":1,"key":"Fire Potion"},{"floor":6,"key":"DuplicationPotion"},{"floor":12,"key":"Ancient Potion"},{"floor":38,"key":"SmokeBomb"}],"is_trial":true,"path_per_floor":["M","$","?","?","?","E","R","T","T","M","?","E","M","M","R","B",null,"M","M","$","?","?","R","R","R","T","$","R","R","?","?","R","B",null,"M","?","$","M","$","R","?","R","T","$","?","?","R","$","R","B",null],"character_chosen":"THE_SILENT","items_purchased":["Dagger Throw","Poison Potion"],"campfire_rested":2,"item_purchase_floors":[2,44],"current_hp_per_floor":[69,69,69,62,48,36,57,57,57,57,70,67,67,65,65,52,70,66,51,51,70,70,70,70,70,70,70,70,70,70,70,70,70,70,70,70,67,58,58,67,67,67,73,73,69,69,69,69,69,48],"gold":30,"neow_bonus":"","is_daily":false,"chose_seed":false,"campfire_upgraded":7,"win_rate":0.0,"timestamp":1612530263,"path_taken":["M","$","?","?","?","E","R","?","T","?","?","E","M","M","R","BOSS","M","M","$","?","?","R","R","R","T","$","R","R","?","?","R","BOSS","M","?","?","M","$","R","?","R","T","$","?","?","R","$","R","BOSS"],"items_purchased_type":["Card","Potion"],"build_version":"2020-12-22","purchased_purges":4,"victory":true,"max_hp_per_floor":[70,70,70,70,70,70,70,70,70,70,70,70,70,70,70,70,70,70,70,70,70,70,70,70,70,70,70,70,70,70,70,70,70,70,70,70,67,67,67,67,67,67,73,73,69,69,69,69,69,69],"card_choices":[{"not_picked":["Expertise","Leg Sweep"],"picked":"Slice","floor":0},{"not_picked":["Slice","Eviscerate"],"picked":"Well Laid Plans","floor":0},{"not_picked":["Reflex","Setup"],"picked":"Blade Dance","floor":0},{"not_picked":["Poisoned Stab","Slice"],"picked":"Catalyst","floor":0},{"not_picked":["Acrobatics","Dagger Spray"],"picked":"Backflip","floor":0},{"not_picked":["Expertise","Underhanded Strike"],"picked":"Quick Slash","floor":0},{"not_picked":["Terror","PiercingWail"],"picked":"Slice","floor":0},{"not_picked":["Bane","Slice"],"picked":"Blade Dance","floor":0},{"not_picked":["Acrobatics","Sucker Punch"],"picked":"Cloak And Dagger","floor":0},{"not_picked":["Calculated Gamble","Acrobatics"],"picked":"PiercingWail","floor":0},{"not_picked":["Flechettes","Sucker Punch"],"picked":"Poisoned Stab","floor":0},{"not_picked":["Underhanded Strike","Tactician"],"picked":"Catalyst","floor":0},{"not_picked":["Acrobatics","Bane"],"picked":"Deadly Poison","floor":0},{"not_picked":["Backstab","Outmaneuver"],"picked":"Deflect","floor":0},{"not_picked":["Accuracy","Catalyst"],"picked":"Deflect","floor":0},{"not_picked":["Leg Sweep","Backflip"],"picked":"Deflect","floor":1},{"not_picked":["Dagger Spray","Blade Dance","Acrobatics"],"picked":"SKIP","floor":6},{"not_picked":["PiercingWail","Underhanded Strike","Unload"],"picked":"SKIP","floor":10},{"not_picked":["Blur","Reflex","All Out Attack"],"picked":"SKIP","floor":12},{"not_picked":["Sucker Punch","Prepared","Caltrops"],"picked":"SKIP","floor":13},{"not_picked":["Dash","Outmaneuver"],"picked":"Accuracy","floor":14},{"not_picked":["PiercingWail+1","Infinite Blades","Cloak And Dagger+1"],"picked":"SKIP","floor":18},{"not_picked":["Blur","Skewer+1","Catalyst"],"picked":"SKIP","floor":19},{"not_picked":["A Thousand Cuts","Malaise"],"picked":"Grand Finale","floor":33},{"not_picked":["Deadly Poison","Bane","Accuracy+1"],"picked":"SKIP","floor":35},{"not_picked":["Setup","Caltrops"],"picked":"Outmaneuver+1","floor":38},{"not_picked":["Dramatic Entrance","Flash of Steel"],"picked":"Finesse","floor":41}],"player_experience":35742,"relics_obtained":[{"floor":6,"key":"Oddly Smooth Stone"},{"floor":8,"key":"HornCleat"},{"floor":9,"key":"Centennial Puzzle"},{"floor":12,"key":"Darkstone Periapt"},{"floor":26,"key":"Girya"},{"floor":36,"key":"CaptainsWheel"},{"floor":43,"key":"Snake Skull"}],"event_choices":[{"damage_healed":0,"gold_gain":0,"player_choice":"Grow","damage_taken":0,"max_hp_gain":0,"max_hp_loss":0,"event_name":"Living Wall","floor":3,"gold_loss":0,"cards_upgraded":["Catalyst"]},{"cards_removed":["Cloak And Dagger"],"damage_healed":0,"gold_gain":0,"player_choice":"Card Removal","damage_taken":7,"max_hp_gain":0,"max_hp_loss":0,"event_name":"Golden Wing","floor":4,"gold_loss":0},{"damage_healed":0,"gold_gain":0,"player_choice":"Entered Light","damage_taken":14,"max_hp_gain":0,"max_hp_loss":0,"event_name":"Shining Light","floor":5,"gold_loss":0,"cards_upgraded":["Poisoned Stab","Slice"]},{"damage_healed":17,"gold_gain":0,"player_choice":"Healed and dodged fight","damage_taken":0,"max_hp_gain":0,"max_hp_loss":0,"event_name":"Mushrooms","floor":11,"gold_loss":0,"cards_obtained":["Parasite"]},{"damage_healed":23,"gold_gain":0,"player_choice":"Heal","damage_taken":0,"max_hp_gain":0,"max_hp_loss":0,"event_name":"The Library","floor":21,"gold_loss":0},{"damage_healed":0,"gold_gain":0,"player_choice":"Ignored","damage_taken":0,"max_hp_gain":0,"max_hp_loss":0,"event_name":"Vampires","floor":22,"gold_loss":0},{"damage_healed":0,"gold_gain":0,"player_choice":"Paid Fearfully","damage_taken":0,"max_hp_gain":0,"max_hp_loss":0,"event_name":"Masked Bandits","floor":31,"gold_loss":52},{"damage_healed":0,"gold_gain":0,"player_choice":"Fight","damage_taken":0,"max_hp_gain":0,"max_hp_loss":0,"event_name":"MindBloom","floor":36,"gold_loss":0},{"damage_healed":0,"gold_gain":0,"player_choice":"Memory 1","damage_taken":0,"max_hp_gain":0,"max_hp_loss":0,"event_name":"SensoryStone","floor":41,"gold_loss":0},{"damage_healed":0,"gold_gain":0,"player_choice":"Max HP","damage_taken":0,"max_hp_gain":0,"max_hp_loss":4,"event_name":"Winding Halls","floor":45,"gold_loss":0},{"damage_healed":0,"gold_gain":0,"player_choice":"0 cards matched","damage_taken":0,"max_hp_gain":0,"max_hp_loss":0,"event_name":"Match and Keep!","floor":46,"gold_loss":0,"cards_obtained":[]}],"is_beta":false,"boss_relics":[{"not_picked":["Ectoplasm","Philosopher\u0027s Stone"],"picked":"Black Star"},{"not_picked":["Velvet Choker","Runic Dome"],"picked":"Cursed Key"}],"items_purged_floors":[2,20,27,37],"is_endless":false,"potions_floor_spawned":[1,6,12,38],"ascension_level":0}}