{"host":"juowtv2vvb0b99ex","time":1612541134,"event":{"mods":["BaseMod","Colored Map","Downfall","Minty Spire (QoL Compilation)","Quick Restart","StSLib"],"gold_per_floor":[99,99,99,99,99,118,144,144,144,54,46,46,68,105,129,129,129,129],"floor_reached":16,"language":"ENG","playtime":1779,"items_purged":["hexamod:Strike"],"score":96,"play_id":"0d6bf09e-fed0-4ba2-98d9-eb3e0d0847bc","local_time":"20210205090534","is_ascension_mode":false,"campfire_choices":[{"data":"hexamod:Float","floor":1.0,"key":"SMITH"},{"data":"hexamod:RadiantFlame","floor":8.0,"key":"SMITH"},{"data":"hexamod:CatchUp","floor":12.0,"key":"SMITH"}],"circlet_count":0,"master_deck":["hexamod:Strike+1","hexamod:Strike+1","hexamod:Defend","hexamod:Defend+1","hexamod:Defend","hexamod:Defend","hexamod:Sear","hexamod:Float+1","hexamod:ThirdSeal","hexamod:PowerFromBeyond","hexamod:GhostLash+1","hexamod:CatchUp+1","hexamod:RadiantFlame+1","hexamod:SixthSeal","hexamod:NightmareStrike+1","hexamod:UnlimitedPower","hexamod:FirstSeal","hexamod:SecondSeal","hexamod:FourthSeal","hexamod:GhostShield","hexamod:FlamesFromBeyond","hexamod:EmpoweredFlame","hexamod:VolcanoVisage+1","hexamod:FlamesFromBeyond"],"relics":["hexamod:SpiritBrand","downfall:HeartsMalice","Whetstone","Frozen Egg 2"],"acts_visited":["Exordium"],"potions_floor_usage":[16,16],"damage_taken":[{"damage":0.0,"enemies":"Jaw Worm","floor":3.0,"turns":1.0},{"damage":0.0,"enemies":"Cultist","floor":4.0,"turns":1.0},{"damage":0.0,"enemies":"2 Louse","floor":5.0,"turns":1.0},{"damage":2.0,"enemies":"Red Slaver","floor":6.0,"turns":4.0},{"damage":5.0,"enemies":"downfall:FleeingMerchant","floor":10.0,"turns":4.0},{"damage":4.0,"enemies":"Exordium Wildlife","floor":13.0,"turns":4.0},{"damage":36.0,"enemies":"3 Sentries","floor":14.0,"turns":5.0},{"damage":5.0,"enemies":"Large Slime","floor":15.0,"turns":5.0},{"damage":52,"enemies":"DF_ARCHETYPE_STREAMLINE","floor":16,"turns":6}],"seed_played":"5873072844575276134","potions_obtained":[{"floor":6.0,"key":"bronze:BurnAndBuffPotion"},{"floor":13.0,"key":"SneckoOil"},{"floor":13.0,"key":"sneckomod:MuddlingPotion"},{"floor":14.0,"key":"Slimebound:ThreeZeroPotion"},{"floor":14.0,"key":"sneckomod:MuddlingPotion"},{"floor":15.0,"key":"DuplicationPotion"}],"is_trial":false,"path_per_floor":["R","?","M","M","M","M","T","R","?","$","?","R","M","E","M","B"],"character_chosen":"THE_SPIRIT","items_purchased":[],"campfire_rested":0,"item_purchase_floors":[],"current_hp_per_floor":[70,70,70,70,70,68,68,68,73,68,61,61,64,35,37,0,0,0],"gold":129,"neow_bonus":"THREE_ENEMY_KILL","is_daily":false,"chose_seed":false,"campfire_upgraded":3,"win_rate":0.0,"timestamp":1612541134,"path_taken":["R","?","M","M","?","M","T","R","?","$","?","R","M","E","M","BOSS"],"items_purchased_type":[],"build_version":"2020-12-22","purchased_purges":1,"victory":false,"max_hp_per_floor":[70,70,70,70,70,70,70,70,75,75,75,75,75,75,75,75,75,75],"card_choices":[{"not_picked":["hexamod:NecessarySacrifice","hexamod:SpectersWail"],"picked":"hexamod:PowerFromBeyond","floor":3.0},{"not_picked":["hexamod:NightmareGuise","hexamod:HeatMetal"],"picked":"hexamod:GhostLash","floor":4.0},{"not_picked":["hexamod:BacktrackSmack","hexamod:DynamicBlow"],"picked":"hexamod:CatchUp","floor":5.0},{"not_picked":["hexamod:AdvancingGuard","hexamod:FastForward"],"picked":"hexamod:RadiantFlame","floor":6.0},{"not_picked":["hexamod:InspiringFlames","hexamod:GhostOfSpireFuture"],"picked":"hexamod:SixthSeal","floor":6.0},{"not_picked":["hexamod:HeatMetal","hexamod:Haunt"],"picked":"hexamod:NightmareStrike","floor":10.0},{"not_picked":["hexamod:NightmareStrike","hexamod:ChargedBarrage"],"picked":"hexamod:UnlimitedPower","floor":10.0},{"not_picked":["hexamod:NightmareGuise","hexamod:AdvancingGuard"],"picked":"hexamod:GhostShield","floor":13.0},{"not_picked":["hexamod:ShieldOfDarkness","hexamod:InspiringFlames"],"picked":"hexamod:FlamesFromBeyond","floor":13.0},{"not_picked":["hexamod:HeatShield","hexamod:Hexaguard"],"picked":"hexamod:EmpoweredFlame","floor":14.0},{"not_picked":["hexamod:DynamicBlow","hexamod:FastForward"],"picked":"hexamod:VolcanoVisage+1","floor":14.0},{"not_picked":["hexamod:SpectralAdrenaline","hexamod:HeatMetal"],"picked":"hexamod:FlamesFromBeyond","floor":15.0},{"not_picked":["hexamod:HeatMetal","hexamod:PhantomFireball","hexamod:BacktrackSmack"],"picked":"SKIP","floor":15.0}],"player_experience":1261655,"relics_obtained":[{"floor":7.0,"key":"Whetstone"},{"floor":14.0,"key":"Frozen Egg 2"}],"event_choices":[{"damage_healed":0.0,"max_hp_gain":5.0,"max_hp_loss":0.0,"gold_gain":0.0,"event_name":"Big Fish","player_choice":"Donut","floor":9.0,"gold_loss":0.0,"damage_taken":0.0}],"is_beta":false,"boss_relics":[],"items_purged_floors":[10],"is_endless":false,"potions_floor_spawned":[6,13,14],"killed_by":"DF_ARCHETYPE_STREAMLINE","ascension_level":0}}