{"host":"za9ilm1uiwmpmin1","time":1612550064,"event":{"mods":["AchievementEnabler","Act Like it!","BaseMod","Dota2Spire","Downfall","Friendly Minions","KomeijiMod","Lobotomy","LobotomyExtend","Minty Spire (QoL Compilation)","MostiFishMod","Reorder Act Four","RumiaBox-露米娅的神秘盒子","StSLib","TestMod","Waifu the Spire","[IsaacMod]以撒尖塔","【功能Mod】混沌之环修复补丁"],"gold_per_floor":[109,121,146,164,178,228,228,258,331,331,371,411,453,515,515,613,613,650,700,173,173,0,59,100,156,179,26,75,75,118,210,210,385,385,435,515,515,555,555,555,555],"floor_reached":39,"language":"ZHS","playtime":1944,"items_purged":["sneckomod:Strike","sneckomod:Strike"],"score":1073,"play_id":"80868c82-142a-44e1-8b2f-eaf4c5737350","local_time":"20210206023424","is_ascension_mode":true,"campfire_choices":[{"data":"sneckomod:GlitteringGambit","floor":7,"key":"SMITH"},{"data":"sneckomod:UnknownStrength","floor":10,"key":"SMITH"},{"data":"sneckomod:UnknownDraw","floor":15,"key":"SMITH"},{"data":"sneckomod:Restock","floor":29,"key":"SMITH"},{"data":"sneckomod:SoulDraw","floor":32,"key":"SMITH"}],"circlet_count":0,"master_deck":["sneckomod:Defend","sneckomod:Defend","sneckomod:TailWhip","sneckomod:SnekBite","sneckomod:Unknown+1","sneckomod:GlitteringGambit+1","sneckomod:SoulDraw+1","Twilight+1","ParadiseLost+3","sneckomod:Cheat+1","sneckomod:Restock+1","sneckomod:Rotation+1","sneckomod:TrashToTreasure+1","sneckomod:Transmogrify+1","sneckomod:UnknownClassPURPLE+1","sneckomod:UnknownClassAngela+1","sneckomod:Memorize+1"],"relics":["DaveBox","HushsDoor","testmod-TestBox","testmod-Alchemist","BookofShadows","RhineSuit","sneckomod:SneckoTalon","SynthV:TestCard","LetterFromLob","Odd Mushroom","hexamod:BolsterEngine","testmod-Temperance","Dota2Spire:EyeOfSkadi","Dota2Spire:PhaseBoots","ClockworkSouvenir","Strawberry","Art of War","Technique","ThornShield","HowToJump","Bronze Scales","Dota2Spire:RefresherOrb","SatanicBible","TungstenRod","Bag of Preparation","Moonlight_r"],"acts_visited":["Exordium","TheCity","TheBeyond"],"potions_floor_usage":[],"damage_taken":[{"damage":1,"enemies":"Jaw Worm","floor":1,"turns":2},{"damage":0,"enemies":"Cultist","floor":2,"turns":1},{"damage":0,"enemies":"Small Slimes","floor":3,"turns":3},{"damage":11,"enemies":"Looter","floor":4,"turns":2},{"damage":0,"enemies":"2 Fungi Beasts","floor":5,"turns":2},{"damage":0,"enemies":"Lagavulin","floor":6,"turns":5},{"damage":0,"enemies":"Exordium Wildlife","floor":8,"turns":2},{"damage":0,"enemies":"3 Sentries","floor":11,"turns":2},{"damage":0,"enemies":"Blue Slaver","floor":12,"turns":4},{"damage":0,"enemies":"The Mushroom Lair","floor":13,"turns":3},{"damage":22,"enemies":"Gremlin Nob","floor":14,"turns":4},{"damage":0,"enemies":"Slime Boss","floor":16,"turns":4},{"damage":36,"enemies":"Shell Parasite","floor":18,"turns":6},{"damage":0,"enemies":"2 Thieves","floor":19,"turns":4},{"damage":0,"enemies":"Slavers","floor":23,"turns":1},{"damage":0,"enemies":"Snecko","floor":24,"turns":3},{"damage":0,"enemies":"Gremlin Leader","floor":25,"turns":1},{"damage":10,"enemies":"Centurion and Healer","floor":28,"turns":2},{"damage":0,"enemies":"Snake Plant","floor":30,"turns":1},{"damage":0,"enemies":"Slavers","floor":31,"turns":1},{"damage":0,"enemies":"Champ","floor":33,"turns":6},{"damage":0,"enemies":"Orb Walker","floor":35,"turns":1},{"damage":0,"enemies":"Mind Bloom Boss Battle","floor":36,"turns":1},{"damage":0,"enemies":"3 Darklings","floor":38,"turns":1}],"seed_played":"-3874529285058066731","potions_obtained":[{"floor":1,"key":"CalmPotion"},{"floor":4,"key":"ColorlessPotion"},{"floor":8,"key":"testmod-TestPotion"},{"floor":13,"key":"SpeedPotion"},{"floor":22,"key":"DuplicationPotion"},{"floor":28,"key":"PowerPotion"}],"is_trial":false,"path_per_floor":["M","M","M","M","M","E","R","M","T","R","E","M","?","E","R","B",null,"M","M","$","M","?","E","M","E","T","$","M","R","M","E","R","B",null,"M","?","?","M","?"],"character_chosen":"THE_SNECKO","items_purchased":["sneckomod:Restock","Dota2Spire:EyeOfSkadi","ClockworkSouvenir","Technique","SatanicBible"],"campfire_rested":0,"item_purchase_floors":[17,20,20,27,34],"current_hp_per_floor":[80,80,80,69,69,69,69,69,69,69,69,69,69,47,47,47,73,37,37,42,42,42,42,42,49,49,49,39,39,39,39,39,47,75,75,75,66,66,0,0,0],"gold":555,"neow_bonus":"BOSS_RELIC","is_daily":false,"chose_seed":false,"campfire_upgraded":5,"win_rate":0.0,"timestamp":1612550064,"path_taken":["M","M","M","M","M","E","R","M","T","R","E","M","?","E","R","BOSS","M","?","?","M","?","E","M","E","T","$","M","R","M","E","R","BOSS","M","?","?","M","?"],"items_purchased_type":["Card","Relic","Relic","Relic","Relic"],"build_version":"2020-12-22","purchased_purges":2,"victory":false,"max_hp_per_floor":[90,90,90,90,90,90,90,90,90,90,90,90,90,90,90,90,82,82,82,87,87,87,87,87,94,94,94,94,94,94,94,94,94,84,84,84,84,84,84,84,84],"card_choices":[{"not_picked":[],"picked":"ChaosCard","floor":0},{"not_picked":["sneckomod:DiceBlock","sneckomod:RainOfDice"],"picked":"sneckomod:GlitteringGambit","floor":1},{"not_picked":["sneckomod:DiceBlock","sneckomod:IronFang","sneckomod:WideSting","sneckomod:UnknownDraw"],"picked":"sneckomod:Memorize","floor":2},{"not_picked":["sneckomod:UnknownVulnerable","sneckomod:QuickBite","sneckomod:SoulCleanse","sneckomod:WideSting","sneckomod:ImprovisedGuard"],"picked":"SKIP","floor":3},{"not_picked":["sneckomod:UnknownBlock","sneckomod:SoulRoll","sneckomod:UnknownCommonSkill","sneckomod:QuickMove"],"picked":"sneckomod:UnknownStrength","floor":4},{"not_picked":["sneckomod:RainOfDice","sneckomod:QuickMove","sneckomod:UnknownCommonSkill","Bomb"],"picked":"sneckomod:SoulDraw","floor":5},{"not_picked":["sneckomod:Unknown0Cost","sneckomod:Nope","sneckomod:Unknown2Cost","sneckomod:UnknownBlock"],"picked":"Bomb","floor":6},{"not_picked":["sneckomod:WideSting","sneckomod:MixItUp","sneckomod:UnknownBoss","sneckomod:Nope"],"picked":"sneckomod:UnknownDraw","floor":8},{"not_picked":["sneckomod:UnknownWeak","sneckomod:UnknownBlock","sneckomod:UnknownX","sneckomod:IronFang"],"picked":"Bomb","floor":11},{"not_picked":["sneckomod:SerpentIdol","sneckomod:UnknownCommonAttack","sneckomod:UnknownUncommonPower","sneckomod:CheapStock"],"picked":"sneckomod:Memorize","floor":12},{"not_picked":["sneckomod:IronFang","sneckomod:DiceBlock","sneckomod:DiceBoulder","sneckomod:SerpentIdol"],"picked":"Bomb","floor":13},{"not_picked":["sneckomod:UnknownUncommonSkill","sneckomod:DefensiveFlair","sneckomod:UnknownBlock","sneckomod:WideSting","sneckomod:SoulDraw"],"picked":"SKIP","floor":14},{"not_picked":["sneckomod:UnknownRarePower","sneckomod:MorePower","sneckomod:Transmogrify","sneckomod:UnlimitedRolls"],"picked":"sneckomod:Cheat","floor":16},{"not_picked":["sneckomod:ImprovisedAttack+1","sneckomod:DefensiveFlair+1","sneckomod:RainOfDice","sneckomod:SlitherStrike"],"picked":"sneckomod:Rotation+1","floor":18},{"not_picked":["sneckomod:UnknownDexterity","sneckomod:Rotation","sneckomod:RainOfDice","sneckomod:Unknown2Cost"],"picked":"sneckomod:TrashToTreasure+1","floor":19},{"not_picked":["sneckomod:Unknown1Cost","sneckomod:UnknownCommonSkill","sneckomod:QuickBite","sneckomod:Rotation"],"picked":"sneckomod:Transmogrify","floor":23},{"not_picked":["sneckomod:UnknownUncommonPower","sneckomod:IronFang+1","sneckomod:MasterEye","sneckomod:QuickBite","sneckomod:Rotation"],"picked":"SKIP","floor":24},{"not_picked":["sneckomod:UnknownBlock+1","sneckomod:SoulRoll","sneckomod:UnknownStrike","sneckomod:SnekBeam"],"picked":"sneckomod:UnknownClassPURPLE+1","floor":25},{"not_picked":["sneckomod:UnknownColorless","sneckomod:Restock","sneckomod:ImprovisedGuard","sneckomod:MixItUp"],"picked":"sneckomod:UnknownClassAngela+1","floor":28},{"not_picked":["sneckomod:DiceBlock","sneckomod:RainOfDice","sneckomod:UnknownClassAngela","sneckomod:WideSting","sneckomod:UnknownUncommonPower"],"picked":"SKIP","floor":30},{"not_picked":["sneckomod:QuickBite","sneckomod:Unknown2Cost","sneckomod:UnknownCommonSkill","sneckomod:UnknownClassPURPLE","sneckomod:TrashToTreasure"],"picked":"SKIP","floor":31},{"not_picked":["sneckomod:ImprovisedGuard","sneckomod:UnknownClassGUARDIAN+1","sneckomod:QuickMove","sneckomod:PureSnecko"],"picked":"sneckomod:Memorize+1","floor":35},{"not_picked":["sneckomod:SnakeSap+1","sneckomod:UnknownBlock+1","sneckomod:PureSnecko+1","sneckomod:RainOfDice+1","sneckomod:DefensiveFlair"],"picked":"SKIP","floor":38}],"player_experience":1101650,"relics_obtained":[{"floor":1,"key":"SynthV:TestCard"},{"floor":1,"key":"LetterFromLob"},{"floor":6,"key":"ThornShield"},{"floor":11,"key":"Dota2Spire:PhaseBoots"},{"floor":13,"key":"Odd Mushroom"},{"floor":14,"key":"hexamod:BolsterEngine"},{"floor":22,"key":"Centennial Puzzle"},{"floor":23,"key":"Smiling Mask"},{"floor":24,"key":"Dota2Spire:PhaseBoots"},{"floor":25,"key":"ClockworkSouvenir"},{"floor":25,"key":"Strawberry"},{"floor":26,"key":"Art of War"},{"floor":28,"key":"Ancient Tea Set"},{"floor":30,"key":"ThornShield"},{"floor":31,"key":"Ancient Tea Set"},{"floor":31,"key":"HowToJump"},{"floor":33,"key":"Bronze Scales"},{"floor":35,"key":"Bag of Preparation"},{"floor":36,"key":"TungstenRod"},{"floor":36,"key":"Bag of Preparation"},{"floor":38,"key":"Bag of Preparation"}],"event_choices":[{"damage_healed":0,"gold_gain":0,"player_choice":"Fought Mushrooms","damage_taken":0,"max_hp_gain":0,"max_hp_loss":0,"event_name":"Mushrooms","floor":13,"gold_loss":0},{"damage_healed":0,"gold_gain":0,"player_choice":"Fight","damage_taken":0,"max_hp_gain":0,"max_hp_loss":0,"event_name":"MindBloom","floor":36,"gold_loss":0},{"damage_healed":0,"gold_gain":0,"player_choice":"Memory 3","damage_taken":10,"max_hp_gain":0,"max_hp_loss":0,"event_name":"SensoryStone","floor":37,"gold_loss":0}],"is_beta":false,"boss_relics":[{"not_picked":["GuanYuAspect","SoulBox"],"picked":"testmod-Temperance"},{"not_picked":[]},{"not_picked":["Runic Pyramid","Philosopher\u0027s Stone"],"picked":"Dota2Spire:RefresherOrb"},{"not_picked":[]}],"items_purged_floors":[17,20],"is_endless":false,"potions_floor_spawned":[1,4,8,11,13,14,24,25,28,30,35,38],"ascension_level":8}}