{"host":"njb27ds59h4j3ikk","time":1612565615,"event":{"mods":["AchievementEnabler","BaseMod","Better Altar","Better Match","Better Note","Better Sensory Stone","Better Skull","Better Third Choice","BetterRewards","Downfall","Hermit","Hubris","Minty Spire (QoL Compilation)","Permanent Neow","Quarter Circle Forward PUNCH!","Quick Restart","Rare Cards Sparkle","Replay The Spire","Shop Mod","StSLib","Trackpad","Transform Curses"],"gold_per_floor":[116,116,135,150,127,160,160,188,263,263,290,304,304,304,304,376,376,396,396,396,396,411,411,442,456,456,456,482,482,500,531,531,604,604,617,642,642,661,661,689,689,218,244,244,256,111,128,154,154,154,154],"floor_reached":50,"language":"ENG","playtime":1970,"items_purged":[],"score":1342,"play_id":"acb9bd99-3dcb-4ab6-a1c5-88297fd82fcb","local_time":"20210205175335","is_ascension_mode":true,"campfire_choices":[{"data":"Dual Wield","floor":7.0,"key":"SMITH"},{"data":"Armaments","floor":10.0,"key":"SMITH"},{"data":"1","floor":13.0,"key":"LIFT"},{"data":"champ:HeavySlash","floor":23.0,"key":"SMITH"},{"floor":27.0,"key":"RECALL"},{"floor":29.0,"key":"REST"},{"floor":32.0,"key":"REST"},{"floor":41.0,"key":"REST"},{"data":"2","floor":44.0,"key":"LIFT"},{"data":"Power Through","floor":49.0,"key":"SMITH"}],"circlet_count":0,"master_deck":["AscendersBane","Defend_R","Defend_R","Defend_R","Bash","Immolate","Rage","Good Instincts","Panacea","Run Through+1","Flex","Reckless Charge","Headbutt","Dual Wield+1","Armaments+1","Intimidate+1","hubris:ReadiedAction","hubris:StunningStrike","Pommel Strike","champ:HeavySlash+1","Slimebound:Tackle+1","Slimebound:Tackle+1","Slimebound:Tackle+1","Power Through+1","Sword Boomerang","Dropkick","Offering","Perfected Strike","Thunderclap","Exhume","Pommel Strike+1","Clash+1","Flame Barrier+1","hubris:CleavingFinish","Rupture+1","Crow Ritual+1","ReplayTheSpireMod:Muscle Training","Clothesline+1","ReplayTheSpireMod:Muscle Training+1"],"relics":["Burning Blood","Strawberry","TungstenRod","MerchantsRug","Replay:WaspNest","Mirror","Girya","ClockworkSouvenir","trackpad:Compendium","ReplayTheSpireMod:Spearhead","Champion Belt","hubris:Stopwatch","hexamod:CandleOfCauterizing","hubris:BottledRain","FossilizedHelix","Matryoshka","bronze:MakeshiftBattery","champ:DuelingGlove","hubris:Icosahedron","Replay:Baseball","Membership Card","Frozen Egg 2","Omamori","Bag of Marbles","Lantern","trackpad:ZombieHeart","trackpad:FieryHotPepper"],"acts_visited":["Exordium","TheCity","TheBeyond"],"potions_floor_usage":[50,50],"damage_taken":[{"damage":5.0,"enemies":"Jaw Worm","floor":1.0,"turns":2.0},{"damage":0.0,"enemies":"Small Slimes","floor":3.0,"turns":3.0},{"damage":0.0,"enemies":"2 Louse","floor":4.0,"turns":2.0},{"damage":23.0,"enemies":"Gremlin Nob","floor":6.0,"turns":4.0},{"damage":16.0,"enemies":"3 Sentries","floor":8.0,"turns":5.0},{"damage":14.0,"enemies":"Lagavulin","floor":11.0,"turns":7.0},{"damage":2.0,"enemies":"Blue Slaver","floor":12.0,"turns":2.0},{"damage":51.0,"enemies":"Fading Forest","floor":16.0,"turns":11.0},{"damage":12.0,"enemies":"Shell Parasite","floor":18.0,"turns":3.0},{"damage":0.0,"enemies":"3 Byrds","floor":22.0,"turns":4.0},{"damage":12.0,"enemies":"Replay:Snechameleon","floor":24.0,"turns":5.0},{"damage":5.0,"enemies":"Shelled Parasite and Fungi","floor":25.0,"turns":3.0},{"damage":28.0,"enemies":"Book of Stabbing","floor":28.0,"turns":5.0},{"damage":23.0,"enemies":"Snake Plant","floor":30.0,"turns":2.0},{"damage":13.0,"enemies":"Gremlin Leader","floor":31.0,"turns":5.0},{"damage":33.0,"enemies":"Collector","floor":33.0,"turns":7.0},{"damage":10.0,"enemies":"3 Shapes","floor":35.0,"turns":4.0},{"damage":17.0,"enemies":"Mind Bloom Boss Battle","floor":36.0,"turns":3.0},{"damage":6.0,"enemies":"3 Darklings","floor":38.0,"turns":3.0},{"damage":25.0,"enemies":"R_Hoarder","floor":40.0,"turns":6.0},{"damage":5.0,"enemies":"Spire Growth","floor":45.0,"turns":2.0},{"damage":2.0,"enemies":"Transient","floor":47.0,"turns":5.0},{"damage":26.0,"enemies":"Nemesis","floor":48.0,"turns":5.0},{"damage":100,"enemies":"Replay:Hell Engine","floor":50,"turns":8}],"seed_played":"534230426251949885","potions_obtained":[{"floor":1.0,"key":"Energy Potion"},{"floor":8.0,"key":"PowerPotion"},{"floor":11.0,"key":"SteroidPotion"},{"floor":12.0,"key":"Block Potion"},{"floor":25.0,"key":"Elixir"},{"floor":28.0,"key":"Energy Potion"},{"floor":33.0,"key":"Milkshake"},{"floor":40.0,"key":"Milkshake"},{"floor":47.0,"key":"hexamod:SoulburnPotion"}],"is_trial":false,"path_per_floor":["M","?","M","M","$","E","R","E","T","R","E","M","R","?","R","B",null,"M","?","?","?","M","R","E","M","T","R","E","R","M","E","R","B",null,"M","?","?","M","?","E","R","$","T","R","M","$","M","E","R","B"],"character_chosen":"IRONCLAD","items_purchased":["Immolate","Strawberry","MerchantsRug","Rage","Good Instincts","Replay:WaspNest","Mirror","Panacea","ClockworkSouvenir","Headbutt","Membership Card","Frozen Egg 2","Rupture+1","Crow Ritual+1","Omamori","trackpad:ZombieHeart"],"campfire_rested":3,"item_purchase_floors":[0,0,0,0,0,0,0,0,0,5,42,42,42,42,42,46],"current_hp_per_floor":[76,76,82,82,82,65,65,55,55,55,47,51,51,51,75,46,73,67,67,67,67,73,73,67,68,68,68,46,70,53,46,70,43,72,68,57,57,57,57,38,62,62,62,62,63,63,68,49,49,0,0],"gold":154,"neow_bonus":"","is_daily":false,"chose_seed":false,"campfire_upgraded":4,"win_rate":0.0,"timestamp":1612565615,"path_taken":["M","?","M","M","$","E","R","E","T","R","E","M","R","?","R","BOSS","M","?","?","?","M","R","E","M","T","R","E","R","M","E","R","BOSS","M","?","?","M","?","E","R","$","T","R","M","$","?","E","R","BOSS"],"items_purchased_type":["Card","Relic","Relic","Card","Card","Relic","Relic","Card","Relic","Card","Relic","Relic","Card","Card","Relic","Relic"],"build_version":"2020-12-22","purchased_purges":0,"victory":false,"max_hp_per_floor":[82,82,82,82,82,82,82,82,82,82,82,82,82,82,82,82,82,82,82,82,82,82,82,82,82,82,82,82,82,82,82,82,82,82,82,82,82,82,82,82,82,82,82,82,82,82,83,84,84,84,84],"card_choices":[{"not_picked":["Havoc","Seeing Red"],"picked":"Run Through","floor":1.0},{"not_picked":["Havoc","Clothesline"],"picked":"Flex","floor":3.0},{"not_picked":["Clash","Sword Boomerang"],"picked":"Reckless Charge","floor":4.0},{"not_picked":["Clash","hubris:ReadiedAction"],"picked":"Dual Wield","floor":6.0},{"not_picked":["Spot Weakness","Headbutt"],"picked":"Armaments","floor":8.0},{"not_picked":["Sever Soul","Massacre"],"picked":"Intimidate","floor":11.0},{"not_picked":["Headbutt","Clothesline"],"picked":"hubris:ReadiedAction","floor":12.0},{"not_picked":["Offering","Demon Form"],"picked":"hubris:StunningStrike","floor":16.0},{"not_picked":["True Grit","Searing Blow+1"],"picked":"Pommel Strike","floor":18.0},{"not_picked":["Blood for Blood","Havoc"],"picked":"Power Through","floor":22.0},{"not_picked":["Hemogenesis","Pommel Strike"],"picked":"Sword Boomerang","floor":24.0},{"not_picked":["Perfected Strike","Dual Wield+1"],"picked":"Dropkick","floor":25.0},{"not_picked":["Shrug It Off+1","Sword Boomerang"],"picked":"Offering","floor":28.0},{"not_picked":["Dual Wield","Sentinel"],"picked":"Perfected Strike","floor":30.0},{"not_picked":["Clash","Anger"],"picked":"Thunderclap","floor":31.0},{"not_picked":["Demonic Infusion","Corruption"],"picked":"Exhume","floor":33.0},{"not_picked":["ReplayTheSpireMod:Limb From Limb","Iron Wave+1"],"picked":"Pommel Strike+1","floor":35.0},{"not_picked":["Dual Wield","Body Slam"],"picked":"Clash+1","floor":36.0},{"not_picked":["Perfected Strike","Warcry+1"],"picked":"Flame Barrier+1","floor":38.0},{"not_picked":["Headbutt","Run Through"],"picked":"hubris:CleavingFinish","floor":40.0},{"not_picked":["Armaments+1","Clash+1"],"picked":"ReplayTheSpireMod:Muscle Training","floor":45.0},{"not_picked":["Run Through","Sword Boomerang"],"picked":"Clothesline+1","floor":47.0},{"not_picked":["Barricade+1","Burning Pact"],"picked":"ReplayTheSpireMod:Muscle Training+1","floor":48.0}],"player_experience":1348855,"relics_obtained":[{"floor":6.0,"key":"trackpad:Compendium"},{"floor":8.0,"key":"ReplayTheSpireMod:Spearhead"},{"floor":11.0,"key":"Champion Belt"},{"floor":24.0,"key":"hexamod:CandleOfCauterizing"},{"floor":26.0,"key":"hubris:BottledRain"},{"floor":28.0,"key":"FossilizedHelix"},{"floor":31.0,"key":"Matryoshka"},{"floor":36.0,"key":"champ:DuelingGlove"},{"floor":40.0,"key":"Replay:Baseball"},{"floor":43.0,"key":"Bag of Marbles"},{"floor":43.0,"key":"Lantern"},{"floor":48.0,"key":"trackpad:FieryHotPepper"}],"event_choices":[{"damage_healed":0.0,"max_hp_gain":0.0,"max_hp_loss":0.0,"gold_gain":0.0,"event_name":"The Cleric","player_choice":"Leave","floor":2.0,"gold_loss":0.0,"damage_taken":0.0},{"cards_removed":["Immolate"],"damage_healed":0.0,"max_hp_gain":0.0,"max_hp_loss":0.0,"gold_gain":0.0,"event_name":"betterNote:BetterNote","player_choice":"Take \u0026 Give","floor":19.0,"gold_loss":0.0,"damage_taken":0.0,"cards_obtained":["champ:HeavySlash"]},{"damage_healed":0.0,"max_hp_gain":0.0,"max_hp_loss":0.0,"gold_gain":0.0,"event_name":"N\u0027loth","player_choice":"Ignored","floor":21.0,"gold_loss":0.0,"damage_taken":0.0},{"damage_healed":0.0,"max_hp_gain":0.0,"max_hp_loss":0.0,"gold_gain":0.0,"event_name":"MindBloom","player_choice":"Fight","floor":36.0,"gold_loss":0.0,"damage_taken":0.0},{"cards_removed":["Defend_R"],"damage_healed":0.0,"max_hp_gain":0.0,"max_hp_loss":0.0,"gold_gain":0.0,"event_name":"Purifier","player_choice":"Purged","floor":39.0,"gold_loss":0.0,"damage_taken":0.0}],"is_beta":false,"boss_relics":[{"not_picked":["Coffee Dripper","Runic Dome"],"picked":"hubris:Stopwatch"},{"not_picked":["qcfpunch:Dark_Gi","Velvet Choker"],"picked":"bronze:MakeshiftBattery"}],"items_purged_floors":[],"is_endless":false,"potions_floor_spawned":[1,8,11,12,25,28,33,40,47],"killed_by":"Replay:Hell Engine","ascension_level":15}}