{"host":"aapp7ew3jk5k1bvd","time":1612528982,"event":{"mods":["AchievementEnabler","BaseMod","Colored Map","Minty Spire (QoL Compilation)","Permanent Neow","StSLib","SuperFastMode"],"gold_per_floor":[116,133,133,208,133,133,133,133,159,182,182,202,218,233,233,359,359,377,377,401,500,500,500,500,500,524,536,572,599,651,679,691,703,703],"floor_reached":33,"language":"KOR","playtime":480,"items_purged":["Strike_R"],"score":307,"play_id":"03daf762-c343-42be-92d6-ecf8b40d15fd","local_time":"20210205214302","is_ascension_mode":false,"campfire_choices":[{"data":"Bash","floor":6,"key":"SMITH"},{"floor":15,"key":"REST"},{"floor":23,"key":"REST"},{"data":"Perfected Strike","floor":25,"key":"SMITH"},{"data":"Offering","floor":27,"key":"SMITH"},{"floor":32,"key":"REST"}],"circlet_count":0,"master_deck":["Strike_R","Strike_R","Strike_R","Strike_R","Defend_R","Defend_R","Defend_R","Bash+1","Feed+1","Pommel Strike","Perfected Strike+1","Perfected Strike+1","Battle Trance","Offering+1","Pommel Strike","Perfected Strike+1","Perfected Strike"],"relics":["Burning Blood","Golden Idol","Regal Pillow","MawBank","Bag of Marbles"],"acts_visited":["Exordium","TheCity"],"potions_floor_usage":[28,30],"damage_taken":[{"damage":1,"enemies":"Cultist","floor":1,"turns":4},{"damage":1,"enemies":"Jaw Worm","floor":2,"turns":3},{"damage":2,"enemies":"2 Louse","floor":10,"turns":3},{"damage":8,"enemies":"2 Fungi Beasts","floor":12,"turns":3},{"damage":22,"enemies":"Exordium Thugs","floor":13,"turns":4},{"damage":10,"enemies":"Looter","floor":14,"turns":2},{"damage":74,"enemies":"The Guardian","floor":16,"turns":15},{"damage":21,"enemies":"2 Thieves","floor":18,"turns":4},{"damage":43,"enemies":"Shell Parasite","floor":20,"turns":4},{"damage":37,"enemies":"Shelled Parasite and Fungi","floor":28,"turns":3},{"damage":15,"enemies":"Snecko","floor":29,"turns":3},{"damage":47,"enemies":"Book of Stabbing","floor":30,"turns":4},{"damage":10,"enemies":"Cultist and Chosen","floor":31,"turns":4},{"damage":0,"enemies":"Champ","floor":33,"turns":2}],"seed_played":"-4150558751929559647","potions_obtained":[{"floor":10,"key":"Swift Potion"},{"floor":12,"key":"LiquidMemories"},{"floor":13,"key":"SkillPotion"},{"floor":29,"key":"Dexterity Potion"},{"floor":30,"key":"Weak Potion"}],"is_trial":false,"path_per_floor":["M","M","?","?","$","R","?","?","T","M","?","M","M","M","R","B",null,"M","$","M","?","$","R","?","R","T","R","M","M","E","M","R","B"],"character_chosen":"IRONCLAD","items_purchased":[],"campfire_rested":3,"item_purchase_floors":[],"current_hp_per_floor":[83,86,86,75,75,75,68,47,47,55,55,57,45,41,85,17,98,83,83,46,46,46,90,90,90,90,90,63,54,13,9,54,54,54],"gold":703,"neow_bonus":"ONE_RANDOM_RARE_CARD","is_daily":false,"chose_seed":false,"campfire_upgraded":3,"win_rate":0.0,"timestamp":1612528982,"path_taken":["M","?","?","?","?","R","?","?","T","M","?","M","?","M","R","BOSS","M","$","M","?","$","R","?","R","T","R","M","?","E","M","R","BOSS"],"items_purchased_type":[],"build_version":"2020-12-22","purchased_purges":1,"victory":false,"max_hp_per_floor":[83,86,86,86,86,86,86,86,86,90,90,94,98,98,98,98,98,98,98,98,98,98,98,98,98,98,98,102,102,102,102,102,102,102],"card_choices":[{"not_picked":["Sentinel","Spot Weakness"],"picked":"Pommel Strike","floor":1},{"not_picked":["Wild Strike","Carnage","Armaments"],"picked":"SKIP","floor":2},{"not_picked":["Bloodletting","Spot Weakness"],"picked":"Perfected Strike","floor":10},{"not_picked":["Headbutt","Warcry"],"picked":"Perfected Strike","floor":12},{"not_picked":["Armaments","True Grit","Havoc"],"picked":"SKIP","floor":13},{"not_picked":["Warcry","Iron Wave"],"picked":"Battle Trance","floor":14},{"not_picked":["Limit Break","Berserk"],"picked":"Offering","floor":16},{"not_picked":["Metallicize","Combust"],"picked":"Pommel Strike","floor":18},{"not_picked":["Rampage","Dual Wield+1"],"picked":"Perfected Strike+1","floor":20},{"not_picked":["Dropkick","Seeing Red","Headbutt+1"],"picked":"SKIP","floor":28},{"not_picked":["Body Slam+1","Sword Boomerang"],"picked":"Perfected Strike","floor":29},{"not_picked":["Reckless Charge+1","Thunderclap","Body Slam"],"picked":"SKIP","floor":30},{"not_picked":["Feel No Pain","Heavy Blade","Iron Wave"],"picked":"SKIP","floor":31}],"player_experience":1317982,"relics_obtained":[{"floor":9,"key":"Regal Pillow"},{"floor":26,"key":"MawBank"},{"floor":30,"key":"Bag of Marbles"}],"event_choices":[{"damage_healed":0,"gold_gain":0,"player_choice":"Grow","damage_taken":0,"max_hp_gain":0,"max_hp_loss":0,"event_name":"Living Wall","floor":3,"gold_loss":0,"cards_upgraded":["Feed"]},{"damage_healed":0,"gold_gain":75,"player_choice":"Gather Gold","damage_taken":11,"max_hp_gain":0,"max_hp_loss":0,"event_name":"World of Goop","floor":4,"gold_loss":0},{"cards_removed":["Defend_R"],"damage_healed":0,"gold_gain":0,"player_choice":"Card Removal","damage_taken":7,"max_hp_gain":0,"max_hp_loss":0,"event_name":"Golden Wing","floor":7,"gold_loss":0},{"damage_healed":0,"gold_gain":0,"player_choice":"Take Damage","damage_taken":21,"relics_obtained":["Golden Idol"],"max_hp_gain":0,"max_hp_loss":0,"event_name":"Golden Idol","floor":8,"gold_loss":0},{"damage_healed":0,"gold_gain":0,"player_choice":"Ignored","damage_taken":0,"max_hp_gain":0,"max_hp_loss":0,"event_name":"NoteForYourself","floor":11,"gold_loss":0},{"damage_healed":0,"gold_gain":99,"player_choice":"Stole From Cult","damage_taken":0,"max_hp_gain":0,"max_hp_loss":0,"event_name":"Nest","floor":21,"gold_loss":0},{"damage_healed":0,"gold_gain":0,"player_choice":"Forge","damage_taken":0,"max_hp_gain":0,"max_hp_loss":0,"event_name":"Accursed Blacksmith","floor":24,"gold_loss":0,"cards_upgraded":["Perfected Strike"]}],"is_beta":false,"boss_relics":[{"not_picked":["Pandora\u0027s Box","Coffee Dripper","Snecko Eye"]}],"items_purged_floors":[5],"is_endless":false,"potions_floor_spawned":[10,12,13,16,20,29,30],"killed_by":"Champ","ascension_level":0}}