{"host":"dztixnx9b0gu6w9i","time":1612530284,"event":{"mods":["BaseMod","Bestiary","Minty Spire (QoL Compilation)","Relic Stats","Slay the Relics Exporter","SpireBot","ojb\u0027s Better Paths Mod","ojb\u0027s Info Mod"],"gold_per_floor":[111,261,279,75,95,95,126,144,144,144,29,56,70,98,98,174,174,194,214,214,19,19,19,19,44,68,98,198,229,205,205,205,276,276,292,292,292,342,357,390,390,416,470,499,545,587,599,634,646,658,670,682,694,37,71,71],"floor_reached":57,"language":"ENG","playtime":7219,"items_purged":["Doubt"],"score":3199,"play_id":"569a3c23-2fb7-4569-80e3-43fc17179bd8","local_time":"20210205080444","is_ascension_mode":true,"campfire_choices":[{"data":"Sunder","floor":6,"key":"SMITH"},{"data":"Sunder","floor":15,"key":"SMITH"},{"floor":23,"key":"REST"},{"data":"Defragment","floor":32,"key":"SMITH"},{"data":"Aggregate","floor":41,"key":"SMITH"},{"floor":49,"key":"RECALL"},{"data":"Capacitor","floor":53,"key":"SMITH"}],"circlet_count":0,"master_deck":["AscendersBane","Zap","Dualcast","Defragment+1","Recycle","Sunder+1","Doom and Gloom","Sunder+1","Undo","Hologram","Defragment","Cold Snap","Aggregate+1","Creative AI","Steam Power","Turbo","Steam","Amplify","Amplify","Go for the Eyes","Defragment","Rainbow","Skim","Necronomicurse","Apotheosis","Glacier","Force Field","Force Field+1","Hologram+1","Meteor Strike","PanicButton+1","Blind+1","Enlightenment+1","Coolheaded+1","Reinforced Body+1","Heatsinks+1","Compile Driver","Capacitor+1","Compile Driver","Stack+1","Defragment","Glacier+1"],"relics":["Snecko Eye","Oddly Smooth Stone","PreservedInsect","Kunai","Happy Flower","Pandora\u0027s Box","Necronomicon","Bird Faced Urn","Bag of Marbles","Ancient Tea Set","StoneCalendar","Toxic Egg 2","DataDisk","SlaversCollar","Mercury Hourglass","Thread and Needle","CeramicFish","Du-Vu Doll","MawBank","Sundial","Symbiotic Virus","Vajra"],"acts_visited":["Exordium","TheCity","TheBeyond","TheEnding"],"potions_floor_usage":[7,19,56,56],"damage_taken":[{"damage":8,"enemies":"2 Louse","floor":1,"turns":3},{"damage":9,"enemies":"Small Slimes","floor":3,"turns":5},{"damage":1,"enemies":"Cultist","floor":5,"turns":3},{"damage":0,"enemies":"3 Sentries","floor":7,"turns":2},{"damage":8,"enemies":"3 Louse","floor":8,"turns":2},{"damage":0,"enemies":"Gremlin Nob","floor":12,"turns":3},{"damage":0,"enemies":"2 Fungi Beasts","floor":13,"turns":1},{"damage":6,"enemies":"3 Sentries","floor":14,"turns":2},{"damage":7,"enemies":"Hexaghost","floor":16,"turns":8},{"damage":0,"enemies":"Chosen","floor":18,"turns":3},{"damage":16,"enemies":"2 Thieves","floor":19,"turns":3},{"damage":7,"enemies":"Book of Stabbing","floor":25,"turns":4},{"damage":7,"enemies":"Gremlin Leader","floor":27,"turns":14},{"damage":0,"enemies":"Colosseum Slavers","floor":28,"turns":3},{"damage":0,"enemies":"Colosseum Nobs","floor":28,"turns":6},{"damage":1,"enemies":"Slavers","floor":29,"turns":6},{"damage":0,"enemies":"Automaton","floor":33,"turns":9},{"damage":0,"enemies":"3 Darklings","floor":35,"turns":3},{"damage":0,"enemies":"3 Shapes","floor":39,"turns":6},{"damage":5,"enemies":"Nemesis","floor":40,"turns":5},{"damage":6,"enemies":"Giant Head","floor":42,"turns":7},{"damage":0,"enemies":"Spire Growth","floor":44,"turns":3},{"damage":3,"enemies":"2 Orb Walkers","floor":45,"turns":5},{"damage":0,"enemies":"Nemesis","floor":46,"turns":3},{"damage":0,"enemies":"3 Darklings","floor":48,"turns":4},{"damage":0,"enemies":"Awakened One","floor":50,"turns":21},{"damage":23,"enemies":"Time Eater","floor":51,"turns":21},{"damage":29,"enemies":"Shield and Spear","floor":55,"turns":12},{"damage":21,"enemies":"The Heart","floor":56,"turns":9}],"seed_played":"4382134631745902759","potions_obtained":[{"floor":1,"key":"SpeedPotion"},{"floor":3,"key":"Swift Potion"},{"floor":5,"key":"FearPotion"},{"floor":13,"key":"Explosive Potion"},{"floor":14,"key":"SkillPotion"},{"floor":25,"key":"AttackPotion"},{"floor":29,"key":"Dexterity Potion"},{"floor":39,"key":"LiquidMemories"}],"is_trial":false,"path_per_floor":["M","?","M","$","M","R","E","M","T","?","$","E","M","E","R","B",null,"M","M","?","$","?","R","?","E","T","E","?","E","$","?","R","B",null,"M","?","?","T","M","E","R","E","T","M","?","E","?","M","R","B","B",null,"R","$","E","B",null],"character_chosen":"DEFECT","items_purchased":["Sunder","Doom and Gloom","Hologram","Defragment","Apotheosis","Hologram+1","Sundial","Stack+1","Defragment","Symbiotic Virus"],"campfire_rested":1,"item_purchase_floors":[4,4,11,11,21,30,54,54,54,54],"current_hp_per_floor":[56,56,47,47,46,46,46,38,38,28,28,28,28,22,22,15,57,57,41,20,20,20,41,41,34,34,71,71,71,71,71,71,71,71,71,71,61,61,71,71,71,71,71,71,71,71,71,71,71,71,71,71,71,71,71,71],"gold":71,"neow_bonus":"BOSS_RELIC","is_daily":false,"chose_seed":false,"campfire_upgraded":5,"win_rate":0.0,"timestamp":1612530284,"path_taken":["M","?","M","$","M","R","E","M","T","?","$","E","?","E","R","BOSS","M","M","?","$","?","R","?","E","T","E","?","E","$","?","R","BOSS","M","?","?","?","?","E","R","E","T","M","?","E","?","M","R","BOSS","BOSS","R","$","E","BOSS"],"items_purchased_type":["Card","Card","Card","Card","Card","Card","Relic","Card","Card","Relic"],"build_version":"2020-12-22","purchased_purges":1,"victory":true,"max_hp_per_floor":[71,71,71,71,71,71,71,71,71,71,71,71,71,71,71,71,71,71,71,71,71,71,71,71,71,71,71,71,71,71,71,71,71,71,71,71,71,71,71,71,71,71,71,71,71,71,71,71,71,71,71,71,71,71,71,71],"relic_stats":{"Happy Flower":[51],"counters":[29,176],"CeramicFish":54,"StoneCalendar":[248],"PreservedInsect":531,"MawBank":96,"Mercury Hourglass":[268],"Sundial":[2],"Bird Faced Urn":[142],"Snecko Eye":[346,340,334,303],"Pandora\u0027s Box":["Steam Power","Turbo","Steam","Amplify","Amplify","Go for the Eyes","Defragment","Rainbow"],"Necronomicon":[47],"Kunai":[44],"obtain_stats":[{"Happy Flower":14,"CeramicFish":43,"Oddly Smooth Stone":7,"Vajra":55,"StoneCalendar":28,"Thread and Needle":42,"PreservedInsect":9,"Ancient Tea Set":27,"MawBank":46,"Mercury Hourglass":40,"Du-Vu Doll":45,"SlaversCollar":34,"DataDisk":29,"Sundial":54,"Bird Faced Urn":25,"Snecko Eye":0,"Pandora\u0027s Box":17,"Necronomicon":20,"Bag of Marbles":26,"Kunai":12,"Toxic Egg 2":28,"Cracked Core":0,"Symbiotic Virus":54},{"Happy Flower":8,"CeramicFish":21,"Oddly Smooth Stone":4,"Vajra":28,"StoneCalendar":15,"Thread and Needle":21,"PreservedInsect":5,"Ancient Tea Set":13,"MawBank":24,"Mercury Hourglass":20,"Du-Vu Doll":23,"SlaversCollar":17,"DataDisk":16,"Sundial":27,"Bird Faced Urn":12,"Snecko Eye":0,"Pandora\u0027s Box":9,"Necronomicon":11,"Bag of Marbles":12,"Kunai":6,"Toxic Egg 2":15,"Cracked Core":0,"Symbiotic Virus":27},{"Happy Flower":21,"CeramicFish":98,"Oddly Smooth Stone":13,"Vajra":167,"StoneCalendar":62,"Thread and Needle":98,"PreservedInsect":15,"Ancient Tea Set":53,"MawBank":109,"Mercury Hourglass":91,"Du-Vu Doll":106,"SlaversCollar":77,"DataDisk":68,"Sundial":155,"Bird Faced Urn":39,"Snecko Eye":0,"Pandora\u0027s Box":29,"Necronomicon":35,"Bag of Marbles":39,"Kunai":18,"Toxic Egg 2":62,"Cracked Core":0,"Symbiotic Virus":155}]},"card_choices":[{"not_picked":["Sweeping Beam","Reprogram"],"picked":"Defragment","floor":1},{"not_picked":["Redo","Heatsinks"],"picked":"Recycle","floor":3},{"not_picked":["Rebound","Steam"],"picked":"Sunder","floor":5},{"not_picked":["Barrage","Double Energy"],"picked":"Undo","floor":7},{"not_picked":["Rebound","White Noise","Rip and Tear"],"picked":"SKIP","floor":8},{"not_picked":["Turbo","Hologram"],"picked":"Cold Snap","floor":12},{"not_picked":["Undo","Scrape"],"picked":"Aggregate","floor":13},{"not_picked":["Lockon","Steam Power"],"picked":"Compile Driver","floor":14},{"not_picked":["Amplify","Electrodynamics"],"picked":"Creative AI","floor":16},{"not_picked":["Turbo","Beam Cell"],"picked":"Skim","floor":18},{"not_picked":["Chaos+1","Redo","Rebound"],"picked":"SKIP","floor":19},{"not_picked":["Doom and Gloom","Gash"],"picked":"Force Field","floor":25},{"not_picked":["Leap","BootSequence","Compile Driver"],"picked":"SKIP","floor":27},{"not_picked":["Leap","BootSequence","Compile Driver"],"picked":"SKIP","floor":27},{"not_picked":["Leap","BootSequence","Compile Driver"],"picked":"SKIP","floor":27},{"not_picked":["Gash","Thunder Strike"],"picked":"Force Field+1","floor":28},{"not_picked":["Sweeping Beam","Rebound","Turbo+1"],"picked":"SKIP","floor":29},{"not_picked":["Fission+1","Thunder Strike"],"picked":"Meteor Strike","floor":33},{"not_picked":["Streamline+1","Auto Shields+1","FTL"],"picked":"SKIP","floor":35},{"not_picked":["Jack Of All Trades+1","Panacea+1"],"picked":"PanicButton+1","floor":37},{"not_picked":["HandOfGreed","Panache"],"picked":"Blind+1","floor":37},{"not_picked":["Sadistic Nature","Good Instincts+1"],"picked":"Enlightenment+1","floor":37},{"not_picked":["Beam Cell+1","Gash"],"picked":"Coolheaded+1","floor":39},{"not_picked":["Sweeping Beam","Machine Learning"],"picked":"Reinforced Body+1","floor":40},{"not_picked":["Go for the Eyes+1","Recycle+1"],"picked":"Heatsinks+1","floor":42},{"not_picked":["Steam Power+1","Beam Cell+1"],"picked":"Compile Driver","floor":44},{"not_picked":["Steam+1","White Noise+1"],"picked":"Capacitor","floor":46},{"not_picked":["Recycle+1","Turbo+1"],"picked":"Compile Driver","floor":48},{"not_picked":["Double Energy+1","Genetic Algorithm+1"],"picked":"Glacier+1","floor":55}],"player_experience":8449411,"relics_obtained":[{"floor":7,"key":"Oddly Smooth Stone"},{"floor":9,"key":"PreservedInsect"},{"floor":12,"key":"Kunai"},{"floor":14,"key":"Happy Flower"},{"floor":20,"key":"Necronomicon"},{"floor":25,"key":"Bird Faced Urn"},{"floor":26,"key":"Bag of Marbles"},{"floor":27,"key":"Ancient Tea Set"},{"floor":28,"key":"StoneCalendar"},{"floor":28,"key":"Toxic Egg 2"},{"floor":29,"key":"DataDisk"},{"floor":40,"key":"Mercury Hourglass"},{"floor":42,"key":"Thread and Needle"},{"floor":43,"key":"CeramicFish"},{"floor":45,"key":"Du-Vu Doll"},{"floor":46,"key":"MawBank"},{"floor":55,"key":"Vajra"}],"event_choices":[{"damage_healed":0,"gold_gain":150,"player_choice":"AGREE","damage_taken":0,"max_hp_gain":0,"max_hp_loss":0,"event_name":"Liars Game","floor":2,"gold_loss":0,"cards_obtained":["Doubt"]},{"damage_healed":0,"gold_gain":0,"player_choice":"Damaged","damage_taken":10,"max_hp_gain":0,"max_hp_loss":0,"event_name":"Wheel of Change","floor":10,"gold_loss":0},{"damage_healed":0,"gold_gain":0,"player_choice":"Obtained Book","damage_taken":21,"max_hp_gain":0,"max_hp_loss":0,"event_name":"Cursed Tome","floor":20,"gold_loss":0},{"damage_healed":0,"gold_gain":0,"player_choice":"Read","damage_taken":0,"max_hp_gain":0,"max_hp_loss":0,"event_name":"The Library","floor":22,"gold_loss":0,"cards_obtained":["Glacier"]},{"damage_healed":0,"gold_gain":0,"player_choice":"Ignored","damage_taken":0,"max_hp_gain":0,"max_hp_loss":0,"event_name":"The Mausoleum","floor":24,"gold_loss":0},{"damage_healed":0,"gold_gain":0,"player_choice":"Fight","damage_taken":0,"max_hp_gain":0,"max_hp_loss":0,"event_name":"Colosseum","floor":28,"gold_loss":0},{"damage_healed":0,"gold_gain":0,"player_choice":"Fought Nobs","damage_taken":0,"max_hp_gain":0,"max_hp_loss":0,"event_name":"Colosseum","floor":28,"gold_loss":0},{"damage_healed":0,"gold_gain":0,"player_choice":"Ignored","damage_taken":0,"max_hp_gain":0,"max_hp_loss":0,"event_name":"Ghosts","floor":31,"gold_loss":0},{"cards_removed":["Compile Driver"],"damage_healed":0,"gold_gain":0,"player_choice":"Removed Attack","damage_taken":0,"max_hp_gain":0,"max_hp_loss":0,"event_name":"Falling","floor":36,"gold_loss":0},{"damage_healed":0,"gold_gain":0,"player_choice":"Memory 3","damage_taken":10,"max_hp_gain":0,"max_hp_loss":0,"event_name":"SensoryStone","floor":37,"gold_loss":0},{"damage_healed":0,"gold_gain":0,"player_choice":"Fight","damage_taken":0,"max_hp_gain":0,"max_hp_loss":0,"event_name":"Mysterious Sphere","floor":45,"gold_loss":0},{"damage_healed":0,"gold_gain":0,"player_choice":"Ignored","damage_taken":0,"max_hp_gain":0,"max_hp_loss":0,"event_name":"Tomb of Lord Red Mask","floor":47,"gold_loss":0}],"is_beta":false,"boss_relics":[{"not_picked":["Sozu","Tiny House"],"picked":"Pandora\u0027s Box"},{"not_picked":["Velvet Choker","Philosopher\u0027s Stone"],"picked":"SlaversCollar"}],"items_purged_floors":[4],"is_endless":false,"potions_floor_spawned":[1,3,5,13,14,25,29,39,40,42,48],"ascension_level":20}}