{"host":"kdt6w7ix8lwe69i9","time":1612542229,"event":{"mods":["100% Spire Juice","BaseMod","ChefMod","Evolution","Minty Spire (QoL Compilation)","Poor People Problems","Reimu（博丽灵梦）","Robot Space Explorer","Shade Mod","StSLib","The Druid","The Gatherer","TheSurvivalist"],"gold_per_floor":[117,133,208,208,208,208,243,243,243,243,257,278,301,11,11,131,131,146,169,194,40,58,58,81,96,122,122,122,138,138,263,263,383,383,408,433,329,329,329,329],"floor_reached":39,"language":"ENG","playtime":47898,"items_purged":[],"score":433,"play_id":"e802f19c-9a2a-4985-92eb-c82929bfe431","local_time":"20210205112349","is_ascension_mode":false,"campfire_choices":[{"floor":6,"key":"REST"},{"data":"theDruid:BlessedStrike","floor":8,"key":"SMITH"},{"floor":10,"key":"REST"},{"data":"theDruid:FuriousSlash","floor":15,"key":"SMITH"},{"floor":23,"key":"REST"},{"floor":27,"key":"REST"},{"data":"theDruid:InsectSwarm","floor":32,"key":"SMITH"}],"circlet_count":0,"master_deck":["theDruid:Strike_O","theDruid:Strike_O","theDruid:Strike_O","theDruid:Strike_O","theDruid:Defend_O","theDruid:Defend_O","theDruid:Defend_O","theDruid:Defend_O","theDruid:BriarArmor","theDruid:WildSlash","theDruid:Earthquake","theDruid:Guidance","theDruid:FuriousSlash+1","theDruid:BlessedStrike+1","theDruid:IronClaw","theDruid:Fortitude","theDruid:ThornStrike","theDruid:PouncingStrike","theDruid:Restoration","theDruid:Swipe+1","theDruid:Resupply+1","theDruid:TakeShelter","theDruid:BloodiedFur","theDruid:AstralShield+1","theDruid:Starburst+1","theDruid:Resupply+1","theDruid:InsectSwarm+1","theDruid:FeralPlants+1","theDruid:HailofThorns","theDruid:BackupSupplies+1","theDruid:Resourcefulness+1","theDruid:ThornStrike","theDruid:Resourcefulness","Apotheosis","Mind Blast","Mayhem"],"relics":["theDruid:CrownOfTheWilds","EVO:Axolotl","Golden Idol","Happy Flower","Mango","Gremlin Horn","Runic Pyramid","Vajra","Regal Pillow","theDruid:PlagueMask","Mummified Hand","Sozu"],"acts_visited":["Exordium","TheCity","TheBeyond"],"potions_floor_usage":[16,18,20,22,31,31,33,39],"damage_taken":[{"damage":8,"enemies":"Jaw Worm","floor":1,"turns":3},{"damage":10,"enemies":"2 Louse","floor":2,"turns":3},{"damage":24,"enemies":"Gremlin Nob","floor":7,"turns":4},{"damage":1,"enemies":"Cultist","floor":11,"turns":3},{"damage":0,"enemies":"Exordium Thugs","floor":12,"turns":3},{"damage":6,"enemies":"Gremlin Gang","floor":13,"turns":4},{"damage":40,"enemies":"The Guardian","floor":16,"turns":8},{"damage":0,"enemies":"Spheric Guardian","floor":18,"turns":3},{"damage":5,"enemies":"Chosen","floor":19,"turns":5},{"damage":18,"enemies":"Centurion and Healer","floor":20,"turns":5},{"damage":4,"enemies":"Shelled Parasite and Fungi","floor":22,"turns":3},{"damage":21,"enemies":"Snake Plant","floor":24,"turns":2},{"damage":5,"enemies":"Sentry and Sphere","floor":25,"turns":3},{"damage":7,"enemies":"3 Cultists","floor":29,"turns":4},{"damage":12,"enemies":"Colosseum Slavers","floor":31,"turns":2},{"damage":17,"enemies":"Colosseum Nobs","floor":31,"turns":3},{"damage":34,"enemies":"Champ","floor":33,"turns":12},{"damage":19,"enemies":"Orb Walker","floor":35,"turns":3},{"damage":26,"enemies":"3 Shapes","floor":36,"turns":2},{"damage":37,"enemies":"2 Orb Walkers","floor":39,"turns":3}],"seed_played":"5651065452730986921","potions_obtained":[{"floor":11,"key":"MagicPotion:ReiMu"},{"floor":13,"key":"DuplicationPotion"},{"floor":16,"key":"PowerPotion"},{"floor":18,"key":"SkillPotion"},{"floor":20,"key":"SpeedPotion"},{"floor":25,"key":"PowerPotion"},{"floor":29,"key":"Energy Potion"},{"floor":33,"key":"GamblersBrew"}],"is_trial":false,"path_per_floor":["M","M","?","?","?","R","E","R","T","R","M","M","M","$","R","B",null,"M","M","M","$","M","R","M","M","T","R","?","M","?","?","R","B",null,"M","M","$","?","?"],"character_chosen":"DRUID","items_purchased":["Gremlin Horn","theDruid:PouncingStrike","Vajra","theDruid:ThornStrike","theDruid:Resourcefulness"],"campfire_rested":4,"item_purchase_floors":[14,14,21,37,37],"current_hp_per_floor":[68,58,47,47,47,69,45,45,59,86,85,85,79,79,79,39,90,90,85,67,67,63,90,69,64,64,90,90,83,83,54,54,24,90,71,45,45,35,0,0],"gold":329,"neow_bonus":"THREE_RARE_CARDS","is_daily":false,"chose_seed":false,"campfire_upgraded":3,"win_rate":0.0,"timestamp":1612542229,"path_taken":["M","M","?","?","?","R","E","R","T","R","M","?","?","?","R","BOSS","M","M","?","$","M","R","M","M","T","R","?","?","?","?","R","BOSS","M","M","$","?","?"],"items_purchased_type":["Relic","Card","Relic","Card","Card"],"build_version":"2020-12-22","purchased_purges":0,"victory":false,"max_hp_per_floor":[76,76,76,76,76,76,76,76,90,90,90,90,90,90,90,90,90,90,90,90,90,90,90,90,90,90,90,90,90,90,90,90,90,90,90,90,90,90,90,90],"card_choices":[{"not_picked":["theDruid:Restoration","theDruid:Mutilate"],"picked":"theDruid:Earthquake","floor":0},{"not_picked":["theDruid:Slingshot","theDruid:TwilightsCall"],"picked":"theDruid:Guidance","floor":1},{"not_picked":["theDruid:ExposingSlash","theDruid:LunarScythe"],"picked":"theDruid:FuriousSlash","floor":2},{"not_picked":["theDruid:ViralBites","theDruid:FuriousSlash"],"picked":"theDruid:BlessedStrike","floor":7},{"not_picked":["theDruid:ForestsSoul","theDruid:Forage"],"picked":"theDruid:IronClaw","floor":11},{"not_picked":["theDruid:Recoil","theDruid:BagofTricks"],"picked":"theDruid:Fortitude","floor":12},{"not_picked":["theDruid:Starburst","theDruid:ForestsSoul"],"picked":"theDruid:ThornStrike","floor":13},{"not_picked":["theDruid:CelestialSurge","theDruid:SerratedFlesh"],"picked":"theDruid:Restoration","floor":16},{"not_picked":["theDruid:Guidance","theDruid:Recoil"],"picked":"theDruid:Swipe+1","floor":18},{"not_picked":["theDruid:Guidance","theDruid:Swipe"],"picked":"theDruid:Resupply+1","floor":19},{"not_picked":["theDruid:Moonbeam+1","theDruid:BlessedStrike"],"picked":"theDruid:TakeShelter","floor":20},{"not_picked":["theDruid:Guidance","theDruid:Forage"],"picked":"theDruid:BloodiedFur","floor":22},{"not_picked":["theDruid:Entangle+1","theDruid:ForestGuard"],"picked":"theDruid:AstralShield+1","floor":24},{"not_picked":["theDruid:ExposingSlash","theDruid:ThornStrike"],"picked":"theDruid:Starburst+1","floor":25},{"not_picked":["theDruid:BloodiedFur","theDruid:Impale"],"picked":"theDruid:Resupply+1","floor":29},{"not_picked":["theDruid:AstralShield","theDruid:TwilightsCall"],"picked":"theDruid:FeralPlants+1","floor":31},{"not_picked":["theDruid:CelestialSurge","theDruid:HerbalismKit"],"picked":"theDruid:HailofThorns","floor":33},{"not_picked":["theDruid:Infestation","theDruid:AstralShield"],"picked":"theDruid:BackupSupplies+1","floor":35},{"not_picked":["theDruid:TwilightsCall","theDruid:PlagueClaw"],"picked":"theDruid:Resourcefulness+1","floor":36},{"not_picked":["Finesse","Blind"],"picked":"Apotheosis","floor":38},{"not_picked":["Dark Shackles","Swift Strike"],"picked":"Mind Blast","floor":38},{"not_picked":["Dramatic Entrance","Thinking Ahead"],"picked":"Mayhem","floor":38}],"player_experience":1239423,"relics_obtained":[{"floor":7,"key":"Happy Flower"},{"floor":9,"key":"Mango"},{"floor":26,"key":"Regal Pillow"},{"floor":31,"key":"theDruid:PlagueMask"},{"floor":31,"key":"Mummified Hand"}],"event_choices":[{"damage_healed":0,"gold_gain":75,"player_choice":"Gather Gold","damage_taken":11,"max_hp_gain":0,"max_hp_loss":0,"event_name":"World of Goop","floor":3,"gold_loss":0},{"cards_removed":["Pain"],"damage_healed":0,"gold_gain":0,"player_choice":"Forget","damage_taken":0,"max_hp_gain":0,"max_hp_loss":0,"event_name":"Living Wall","floor":4,"gold_loss":0},{"damage_healed":0,"gold_gain":0,"player_choice":"Take Wound","damage_taken":0,"relics_obtained":["Golden Idol"],"max_hp_gain":0,"max_hp_loss":0,"event_name":"Golden Idol","floor":5,"gold_loss":0,"cards_obtained":["Injury"]},{"cards_removed":["Injury"],"damage_healed":0,"gold_gain":0,"player_choice":"Removed Curses","damage_taken":0,"max_hp_gain":0,"max_hp_loss":0,"event_name":"Fountain of Cleansing","floor":28,"gold_loss":0},{"damage_healed":0,"gold_gain":0,"player_choice":"Read","damage_taken":0,"max_hp_gain":0,"max_hp_loss":0,"event_name":"The Library","floor":30,"gold_loss":0,"cards_obtained":["theDruid:InsectSwarm"]},{"damage_healed":0,"gold_gain":0,"player_choice":"Fight","damage_taken":0,"max_hp_gain":0,"max_hp_loss":0,"event_name":"Colosseum","floor":31,"gold_loss":0},{"damage_healed":0,"gold_gain":0,"player_choice":"Fought Nobs","damage_taken":0,"max_hp_gain":0,"max_hp_loss":0,"event_name":"Colosseum","floor":31,"gold_loss":0},{"damage_healed":0,"gold_gain":0,"player_choice":"Memory 3","damage_taken":10,"max_hp_gain":0,"max_hp_loss":0,"event_name":"SensoryStone","floor":38,"gold_loss":0},{"damage_healed":0,"gold_gain":0,"player_choice":"Fight","damage_taken":0,"max_hp_gain":0,"max_hp_loss":0,"event_name":"Mysterious Sphere","floor":39,"gold_loss":0}],"is_beta":false,"boss_relics":[{"not_picked":["Snecko Eye","Velvet Choker"],"picked":"Runic Pyramid"},{"not_picked":["Fusion Hammer","Busted Crown"],"picked":"Sozu"}],"items_purged_floors":[],"is_endless":false,"potions_floor_spawned":[11,13,16,18,20,25,29,33,35,36],"killed_by":"2 Orb Walkers","ascension_level":0}}