{"host":"skr63qsdfgeey3it","time":1612548956,"event":{"mods":["BaseMod","Colored Map","Hubris","Minty Spire (QoL Compilation)","Monster B Gone","Reliquary","Replay The Spire","Spicy Shops","StSLib"],"gold_per_floor":[112,131,142,161,180,180,180,180,180,27,27,58,58,72,72,143,143,158,158,177,177,23,23,23,23],"floor_reached":24,"language":"ENG","playtime":722,"items_purged":[],"score":333,"play_id":"0200dac4-feab-4173-8410-a0f34606a21e","local_time":"20210205121556","is_ascension_mode":true,"campfire_choices":[{"data":"Rampage","floor":6,"key":"SMITH"},{"floor":8,"key":"REST"},{"data":"Juggernaut","floor":11,"key":"SMITH"},{"data":"Bash","floor":13,"key":"SMITH"},{"data":"Iron Wave","floor":15,"key":"SMITH"},{"floor":23,"key":"REST"}],"circlet_count":0,"master_deck":["AscendersBane","Strike_R","Strike_R","Strike_R","Strike_R","Strike_R","Defend_R","Defend_R","Defend_R","Defend_R","Bash+1","Cleave","Blood for Blood","Ghostly Armor","Rampage+1","Juggernaut+1","Iron Wave+1","Berserk","ReplayReversal","Dual Wield"],"relics":["Burning Blood","NeowsBlessing","Nunchaku","reliquary:ExpiredCoupon","Vajra","hubris:Icosahedron","Replay:Mystery Machine"],"acts_visited":["Exordium","TheCity"],"potions_floor_usage":[5,12,16,20],"damage_taken":[{"damage":0,"enemies":"Cultist","floor":1,"turns":1},{"damage":0,"enemies":"Small Slimes","floor":2,"turns":1},{"damage":0,"enemies":"2 Louse","floor":3,"turns":1},{"damage":34,"enemies":"Exordium Wildlife","floor":4,"turns":6},{"damage":11,"enemies":"Blue Slaver","floor":5,"turns":4},{"damage":8,"enemies":"Replay:BlueRogue","floor":12,"turns":5},{"damage":11,"enemies":"Looter","floor":14,"turns":3},{"damage":23,"enemies":"The Guardian","floor":16,"turns":10},{"damage":17,"enemies":"Spheric Guardian","floor":18,"turns":5},{"damage":47,"enemies":"Shell Parasite","floor":20,"turns":6},{"damage":55,"enemies":"Gremlin Leader","floor":24,"turns":5}],"seed_played":"143159860797593121","potions_obtained":[{"floor":3,"key":"LifebloodPotion"},{"floor":4,"key":"LiquidBronze"},{"floor":5,"key":"BloodPotion"},{"floor":12,"key":"Energy Potion"}],"is_trial":false,"path_per_floor":["M","M","M","M","M","R","?","R","T","$","R","E","R","M","R","B",null,"M","?","M","?","$","R","E"],"character_chosen":"IRONCLAD","items_purchased":["Juggernaut","Replay:Mystery Machine"],"campfire_rested":2,"item_purchase_floors":[10,22],"current_hp_per_floor":[74,75,75,47,42,42,35,57,57,57,57,55,55,50,50,33,65,54,54,28,28,28,50,0,0],"gold":23,"neow_bonus":"THREE_ENEMY_KILL","is_daily":false,"chose_seed":false,"campfire_upgraded":4,"win_rate":0.0,"timestamp":1612548956,"path_taken":["M","?","?","?","M","R","?","R","T","$","R","E","R","M","R","BOSS","M","?","M","?","$","R","E"],"items_purchased_type":["Card","Relic"],"build_version":"2020-12-22","purchased_purges":0,"victory":false,"max_hp_per_floor":[75,75,75,75,75,75,75,75,75,75,75,75,75,75,75,75,75,75,75,75,75,75,75,75,75],"card_choices":[{"not_picked":["Flex","Sword Boomerang"],"picked":"Cleave","floor":1},{"not_picked":["ReplayTheSpireMod:LeadingStrike","Massacre"],"picked":"Blood for Blood","floor":2},{"not_picked":["Run Through","Headbutt","Wild Strike"],"picked":"SKIP","floor":3},{"not_picked":["Seeing Red","Twin Strike"],"picked":"Ghostly Armor","floor":4},{"not_picked":["Pummel","Headbutt"],"picked":"Rampage","floor":5},{"not_picked":["Second Wind","Sentinel","Twin Strike"],"picked":"SKIP","floor":12},{"not_picked":["Flex","Heavy Blade"],"picked":"Iron Wave","floor":14},{"not_picked":["hubris:StunningStrike","Eclipse"],"picked":"Berserk","floor":16},{"not_picked":["Headbutt","Pummel+1","Bloodletting"],"picked":"SKIP","floor":18},{"not_picked":["Sword Boomerang","Shrug It Off"],"picked":"Dual Wield","floor":20}],"player_experience":874529,"relics_obtained":[{"floor":9,"key":"reliquary:ExpiredCoupon"},{"floor":12,"key":"Vajra"}],"event_choices":[{"damage_healed":0,"gold_gain":0,"player_choice":"Success","damage_taken":7,"relics_obtained":["Nunchaku"],"max_hp_gain":0,"max_hp_loss":0,"event_name":"Scrap Ooze","floor":7,"gold_loss":0},{"damage_healed":0,"gold_gain":0,"player_choice":"Read","damage_taken":0,"max_hp_gain":0,"max_hp_loss":0,"event_name":"The Library","floor":19,"gold_loss":0,"cards_obtained":["ReplayReversal"]}],"is_beta":false,"boss_relics":[{"not_picked":["Ectoplasm","hubris:GrandSneckoEye","ReplayTheSpireMod:DimensionalGlitch"]}],"items_purged_floors":[],"is_endless":false,"potions_floor_spawned":[3,4,5,12],"killed_by":"Gremlin Leader","ascension_level":14}}