{"host":"dmtlrev5pkc1867p","time":1612548345,"event":{"mods":["BaseMod","Colored Map","Downfall","Hermit","Marisa¡]Ãú«B¡@Å]²z¨F¡^","Minty Spire (QoL Compilation)","Replay The Spire","StSLib","The Cursed","The Disciple","The Servant 0.9.4"],"gold_per_floor":[99,99,99,99,99,99,125,141,3,20,50,50,35,35,35,137,137,154,167,185,25,25,59,82,99,99,99,113,148,148,423,123,224,224,237,250,402,422,16,16,98,112,129,129,145,145,145,158,158,158,158,158,158,158],"floor_reached":52,"language":"ZHS","playtime":3331,"items_purged":[],"score":967,"play_id":"dd0dcc91-0744-4c14-aabe-ecbf6afd9036","local_time":"20210206020545","is_ascension_mode":true,"campfire_choices":[{"floor":15.0,"key":"REST"},{"floor":27.0,"key":"REST"},{"floor":30.0,"key":"RECALL"},{"floor":32.0,"key":"REST"},{"data":"Slimebound:CheckThePlaybook","floor":40.0,"key":"SMITH"},{"floor":47,"key":"REST"},{"data":"Sadistic Nature","floor":49,"key":"SMITH"}],"circlet_count":0,"master_deck":["Slimebound:Strike_Slimebound","Slimebound:Strike_Slimebound","Slimebound:Defend_Slimebound","Slimebound:Defend_Slimebound","Slimebound:Defend_Slimebound","Slimebound:Split","Slimebound:CorrosiveSpit","Slimebound:Gluttony","Slimebound:SlimeTap","Slimebound:SplitMire","Slimebound:TagTeam+1","Slimebound:Recycling","Slimebound:SplitSpecialist","Poisoned Strike","Bandage Up+1","Slimebound:Equalize","Slimebound:Equalize","Slimebound:MassRepurpose","Slimebound:HungryTackle+1","Slimebound:MassFeed","Clumsy","Shame","TheCursedMod:Dregs","Slimebound:Gluttony","Slimebound:SlimeSpikes+1","Slimebound:MassFeed","Slimebound:Schlurp","Slimebound:Recollect+1","Slimebound:ComboTackle","Slimebound:Equalize+1","Slimebound:ComboTackle","Slimebound:Schlurp+1","Slimebound:ItLooksTasty+1","Slimebound:Replication+1","Slimebound:TongueLash+1","Slimebound:CheckThePlaybook+1","Regret","Slimebound:FirmFortitude","Slimebound:ComboTackle+1","Slimebound:SplitBruiser+1","Slimebound:FlameTackle+1","Slimebound:SelfFormingGoo","Slimebound:LevelUp","Sadistic Nature+1","Slimebound:Equalize","Slimebound:Schlurp+1","Poisoned Strike","ReplayTheSpireMod:Faulty Equipment","Slimebound:LeadByExample+1","Slimebound:Dissolve","Slimebound:PressTheAttack+1","Slimebound:SplitMire+1","Slimebound:SplitMire","Slimebound:SplitLeeching+1","Slimebound:MinionMaster","Slimebound:PressTheAttack+1"],"relics":["Slimebound:AbsorbEndCombat","downfall:HeartsMalice","Regal Pillow","ReplayTheSpireMod:ShopPack","Lizard Tail","Replay:Ancient Bell","Orichalcum","Blue Candle","Prayer Wheel","Slimebound:SelfDamagePreventRelic","Red Mask","Simple Rune","Whetstone","downfall:HeartBlessingRed","downfall:HeartBlessingGreen","downfall:HeartBlessingBlue","Cursed Key","Eternal Feather","Molten Egg 2"],"acts_visited":["TheCity","TheBeyond","TheEnding"],"potions_floor_usage":[50],"damage_taken":[{"damage":0.0,"enemies":"Small Slimes","floor":1.0,"turns":1.0},{"damage":0.0,"enemies":"Jaw Worm","floor":2.0,"turns":1.0},{"damage":0.0,"enemies":"2 Louse","floor":3.0,"turns":1.0},{"damage":24.0,"enemies":"Lots of Slimes","floor":8.0,"turns":3.0},{"damage":2.0,"enemies":"downfall:FleeingMerchant","floor":9.0,"turns":4.0},{"damage":18.0,"enemies":"Exordium Thugs","floor":10.0,"turns":6.0},{"damage":34.0,"enemies":"Gremlin Nob","floor":11.0,"turns":4.0},{"damage":5.0,"enemies":"downfall:FleeingMerchant","floor":13.0,"turns":4.0},{"damage":19.0,"enemies":"DF_ARCHETYPE_STREAMLINE","floor":16.0,"turns":6.0},{"damage":16.0,"enemies":"Chosen","floor":18.0,"turns":5.0},{"damage":13.0,"enemies":"3 Byrds","floor":19.0,"turns":4.0},{"damage":9.0,"enemies":"Cultist and Chosen","floor":20.0,"turns":4.0},{"damage":17.0,"enemies":"downfall:FleeingMerchant","floor":21.0,"turns":4.0},{"damage":18.0,"enemies":"Masked Bandits","floor":23.0,"turns":4.0},{"damage":50.0,"enemies":"Snecko","floor":25.0,"turns":7.0},{"damage":21.0,"enemies":"Shelled Parasite and Fungi","floor":28.0,"turns":4.0},{"damage":32.0,"enemies":"Slavers","floor":29.0,"turns":5.0},{"damage":84.0,"enemies":"SI_MIRROR_ARCHETYPE","floor":33.0,"turns":11.0},{"damage":40.0,"enemies":"3 Darklings","floor":35.0,"turns":6.0},{"damage":8.0,"enemies":"3 Shapes","floor":36.0,"turns":5.0},{"damage":17.0,"enemies":"downfall:FleeingMerchant","floor":37.0,"turns":4.0},{"damage":60.0,"enemies":"Jaw Worm Horde","floor":38.0,"turns":5.0},{"damage":42.0,"enemies":"Spire Growth","floor":42.0,"turns":4.0},{"damage":22.0,"enemies":"Sphere and 2 Shapes","floor":43.0,"turns":5.0},{"damage":46,"enemies":"Writhing Mass","floor":45,"turns":5},{"damage":3,"enemies":"Maw","floor":48,"turns":5},{"damage":92,"enemies":"IC_BLOCK_ARCHETYPE","floor":50,"turns":10},{"damage":93,"enemies":"downfall:CharBossMerchant","floor":52,"turns":6}],"seed_played":"3478960157217157850","potions_obtained":[{"floor":8.0,"key":"Explosive Potion"},{"floor":10.0,"key":"Dexterity Potion"},{"floor":16.0,"key":"EssenceOfSteel"},{"floor":19.0,"key":"Explosive Potion"},{"floor":20.0,"key":"Venom Potion"},{"floor":25.0,"key":"DistilledChaos"},{"floor":29.0,"key":"Block Potion"},{"floor":35.0,"key":"champ:CounterPotion"},{"floor":36.0,"key":"LiquidBronze"},{"floor":48,"key":"PowerPotion"}],"is_trial":false,"path_per_floor":["M","M","M","?","?","?","T","M","$","M","E","?","$","?","R","B",null,"M","M","M","$","?","?","T","M","?","R","M","E","R","?","R","B",null,"M","M","$","M","$","R","T","M","M","?","M","?","R","M","R","B",null,"E"],"character_chosen":"SLIMEBOUND","items_purchased":["ReplayTheSpireMod:ShopPack","Slimebound:SelfDamagePreventRelic","Sadistic Nature","Poisoned Strike","Eternal Feather"],"campfire_rested":4,"item_purchase_floors":[9,21,37,39,39],"current_hp_per_floor":[65,65,65,65,65,65,65,47,53,59,31,31,48,48,65,65,65,58,64,67,63,63,52,52,16,16,52,39,43,43,43,87,39,87,77,77,83,49,49,76,76,66,72,72,38,38,93,90,93,17,93,10,10,10],"gold":158,"neow_bonus":"THREE_ENEMY_KILL","is_daily":false,"chose_seed":false,"campfire_upgraded":2,"win_rate":0.0,"timestamp":1612548345,"path_taken":["M","M","M","?","?","?","T","?","?","M","E","?","$","?","R","BOSS","M","M","M","$","?","?","T","M","?","R","M","E","R","?","R","BOSS","BOSS","M","M","$","?","$","R","T","M","M","?","M","?","R","M","R","BOSS","E"],"items_purchased_type":["Relic","Relic","Card","Card","Relic"],"build_version":"2020-12-22","purchased_purges":0,"victory":false,"max_hp_per_floor":[65,65,65,65,65,65,65,65,65,65,65,65,65,65,65,65,65,65,68,68,68,68,71,71,71,71,71,71,77,77,77,87,87,87,90,90,93,93,93,93,93,93,93,93,93,93,93,93,93,93,93,93,93,93],"card_choices":[{"not_picked":["Slimebound:Dissolve","Slimebound:LevelUp"],"picked":"Slimebound:Gluttony","floor":1.0},{"not_picked":["Slimebound:GoopTackle","Slimebound:FinishingTackle"],"picked":"Slimebound:SlimeTap","floor":2.0},{"not_picked":["Slimebound:GoopTackle","Slimebound:LivingWall"],"picked":"Slimebound:SplitMire","floor":3.0},{"not_picked":["Slimebound:RollThrough","Slimebound:SplitLeeching"],"picked":"Slimebound:Recycling","floor":8.0},{"not_picked":["Slimebound:RejuvenatingLick","Slimebound:SplitLeeching"],"picked":"Slimebound:SplitSpecialist","floor":9.0},{"not_picked":["Metamorphosis","Secret Technique"],"picked":"Poisoned Strike","floor":9.0},{"not_picked":["ReplayTheSpireMod:Uncanny Aura","Jack Of All Trades"],"picked":"Finesse","floor":9.0},{"not_picked":["Impatience","Jack Of All Trades"],"picked":"Bandage Up","floor":9.0},{"not_picked":["Slimebound:GrowthPunch","Slimebound:SplitMire"],"picked":"Slimebound:Equalize","floor":10.0},{"not_picked":["Slimebound:SplitMire","Slimebound:LevelUp"],"picked":"Slimebound:Equalize","floor":11.0},{"not_picked":["Slimebound:SplitLeeching","Slimebound:SamplingLick"],"picked":"Slimebound:MassRepurpose","floor":13.0},{"not_picked":["Slimebound:WasteNot","Slimebound:RallyTheTroops"],"picked":"Slimebound:MassFeed","floor":16.0},{"not_picked":["downfall:Bewildered","Wraith"],"picked":"Clumsy","floor":17.0},{"not_picked":["ReplayTheSpireMod:Faulty Equipment","Replay:Hysterical Blindness"],"picked":"Shame","floor":17.0},{"not_picked":["Shame","ReplayTheSpireMod:Splinters"],"picked":"TheCursedMod:Dregs","floor":17.0},{"not_picked":["Slimebound:DivideAndConquer+1","Slimebound:SamplingLick+1"],"picked":"Slimebound:Gluttony","floor":18.0},{"not_picked":["Slimebound:SplitAcid","Slimebound:RollThrough"],"picked":"Slimebound:SlimeSpikes+1","floor":18.0},{"not_picked":["Slimebound:BestDefense","Slimebound:ForwardTackle+1"],"picked":"Slimebound:MassFeed","floor":19.0},{"not_picked":["Slimebound:Chomp","Slimebound:ServeAndProtect+1"],"picked":"Slimebound:Schlurp","floor":19.0},{"not_picked":["Slimebound:RollThrough","Slimebound:PressTheAttack"],"picked":"Slimebound:Recollect+1","floor":20.0},{"not_picked":["Slimebound:PressTheAttack","Slimebound:HungryTackle"],"picked":"Slimebound:ComboTackle","floor":20.0},{"not_picked":["Slimebound:GrowthPunch+1","Slimebound:RejuvenatingLick"],"picked":"Slimebound:Equalize","floor":21.0},{"not_picked":["Slimebound:PressTheAttack","Slimebound:HungryTackle"],"picked":"Slimebound:ComboTackle","floor":23.0},{"not_picked":["Slimebound:SlimeBrawl","Slimebound:PressTheAttack"],"picked":"Slimebound:Schlurp+1","floor":25.0},{"not_picked":["Slimebound:GoopTackle","Slimebound:PressTheAttack+1"],"picked":"Slimebound:ItLooksTasty+1","floor":25.0},{"not_picked":["Slimebound:HungryTackle","Slimebound:Gluttony"],"picked":"Slimebound:Replication+1","floor":28.0},{"not_picked":["Slimebound:Chomp+1","Slimebound:SplitMire"],"picked":"Slimebound:TongueLash+1","floor":28.0},{"not_picked":["Slimebound:Replication","Slimebound:SlimeTap+1"],"picked":"Slimebound:CheckThePlaybook","floor":29.0},{"not_picked":["Slimebound:MassFeed","Slimebound:TagTeam"],"picked":"Slimebound:FirmFortitude","floor":33.0},{"not_picked":["Slimebound:LeechEnergy","Slimebound:LeechingTouch"],"picked":"Slimebound:ComboTackle+1","floor":35.0},{"not_picked":["Slimebound:GoopTackle","Slimebound:ItLooksTasty+1"],"picked":"Slimebound:SplitBruiser+1","floor":35.0},{"not_picked":["Slimebound:Schlurp","Slimebound:HauntingLick+1"],"picked":"Slimebound:FlameTackle+1","floor":36.0},{"not_picked":["Slimebound:Nibble+1","Slimebound:SplitAcid"],"picked":"Slimebound:SelfFormingGoo","floor":36.0},{"not_picked":["Slimebound:SplitMire+1","Slimebound:LeechingTouch"],"picked":"Slimebound:LevelUp","floor":37.0},{"not_picked":["Slimebound:LevelUp","Slimebound:FinishingTackle+1"],"picked":"Slimebound:Equalize","floor":38.0},{"not_picked":["Slimebound:Prepare+1","Slimebound:LivingWall+1"],"picked":"Slimebound:Schlurp+1","floor":38.0},{"not_picked":["Slimebound:MinionMaster","Slimebound:LeechingTouch+1"],"picked":"Slimebound:LeadByExample+1","floor":42.0},{"not_picked":["Slimebound:SplitMire+1","Slimebound:FinishingTackle+1"],"picked":"Slimebound:Dissolve","floor":42.0},{"not_picked":["Slimebound:ComboTackle+1","Slimebound:Dissolve"],"picked":"Slimebound:PressTheAttack+1","floor":43.0},{"not_picked":["Slimebound:Nibble+1","Slimebound:GoopTackle+1"],"picked":"Slimebound:SplitMire+1","floor":43.0},{"not_picked":["Slimebound:GoopTackle+1","Slimebound:SplitBruiser+1"],"picked":"Slimebound:SplitMire","floor":45},{"not_picked":["Slimebound:HauntingLick+1","Slimebound:GrowthPunch+1"],"picked":"Slimebound:SplitLeeching+1","floor":45},{"not_picked":["Slimebound:SamplingLick+1","Slimebound:DivideAndConquer+1"],"picked":"Slimebound:MinionMaster","floor":48},{"not_picked":["Slimebound:ForwardTackle+1","Slimebound:Chomp+1"],"picked":"Slimebound:PressTheAttack+1","floor":48}],"player_experience":590441,"relics_obtained":[{"floor":7.0,"key":"Regal Pillow"},{"floor":11.0,"key":"Lizard Tail"},{"floor":23.0,"key":"Red Mask"},{"floor":29.0,"key":"Whetstone"},{"floor":41.0,"key":"Molten Egg 2"}],"event_choices":[{"cards_removed":["Slimebound:Tackle"],"damage_healed":0.0,"max_hp_gain":0.0,"max_hp_loss":0.0,"gold_gain":0.0,"event_name":"Bonfire Elementals","player_choice":"Offered Basic","floor":6.0,"gold_loss":0.0,"damage_taken":0.0},{"damage_healed":0.0,"max_hp_gain":0.0,"max_hp_loss":0.0,"gold_gain":0.0,"event_name":"Living Wall","player_choice":"Grow","floor":12.0,"gold_loss":0.0,"damage_taken":0.0,"cards_upgraded":["Bandage Up"]},{"damage_healed":0.0,"max_hp_gain":0.0,"max_hp_loss":0.0,"gold_gain":0.0,"event_name":"Ghosts","player_choice":"Ignored","floor":22.0,"gold_loss":0.0,"damage_taken":0.0},{"damage_healed":0.0,"max_hp_gain":0.0,"max_hp_loss":0.0,"gold_gain":0.0,"event_name":"Masked Bandits","player_choice":"Fought Bandits","floor":23.0,"gold_loss":0.0,"damage_taken":0.0},{"damage_healed":0.0,"max_hp_gain":0.0,"max_hp_loss":0.0,"gold_gain":0.0,"event_name":"Mysterious Sphere","player_choice":"Ignored","floor":44.0,"gold_loss":0.0,"damage_taken":0.0},{"cards_removed":["Finesse"],"damage_healed":0,"gold_gain":0,"player_choice":"Removed Skill","damage_taken":0,"max_hp_gain":0,"max_hp_loss":0,"event_name":"Falling","floor":46,"gold_loss":0}],"is_beta":false,"boss_relics":[{"not_picked":["Ring of Chaos","Black Star"],"picked":"Replay:Ancient Bell"},{"not_picked":["Grinning Jar","Replay:Baseball"],"picked":"Orichalcum"},{"not_picked":["Replay:Bottled Snecko","Kunai"],"picked":"Blue Candle"},{"not_picked":["Torii","Durian"],"picked":"Prayer Wheel"},{"not_picked":["Pandora\u0027s Box","bronze:MakeshiftBattery"],"picked":"Cursed Key"}],"items_purged_floors":[],"is_endless":false,"potions_floor_spawned":[8,10,16,19,20,25,29,35,36,48],"killed_by":"downfall:CharBossMerchant","ascension_level":4}}