{"host":"17xjy7b7ubl548g2","time":1612493225,"event":{"mods":["2.2 Compatiblity","Act Like it!","Aspiration","Astrologer","Bard","BaseMod","Challenge The Spire","ChefMod","Colored Map","Colored Powertips","Conspire","Elementarium","Energized Spire","Gensokyo","GifTheSpireLib","Halation","Hallownest","Hermit","Hubris","Infinite Spire","Jedi Mod","Jorbs\u0027s Wanderer Trilogy","Marisa（霧雨　魔理沙）","Marked Mod","Menagerie","Minty Spire (QoL Compilation)","Permanent Neow","Reliquary","Replay The Spire","Robot Space Explorer","Spicy Shops","Spire Arcade","StSLib","Stuff the Spire","The Blue Laboratory","The Bug Knight","The Construct","The Disciple","The Hayseed","The Hierophant","The Marked","The Runesmith","The Sage","TheFirefly"],"gold_per_floor":[116,136,136,136,38,38,64,80,106,106,123,148,148,7,7,104,104,117,128,128,140,160,188,188,208,208,243,243,243,243,243,243,344,344,363,383,407,407,420,420,432,445,490,520,520,539,539,37,37,37],"floor_reached":51,"language":"ENG","playtime":6614,"items_purged":["bard:Strike"],"score":967,"play_id":"eb58e254-9e80-4c3f-8349-cee33bc74e78","local_time":"20210204214705","is_ascension_mode":true,"campfire_choices":[{"data":"bard:Inspire","floor":6,"key":"SMITH"},{"data":"bard:Blink","floor":10,"key":"SMITH"},{"data":"bard:HideousLaughter","floor":13,"key":"SMITH"},{"data":"bard:Wish","floor":15,"key":"SMITH"},{"data":"bard:SplendidForm","floor":24,"key":"SMITH"},{"floor":28,"key":"DIG"},{"floor":30,"key":"DIG"},{"floor":32,"key":"DIG"},{"floor":40,"key":"DIG"},{"floor":45,"key":"DIG"},{"data":"bard:Balestra","floor":47,"key":"SMITH"},{"floor":49,"key":"DIG"}],"circlet_count":0,"master_deck":["bard:Defend","bard:Defend","bard:Defend","bard:Inspire+1","bard:ReverseGravity","bard:Aphasia+1","bard:Heroism","bard:ViciousMockery","bard:Blink+1","bard:Fermata","bard:HideousLaughter+1","bard:Flourish","bard:Shout+1","bard:SplendidForm+1","bard:LifeDrain","bard:FeastOnFear+1","bard:PhantasmalForce+1","bard:TinyHut+1","bard:Heroism+1","bard:Greatness+1","StuffTheSpire:Injection","Flechettes","Bouncing Flask+1","bard:Haste+1","bard:GlyphOfWarding","bard:TinyHut+1","bard:Invisibility+1","bard:EchoEcho+1","bard:Balestra+1","bard:SixFourTime","bard:Riposte","bard:LocateObject+1","bard:Shifting+1","bard:Parry+1","bard:EchoEcho+1"],"relics":["bard:PitchPipe","bard:BagPipes","Hallownest:DreamNailRelic","Replay:Rubber Ducky","Strawberry","halation:OrihimeAndHikoboshiSamaAndTears","SlaversCollar","Toxic Egg 2","reliquary:TatteredRug","StuffTheSpire:MayFlowers","Shovel","reliquary:PorcupineQuills","Replay:Baseball","reliquary:Stiletto","halation:Prosthetics","Pet Ghost","hubris:Icosahedron","Anchor","Omamori","construct:FoamFinger","StuffTheSpire:Mouthbags","Molten Egg 2","Bag of Marbles","Garlic"],"acts_visited":["Exordium","Hallownest:Greenpath","Hallownest:CityofTears"],"potions_floor_usage":[7,12,23,27,36,39,50,50],"damage_taken":[{"damage":6,"enemies":"2_ Uuma","floor":1,"turns":6},{"damage":3,"enemies":"Hallownest:monsterHuskGuard","floor":2,"turns":3},{"damage":5,"enemies":"Hallownest:eliteVengeflyKing","floor":7,"turns":4},{"damage":0,"enemies":"Hallownest:2_MossCreeps","floor":8,"turns":2},{"damage":4,"enemies":"Hallownest:1_Baldur_1_Crawlid_1_Warrior","floor":11,"turns":5},{"damage":0,"enemies":"Hallownest:eliteMossKnight","floor":12,"turns":11},{"damage":1,"enemies":"Hallownest:BossFalseKnight","floor":16,"turns":9},{"damage":0,"enemies":"Hallownest:2_Mistakes","floor":18,"turns":8},{"damage":5,"enemies":"Hallownest:3_Youths","floor":19,"turns":5},{"damage":0,"enemies":"Hallownest:monsterMisterMushroom","floor":21,"turns":5},{"damage":7,"enemies":"Hallownest:3_Mistakes","floor":22,"turns":5},{"damage":0,"enemies":"Nightmare","floor":23,"turns":5},{"damage":3,"enemies":"Hallownest:Warrior_and_Youth","floor":25,"turns":5},{"damage":1,"enemies":"Hallownest:eliteWatcherKnight","floor":27,"turns":12},{"damage":16,"enemies":"Hallownest:BossGrimm","floor":33,"turns":7},{"damage":0,"enemies":"Hallownest:3_Siblings","floor":35,"turns":10},{"damage":3,"enemies":"Hallownest:2_Littles","floor":36,"turns":5},{"damage":26,"enemies":"Hallownest:Slobbering_and_Violent","floor":39,"turns":6},{"damage":0,"enemies":"Hallownest:monsterPrimalAspid","floor":41,"turns":7},{"damage":0,"enemies":"Hallownest:2_Wandering_and_1_Horned","floor":42,"turns":9},{"damage":5,"enemies":"Hallownest:eliteHiveKnight","floor":44,"turns":6},{"damage":0,"enemies":"Hallownest:2_Great","floor":46,"turns":4},{"damage":0,"enemies":"Hallownest:Radiance","floor":50,"turns":6}],"seed_played":"7928394095080963629","potions_obtained":[{"floor":1,"key":"SkillPotion"},{"floor":2,"key":"Explosive Potion"},{"floor":12,"key":"SteroidPotion"},{"floor":18,"key":"jedi:tentaclejuice"},{"floor":21,"key":"LiquidMemories"},{"floor":25,"key":"blueLaboratory:FrostheartPotion"},{"floor":33,"key":"SkillPotion"},{"floor":36,"key":"conspire:TimeTravelPotion"},{"floor":39,"key":"blueLaboratory:Moonshine"}],"is_trial":false,"path_per_floor":["M","M","?","?","$","R","E","M","T","R","M","E","R","$","R","B",null,"M","M","?","M","M","NM","R","M","T","E","R","?","R","?","R","B",null,"M","M","T","?","M","R","M","M","T","E","R","M","R","$","R","B",null],"character_chosen":"BARD","items_purchased":["bard:ViciousMockery","bard:Flourish","bard:Wish","Molten Egg 2","bard:Shifting+1","Bag of Marbles","bard:Parry+1","bard:EchoEcho+1"],"campfire_rested":0,"item_purchase_floors":[5,14,14,48,48,48,48,48],"current_hp_per_floor":[64,61,61,61,61,61,56,56,63,63,59,59,59,59,59,58,77,77,72,72,72,65,65,65,62,62,67,67,67,67,67,67,56,42,42,39,39,39,37,37,42,42,42,40,40,40,40,40,40,42],"gold":37,"neow_bonus":"ONE_RANDOM_RARE_CARD","is_daily":false,"chose_seed":false,"campfire_upgraded":6,"win_rate":0.0,"timestamp":1612493225,"path_taken":["M","M","?","?","?","R","E","M","T","R","?","E","R","$","R","BOSS","M","?","?","M","?","NM","R","M","T","E","R","?","R","?","R","BOSS","M","M","?","?","?","R","M","M","T","E","R","M","R","$","R","BOSS"],"items_purchased_type":["Card","Card","Card","Relic","Card","Relic","Card","Card"],"build_version":"2020-12-22","purchased_purges":1,"victory":true,"max_hp_per_floor":[70,70,70,70,70,70,70,70,77,77,77,77,77,77,77,77,77,77,77,77,77,77,77,77,77,77,77,77,77,77,77,77,77,42,42,42,42,42,42,42,42,42,42,42,42,42,42,42,42,42],"card_choices":[{"not_picked":["bard:Fermata","bard:QuickSong"],"picked":"bard:Aphasia","floor":1},{"not_picked":["bard:Fermata","bard:LingeringEcho"],"picked":"bard:Heroism","floor":2},{"not_picked":["bard:Greatness","bard:Heroism"],"picked":"bard:Blink","floor":7},{"not_picked":["bard:PrismaticSpray","bard:Rest"],"picked":"bard:Fermata","floor":8},{"not_picked":["bard:TinyHut","bard:QuickSong","bard:Sift"],"picked":"SKIP","floor":11},{"not_picked":["bard:TinyHut","bard:InspiringSong"],"picked":"bard:HideousLaughter","floor":12},{"not_picked":["bard:Focused","bard:Rhapsody"],"picked":"bard:SplendidForm","floor":16},{"not_picked":["bard:HideousLaughter","bard:Sift","bard:Fermata"],"picked":"SKIP","floor":18},{"not_picked":["bard:GlyphOfWarding","bard:QuickSong"],"picked":"bard:LifeDrain","floor":19},{"not_picked":["bard:Thunderwave+1","bard:BucklerBash+1"],"picked":"bard:FeastOnFear+1","floor":21},{"not_picked":["bard:SongBolt","bard:PrismaticSpray+1"],"picked":"bard:PhantasmalForce+1","floor":22},{"not_picked":["bard:StudiedStrike","bard:HarmoniousVoice"],"picked":"bard:TinyHut+1","floor":23},{"not_picked":["bard:SixFourTime","bard:EchoEcho"],"picked":"bard:Heroism+1","floor":25},{"not_picked":["bard:Fermata+1","bard:SixFourTime"],"picked":"bard:Greatness+1","floor":27},{"not_picked":["bard:DeathMetal","bard:Encore+1"],"picked":"bard:Haste+1","floor":33},{"not_picked":["bard:Fermata+1","bard:Gamble+1"],"picked":"bard:GlyphOfWarding","floor":35},{"not_picked":["bard:BucklerBash","bard:QuickSong+1"],"picked":"bard:TinyHut+1","floor":36},{"not_picked":["bard:PrismaticSpray+1","bard:SongBolt"],"picked":"bard:Invisibility+1","floor":39},{"not_picked":["bard:CuttingWords+1","bard:Fermata+1"],"picked":"bard:EchoEcho+1","floor":41},{"not_picked":["bard:SongBolt","bard:CuttingWords+1"],"picked":"bard:Balestra","floor":42},{"not_picked":["bard:Gamble+1","bard:Sift+1"],"picked":"bard:SixFourTime","floor":44},{"not_picked":["bard:Parry+1","bard:MnemonicVestments+1"],"picked":"bard:LocateObject+1","floor":46}],"player_experience":2059916,"relics_obtained":[{"floor":7,"key":"Replay:Rubber Ducky"},{"floor":9,"key":"Strawberry"},{"floor":12,"key":"halation:OrihimeAndHikoboshiSamaAndTears"},{"floor":23,"key":"reliquary:TatteredRug"},{"floor":26,"key":"StuffTheSpire:MayFlowers"},{"floor":27,"key":"Shovel"},{"floor":28,"key":"reliquary:PorcupineQuills"},{"floor":30,"key":"Replay:Baseball"},{"floor":32,"key":"reliquary:Stiletto"},{"floor":37,"key":"Pet Ghost"},{"floor":40,"key":"Anchor"},{"floor":43,"key":"Omamori"},{"floor":44,"key":"construct:FoamFinger"},{"floor":45,"key":"StuffTheSpire:Mouthbags"},{"floor":49,"key":"Garlic"}],"event_choices":[],"is_beta":false,"boss_relics":[{"not_picked":["Empty Cage","StuffTheSpire:RunicConfusion"],"picked":"SlaversCollar"},{"not_picked":["halation:Risk","hubris:CrackedHourglass"],"picked":"halation:Prosthetics"}],"items_purged_floors":[5],"is_endless":false,"potions_floor_spawned":[1,2,12,18,21,25,33,36,39,46],"ascension_level":4}}