{"host":"jfbo3eu2ui08ej1u","time":1612491287,"event":{"mods":["2.2 Compatiblity","AchievementEnabler","Act Like it!","Aspiration","BaseMod","Better Altar","Better Match","Better Note","Better Sensory Stone","Better Skull","Better Third Choice","Block Reminder","Colored Map","Colored Powertips","Conspire","DeckTracker","Displayed Cursed Tome","Energized Spire","Fox Events","GifTheSpireLib","Hermit","Hubris","Infinite Spire","Marked Mod","Minty Spire (QoL Compilation)","Monster B Gone","Pale of the Ancients","Poor People Problems","Quick Restart","Relic Filter","Reliquary","Reorder Act Four","Replay The Spire","Shop Mod","Spicy Shops","Spire Arcade","StSLib","Stuff the Spire","The Blue Laboratory","The Disciple","The Forsaken","The Hierophant","The Marked","Uncapped","Unceasing Turn Reminder","Wandering Minibosses"],"gold_per_floor":[114,124,144,162,88,113,113,147,200,217,217,243,256,256,256,351,351,365,348,348,348],"floor_reached":20,"language":"ENG","playtime":1094,"items_purged":[],"score":216,"play_id":"3b00f622-a99f-4a2d-be4e-95047dcb35ae","local_time":"20210204211447","is_ascension_mode":true,"campfire_choices":[{"data":"hermit:Shortfuse","floor":7.0,"key":"SMITH"},{"floor":11,"key":"REST"},{"floor":15,"key":"REST"}],"circlet_count":0,"master_deck":["hermit:Strike_Hermit","hermit:Strike_Hermit","hermit:Strike_Hermit","hermit:Defend_Hermit","hermit:Defend_Hermit","hermit:Defend_Hermit","hermit:Defend_Hermit","hermit:Snapshot","hermit:Covet","hermit:Manifest+1","hermit:Brawl","hermit:Shortfuse+1","hermit:Showdown","hermit:Coalescence","hermit:WideOpen","hermit:Brawl","hermit:RoundhouseKick","hermit:FullyLoaded","hermit:BodyArmor"],"relics":["hermit:Momento","Juzu Bracelet","ReplayTheSpireMod:TigerMarble","Lantern","Replay:Bottled Steam","Painkiller Herb"],"acts_visited":["Exordium","TheCity"],"potions_floor_usage":[8,8,16,19],"damage_taken":[{"damage":5.0,"enemies":"Small Slimes","floor":1.0,"turns":3.0},{"damage":0.0,"enemies":"Cultist","floor":2.0,"turns":4.0},{"damage":2.0,"enemies":"2 Louse","floor":3.0,"turns":3.0},{"damage":13.0,"enemies":"Lots of Slimes","floor":4.0,"turns":4.0},{"damage":18.0,"enemies":"3 Sentries","floor":6.0,"turns":7.0},{"damage":25,"enemies":"Gremlin Nob","floor":8,"turns":4},{"damage":7,"enemies":"Large Slime","floor":10,"turns":7},{"damage":5,"enemies":"Lagavulin","floor":12,"turns":6},{"damage":0,"enemies":"Red Slaver","floor":13,"turns":2},{"damage":2,"enemies":"Fading Forest","floor":16,"turns":11},{"damage":41,"enemies":"3 Byrds","floor":18,"turns":6},{"damage":18,"enemies":"2 Thieves","floor":19,"turns":4},{"damage":20,"enemies":"Shelled Parasite and Fungi","floor":20,"turns":4}],"seed_played":"-7133817338421864079","potions_obtained":[{"floor":1.0,"key":"infinitespire:BlackPotion"},{"floor":4.0,"key":"blueLaboratory:HeartbeatPotion"},{"floor":6.0,"key":"Explosive Potion"},{"floor":13,"key":"Dexterity Potion"},{"floor":16,"key":"SpeedPotion"},{"floor":19,"key":"blueLaboratory:SavagePotion"}],"is_trial":false,"path_per_floor":["M","M","M","M","$","E","R","E","T","M","R","E","M","?","R","B",null,"?","?","?"],"character_chosen":"HERMIT","items_purchased":["hermit:Coalescence"],"campfire_rested":2,"item_purchase_floors":[5],"current_hp_per_floor":[70,70,68,55,55,37,37,12,12,5,27,22,22,22,44,52,75,34,16,0,0],"gold":348,"neow_bonus":"REMOVE_CARD","is_daily":false,"chose_seed":false,"campfire_upgraded":1,"win_rate":0.0,"timestamp":1612491287,"path_taken":["M","M","M","M","$","E","R","E","T","M","R","E","M","?","R","BOSS","?","?","?"],"items_purchased_type":["Card"],"build_version":"2020-12-22","purchased_purges":0,"victory":false,"max_hp_per_floor":[75,75,75,75,75,75,75,75,75,75,75,75,75,75,75,75,75,75,75,75,75],"card_choices":[{"not_picked":["hermit:HoleUp","hermit:SprayPray"],"picked":"hermit:Manifest","floor":1.0},{"not_picked":["hermit:LuckOfTheDraw","hermit:Desperado"],"picked":"hermit:Brawl","floor":2.0},{"not_picked":["hermit:Coalescence","hermit:GhostlyPresence"],"picked":"hermit:Shortfuse","floor":3.0},{"not_picked":["hermit:ShadowCloak","hermit:TakeAim"],"picked":"hermit:Showdown","floor":4.0},{"not_picked":["hermit:Ricochet","hermit:BodyArmor","hermit:Dissolve"],"picked":"SKIP","floor":6.0},{"not_picked":["hermit:Grudge","hermit:BigShot","hermit:GhostlyPresence"],"picked":"SKIP","floor":8},{"not_picked":["hermit:Ricochet","hermit:Spite"],"picked":"hermit:WideOpen","floor":10},{"not_picked":["hermit:CalledShot","hermit:LoneWolf"],"picked":"hermit:Brawl","floor":12},{"not_picked":["hermit:Ricochet","hermit:Misfire","hermit:Virtue"],"picked":"SKIP","floor":13},{"not_picked":["hermit:Roughhouse","hermit:FatalDesire"],"picked":"hermit:RoundhouseKick","floor":16},{"not_picked":["hermit:TrackingShot","hermit:Roulette+1"],"picked":"hermit:FullyLoaded","floor":18},{"not_picked":["hermit:Headshot","hermit:OverwhelmingPower"],"picked":"hermit:BodyArmor","floor":19}],"player_experience":1294358,"relics_obtained":[{"floor":6.0,"key":"Juzu Bracelet"},{"floor":8,"key":"ReplayTheSpireMod:TigerMarble"},{"floor":9,"key":"Lantern"},{"floor":12,"key":"Replay:Bottled Steam"}],"event_choices":[],"is_beta":false,"boss_relics":[{"not_picked":["conspire:SeveredTorchhead","Ectoplasm"],"picked":"Painkiller Herb"}],"items_purged_floors":[],"is_endless":false,"potions_floor_spawned":[1,4,6,13,16,19],"killed_by":"Shelled Parasite and Fungi","ascension_level":2}}