{"host":"v9oq5ccz01n9mezq","time":1612487019,"event":{"mods":["BaseMod","Colored Map","Minty Spire (QoL Compilation)","Relic Stats"],"gold_per_floor":[115,135,135,153,169,196,196,228,228,228,261,11,30,46,46,143,143,155,174,174,188,213,213,248,274,342,342,342,376,376,390,390,486,486,505,555,95,123,134,462,487,247,247,247,274,274,300,328,328,328],"floor_reached":51,"language":"ENG","playtime":3106,"items_purged":["Study+1"],"score":1132,"play_id":"5eb191f4-3bf5-407c-9a96-13ab162da044","local_time":"20210204200339","is_ascension_mode":true,"campfire_choices":[{"data":"BowlingBash","floor":10,"key":"SMITH"},{"data":"Crescendo","floor":15,"key":"SMITH"},{"data":"Halt","floor":23,"key":"SMITH"},{"data":"Vault","floor":28,"key":"SMITH"},{"data":"Wallop","floor":30,"key":"SMITH"},{"data":"Halt","floor":32,"key":"SMITH"},{"floor":44,"key":"REST"},{"data":"CutThroughFate","floor":49,"key":"SMITH"}],"circlet_count":0,"master_deck":["Eruption+1","Vigilance+1","Crescendo+1","FollowUp+1","BowlingBash+1","CutThroughFate+1","JustLucky+1","Wallop+1","Vault+1","EmptyFist","Adaptation+1","LessonLearned","MasterReality+1","Omniscience+1","ReachHeaven","Halt+1","BowlingBash+1","BowlingBash+1","EmptyBody+1","Halt+1","Consecrate+1","Tantrum+1","CrushJoints+1","Vault+1","Indignation+1","Parasite","Master of Strategy+1","Halt+1","Scrawl+1"],"relics":["HolyWater","Oddly Smooth Stone","InkBottle","Boot","Darkstone Periapt","Eternal Feather","Frozen Egg 2","Pandora\u0027s Box","Bag of Preparation","Centennial Puzzle","CeramicFish","Blue Candle","Ornamental Fan","Pocketwatch","Toxic Egg 2","DollysMirror","Old Coin","PreservedInsect","GoldenEye"],"acts_visited":["Exordium","TheCity","TheBeyond"],"potions_floor_usage":[5,6,7,16,18,25,29,41,41,50,50],"damage_taken":[{"damage":0,"enemies":"2 Louse","floor":1,"turns":3},{"damage":0,"enemies":"Cultist","floor":2,"turns":3},{"damage":3,"enemies":"Jaw Worm","floor":4,"turns":2},{"damage":9,"enemies":"Large Slime","floor":5,"turns":3},{"damage":28,"enemies":"Gremlin Nob","floor":6,"turns":3},{"damage":13,"enemies":"3 Sentries","floor":8,"turns":6},{"damage":0,"enemies":"Gremlin Nob","floor":11,"turns":2},{"damage":2,"enemies":"Blue Slaver","floor":13,"turns":3},{"damage":2,"enemies":"Exordium Wildlife","floor":14,"turns":2},{"damage":24,"enemies":"Hexaghost","floor":16,"turns":9},{"damage":3,"enemies":"2 Thieves","floor":18,"turns":3},{"damage":12,"enemies":"Chosen","floor":19,"turns":3},{"damage":19,"enemies":"Centurion and Healer","floor":21,"turns":4},{"damage":0,"enemies":"Gremlin Leader","floor":24,"turns":4},{"damage":0,"enemies":"Sentry and Sphere","floor":25,"turns":2},{"damage":0,"enemies":"Slavers","floor":29,"turns":3},{"damage":0,"enemies":"Snecko","floor":31,"turns":3},{"damage":0,"enemies":"Automaton","floor":33,"turns":7},{"damage":4,"enemies":"3 Shapes","floor":35,"turns":1},{"damage":11,"enemies":"2 Orb Walkers","floor":36,"turns":4},{"damage":0,"enemies":"Orb Walker","floor":38,"turns":1},{"damage":0,"enemies":"Maw","floor":39,"turns":6},{"damage":22,"enemies":"Nemesis","floor":40,"turns":3},{"damage":0,"enemies":"Writhing Mass","floor":41,"turns":6},{"damage":0,"enemies":"Reptomancer","floor":45,"turns":3},{"damage":0,"enemies":"Transient","floor":47,"turns":5},{"damage":0,"enemies":"Sphere and 2 Shapes","floor":48,"turns":2},{"damage":0,"enemies":"Donu and Deca","floor":50,"turns":7}],"seed_played":"3753463079813736939","potions_obtained":[{"floor":1,"key":"Regen Potion"},{"floor":5,"key":"ColorlessPotion"},{"floor":7,"key":"Fruit Juice"},{"floor":7,"key":"Ancient Potion"},{"floor":7,"key":"SkillPotion"},{"floor":13,"key":"AttackPotion"},{"floor":14,"key":"Strength Potion"},{"floor":21,"key":"Block Potion"},{"floor":25,"key":"BlessingOfTheForge"},{"floor":33,"key":"SteroidPotion"},{"floor":35,"key":"Fire Potion"},{"floor":36,"key":"Strength Potion"},{"floor":45,"key":"Explosive Potion"},{"floor":47,"key":"Fire Potion"},{"floor":48,"key":"Dexterity Potion"}],"is_trial":false,"path_per_floor":["M","M","?","M","M","E","?","E","T","R","E","$","M","M","R","B",null,"M","M","?","M","T","R","E","M","T","?","R","E","R","M","R","B",null,"M","?","$","M","M","E","M","$","T","R","E","?","M","M","R","B",null],"character_chosen":"WATCHER","items_purchased":["Frozen Egg 2","Toxic Egg 2","DollysMirror","Regen Potion","Master of Strategy+1"],"campfire_rested":1,"item_purchase_floors":[12,37,37,42,42],"current_hp_per_floor":[72,72,69,66,66,38,43,30,30,30,30,30,28,26,35,11,77,74,62,68,49,49,61,61,61,61,61,73,73,83,83,83,83,83,79,68,68,68,68,46,52,52,52,89,89,89,89,89,89,89],"gold":328,"neow_bonus":"UPGRADE_CARD","is_daily":false,"chose_seed":false,"campfire_upgraded":7,"win_rate":0.0,"timestamp":1612487019,"path_taken":["M","M","?","M","M","E","?","E","T","R","E","$","?","M","R","BOSS","M","?","?","M","?","R","E","M","T","?","R","E","R","M","R","BOSS","M","?","$","M","M","E","M","$","T","R","E","?","M","M","R","BOSS"],"items_purchased_type":["Relic","Relic","Relic","Potion","Card"],"build_version":"2020-12-22","purchased_purges":1,"victory":true,"max_hp_per_floor":[72,72,72,72,72,72,77,77,77,77,77,77,77,77,77,77,77,77,77,83,83,83,83,83,83,83,83,83,83,83,83,83,83,83,83,83,83,83,83,83,89,89,89,89,89,89,89,89,89,89],"relic_stats":{"Darkstone Periapt":12,"counters":[28,103],"CeramicFish":81,"Blue Candle":[0],"Eternal Feather":58,"PreservedInsect":60,"Bag of Preparation":[32],"Boot":[66],"GoldenEye":[10],"Centennial Puzzle":[9],"Ornamental Fan":[120],"Pandora\u0027s Box":["EmptyFist","Adaptation","LessonLearned","MasterReality","Omniscience","ReachHeaven","Halt","BowlingBash"],"obtain_stats":[{"Darkstone Periapt":9,"CeramicFish":24,"Blue Candle":26,"Oddly Smooth Stone":3,"Eternal Feather":11,"PreservedInsect":43,"Bag of Preparation":20,"Frozen Egg 2":12,"Boot":8,"GoldenEye":45,"Old Coin":40,"Centennial Puzzle":22,"Ornamental Fan":29,"DollysMirror":37,"HolyWater":34,"Pandora\u0027s Box":17,"PureWater":0,"Toxic Egg 2":37,"InkBottle":6,"Pocketwatch":36},{"Darkstone Periapt":6,"CeramicFish":14,"Blue Candle":15,"Oddly Smooth Stone":2,"Eternal Feather":7,"PreservedInsect":24,"Bag of Preparation":12,"Frozen Egg 2":7,"Boot":6,"GoldenEye":25,"Old Coin":23,"Centennial Puzzle":13,"Ornamental Fan":16,"DollysMirror":20,"HolyWater":18,"Pandora\u0027s Box":10,"PureWater":0,"Toxic Egg 2":20,"InkBottle":5,"Pocketwatch":20},{"Darkstone Periapt":20,"CeramicFish":50,"Blue Candle":52,"Oddly Smooth Stone":6,"Eternal Feather":22,"PreservedInsect":86,"Bag of Preparation":42,"Frozen Egg 2":22,"Boot":20,"GoldenEye":89,"Old Coin":80,"Centennial Puzzle":46,"Ornamental Fan":55,"DollysMirror":70,"HolyWater":65,"Pandora\u0027s Box":36,"PureWater":0,"Toxic Egg 2":70,"InkBottle":14,"Pocketwatch":70}],"InkBottle":[36],"Pocketwatch":[18]},"card_choices":[{"not_picked":["Pray","CutThroughFate"],"picked":"Crescendo","floor":1},{"not_picked":["Fasting2","PathToVictory"],"picked":"FollowUp","floor":2},{"not_picked":["LikeWater","CarveReality","ReachHeaven"],"picked":"SKIP","floor":4},{"not_picked":["CrushJoints","CarveReality"],"picked":"BowlingBash","floor":5},{"not_picked":["Crescendo","ClearTheMind"],"picked":"CutThroughFate","floor":6},{"not_picked":["Crescendo","ClearTheMind"],"picked":"JustLucky","floor":8},{"not_picked":["Crescendo","Blasphemy"],"picked":"SashWhip","floor":11},{"not_picked":["Perseverance","SignatureMove"],"picked":"Study+1","floor":13},{"not_picked":["Halt","ReachHeaven"],"picked":"Wallop","floor":14},{"not_picked":["Scrawl","Omniscience"],"picked":"Vault","floor":16},{"not_picked":["Vengeance+1","FollowUp"],"picked":"BowlingBash+1","floor":18},{"not_picked":["Adaptation+1","FlurryOfBlows"],"picked":"EmptyBody","floor":19},{"not_picked":["Protect","Sanctity"],"picked":"Halt","floor":21},{"not_picked":["EmptyBody","Evaluate","ClearTheMind+1"],"picked":"SKIP","floor":24},{"not_picked":["CutThroughFate","Collect"],"picked":"Consecrate+1","floor":25},{"not_picked":["Sanctity+1","Protect+1"],"picked":"Tantrum+1","floor":29},{"not_picked":["Evaluate","LikeWater+1","Blasphemy"],"picked":"SKIP","floor":31},{"not_picked":["SashWhip","EmptyFist+1"],"picked":"CrushJoints","floor":35},{"not_picked":["Weave","EmptyBody+1"],"picked":"Indignation+1","floor":38},{"not_picked":["BowlingBash+1","FlyingSleeves+1","Evaluate+1"],"picked":"SKIP","floor":39},{"not_picked":["CrushJoints+1","WheelKick+1","Crescendo+1"],"picked":"SKIP","floor":40},{"not_picked":["ReachHeaven","Brilliance","FollowUp"],"picked":"SKIP","floor":41},{"not_picked":["Fasting2+1","CrushJoints+1","ThirdEye+1"],"picked":"SKIP","floor":45},{"not_picked":["LikeWater+1","Weave"],"picked":"Halt+1","floor":47},{"not_picked":["BowlingBash","Collect+1"],"picked":"Scrawl+1","floor":48}],"player_experience":134241,"relics_obtained":[{"floor":6,"key":"InkBottle"},{"floor":8,"key":"Boot"},{"floor":9,"key":"Darkstone Periapt"},{"floor":11,"key":"Eternal Feather"},{"floor":22,"key":"Centennial Puzzle"},{"floor":24,"key":"CeramicFish"},{"floor":26,"key":"Blue Candle"},{"floor":29,"key":"Ornamental Fan"},{"floor":36,"key":"Pocketwatch"},{"floor":40,"key":"Old Coin"},{"floor":43,"key":"PreservedInsect"},{"floor":45,"key":"GoldenEye"}],"event_choices":[{"damage_healed":0,"gold_gain":0,"player_choice":"Success","damage_taken":3,"relics_obtained":["Oddly Smooth Stone"],"max_hp_gain":0,"max_hp_loss":0,"event_name":"Scrap Ooze","floor":3,"gold_loss":0},{"damage_healed":0,"gold_gain":0,"player_choice":"Got Potions","damage_taken":0,"max_hp_gain":0,"max_hp_loss":0,"event_name":"Lab","floor":7,"gold_loss":0},{"damage_healed":0,"gold_gain":0,"player_choice":"Opened","damage_taken":0,"relics_obtained":["Bag of Preparation"],"max_hp_gain":0,"max_hp_loss":0,"event_name":"The Mausoleum","floor":20,"gold_loss":0,"cards_obtained":["Writhe"]},{"cards_removed":["Writhe"],"damage_healed":0,"gold_gain":0,"player_choice":"Elegance","damage_taken":0,"max_hp_gain":0,"max_hp_loss":0,"event_name":"Back to Basics","floor":27,"gold_loss":0},{"damage_healed":0,"gold_gain":0,"player_choice":"Fight","damage_taken":0,"max_hp_gain":0,"max_hp_loss":0,"event_name":"Mysterious Sphere","floor":36,"gold_loss":0},{"cards_removed":["SashWhip"],"damage_healed":0,"gold_gain":0,"player_choice":"Removed Attack","damage_taken":0,"max_hp_gain":0,"max_hp_loss":0,"event_name":"Falling","floor":46,"gold_loss":0}],"is_beta":false,"boss_relics":[{"not_picked":["Philosopher\u0027s Stone","Fusion Hammer"],"picked":"Pandora\u0027s Box"},{"not_picked":["Velvet Choker","Empty Cage"],"picked":"HolyWater"}],"items_purged_floors":[37],"is_endless":false,"potions_floor_spawned":[1,5,13,14,21,25,33,35,36,45,47,48],"ascension_level":3}}