{"host":"344lv32hnei0mdhu","time":1612510148,"event":{"mods":["Act Like it!","BaseMod","Better Match","Better Sensory Stone","Better Skull","Better Third Choice","Better Vampires","Colored Powertips","Highlight Path","Minty Spire (QoL Compilation)","Quick Restart","Random Character Button","Rare Cards Sparkle","StSLib"],"gold_per_floor":[116,49,66,83,83,83,114,130,130,130,130],"floor_reached":10,"language":"ENG","playtime":207,"items_purged":[],"score":105,"play_id":"a73b5a25-10b4-41c6-98b3-4e8e72bd2aa9","local_time":"20210205012908","is_ascension_mode":true,"campfire_choices":[{"data":"Static Discharge","floor":6,"key":"SMITH"}],"circlet_count":0,"master_deck":["AscendersBane","Strike_B","Strike_B","Strike_B","Defend_B","Defend_B","Defend_B","Defend_B","Zap","Dualcast","Consume","Capacitor","Static Discharge+1","BootSequence","Self Repair","Core Surge"],"relics":["Cracked Core","NeowsBlessing","Peace Pipe","Shuriken"],"acts_visited":["Exordium"],"potions_floor_usage":[],"damage_taken":[{"damage":0,"enemies":"Cultist","floor":1,"turns":1},{"damage":0,"enemies":"Small Slimes","floor":3,"turns":1},{"damage":0,"enemies":"Jaw Worm","floor":4,"turns":1},{"damage":35,"enemies":"3 Sentries","floor":7,"turns":5},{"damage":17,"enemies":"Exordium Thugs","floor":8,"turns":4},{"damage":15,"enemies":"Gremlin Nob","floor":10,"turns":3}],"seed_played":"-2159167329061534666","potions_obtained":[{"floor":3,"key":"GamblersBrew"},{"floor":7,"key":"FearPotion"}],"is_trial":false,"path_per_floor":["M","$","M","M","?","R","E","M","T","E"],"character_chosen":"DEFECT","items_purchased":["Capacitor"],"campfire_rested":0,"item_purchase_floors":[2],"current_hp_per_floor":[68,68,68,68,68,68,40,30,30,15,15],"gold":130,"neow_bonus":"THREE_ENEMY_KILL","is_daily":false,"chose_seed":false,"campfire_upgraded":1,"win_rate":0.0,"timestamp":1612510148,"path_taken":["M","$","?","M","?","R","E","M","T","E"],"items_purchased_type":["Card"],"build_version":"2020-12-22","purchased_purges":0,"victory":false,"max_hp_per_floor":[75,75,75,75,75,75,75,75,75,75,75],"card_choices":[{"not_picked":["Redo","Stack"],"picked":"Consume","floor":1},{"not_picked":["Hologram","Go for the Eyes"],"picked":"Static Discharge","floor":3},{"not_picked":["Sweeping Beam","Cold Snap"],"picked":"BootSequence","floor":4},{"not_picked":["Compile Driver","Sweeping Beam","Go for the Eyes"],"picked":"SKIP","floor":7},{"not_picked":["Beam Cell","Conserve Battery"],"picked":"Core Surge","floor":8}],"player_experience":406948,"relics_obtained":[{"floor":7,"key":"Peace Pipe"},{"floor":9,"key":"Shuriken"}],"event_choices":[{"damage_healed":0,"gold_gain":0,"cards_transformed":["Strike_B"],"player_choice":"Change","damage_taken":0,"max_hp_gain":0,"max_hp_loss":0,"event_name":"Living Wall","floor":5,"gold_loss":0,"cards_obtained":["Self Repair"]}],"is_beta":false,"boss_relics":[],"items_purged_floors":[],"is_endless":false,"potions_floor_spawned":[3,7,8],"killed_by":"Gremlin Nob","ascension_level":11}}