{"host":"6q6idgl71g9ab7at","time":1612515312,"event":{"mods":["BaseMod","Minty Spire (QoL Compilation)","StSLib","SuperFastMode"],"gold_per_floor":[112,129,140,156,176,201,201,229,300,318,318,318],"floor_reached":11,"language":"KOR","playtime":178,"items_purged":[],"score":96,"play_id":"18b8a3f0-00f6-4ec7-b6b3-9557fc4aed22","local_time":"20210205175512","is_ascension_mode":true,"campfire_choices":[{"data":"Noxious Fumes","floor":7,"key":"SMITH"}],"circlet_count":0,"master_deck":["Strike_G","Strike_G","Strike_G","Strike_G","Strike_G","Defend_G","Defend_G","Defend_G","Defend_G","Defend_G","Survivor","Neutralize","Poisoned Stab","Dagger Spray","Quick Slash","Quick Slash","Noxious Fumes+1","Backflip"],"relics":["Ring of the Snake","NeowsBlessing","Darkstone Periapt","Singing Bowl","Shuriken"],"acts_visited":["Exordium"],"potions_floor_usage":[6,6],"damage_taken":[{"damage":0,"enemies":"Jaw Worm","floor":1,"turns":1},{"damage":0,"enemies":"Small Slimes","floor":2,"turns":1},{"damage":0,"enemies":"Cultist","floor":3,"turns":1},{"damage":5,"enemies":"2 Fungi Beasts","floor":4,"turns":3},{"damage":5,"enemies":"Exordium Wildlife","floor":5,"turns":3},{"damage":25,"enemies":"Lagavulin","floor":6,"turns":6},{"damage":26,"enemies":"3 Sentries","floor":8,"turns":6},{"damage":6,"enemies":"Looter","floor":10,"turns":3},{"damage":25,"enemies":"Gremlin Nob","floor":11,"turns":4}],"seed_played":"8353389397924685217","potions_obtained":[{"floor":3,"key":"Block Potion"},{"floor":5,"key":"Regen Potion"},{"floor":6,"key":"Ancient Potion"},{"floor":8,"key":"LiquidMemories"}],"is_trial":false,"path_per_floor":["M","M","M","M","M","E","R","E","T","M","E"],"character_chosen":"THE_SILENT","items_purchased":[],"campfire_rested":0,"item_purchase_floors":[],"current_hp_per_floor":[70,70,70,65,60,49,49,25,25,21,0,0],"gold":318,"neow_bonus":"THREE_ENEMY_KILL","is_daily":false,"chose_seed":false,"campfire_upgraded":1,"win_rate":0.0,"timestamp":1612515312,"path_taken":["M","M","M","M","M","E","R","E","T","M","E"],"items_purchased_type":[],"build_version":"2020-12-22","purchased_purges":0,"victory":false,"max_hp_per_floor":[70,70,70,70,70,70,70,72,72,74,74,74],"card_choices":[{"not_picked":["Underhanded Strike","Distraction"],"picked":"Poisoned Stab","floor":1},{"not_picked":["Prepared","Caltrops"],"picked":"Dagger Spray","floor":2},{"not_picked":["Skewer","Acrobatics"],"picked":"Quick Slash","floor":3},{"not_picked":["Acrobatics","Underhanded Strike"],"picked":"Quick Slash","floor":4},{"not_picked":["Skewer","Deflect"],"picked":"Noxious Fumes","floor":5},{"not_picked":["Flying Knee","A Thousand Cuts"],"picked":"Backflip","floor":6},{"not_picked":["Dagger Spray","Expertise","Backflip"],"picked":"Singing Bowl","floor":8},{"not_picked":["Quick Slash","PiercingWail","Distraction"],"picked":"Singing Bowl","floor":10}],"player_experience":10891,"relics_obtained":[{"floor":6,"key":"Darkstone Periapt"},{"floor":8,"key":"Singing Bowl"},{"floor":9,"key":"Shuriken"}],"event_choices":[],"is_beta":false,"boss_relics":[],"items_purged_floors":[],"is_endless":false,"potions_floor_spawned":[3,5,6,8],"killed_by":"Gremlin Nob","ascension_level":2}}