{"host":"56xwnffi6e9z5l58","time":1612543558,"event":{"mods":["Aspiration","BaseMod","Better Match","Better Note","Better Sensory Stone","BetterRewards","Colored Map","Colored Powertips","Conspire","Downfall","GifTheSpireLib","Hermit","Highlight Path","Hubris","Infinite Spire","Key Reminder","Minty Spire (QoL Compilation)","Permanent Neow","Quick Restart","Rare Cards Sparkle","Replay The Spire","StSLib","Stuff the Spire","SuperFastMode","Unceasing Turn Reminder"],"gold_per_floor":[199,213,230,247,247,247,247,278,289,326,326,8,8,0,11,119,119,119,141,141,65,81,81,81,102,102,138,162,162,181,203,213,321,321,321,333,350,350,371,371,371],"floor_reached":40,"language":"ENG","playtime":1873,"items_purged":["hermit:Strike_Hermit"],"score":466,"play_id":"b9acaafb-e796-4627-b16e-c0f17f35900e","local_time":"20210206004558","is_ascension_mode":true,"campfire_choices":[{"data":"hermit:Snapshot","floor":1,"key":"SMITH"},{"data":"hermit:Scavenge","floor":11,"key":"SMITH"},{"floor":13,"key":"REST"},{"data":"hermit:Magnum","floor":18,"key":"SMITH"},{"data":"hermit:FinalCanter","floor":23,"key":"SMITH"},{"data":"expansioncontent:YouAreMine","floor":26,"key":"SMITH"},{"data":"hermit:HeroicBravado","floor":29,"key":"SMITH"},{"data":"hermit:Grudge","floor":35,"key":"SMITH"}],"circlet_count":0,"master_deck":["hermit:Strike_Hermit","hermit:Strike_Hermit","hermit:Defend_Hermit","hermit:Defend_Hermit","hermit:Defend_Hermit","hermit:Snapshot+1","hermit:Covet","hermit:LuckOfTheDraw","hermit:Glare","hermit:Cheat","StuffTheSpire:Innocence","hermit:FlashPowder","hermit:Scavenge+1","hermit:TakeAim","hermit:Brawl","hermit:EyeOfTheStorm","hermit:Horror","hermit:WideOpen","expansioncontent:YouAreMine+1","hermit:FinalCanter+1","hermit:CursedWeapon+1","hermit:RoundhouseKick","hermit:Magnum+1","AbeCurse","hermit:Gestalt","hermit:Malice","expansioncontent:AwakenDeath+1","hermit:Vantage+1","hermit:HeroicBravado+1","hermit:TakeAim","hermit:GoldenBullet+1","hermit:Grudge+1","hermit:Reprieve","hermit:BlackWind","hermit:GoldenBullet+1"],"relics":["hermit:Momento","Mummified Hand","The Courier","Gremlin Horn","BargainBundle","StuffTheSpire:Experiment12","Abe\u0027s Treasure","Replay:Accelerometer","aspiration:HiddenCompartment","Empty Cage"],"acts_visited":["Exordium","TheCity","TheBeyond"],"potions_floor_usage":[8,10,16,16,16,40,40],"damage_taken":[{"damage":1,"enemies":"Jaw Worm","floor":2,"turns":3},{"damage":1,"enemies":"2 Louse","floor":3,"turns":2},{"damage":0,"enemies":"Cultist","floor":4,"turns":3},{"damage":11,"enemies":"3 Sentries","floor":8,"turns":8},{"damage":3,"enemies":"Large Slime","floor":9,"turns":9},{"damage":61,"enemies":"Gremlin Nob","floor":10,"turns":7},{"damage":0,"enemies":"downfall:FleeingMerchant","floor":12,"turns":4},{"damage":0,"enemies":"downfall:FleeingMerchant","floor":14,"turns":4},{"damage":3,"enemies":"Blue Slaver","floor":15,"turns":4},{"damage":1,"enemies":"IC_STATUS_ARCHETYPE","floor":16,"turns":7},{"damage":0,"enemies":"Chosen","floor":19,"turns":3},{"damage":6,"enemies":"downfall:FleeingMerchant","floor":21,"turns":5},{"damage":5,"enemies":"Shell Parasite","floor":22,"turns":4},{"damage":0,"enemies":"Centurion and Healer","floor":25,"turns":4},{"damage":6,"enemies":"Gremlin Leader","floor":27,"turns":8},{"damage":3,"enemies":"Chosen and Byrds","floor":28,"turns":5},{"damage":3,"enemies":"Sentry and Sphere","floor":30,"turns":3},{"damage":1,"enemies":"Centurion and Healer","floor":31,"turns":6},{"damage":19,"enemies":"Snecko","floor":32,"turns":7},{"damage":41,"enemies":"DF_ARCHETYPE_CLAW","floor":33,"turns":8},{"damage":20,"enemies":"3 Shapes","floor":36,"turns":7},{"damage":36,"enemies":"3 Darklings","floor":37,"turns":6},{"damage":23,"enemies":"Sphere and 2 Shapes","floor":39,"turns":5},{"damage":12,"enemies":"Jaw Worm Horde","floor":40,"turns":1}],"seed_played":"1894558370419123344","potions_obtained":[{"floor":2,"key":"Strength Potion"},{"floor":6,"key":"FairyPotion"},{"floor":6,"key":"Slimebound:ThreeZeroPotion"},{"floor":10,"key":"Elixir"},{"floor":15,"key":"LiquidBronze"},{"floor":16,"key":"Adrenaline Potion"},{"floor":22,"key":"DistilledChaos"},{"floor":27,"key":"Adrenaline Potion"},{"floor":28,"key":"FairyPotion"},{"floor":36,"key":"SkillPotion"}],"is_trial":false,"path_per_floor":["R","M","M","M","?","?","T","E","M","E","R","$","R","$","M","B",null,"R","M","?","$","M","R","T","M","R","E","M","R","M","M","M","B",null,"R","M","M","?","M","M"],"character_chosen":"HERMIT","items_purchased":["BargainBundle","hermit:Brawl","hermit:EyeOfTheStorm","hermit:Horror","hermit:WideOpen","StuffTheSpire:Experiment12","expansioncontent:YouAreMine","Energy Potion","SmokeBomb","Swift Potion","hermit:FinalCanter","expansioncontent:AwakenDeath+1"],"campfire_rested":1,"item_purchase_floors":[12,12,12,12,12,12,12,12,12,12,12,21],"current_hp_per_floor":[75,74,73,73,66,66,66,55,52,22,22,22,44,44,41,40,75,75,75,75,69,64,64,64,64,64,58,55,55,52,51,32,14,75,75,55,27,27,12,0,0],"gold":371,"neow_bonus":"HUNDRED_GOLD","is_daily":false,"chose_seed":false,"campfire_upgraded":7,"win_rate":0.0,"timestamp":1612543558,"path_taken":["R","M","M","M","?","?","T","E","?","E","R","$","R","$","M","BOSS","R","M","?","$","M","R","T","M","R","E","M","R","M","M","M","BOSS","R","M","M","?","?","M"],"items_purchased_type":["Relic","Card","Card","Card","Card","Relic","Card","Potion","Potion","Potion","Card","Card"],"build_version":"2020-12-22","purchased_purges":1,"victory":false,"max_hp_per_floor":[75,75,75,75,75,75,75,75,75,75,75,75,75,75,75,75,75,75,75,75,75,75,75,75,75,75,75,75,75,75,75,75,75,75,75,75,75,75,75,75,75],"card_choices":[{"not_picked":["hermit:LowProfile","hermit:EyeOfTheStorm"],"picked":"hermit:LuckOfTheDraw","floor":2},{"not_picked":["hermit:TrackingShot","hermit:DeadMansHand"],"picked":"hermit:Glare","floor":3},{"not_picked":["hermit:WideOpen","hermit:Ricochet"],"picked":"hermit:Cheat","floor":4},{"not_picked":["hermit:Misfire","hermit:NoHoldsBarred"],"picked":"hermit:FlashPowder","floor":8},{"not_picked":["hermit:Manifest","hermit:Malice"],"picked":"hermit:Scavenge","floor":9},{"not_picked":["hermit:Desperado","hermit:HighCaliber","hermit:Glare"],"picked":"SKIP","floor":10},{"not_picked":["hermit:CalledShot","hermit:Glare"],"picked":"hermit:TakeAim","floor":12},{"not_picked":["hermit:Headshot","hermit:Feint"],"picked":"hermit:CursedWeapon","floor":14},{"not_picked":["hermit:CalledShot","hermit:Glare"],"picked":"hermit:RoundhouseKick","floor":15},{"not_picked":["hermit:FinalCanter","hermit:HighNoon"],"picked":"hermit:Magnum","floor":16},{"not_picked":["hermit:TrackingShot","hermit:CalledShot+1"],"picked":"hermit:Gestalt","floor":19},{"not_picked":["hermit:FullyLoaded","hermit:Spite"],"picked":"hermit:Malice","floor":21},{"not_picked":["hermit:Spite","hermit:Malice"],"picked":"hermit:Vantage+1","floor":22},{"not_picked":["hermit:HoleUp+1","hermit:Glare","hermit:Ricochet"],"picked":"SKIP","floor":25},{"not_picked":["hermit:Quickdraw","hermit:Manifest"],"picked":"hermit:HeroicBravado","floor":27},{"not_picked":["hermit:Coalescence+1","hermit:Roulette"],"picked":"hermit:TakeAim","floor":28},{"not_picked":["hermit:CalledShot","hermit:Headshot","hermit:Glare"],"picked":"SKIP","floor":30},{"not_picked":["hermit:SprayPray","hermit:Midnight+1"],"picked":"hermit:GoldenBullet+1","floor":31},{"not_picked":["hermit:Brawl+1","hermit:Ricochet"],"picked":"hermit:Grudge","floor":32},{"not_picked":["hermit:Dissolve","hermit:EternalForm"],"picked":"hermit:Reprieve","floor":33},{"not_picked":["hermit:TrackingShot+1","hermit:LowProfile","hermit:Desperado"],"picked":"SKIP","floor":36},{"not_picked":["hermit:TrackingShot+1","hermit:LowProfile","hermit:Desperado"],"picked":"SKIP","floor":36},{"not_picked":["hermit:Snipe","hermit:TakeAim+1","hermit:HoleUp+1"],"picked":"SKIP","floor":37},{"not_picked":["hermit:Desperado+1","hermit:Midnight+1"],"picked":"hermit:GoldenBullet+1","floor":39}],"player_experience":1016322,"relics_obtained":[{"floor":7,"key":"Mummified Hand"},{"floor":8,"key":"The Courier"},{"floor":10,"key":"Gremlin Horn"},{"floor":24,"key":"Replay:Accelerometer"},{"floor":27,"key":"aspiration:HiddenCompartment"}],"event_choices":[{"damage_healed":0,"gold_gain":0,"player_choice":"Got Potions","damage_taken":0,"max_hp_gain":0,"max_hp_loss":0,"event_name":"Lab","floor":6,"gold_loss":0}],"is_beta":false,"boss_relics":[{"not_picked":["hubris:BlackHole","hermit:DentedPlate"],"picked":"Abe\u0027s Treasure"},{"not_picked":["Calling Bell","Astrolabe"],"picked":"Empty Cage"}],"items_purged_floors":[12],"is_endless":false,"potions_floor_spawned":[2,10,15,16,22,27,28,31,32,36,37],"killed_by":"Jaw Worm Horde","ascension_level":1}}