{"host":"b5jaqh8y266k2cz4","time":1612500553,"event":{"mods":["AchievementEnabler","Aspiration","BaseMod","Colored Powertips","Conspire","Downfall","Googly Eyes","Hermit","Highlight Path","Hubris","Infinite Spire","MarisaÅiñ∂âJÅ@ñÇóùçπÅj","Mimic Mod","Minty Spire (QoL Compilation)","Quick Restart","Replay The Spire","Spikes Relics","StSLib","Synergy Search","The Animator","The Cursed","The Jungle","The Necromancer","The Servant 0.9.4","The Wild Card","slay the spire mod where everything is the same but ironclad has a cowboy hat"],"gold_per_floor":[119,137,137,147,166,166,182,182,182,232,247,93,93,108,108,210,210,221,146,146,166,166,196,196,209,209,209,244,164,164,184,184,289,289,309,309,309,327,341,341,376,376,376,403,419,419,431,431,431],"floor_reached":48,"language":"ENG","playtime":2092,"items_purged":["Hellfire"],"score":609,"play_id":"c2d61b19-27bf-47a1-bfb9-0298f0f27b97","local_time":"20210204234913","is_ascension_mode":true,"campfire_choices":[{"data":"Hellfire","floor":6,"key":"SMITH"},{"data":"Blood_Shield","floor":8,"key":"SMITH"},{"data":"Vampiric_Strike","floor":13,"key":"SMITH"},{"data":"Bones_to_Steel","floor":15,"key":"SMITH"},{"data":"Blood_Whip","floor":24,"key":"SMITH"},{"data":"Bone_Armor","floor":27,"key":"SMITH"},{"data":"Blood_for_Blood","floor":30,"key":"SMITH"},{"data":"Bone_Armor","floor":32,"key":"SMITH"},{"data":"Blood_for_Blood","floor":40,"key":"SMITH"},{"data":"Blood_Whip","floor":42,"key":"SMITH"},{"floor":46,"key":"REST"}],"circlet_count":0,"master_deck":["Negative_Energy_Arrows","Bone_Wall","Hellfire+1","Blood_Shield+1","Bone_Shift","Vampiric_Strike+1","Hellfire","Bones_to_Steel+1","Skeleton_Dragon","Hellfire","Bone_Armor+1","Hellfire","Acid_Javelin","Stop_Heart","Spectral_Armor","Blood_Whip+1","Blood_Is_Power+1","Bone_Armor+1","Necrotic_Claws+1","Summon_Death_Knight+1","Bones_to_Steel+1","Blood_Whip","Blood_Whip+1","Blood_Whip+1","hubris:DuctTapeCard","Bone_Shift+1","Bone_Bullets+1","Bone_Armory+1","Parasite"],"relics":["Vampire_Amulet","Pondfish Scales","Garlic","hubris:CrystalStatue","infinitespire:Beetle Shell","Pandora\u0027s Box","infinitespire:Lucky Rock","Sozu","Red Mask","hubris:ToyBattleship","infinitespire:WardingShard","SlaversCollar","Oddly Smooth Stone","hubris:CuriousFeather","hubris:DuctTape"],"acts_visited":["Exordium","TheCity","TheBeyond"],"potions_floor_usage":[16,18,18,23],"damage_taken":[{"damage":4,"enemies":"Small Slimes","floor":1,"turns":6},{"damage":0,"enemies":"Cultist","floor":2,"turns":3},{"damage":1,"enemies":"Jaw Worm","floor":4,"turns":3},{"damage":9,"enemies":"2 Fungi Beasts","floor":5,"turns":5},{"damage":5,"enemies":"Looter","floor":7,"turns":2},{"damage":0,"enemies":"3 Louse","floor":11,"turns":3},{"damage":1,"enemies":"Exordium Thugs","floor":14,"turns":4},{"damage":1,"enemies":"Slime Boss","floor":16,"turns":7},{"damage":0,"enemies":"Spheric Guardian","floor":18,"turns":4},{"damage":3,"enemies":"3 Byrds","floor":21,"turns":6},{"damage":7,"enemies":"Masked Bandits","floor":23,"turns":4},{"damage":0,"enemies":"Snake Plant","floor":25,"turns":3},{"damage":1,"enemies":"Shelled Parasite and Fungi","floor":28,"turns":4},{"damage":1,"enemies":"Shelled Parasite and Fungi","floor":31,"turns":3},{"damage":8,"enemies":"conspire:MysteriousRune","floor":33,"turns":7},{"damage":13,"enemies":"3 Darklings","floor":35,"turns":7},{"damage":2,"enemies":"Orb Walker","floor":38,"turns":3},{"damage":12,"enemies":"4 Shapes","floor":39,"turns":8},{"damage":5,"enemies":"R_Hoarder","floor":41,"turns":6},{"damage":50,"enemies":"Reptomancer","floor":44,"turns":5},{"damage":25,"enemies":"Transient","floor":45,"turns":5},{"damage":19,"enemies":"3 Darklings","floor":47,"turns":5},{"damage":17,"enemies":"Writhing Mass","floor":48,"turns":2}],"seed_played":"-581612896998651645","potions_obtained":[{"floor":1,"key":"Flashbang"},{"floor":4,"key":"Cursed Concoction"},{"floor":11,"key":"Fire Potion"},{"floor":14,"key":"ColorlessPotion"},{"floor":21,"key":"Weak Potion"}],"is_trial":false,"path_per_floor":["M","M","?","M","M","R","M","R","T","?","M","$","R","M","R","B",null,"M","?","?","M","AVR","?","R","M","T","R","MIM","$","R","M","R","B",null,"M","?","?","M","M","R","E","R","T","E","M","R","M","M"],"character_chosen":"NECROMANCER","items_purchased":["infinitespire:Beetle Shell","Blood_for_Blood"],"campfire_rested":1,"item_purchase_floors":[12,29],"current_hp_per_floor":[73,75,75,75,70,70,67,67,67,49,57,57,57,63,63,75,75,75,75,75,75,75,73,73,75,75,75,75,75,75,75,75,72,75,68,68,68,68,67,67,67,67,67,27,7,28,14,0,0],"gold":431,"neow_bonus":"ONE_RANDOM_RARE_CARD","is_daily":false,"chose_seed":false,"campfire_upgraded":10,"win_rate":0.0,"timestamp":1612500553,"path_taken":["M","M","?","M","M","R","?","R","T","?","M","$","R","M","R","BOSS","M","?","?","M","AVR","?","R","M","T","R","?","$","R","M","R","BOSS","M","?","?","M","M","R","E","R","T","E","M","R","M","M"],"items_purchased_type":["Relic","Card"],"build_version":"2020-12-22","purchased_purges":1,"victory":false,"max_hp_per_floor":[75,75,75,75,75,75,75,75,75,75,75,75,75,75,75,75,75,75,75,75,75,75,75,75,75,75,75,75,75,75,75,75,75,75,75,71,71,71,71,71,71,71,71,71,71,71,71,71,71],"card_choices":[{"not_picked":["Corrupt","Blood_Is_Power"],"picked":"Blood_Shield","floor":1},{"not_picked":["Negative_Energy_Sphere","Shackles_Of_Pain"],"picked":"Blood_Shield","floor":2},{"not_picked":["Finger_Of_Death","Death_Coil"],"picked":"Bone_Shift","floor":4},{"not_picked":["Consume_Illness","Epidemic"],"picked":"Vampiric_Strike","floor":5},{"not_picked":["Blood_for_Blood","Death_Coil","Consume_Illness"],"picked":"SKIP","floor":7},{"not_picked":["Spectral_Walk","Chill_Blood"],"picked":"Hellfire","floor":10},{"not_picked":["Deaths_Shadow","Strike_from_Beyond","Negative_Energy_Mist"],"picked":"SKIP","floor":11},{"not_picked":["Bone_Prison","Negative_Energy_Sphere"],"picked":"Bones_to_Steel","floor":14},{"not_picked":["Hellfire","Summon_Death_Knight"],"picked":"Skeleton_Dragon","floor":16},{"not_picked":["Death_March_Dance","Negative_Energy_Mist"],"picked":"Blood_Whip","floor":18},{"not_picked":["Strike_from_Beyond","Life_Tap+1"],"picked":"Blood_Is_Power+1","floor":21},{"not_picked":["Grasp_Heart","Bones_to_Steel"],"picked":"Bone_Armor","floor":25},{"not_picked":["Blood_Whip","Pandemic"],"picked":"Necrotic_Claws+1","floor":28},{"not_picked":["Death_March_Dance","Bone_Armory"],"picked":"Blood_for_Blood","floor":31},{"not_picked":["Cloudkill","Grasp_Heart"],"picked":"Summon_Death_Knight","floor":33},{"not_picked":["Corrupt","Violent_Necrosis+1"],"picked":"Bones_to_Steel+1","floor":35},{"not_picked":["Flesh_Made_Foul","Stop_Heart+1"],"picked":"Blood_Whip","floor":38},{"not_picked":["Shade_Step","Chill_Blood+1"],"picked":"Blood_Whip+1","floor":39},{"not_picked":["Reap_The_Weak","Strike_from_Beyond+1"],"picked":"Blood_Whip","floor":41},{"not_picked":["Finger_Of_Death","Negative_Energy_Javelin+1"],"picked":"Bone_Shift+1","floor":44},{"not_picked":["Vampiric_Strike","Plague_Bolt"],"picked":"Bone_Bullets+1","floor":45},{"not_picked":["Negative_Energy_Mist","Negative_Energy_Sphere+1"],"picked":"Bone_Armory+1","floor":47}],"player_experience":365957,"relics_obtained":[{"floor":9,"key":"Garlic"},{"floor":10,"key":"hubris:CrystalStatue"},{"floor":23,"key":"Red Mask"},{"floor":26,"key":"hubris:ToyBattleship"},{"floor":28,"key":"infinitespire:WardingShard"},{"floor":41,"key":"Oddly Smooth Stone"},{"floor":43,"key":"hubris:CuriousFeather"},{"floor":44,"key":"hubris:DuctTape"}],"event_choices":[{"cards_removed":["Blood_Shield"],"damage_healed":0,"gold_gain":0,"player_choice":"Gave Card","damage_taken":0,"relics_obtained":["Pondfish Scales"],"max_hp_gain":0,"max_hp_loss":0,"event_name":"WeMeetAgain","floor":3,"gold_loss":0},{"cards_removed":["Shackles_Of_Pain"],"damage_healed":0,"gold_gain":0,"player_choice":"Gave Gold","damage_taken":0,"max_hp_gain":0,"max_hp_loss":0,"event_name":"Beggar","floor":19,"gold_loss":75},{"damage_healed":0,"gold_gain":0,"player_choice":"Ignored","damage_taken":0,"max_hp_gain":0,"max_hp_loss":0,"event_name":"Ghosts","floor":20,"gold_loss":0},{"damage_healed":0,"gold_gain":0,"player_choice":"Fought Bandits","damage_taken":0,"max_hp_gain":0,"max_hp_loss":0,"event_name":"Masked Bandits","floor":23,"gold_loss":0},{"damage_healed":0,"gold_gain":0,"player_choice":"Max HP","damage_taken":0,"max_hp_gain":0,"max_hp_loss":4,"event_name":"Winding Halls","floor":36,"gold_loss":0}],"is_beta":false,"boss_relics":[{"not_picked":["conspire:SeveredTorchhead","aspiration:RitualDagger"],"picked":"Pandora\u0027s Box"},{"not_picked":["hubris:RunicObelisk","aspiration:WatcherSkillbook"],"picked":"SlaversCollar"}],"items_purged_floors":[22],"is_endless":false,"potions_floor_spawned":[1,4,11,14,21,23,25,33,35,39,45,47],"killed_by":"Writhing Mass","ascension_level":1}}