{"host":"yqw1zpryoutrnocq","time":1612546262,"event":{"mods":["2.2 Compatiblity","AchievementEnabler","BaseMod","Colored Map","Custom Start","DeckTracker","Minty Spire (QoL Compilation)","StSLib","SuperFastMode"],"gold_per_floor":[113,131,206,3,3,37,53,53,76,76,76],"floor_reached":10,"language":"KOR","playtime":176,"items_purged":[],"score":73,"play_id":"6335dbcb-330a-4d3c-b2ed-948c4621c6b1","local_time":"20210205113102","is_ascension_mode":true,"campfire_choices":[],"circlet_count":0,"master_deck":["Strike_P","Strike_P","Strike_P","Strike_P","Defend_P","Defend_P","Defend_P","Defend_P","Eruption","Vigilance","Parasite","Prostrate","Fasting2","Consecrate","MentalFortress","ReachHeaven"],"relics":["PureWater","Medical Kit","Tiny Chest","Eternal Feather","Juzu Bracelet"],"acts_visited":["Exordium"],"potions_floor_usage":[],"damage_taken":[{"damage":12,"enemies":"2 Louse","floor":1,"turns":2},{"damage":3,"enemies":"Cultist","floor":2,"turns":3},{"damage":58,"enemies":"3 Sentries","floor":6,"turns":5},{"damage":11,"enemies":"Jaw Worm","floor":7,"turns":4},{"damage":23,"enemies":"Gremlin Nob","floor":10,"turns":3}],"seed_played":"-5196559052674106425","potions_obtained":[{"floor":1,"key":"DistilledChaos"},{"floor":6,"key":"FairyPotion"}],"is_trial":false,"path_per_floor":["M","M","?","$","?","E","M","?","T","E"],"character_chosen":"WATCHER","items_purchased":["Medical Kit","Consecrate"],"campfire_rested":0,"item_purchase_floors":[4,4],"current_hp_per_floor":[74,71,60,60,60,2,25,22,22,0,0],"gold":76,"neow_bonus":"TWENTY_PERCENT_HP_BONUS","is_daily":false,"chose_seed":false,"campfire_upgraded":0,"win_rate":0.0,"timestamp":1612546262,"path_taken":["M","M","?","$","?","E","?","?","T","E"],"items_purchased_type":["Relic","Card"],"build_version":"2020-12-22","purchased_purges":0,"victory":false,"max_hp_per_floor":[86,86,86,86,86,86,86,86,86,86,86],"card_choices":[{"not_picked":["Protect","FlurryOfBlows"],"picked":"Prostrate","floor":1},{"not_picked":["Protect","EmptyBody"],"picked":"Fasting2","floor":2},{"not_picked":["Sanctity","JustLucky"],"picked":"MentalFortress","floor":6},{"not_picked":["LikeWater","WaveOfTheHand"],"picked":"ReachHeaven","floor":7}],"player_experience":288448,"relics_obtained":[{"floor":6,"key":"Eternal Feather"}],"event_choices":[{"damage_healed":0,"gold_gain":75,"player_choice":"Gather Gold","damage_taken":11,"max_hp_gain":0,"max_hp_loss":0,"event_name":"World of Goop","floor":3,"gold_loss":0},{"damage_healed":0,"gold_gain":0,"player_choice":"Gave Potion","damage_taken":0,"relics_obtained":["Tiny Chest"],"max_hp_gain":0,"max_hp_loss":0,"event_name":"WeMeetAgain","floor":5,"gold_loss":0},{"damage_healed":0,"gold_gain":0,"player_choice":"Success","damage_taken":3,"relics_obtained":["Juzu Bracelet"],"max_hp_gain":0,"max_hp_loss":0,"event_name":"Scrap Ooze","floor":8,"gold_loss":0}],"is_beta":false,"boss_relics":[],"items_purged_floors":[],"is_endless":false,"potions_floor_spawned":[1,6],"killed_by":"Gremlin Nob","ascension_level":2}}