{"host":"312klq0911jlgvh2","time":1612490352,"event":{"mods":["100% Spire Juice","2.2 Compatiblity","AchievementEnabler","Act Like it!","Ascension Unlocker","Aspiration","Astrologer","BaseMod","Beaked The Cultist","Block Reminder","Chen","Clockwork Mod","Colored Powertips","Conspire","Custom Start","Downfall","Energized Spire","Evolution","Friendly Minions","Gensokyo","GifTheSpireLib","Gold Saver","GungeonMod","Halation","Hermit","HololiveMod","Hubris","Infinite Spire","Jedi Mod","Koishi","Marisa????????","Mimic Mod","Minty Spire (QoL Compilation)","Prisma Mod","Random Character Button","Reimu??????","Relic Sorter","Reliquary","Remilia??????","Replay The Spire","Retaliation","RumiaBox-????????","Spikes Relics","StS++","StSLib","Stuff the Spire","Synergy Search","The Animator","The Blue Laboratory","The Bug Knight","The Poker Player","TheVacant","Trackpad","Uncapped","UnlockEverythingMod","yUi"],"gold_per_floor":[497,497,517,517,537,567,594,609,609,609,626,658,658,658,658,762,762,776,795,795,807,807,840,840,868,894,515,515,575,594,608,608,706,706,716,766,831,847,897,924,924,974,1021,1044,1103,417,452,502,502,502],"floor_reached":51,"language":"ENG","playtime":2658,"items_purged":["Strike_P"],"score":815,"play_id":"2a661910-b37b-4b0d-9e68-df47bd6c29c4","local_time":"20210204205912","is_ascension_mode":false,"campfire_choices":[{"data":"BattleHymn","floor":10,"key":"SMITH"},{"data":"Vigilance","floor":10,"key":"SMITH"},{"floor":15,"key":"REST"},{"floor":32,"key":"REST"},{"data":"Devotion","floor":41,"key":"SMITH"},{"floor":49,"key":"REST"}],"circlet_count":0,"master_deck":["Strike_P","Strike_P","Defend_P","Defend_P","Defend_P","Eruption","Vigilance+1","Devotion+1","SashWhip","BattleHymn+1","EmptyFist+1","FearNoEvil+1","BowlingBash+1","EmptyBody","FollowUp+1","Prostrate","ForeignInfluence","InnerPeace","StSpp:Faith+1","Consecrate+1","MentalFortress","BowlingBash+1","MentalFortress+1","FlurryOfBlows+1","ReplayTheSpireMod:Book of Names","hubris:Fate","EmptyFist+1","LessonLearned+1","StSpp:Patience","GremboGang","Worship","Replay:BluntJabs+1","StuffTheSpire:Innocence","Bandage Up"],"relics":["PureWater","halation:VictoryRuler","EVO:Axolotl","Molten Egg 2","DemoMod:BlueGuonStone","GiantMaggot","halation:PenCase","infinitespire:Magic Flask","hubris:GrandSneckoEye","GodSword1","MiniHakkero","Busted Crown","Baka2","TeardropLocket","trackpad:Compendium","Nunchaku","HollowMod:PaleOreRelic","SsserpentHead","Pear","beaked:SacredDeck","White Beast Statue","halation:PapillonHeart","CeramicFish","Unceasing Top","halation:Thesaurus","halation:BottledHappiness","reliquary:SilkGlove","trackpad:FieryHotPepper"],"acts_visited":["Exordium","TheCity","TheBeyond"],"potions_floor_usage":[6,12,16],"damage_taken":[{"damage":7,"enemies":"2 Louse","floor":1,"turns":2},{"damage":18,"enemies":"Cultist","floor":3,"turns":4},{"damage":5,"enemies":"Jaw Worm","floor":5,"turns":2},{"damage":24,"enemies":"Gremlin Nob","floor":6,"turns":5},{"damage":10,"enemies":"3 Sentries","floor":7,"turns":6},{"damage":6,"enemies":"Exordium Thugs","floor":8,"turns":3},{"damage":1,"enemies":"Looter","floor":11,"turns":2},{"damage":6,"enemies":"Gremlin Nob","floor":12,"turns":3},{"damage":62,"enemies":"Hexaghost","floor":16,"turns":10},{"damage":4,"enemies":"conspire:FuzzyDice","floor":18,"turns":5},{"damage":3,"enemies":"Chosen","floor":19,"turns":3},{"damage":4,"enemies":"Snecko","floor":21,"turns":3},{"damage":15,"enemies":"conspire:SneckoGhost","floor":23,"turns":4},{"damage":22,"enemies":"HollowMod:Nosk","floor":25,"turns":4},{"damage":0,"enemies":"Snake Plant","floor":29,"turns":2},{"damage":13,"enemies":"3 Cultists","floor":30,"turns":5},{"damage":40,"enemies":"conspire:HollyBat","floor":31,"turns":8},{"damage":0,"enemies":"Automaton","floor":33,"turns":1},{"damage":7,"enemies":"3 Darklings","floor":35,"turns":4},{"damage":0,"enemies":"3 Shapes","floor":37,"turns":1},{"damage":15,"enemies":"Transient","floor":38,"turns":5},{"damage":9,"enemies":"Nemesis","floor":40,"turns":6},{"damage":12,"enemies":"Spire Growth","floor":44,"turns":3},{"damage":0,"enemies":"Giant Head","floor":47,"turns":1},{"damage":13,"enemies":"Awakened One","floor":50,"turns":5}],"seed_played":"8364603617584364731","potions_obtained":[{"floor":5,"key":"hexamod:SoulburnPotion"},{"floor":6,"key":"blueLaboratory:LouseDecoction"},{"floor":8,"key":"Reflective Coating"},{"floor":18,"key":"Swift Potion"},{"floor":19,"key":"blueLaboratory:BottledHope"},{"floor":30,"key":"bronze:BurnAndBuffPotion"}],"is_trial":false,"path_per_floor":["M","?","M","?","M","E","E","M","T","R","M","E","?","?","R","B",null,"M","M","?","M","?","E","AVR","E","T","$","?","M","M","M","R","B",null,"M","?","M","M","?","E","R","?","T","M","?","$","E","?","R","B",null],"character_chosen":"WATCHER","items_purchased":["Nunchaku","HollowMod:PaleOreRelic","Unceasing Top","Bandage Up","halation:Thesaurus","reliquary:SilkGlove"],"campfire_rested":3,"item_purchase_floors":[27,27,46,46,46,46],"current_hp_per_floor":[130,130,112,112,107,83,73,67,67,67,66,60,60,60,103,41,144,140,137,137,133,133,118,118,96,96,96,96,96,83,53,99,99,154,147,147,147,102,102,93,93,93,93,81,81,81,81,81,129,94],"gold":502,"neow_bonus":"ONE_RANDOM_RARE_CARD","is_daily":false,"chose_seed":false,"campfire_upgraded":3,"win_rate":0.0,"timestamp":1612490352,"path_taken":["M","?","M","?","?","E","E","M","T","R","M","E","?","?","R","BOSS","M","?","?","?","?","E","AVR","E","T","$","?","?","M","M","R","BOSS","M","?","?","M","?","E","R","?","T","M","?","$","E","?","R","BOSS"],"items_purchased_type":["Relic","Relic","Relic","Card","Relic","Relic"],"build_version":"2020-12-22","purchased_purges":1,"victory":true,"max_hp_per_floor":[144,144,144,144,144,144,144,144,144,144,144,144,144,144,144,144,144,144,144,144,144,144,144,144,144,144,144,144,144,144,154,154,154,154,154,154,154,170,170,170,170,161,161,161,161,161,161,161,161,178],"card_choices":[{"not_picked":["JustLucky","Crescendo"],"picked":"SashWhip","floor":1},{"not_picked":["Replay:Vibes","Blasphemy"],"picked":"BattleHymn","floor":3},{"not_picked":["Replay:Hum","Indignation"],"picked":"EmptyFist+1","floor":5},{"not_picked":["Replay:ManipulateFuture","EmptyFist+1"],"picked":"FearNoEvil+1","floor":6},{"not_picked":["StSpp:Renounce","Pray"],"picked":"BowlingBash+1","floor":7},{"not_picked":["WaveOfTheHand","Crescendo"],"picked":"EmptyBody","floor":8},{"not_picked":["FlyingSleeves+1","EmptyFist+1"],"picked":"FollowUp+1","floor":11},{"not_picked":["LikeWater","Replay:Cycle"],"picked":"Prostrate","floor":12},{"not_picked":["Establishment","StSpp:Patience"],"picked":"StSpp:Faith","floor":16},{"not_picked":["StSpp:Chanting+1","Indignation"],"picked":"Consecrate+1","floor":18},{"not_picked":["Halt","Collect"],"picked":"MentalFortress","floor":19},{"not_picked":["Tantrum+1","LikeWater+1"],"picked":"BowlingBash+1","floor":21},{"not_picked":["StSpp:Chanting+1","SashWhip+1"],"picked":"FlurryOfBlows+1","floor":23},{"not_picked":[],"picked":"EmptyFist+1","floor":25},{"not_picked":["Crescendo"],"picked":"SKIP","floor":29},{"not_picked":["Replay:ManipulateFuture"],"picked":"SKIP","floor":30},{"not_picked":["ThirdEye"],"picked":"SKIP","floor":31},{"not_picked":[],"picked":"LessonLearned+1","floor":33},{"not_picked":[],"picked":"StSpp:Patience","floor":33},{"not_picked":[],"picked":"Worship","floor":35},{"not_picked":["JustLucky+1"],"picked":"SKIP","floor":37},{"not_picked":["JustLucky+1"],"picked":"SKIP","floor":38},{"not_picked":["ThirdEye"],"picked":"SKIP","floor":40},{"not_picked":[],"picked":"Replay:BluntJabs+1","floor":44},{"not_picked":["Vengeance+1"],"picked":"SKIP","floor":44},{"not_picked":["Replay:Vibes"],"picked":"SKIP","floor":44},{"not_picked":["FlurryOfBlows+1"],"picked":"SKIP","floor":44},{"not_picked":["StuffTheSpire:Brawn","StuffTheSpire:Vigor"],"picked":"StuffTheSpire:Innocence","floor":45},{"not_picked":["WreathOfFlame"],"picked":"SKIP","floor":47}],"player_experience":560529,"relics_obtained":[{"floor":1,"key":"Baka"},{"floor":6,"key":"DemoMod:BlueGuonStone"},{"floor":7,"key":"GiantMaggot"},{"floor":9,"key":"halation:PenCase"},{"floor":12,"key":"halation:VictoryRuler"},{"floor":16,"key":"infinitespire:Magic Flask"},{"floor":23,"key":"GodSword1"},{"floor":25,"key":"Baka2"},{"floor":25,"key":"TeardropLocket"},{"floor":26,"key":"trackpad:Compendium"},{"floor":31,"key":"Pear"},{"floor":40,"key":"White Beast Statue"},{"floor":43,"key":"CeramicFish"},{"floor":47,"key":"trackpad:FieryHotPepper"}],"event_choices":[{"damage_healed":0,"gold_gain":0,"player_choice":"Ignored","damage_taken":0,"max_hp_gain":0,"max_hp_loss":0,"event_name":"NoteForYourself","floor":4,"gold_loss":0},{"damage_healed":0,"gold_gain":0,"cards_transformed":["Steam"],"player_choice":"Transformed","damage_taken":0,"max_hp_gain":0,"max_hp_loss":0,"event_name":"Transmorgrifier","floor":14,"gold_loss":0,"cards_obtained":["InnerPeace"]},{"damage_healed":0,"gold_gain":0,"player_choice":"Upgraded","damage_taken":0,"max_hp_gain":0,"max_hp_loss":0,"event_name":"Upgrade Shrine","floor":20,"gold_loss":0,"cards_upgraded":["StSpp:Faith"]},{"damage_healed":0,"gold_gain":0,"player_choice":"Opened","damage_taken":0,"relics_obtained":["Gremlin Food"],"max_hp_gain":0,"max_hp_loss":0,"event_name":"The Mausoleum","floor":22,"gold_loss":0},{"damage_healed":0,"gold_gain":0,"player_choice":"Trade","damage_taken":0,"relics_obtained":["SsserpentHead"],"max_hp_gain":0,"max_hp_loss":0,"event_name":"FaceTrader","floor":28,"gold_loss":0},{"cards_removed":["Injury"],"damage_healed":0,"gold_gain":0,"player_choice":"Removed Curses","damage_taken":0,"max_hp_gain":0,"max_hp_loss":0,"event_name":"Fountain of Cleansing","floor":36,"gold_loss":0},{"damage_healed":0,"gold_gain":0,"player_choice":"Leave","damage_taken":0,"max_hp_gain":0,"max_hp_loss":0,"event_name":"conspire:Investor","floor":48,"gold_loss":0}],"is_beta":false,"boss_relics":[{"not_picked":["aspiration:SilentSkillbook","trackpad:Coffee"],"picked":"hubris:GrandSneckoEye"},{"not_picked":["StSpp:CrystalBall","energizedSpire:StickyHand"],"picked":"beaked:SacredDeck"}],"items_purged_floors":[27],"is_endless":false,"potions_floor_spawned":[5,6,8,18,19,25,30,31,35,44,47],"ascension_level":0}}