{"host":"swphzoo6hmc78epl","time":1612503357,"event":{"mods":["BaseMod","Highlight Path","Minty Spire (QoL Compilation)","Quick Restart"],"gold_per_floor":[118,128,128,141,141,141,141,17,63,81,81,93,110,126,126,223,223,239,91,111,123,123,150,150,160,184,219,219,23,39,0,0,99,99,110,121,121,136,154,185,185,220,220,220,180,193,210,234,234,234,234],"floor_reached":50,"language":"ENG","playtime":3212,"items_purged":["Regret","Strike_B","Strike_B"],"score":645,"play_id":"828aa259-4e41-4d60-a819-9967441aeb09","local_time":"20210205003557","is_ascension_mode":true,"campfire_choices":[{"data":"Gash","floor":7.0,"key":"SMITH"},{"data":"Cold Snap","floor":11.0,"key":"SMITH"},{"data":"Dualcast","floor":15.0,"key":"SMITH"},{"data":"Go for the Eyes","floor":24.0,"key":"SMITH"},{"data":"Coolheaded","floor":28.0,"key":"SMITH"},{"floor":32.0,"key":"REST"},{"data":"Coolheaded","floor":41,"key":"SMITH"},{"floor":44,"key":"RECALL"},{"floor":49,"key":"REST"}],"circlet_count":0,"master_deck":["Defend_B+1","Defend_B","Defend_B","Zap+1","Dualcast+1","Cold Snap+1","Go for the Eyes+1","Gash+1","Ball Lightning+1","Barrage+1","Seek","Gash+1","Rip and Tear+1","All For One+1","Gash+1","Sweeping Beam+1","Beam Cell+1","Reinforced Body+1","Conserve Battery+1","Coolheaded+1","Scrape+1","Leap+1","Core Surge+1","Stack+1","Glacier+1","Coolheaded+1"],"relics":["Cracked Core","NeowsBlessing","Dead Branch","Molten Egg 2","PreservedInsect","SacredBark","War Paint","Potion Belt","Blood Vial","Empty Cage","Whetstone","Lantern","Orichalcum"],"acts_visited":["Exordium","TheCity","TheBeyond"],"potions_floor_usage":[33,33,40,45,47,50],"damage_taken":[{"damage":0.0,"enemies":"Jaw Worm","floor":1.0,"turns":1.0},{"damage":0.0,"enemies":"Small Slimes","floor":2.0,"turns":1.0},{"damage":0.0,"enemies":"Cultist","floor":4.0,"turns":1.0},{"damage":7.0,"enemies":"Exordium Wildlife","floor":10.0,"turns":3.0},{"damage":7.0,"enemies":"Lots of Slimes","floor":12.0,"turns":3.0},{"damage":6.0,"enemies":"Blue Slaver","floor":13.0,"turns":3.0},{"damage":0.0,"enemies":"Large Slime","floor":14.0,"turns":3.0},{"damage":36.0,"enemies":"The Guardian","floor":16.0,"turns":12.0},{"damage":12.0,"enemies":"Shell Parasite","floor":18.0,"turns":2.0},{"damage":26.0,"enemies":"2 Thieves","floor":20.0,"turns":3.0},{"damage":12.0,"enemies":"3 Cultists","floor":21.0,"turns":3.0},{"damage":2.0,"enemies":"Slavers","floor":23.0,"turns":2.0},{"damage":9.0,"enemies":"Sentry and Sphere","floor":25.0,"turns":5.0},{"damage":0.0,"enemies":"Gremlin Leader","floor":27.0,"turns":4.0},{"damage":14.0,"enemies":"Centurion and Healer","floor":30.0,"turns":2.0},{"damage":25,"enemies":"Automaton","floor":33,"turns":8},{"damage":25,"enemies":"3 Shapes","floor":35,"turns":3},{"damage":0,"enemies":"Orb Walker","floor":36,"turns":2},{"damage":21,"enemies":"Spire Growth","floor":38,"turns":3},{"damage":17,"enemies":"Maw","floor":39,"turns":6},{"damage":31,"enemies":"Reptomancer","floor":40,"turns":6},{"damage":9,"enemies":"Nemesis","floor":42,"turns":5},{"damage":0,"enemies":"Transient","floor":46,"turns":5},{"damage":8,"enemies":"Sphere and 2 Shapes","floor":47,"turns":4},{"damage":54,"enemies":"Donu and Deca","floor":50,"turns":6}],"seed_played":"-917134794799721311","potions_obtained":[{"floor":4.0,"key":"DuplicationPotion"},{"floor":10.0,"key":"Block Potion"},{"floor":13.0,"key":"SteroidPotion"},{"floor":14.0,"key":"Swift Potion"},{"floor":20.0,"key":"Explosive Potion"},{"floor":27.0,"key":"SteroidPotion"},{"floor":30.0,"key":"Weak Potion"},{"floor":39,"key":"Regen Potion"},{"floor":40,"key":"FearPotion"},{"floor":42,"key":"SpeedPotion"},{"floor":45,"key":"SmokeBomb"},{"floor":45,"key":"SkillPotion"},{"floor":45,"key":"Fruit Juice"}],"is_trial":false,"path_per_floor":["M","M","?","M","?","?","R","$","T","M","R","M","M","M","R","B",null,"M","$","M","M","?","E","R","M","T","E","R","$","M","?","R","B",null,"M","M","?","M","M","E","R","E","T","R","?","M","M","T","R","B"],"character_chosen":"DEFECT","items_purchased":["Ball Lightning+1","Sweeping Beam+1","Scrape+1"],"campfire_rested":2,"item_purchase_floors":[8,19,29],"current_hp_per_floor":[75,75,75,75,75,75,75,75,75,68,68,61,55,55,55,19,75,63,63,37,25,25,23,23,14,14,14,14,14,2,2,24,1,75,50,52,52,33,18,23,23,16,16,16,26,28,22,22,47,0,0],"gold":234,"neow_bonus":"THREE_ENEMY_KILL","is_daily":false,"chose_seed":false,"campfire_upgraded":6,"win_rate":0.0,"timestamp":1612503357,"path_taken":["M","M","?","M","?","?","R","$","T","M","R","M","M","M","R","BOSS","M","$","?","M","?","E","R","?","T","E","R","$","M","?","R","BOSS","M","M","?","M","?","E","R","E","T","R","?","?","M","?","R","BOSS"],"items_purchased_type":["Card","Card","Card"],"build_version":"2020-12-22","purchased_purges":3,"victory":false,"max_hp_per_floor":[75,75,75,75,75,75,75,75,75,75,75,75,75,75,75,75,75,75,75,75,75,75,75,75,75,75,75,75,75,75,75,75,75,75,75,75,75,75,75,75,75,75,75,75,85,85,85,85,85,85,85],"card_choices":[{"not_picked":["Leap","Blizzard"],"picked":"Cold Snap","floor":1.0},{"not_picked":["Recycle","Static Discharge"],"picked":"Go for the Eyes","floor":2.0},{"not_picked":["Conserve Battery","Compile Driver"],"picked":"Gash","floor":4.0},{"not_picked":["Coolheaded","Cold Snap+1"],"picked":"Barrage+1","floor":10.0},{"not_picked":["Barrage+1","Loop"],"picked":"Seek","floor":12.0},{"not_picked":["Rip and Tear+1","Steam"],"picked":"Gash+1","floor":13.0},{"not_picked":["Capacitor","Redo"],"picked":"Rip and Tear+1","floor":14.0},{"not_picked":["Machine Learning","Seek"],"picked":"All For One+1","floor":16.0},{"not_picked":["Barrage+1","Hologram"],"picked":"Gash+1","floor":18.0},{"not_picked":["Turbo","Seek"],"picked":"Beam Cell+1","floor":20.0},{"not_picked":["Cold Snap+1","Beam Cell+1"],"picked":"Reinforced Body","floor":21.0},{"not_picked":["Rebound+1","White Noise"],"picked":"Conserve Battery+1","floor":23.0},{"not_picked":["Turbo+1","Sweeping Beam+1","Consume+1"],"picked":"SKIP","floor":25.0},{"not_picked":["Beam Cell+1","Gash+1"],"picked":"Coolheaded","floor":27.0},{"not_picked":["Darkness","Static Discharge"],"picked":"Leap+1","floor":30.0},{"not_picked":["Biased Cognition","Reboot"],"picked":"Core Surge+1","floor":33},{"not_picked":["Tempest+1","Beam Cell+1"],"picked":"Stack+1","floor":35},{"not_picked":["Turbo","Redo+1"],"picked":"Glacier+1","floor":36},{"not_picked":["Hologram","Stack","Aggregate"],"picked":"SKIP","floor":38},{"not_picked":["Loop+1","Tempest","Recycle+1"],"picked":"SKIP","floor":39},{"not_picked":["Beam Cell+1","Amplify"],"picked":"Coolheaded","floor":40},{"not_picked":["Auto Shields+1","Leap+1","Recycle+1"],"picked":"SKIP","floor":42},{"not_picked":["FTL+1","Rebound+1","Rip and Tear+1"],"picked":"SKIP","floor":46},{"not_picked":["Sunder+1","Cold Snap+1","Streamline+1"],"picked":"SKIP","floor":47}],"player_experience":868393,"relics_obtained":[{"floor":9.0,"key":"PreservedInsect"},{"floor":23.0,"key":"War Paint"},{"floor":26.0,"key":"Potion Belt"},{"floor":27.0,"key":"Blood Vial"},{"floor":40,"key":"Whetstone"},{"floor":42,"key":"Lantern"},{"floor":48,"key":"Orichalcum"}],"event_choices":[{"cards_removed":["Strike_B"],"damage_healed":0.0,"max_hp_gain":0.0,"max_hp_loss":0.0,"gold_gain":0.0,"event_name":"Living Wall","player_choice":"Forget","floor":3.0,"gold_loss":0.0,"damage_taken":0.0},{"damage_healed":0.0,"max_hp_gain":0.0,"max_hp_loss":0.0,"gold_gain":0.0,"event_name":"Big Fish","player_choice":"Box","floor":5.0,"gold_loss":0.0,"damage_taken":0.0,"relics_obtained":["Dead Branch"],"cards_obtained":["Regret"]},{"damage_healed":0.0,"max_hp_gain":0.0,"max_hp_loss":0.0,"gold_gain":0.0,"event_name":"WeMeetAgain","player_choice":"Gave Potion","floor":6.0,"gold_loss":0.0,"damage_taken":0.0,"relics_obtained":["Molten Egg 2"]},{"damage_healed":0.0,"max_hp_gain":0.0,"max_hp_loss":0.0,"gold_gain":0.0,"event_name":"Accursed Blacksmith","player_choice":"Forge","floor":22.0,"gold_loss":0.0,"damage_taken":0.0,"cards_upgraded":["Zap"]},{"damage_healed":0.0,"max_hp_gain":0.0,"max_hp_loss":0.0,"gold_gain":0.0,"event_name":"Masked Bandits","player_choice":"Paid Fearfully","floor":31.0,"gold_loss":39.0,"damage_taken":0.0},{"damage_healed":0,"gold_gain":0,"player_choice":"0 cards matched","damage_taken":0,"max_hp_gain":0,"max_hp_loss":0,"event_name":"Match and Keep!","floor":37,"gold_loss":0,"cards_obtained":[]},{"damage_healed":0,"gold_gain":0,"player_choice":"Bought 3 Potions","damage_taken":0,"max_hp_gain":0,"max_hp_loss":0,"event_name":"The Woman in Blue","floor":45,"gold_loss":0}],"is_beta":false,"boss_relics":[{"not_picked":["Busted Crown","Pandora\u0027s Box"],"picked":"SacredBark"},{"not_picked":["SlaversCollar","Velvet Choker"],"picked":"Empty Cage"}],"items_purged_floors":[8,19,29],"is_endless":false,"potions_floor_spawned":[4,10,13,14,20,27,30,39,40,42],"killed_by":"Donu and Deca","ascension_level":3}}