{"host":"9r21pjsoidsmrzpr","time":1612567425,"event":{"mods":["AchievementEnabler","BaseMod","Hermit","Minty Spire (QoL Compilation)","Reliquary","Replay The Spire","StSLib","The Disciple","The Hierophant","The Runesmith"],"gold_per_floor":[109,109,209,54,70,70,102,102,102,116,148,29,60,80,80,184,184,198,46,74,101,117,117,467,493,493,522,522,553,337,337,337],"floor_reached":31,"language":"ENG","playtime":2500,"items_purged":["Voices"],"score":411,"play_id":"78107ebf-d7b2-48d6-be80-f1faf26410ec","local_time":"20210206022345","is_ascension_mode":true,"campfire_choices":[{"data":"Redo","floor":6,"key":"SMITH"},{"data":"Ball Lightning","floor":8,"key":"SMITH"},{"data":"Static Discharge","floor":8,"key":"SMITH"},{"floor":15,"key":"REST"},{"data":"ReplayTheSpireMod:Reroute Power","floor":23,"key":"SMITH"},{"data":"Apotheosis","floor":23,"key":"SMITH"}],"circlet_count":0,"master_deck":["Strike_B","Strike_B","Strike_B","Defend_B","Defend_B","Defend_B","Defend_B","Zap","Dualcast","Static Discharge+1","Gash+1","Redo+1","Ball Lightning+1","Panic Button","ReplayTheSpireMod:Omega Cannon","Violence+1","Apotheosis+1","Enlightenment","Leap","BasicCrystalCard+1","Cold Snap+1","ReplayTheSpireMod:Reroute Power+1","Injury","Injury","Rebound+1","Chill","ReplayTheSpireMod:Private Reserves"],"relics":["Cracked Core","Replay:Mystery Machine","Replay:Arrowhead","Carrot","Pocketwatch","ReplayTheSpireMod:ShopPack","Ancient Tea Set","Ring of Chaos","reliquary:BrokenClock","Red Mask","reliquary:Buckler","Ring of Shattering","Ring of Greed","Membership Card","Old Coin","Boot","Durian","PreservedInsect","reliquary:Firecrackers"],"acts_visited":["Exordium","TheCity"],"potions_floor_usage":[11,29],"damage_taken":[{"damage":5,"enemies":"2 Louse","floor":1,"turns":3},{"damage":0,"enemies":"Cultist","floor":5,"turns":4},{"damage":41,"enemies":"Lagavulin","floor":7,"turns":6},{"damage":7,"enemies":"Jaw Worm","floor":10,"turns":2},{"damage":15,"enemies":"3 Sentries","floor":11,"turns":3},{"damage":0,"enemies":"Gremlin Nob","floor":13,"turns":2},{"damage":0,"enemies":"Exordium Thugs","floor":14,"turns":2},{"damage":15,"enemies":"Hexaghost","floor":16,"turns":4},{"damage":12,"enemies":"3 Byrds","floor":18,"turns":2},{"damage":0,"enemies":"Masked Bandits","floor":20,"turns":2},{"damage":10,"enemies":"2 Thieves","floor":22,"turns":4},{"damage":18,"enemies":"Book of Stabbing","floor":25,"turns":4},{"damage":8,"enemies":"Replay:Snechameleon","floor":27,"turns":2},{"damage":0,"enemies":"Slavers","floor":29,"turns":2},{"damage":39,"enemies":"Snecko","floor":31,"turns":4}],"seed_played":"1258303292574023460","potions_obtained":[{"floor":7,"key":"SpeedPotion"},{"floor":10,"key":"PowerPotion"},{"floor":11,"key":"FocusPotion"},{"floor":13,"key":"GamblersBrew"},{"floor":16,"key":"Toxic Potion"},{"floor":29,"key":"Milkshake"}],"is_trial":false,"path_per_floor":["M","?","?","$","M","R","E","R","T","M","E","$","E","M","R","B",null,"M","$","?","T","M","R","?","E","T","E","?","E","$","M"],"character_chosen":"DEFECT","items_purchased":["Replay:Mystery Machine","ReplayTheSpireMod:ShopPack","reliquary:BrokenClock","reliquary:Firecrackers","ReplayTheSpireMod:Private Reserves"],"campfire_rested":1,"item_purchase_floors":[4,12,19,30,30],"current_hp_per_floor":[70,70,70,70,70,70,29,29,29,22,7,7,7,7,29,14,75,63,63,63,63,53,53,53,35,35,32,32,32,32,0,0],"gold":337,"neow_bonus":"TRANSFORM_CARD","is_daily":false,"chose_seed":false,"campfire_upgraded":5,"win_rate":0.0,"timestamp":1612567425,"path_taken":["M","?","?","$","?","R","E","R","T","M","E","$","E","M","R","BOSS","M","$","?","?","?","R","?","E","T","E","?","E","$","M"],"items_purchased_type":["Relic","Relic","Relic","Relic","Card"],"build_version":"2020-12-22","purchased_purges":1,"victory":false,"max_hp_per_floor":[75,75,75,75,75,75,75,75,75,75,75,75,75,75,75,75,75,75,75,75,75,75,75,75,75,75,80,80,80,80,80,80],"card_choices":[{"not_picked":["Static Discharge","Leap"],"picked":"Gash","floor":1},{"not_picked":["Beam Cell","Lockon"],"picked":"Redo","floor":5},{"not_picked":["Undo","Cold Snap"],"picked":"Ball Lightning","floor":7},{"not_picked":["Redo","Recycle"],"picked":"Panic Button","floor":10},{"not_picked":["Lockon","Steam"],"picked":"ReplayTheSpireMod:Omega Cannon","floor":11},{"not_picked":["Secret Technique","HandOfGreed"],"picked":"Violence","floor":12},{"not_picked":["Replay:Sssssssssshield","Blind"],"picked":"Apotheosis","floor":12},{"not_picked":["Apotheosis","Purity"],"picked":"Enlightenment","floor":12},{"not_picked":["Multi-Cast","Hologram","Reboot"],"picked":"SKIP","floor":13},{"not_picked":["Skim","Static Discharge"],"picked":"Leap","floor":14},{"not_picked":["Ball Lightning","Stack"],"picked":"BasicCrystalCard+1","floor":18},{"not_picked":["Turbo","Leap+1"],"picked":"Cold Snap+1","floor":20},{"not_picked":["Capacitor","Heatsinks+1"],"picked":"ReplayTheSpireMod:Reroute Power","floor":22},{"not_picked":["Defragment","Chill"],"picked":"Rebound+1","floor":25},{"not_picked":["Biased Cognition","ReplayTheSpireMod:Reroute Power","Compile Driver+1"],"picked":"SKIP","floor":27},{"not_picked":["Panic Button","Compile Driver"],"picked":"Chill","floor":29}],"player_experience":694131,"relics_obtained":[{"floor":7,"key":"Replay:Arrowhead"},{"floor":9,"key":"Carrot"},{"floor":11,"key":"Pocketwatch"},{"floor":13,"key":"Ancient Tea Set"},{"floor":20,"key":"Red Mask"},{"floor":21,"key":"reliquary:Buckler"},{"floor":24,"key":"Ring of Shattering"},{"floor":24,"key":"Ring of Greed"},{"floor":24,"key":"Membership Card"},{"floor":24,"key":"Old Coin"},{"floor":25,"key":"Boot"},{"floor":27,"key":"Durian"},{"floor":29,"key":"PreservedInsect"}],"event_choices":[{"damage_healed":0,"gold_gain":0,"player_choice":"Ignored","damage_taken":0,"max_hp_gain":0,"max_hp_loss":0,"event_name":"Liars Game","floor":2,"gold_loss":0},{"damage_healed":0,"gold_gain":100,"player_choice":"Pray","damage_taken":0,"max_hp_gain":0,"max_hp_loss":0,"event_name":"Golden Shrine","floor":3,"gold_loss":0},{"damage_healed":0,"gold_gain":0,"player_choice":"Fought Bandits","damage_taken":0,"max_hp_gain":0,"max_hp_loss":0,"event_name":"Masked Bandits","floor":20,"gold_loss":0},{"damage_healed":0,"gold_gain":0,"player_choice":"Ignored","damage_taken":0,"max_hp_gain":0,"max_hp_loss":0,"event_name":"Ghosts","floor":28,"gold_loss":0}],"is_beta":false,"boss_relics":[{"not_picked":["Nuclear Battery","SacredBark"],"picked":"Ring of Chaos"}],"items_purged_floors":[30],"is_endless":false,"potions_floor_spawned":[7,10,11,13,16,20,29],"killed_by":"Snecko","ascension_level":3}}