{"host":"359hz4210ybch7ku","time":1612508512,"event":{"mods":["BaseMod","Block Reminder","Colored Map","Colored Powertips","Highlight Path","Minty Spire (QoL Compilation)","Slay the Relics Exporter","StSLib"],"gold_per_floor":[109,109,34,209,225,225,260,260,260,289,40,53,71,84,84,84,84],"floor_reached":16,"language":"ENG","playtime":1115,"items_purged":["Strike_P","Doubt"],"score":149,"play_id":"377259d2-4c95-4b8a-9573-f28c46616dc3","local_time":"20210204230152","is_ascension_mode":true,"campfire_choices":[{"data":"Prostrate","floor":6,"key":"SMITH"},{"floor":8,"key":"REST"},{"floor":15,"key":"REST"}],"circlet_count":0,"master_deck":["Strike_P","Strike_P","Strike_P","Defend_P","Eruption","Vigilance","MasterReality","BowlingBash","Prostrate+1","Consecrate","TalkToTheHand","DeceiveReality","Pray"],"relics":["PureWater","Potion Belt","Kunai","Nunchaku","Strange Spoon"],"acts_visited":["Exordium"],"potions_floor_usage":[7,16],"damage_taken":[{"damage":0,"enemies":"Small Slimes","floor":1,"turns":2},{"damage":0,"enemies":"2 Louse","floor":5,"turns":2},{"damage":27,"enemies":"3 Sentries","floor":7,"turns":4},{"damage":47,"enemies":"Lagavulin","floor":10,"turns":10},{"damage":0,"enemies":"Jaw Worm","floor":12,"turns":4},{"damage":6,"enemies":"Exordium Wildlife","floor":13,"turns":3},{"damage":0,"enemies":"Exordium Thugs","floor":14,"turns":5},{"damage":30,"enemies":"Slime Boss","floor":16,"turns":9}],"seed_played":"5666390645207880175","potions_obtained":[{"floor":1,"key":"PowerPotion"},{"floor":7,"key":"Ancient Potion"},{"floor":10,"key":"LiquidBronze"},{"floor":14,"key":"SkillPotion"}],"is_trial":false,"path_per_floor":["M","?","$","?","M","R","E","R","T","E","$","M","M","M","R","B"],"character_chosen":"WATCHER","items_purchased":["Strange Spoon"],"campfire_rested":2,"item_purchase_floors":[11],"current_hp_per_floor":[65,65,65,65,65,65,38,57,57,10,10,10,4,4,23,0,0],"gold":84,"neow_bonus":"TRANSFORM_TWO_CARDS","is_daily":false,"chose_seed":false,"campfire_upgraded":1,"win_rate":0.0,"timestamp":1612508512,"path_taken":["M","?","$","?","M","R","E","R","T","E","$","M","M","?","R","BOSS"],"items_purchased_type":["Relic"],"build_version":"2020-12-22","purchased_purges":2,"victory":false,"max_hp_per_floor":[65,65,65,65,65,65,65,65,65,65,65,65,65,65,65,65,65],"card_choices":[{"not_picked":["Fasting2","MentalFortress"],"picked":"Prostrate","floor":1},{"not_picked":["PathToVictory","SandsOfTime","EmptyFist"],"picked":"SKIP","floor":5},{"not_picked":["JustLucky","CrushJoints"],"picked":"TalkToTheHand","floor":7},{"not_picked":["JustLucky","MentalFortress"],"picked":"DeceiveReality","floor":10},{"not_picked":["SashWhip","Consecrate","Omniscience"],"picked":"SKIP","floor":12},{"not_picked":["ThirdEye","Evaluate","PathToVictory"],"picked":"SKIP","floor":13},{"not_picked":["FearNoEvil","Halt"],"picked":"Pray","floor":14}],"player_experience":318222,"relics_obtained":[{"floor":7,"key":"Potion Belt"},{"floor":9,"key":"Kunai"},{"floor":10,"key":"Nunchaku"}],"event_choices":[{"damage_healed":0,"gold_gain":0,"cards_transformed":["Defend_P"],"player_choice":"Change","damage_taken":0,"max_hp_gain":0,"max_hp_loss":0,"event_name":"Living Wall","floor":2,"gold_loss":0,"cards_obtained":["Consecrate"]},{"damage_healed":0,"gold_gain":175,"player_choice":"AGREE","damage_taken":0,"max_hp_gain":0,"max_hp_loss":0,"event_name":"Liars Game","floor":4,"gold_loss":0,"cards_obtained":["Doubt"]}],"is_beta":false,"boss_relics":[],"items_purged_floors":[3,11],"is_endless":false,"potions_floor_spawned":[1,7,10,14],"killed_by":"Slime Boss","ascension_level":7}}