{"host":"zgdag062zrknap1a","time":1612500980,"event":{"mods":["AchievementEnabler","Act Like it!","Aspiration","Bard","BaseMod","BetterRewards","Colored Map","Colored Powertips","Conspire","Downfall","Gensokyo","Hallownest","Hermit","Highlight Path","Hubris","Infinite Spire","Jorbs\u0027s Wanderer Trilogy","Marisa????????","Minty Spire (QoL Compilation)","Quick Restart","Rare Cards Sparkle","Replay The Spire","Shop Mod","StSLib","The Bug Knight","The Cursed","The Hierophant","The Necromancer","The Runesmith","The Servant 0.9.4"],"gold_per_floor":[118,118,118,132,148,148,148,148,148,148,148],"floor_reached":10,"language":"ENG","playtime":453,"items_purged":[],"score":56,"play_id":"5e2e2723-f185-4205-b6ae-2d74d8c9760f","local_time":"20210204205620","is_ascension_mode":false,"campfire_choices":[{"floor":6,"key":"RECALL"},{"data":"hubris:SpecializedCircuitry","floor":8,"key":"SMITH"}],"circlet_count":0,"master_deck":["Strike_B","Strike_B","Strike_B","Strike_B","Defend_B","Defend_B","Defend_B","Defend_B","Zap","Dualcast","Sweeping Beam+1","Leap","hubris:SpecializedCircuitry+1"],"relics":["Cracked Core","infinitespire:EmpoweringShard","Lee\u0027s Waffle","Akabeko","Replay:Baseball","MerchantsRug","aspiration:FrozenJewel","ReplayTheSpireMod:Lightbulb"],"acts_visited":["Exordium"],"potions_floor_usage":[],"damage_taken":[{"damage":0,"enemies":"Cultist","floor":1,"turns":2},{"damage":0,"enemies":"Small Slimes","floor":4,"turns":2},{"damage":0,"enemies":"2 Louse","floor":5,"turns":3},{"damage":0,"enemies":"3 Sentries","floor":10,"turns":1}],"seed_played":"-248142262748701682","potions_obtained":[{"floor":4,"key":"BlessingOfTheForge"}],"is_trial":false,"path_per_floor":["M","?","?","M","M","R","?","R","T","E"],"character_chosen":"DEFECT","items_purchased":["infinitespire:EmpoweringShard","Sweeping Beam+1","Lee\u0027s Waffle","Akabeko","Replay:Baseball","MerchantsRug"],"campfire_rested":0,"item_purchase_floors":[0,0,0,0,0,0],"current_hp_per_floor":[82,82,70,70,70,70,78,78,78,78,78],"gold":148,"neow_bonus":"","is_daily":false,"chose_seed":false,"campfire_upgraded":1,"win_rate":0.0,"timestamp":1612500980,"path_taken":["M","?","?","M","M","R","?","R","T","E"],"items_purchased_type":["Relic","Card","Relic","Relic","Relic","Relic"],"build_version":"2020-12-22","purchased_purges":0,"victory":false,"max_hp_per_floor":[82,82,82,82,82,82,82,82,82,82,82],"card_choices":[{"not_picked":["Cold Snap","Hologram","Stack"],"picked":"SKIP","floor":1},{"not_picked":["Rebound","Redo"],"picked":"Leap","floor":4},{"not_picked":["Turbo","Genetic Algorithm"],"picked":"hubris:SpecializedCircuitry","floor":5}],"player_experience":402838,"relics_obtained":[{"floor":2,"key":"aspiration:FrozenJewel"}],"event_choices":[{"damage_healed":0,"gold_gain":0,"player_choice":"Success","damage_taken":12,"relics_obtained":["ReplayTheSpireMod:Lightbulb"],"max_hp_gain":0,"max_hp_loss":0,"event_name":"Scrap Ooze","floor":3,"gold_loss":0}],"is_beta":false,"boss_relics":[],"items_purged_floors":[],"is_endless":false,"potions_floor_spawned":[4],"killed_by":"3 Sentries","ascension_level":0}}