{"host":"d85gwtocd8go8gx0","time":1612553687,"event":{"mods":["AchievementEnabler","BaseMod","Better Altar","Better Skull","Better Third Choice","Block Reminder","Colored Powertips","Curses Come First","Dark Map","Filter the Spire","Highlight Path","Minty Spire (QoL Compilation)","Permanent Neow","Quick Restart","Shop Mod","StSLib","SuperFastMode","UnlockEverythingMod"],"gold_per_floor":[109,10,22,38,52,86,86,31,31,57,73,93,93,113,113,184,184,198,211,227,227,227,227,227,227],"floor_reached":24,"language":"ENG","playtime":884,"items_purged":["Defend_P"],"score":495,"play_id":"1cf97b04-1c75-42d3-845a-acd5f8a8572b","local_time":"20210205113447","is_ascension_mode":true,"campfire_choices":[{"floor":7,"key":"REST"},{"data":"BattleHymn","floor":13,"key":"SMITH"},{"data":"Crescendo","floor":15,"key":"SMITH"},{"floor":23,"key":"REST"}],"circlet_count":0,"master_deck":["AscendersBane","Defend_P","Defend_P","Defend_P","Eruption+1","Vigilance","Consecrate","CutThroughFate","SashWhip","ReachHeaven+1","Consecrate","InnerPeace","FlurryOfBlows","BattleHymn+1","Crescendo+1","EmptyBody","CrushJoints","DevaForm","FlurryOfBlows","BowlingBash","WindmillStrike","Bite","Bite","Bite","Bite","Bite","Prostrate","Wish"],"relics":["PureWater","Whetstone","Pantograph","Sundial","Fusion Hammer"],"acts_visited":["Exordium","TheCity"],"potions_floor_usage":[20],"damage_taken":[{"damage":0,"enemies":"Cultist","floor":1,"turns":3},{"damage":0,"enemies":"Small Slimes","floor":3,"turns":1},{"damage":2,"enemies":"2 Louse","floor":4,"turns":2},{"damage":4,"enemies":"Exordium Thugs","floor":5,"turns":3},{"damage":12,"enemies":"3 Sentries","floor":6,"turns":3},{"damage":0,"enemies":"Gremlin Nob","floor":10,"turns":2},{"damage":17,"enemies":"Exordium Wildlife","floor":11,"turns":2},{"damage":0,"enemies":"Large Slime","floor":12,"turns":2},{"damage":5,"enemies":"2 Fungi Beasts","floor":14,"turns":2},{"damage":40,"enemies":"The Guardian","floor":16,"turns":6},{"damage":22,"enemies":"Shell Parasite","floor":18,"turns":3},{"damage":6,"enemies":"Spheric Guardian","floor":19,"turns":3},{"damage":14,"enemies":"Centurion and Healer","floor":20,"turns":3},{"damage":35,"enemies":"Book of Stabbing","floor":24,"turns":4}],"seed_played":"8001640365928607606","potions_obtained":[{"floor":1,"key":"Fire Potion"},{"floor":3,"key":"BlessingOfTheForge"},{"floor":6,"key":"Energy Potion"}],"is_trial":false,"path_per_floor":["M","$","M","M","M","E","R","$","T","E","M","M","R","M","R","B",null,"M","M","M","?","?","R","E"],"character_chosen":"WATCHER","items_purchased":["CutThroughFate","FlurryOfBlows"],"campfire_rested":2,"item_purchase_floors":[2,8],"current_hp_per_floor":[61,61,61,59,55,43,63,63,63,63,46,46,46,41,41,26,58,36,30,16,16,16,30,0,0],"gold":227,"neow_bonus":"UPGRADE_CARD","is_daily":false,"chose_seed":false,"campfire_upgraded":2,"win_rate":0.0,"timestamp":1612553687,"path_taken":["M","?","M","M","?","E","R","$","T","E","M","M","R","M","R","BOSS","M","?","?","?","?","R","E"],"items_purchased_type":["Card","Card"],"build_version":"2020-12-22","purchased_purges":1,"victory":false,"max_hp_per_floor":[68,68,68,68,68,68,68,68,68,68,68,68,68,68,68,68,68,68,68,68,47,47,47,47,47],"card_choices":[{"not_picked":["InnerPeace","Halt"],"picked":"Consecrate","floor":1},{"not_picked":["FlyingSleeves","BowlingBash"],"picked":"SashWhip","floor":3},{"not_picked":["WaveOfTheHand","Evaluate"],"picked":"ReachHeaven","floor":4},{"not_picked":["Worship","EmptyMind"],"picked":"Consecrate","floor":5},{"not_picked":["SashWhip","Omniscience"],"picked":"InnerPeace","floor":6},{"not_picked":["Fasting2","Swivel"],"picked":"BattleHymn","floor":10},{"not_picked":["EmptyBody","JustLucky"],"picked":"Crescendo","floor":11},{"not_picked":["WaveOfTheHand","SashWhip"],"picked":"EmptyBody","floor":12},{"not_picked":["Pray","Consecrate"],"picked":"CrushJoints","floor":14},{"not_picked":["Judgement","Alpha"],"picked":"DevaForm","floor":16},{"not_picked":["JustLucky","Consecrate"],"picked":"FlurryOfBlows","floor":18},{"not_picked":["PathToVictory","CrushJoints"],"picked":"BowlingBash","floor":19},{"not_picked":["Worship","ThirdEye"],"picked":"WindmillStrike","floor":20}],"player_experience":42183,"relics_obtained":[{"floor":6,"key":"Whetstone"},{"floor":9,"key":"Pantograph"},{"floor":10,"key":"Sundial"}],"event_choices":[{"damage_healed":0,"gold_gain":0,"player_choice":"Became a vampire","damage_taken":0,"max_hp_gain":0,"max_hp_loss":21,"event_name":"Vampires","floor":21,"gold_loss":0,"cards_obtained":["Bite","Bite","Bite","Bite","Bite"]},{"damage_healed":0,"gold_gain":0,"player_choice":"2 cards matched","damage_taken":0,"max_hp_gain":0,"max_hp_loss":0,"event_name":"Match and Keep!","floor":22,"gold_loss":0,"cards_obtained":["Prostrate","Wish"]}],"is_beta":false,"boss_relics":[{"not_picked":["Empty Cage","SacredBark"],"picked":"Fusion Hammer"}],"items_purged_floors":[2],"is_endless":false,"potions_floor_spawned":[1,3,6,12,16],"killed_by":"Book of Stabbing","ascension_level":20}}