{"host":"17xjy7b7ubl548g2","time":1612512258,"event":{"mods":["2.2 Compatiblity","Act Like it!","Aspiration","Astrologer","Bard","BaseMod","Challenge The Spire","ChefMod","Colored Map","Colored Powertips","Conspire","Elementarium","Energized Spire","Gensokyo","GifTheSpireLib","Halation","Hallownest","Hermit","Hubris","Infinite Spire","Jedi Mod","Jorbs\u0027s Wanderer Trilogy","Marisa（霧雨　魔理沙）","Marked Mod","Menagerie","Minty Spire (QoL Compilation)","Permanent Neow","Reliquary","Replay The Spire","Robot Space Explorer","Spicy Shops","Spire Arcade","StSLib","Stuff the Spire","The Blue Laboratory","The Bug Knight","The Construct","The Disciple","The Hayseed","The Hierophant","The Marked","The Runesmith","The Sage","TheFirefly"],"gold_per_floor":[117,117,47,47,61,61,90,90,90,90,115,152,171,180,180,201,201,311,311,332,358,75,75,96,132,132,173,209,209,250,278,296,330,330,443,443,478,478,396,438,379,379,379,379,379,379,54,54,54,54,54,54,54],"floor_reached":52,"language":"ENG","playtime":5282,"items_purged":["hermit:Strike_Hermit","hubris:Disease","Languid","Amnesia","hermit:Strike_Hermit"],"score":979,"play_id":"e4c842d1-9476-4375-b9e6-7d0a06de5af4","local_time":"20210205030418","is_ascension_mode":true,"campfire_choices":[{"data":"hermit:Dive","floor":6.0,"key":"SMITH"},{"data":"Menagerie:LightningBolt","floor":10.0,"key":"SMITH"},{"data":"hermit:Dive","floor":15.0,"key":"SMITH"},{"data":"hermit:Roughhouse","floor":17,"key":"SMITH"},{"data":"hermit:Maintenance","floor":26,"key":"SMITH"},{"data":"hermit:Quickdraw","floor":29,"key":"SMITH"},{"data":"jedi:cleanse","floor":34,"key":"SMITH"},{"data":"hermit:HeroicBravado","floor":42,"key":"SMITH"},{"floor":48,"key":"RECALL"},{"data":"hermit:Dive","floor":51,"key":"SMITH"}],"circlet_count":0,"master_deck":["hermit:Strike_Hermit","hermit:Strike_Hermit","hermit:Defend_Hermit","hermit:Defend_Hermit","hermit:Defend_Hermit","hermit:Defend_Hermit","hermit:Snapshot","hermit:Covet","hermit:Enervate","Menagerie:LightningBolt+1","hermit:Dive+1","hermit:Feint","hermit:Roughhouse+1","hermit:Dive+1","infinitespire:Collect","hermit:Dive+1","hermit:FinalCanter","hermit:Maintenance+1","hermit:NoHoldsBarred","hermit:LuckOfTheDraw","hermit:ShadowCloak","hermit:Vantage+1","hermit:Quickdraw+1","hermit:GoldenBullet","hermit:Deadeye","jedi:cleanse+1","Flash of Steel","hermit:DeadOrAlive","hermit:Determination+1","hermit:HeroicBravado+1","hermit:SprayPray+1","hermit:LowProfile+1","hermit:Feint+1","hermit:BodyArmor","hermit:FlashPowder+1"],"relics":["hermit:Momento","aspiration:Nostalgia","Sizzling Blood","Menagerie:ShiftingBlessing","aspiration:HummingbirdHeart","StuffTheSpire:Gunfinga","CeramicFish","Cursed Key","reliquary:BrokenClock","Oddly Smooth Stone","Smiling Mask","hubris:TenFootPole","Matryoshka","reliquary:TatteredRug","Anchor","Elementarium:ElementariumTrophy","hubris:ScarierMask","ReplayTheSpireMod:CursedCoin","infinitespire:Beetle Shell","jedi:ominousloannote","Blood Vial","Regal Pillow","jedi:cryingmask","Quantum Egg","StuffTheSpire:ForceGauntlet","halation:Komachan"],"acts_visited":["Exordium","Menagerie:Menagerie","TheBeyond"],"potions_floor_usage":[21,24,25,27,35,41,44,44,52],"damage_taken":[{"damage":0.0,"enemies":"Menagerie:2_RABBITS","floor":1.0,"turns":4.0},{"damage":0.0,"enemies":"Menagerie:MonstrousExperiment","floor":5.0,"turns":3.0},{"damage":12.0,"enemies":"Menagerie:VoidReaper","floor":7.0,"turns":5.0},{"damage":10.0,"enemies":"Menagerie:MaskedSummoner","floor":12.0,"turns":12.0},{"damage":0.0,"enemies":"Menagerie:WhisperingWraith","floor":13.0,"turns":1.0},{"damage":0,"enemies":"Menagerie:EntropyWarlock","floor":16,"turns":2},{"damage":0,"enemies":"Menagerie:Chimera","floor":18,"turns":12},{"damage":1,"enemies":"Elementarium:Cyclone","floor":20,"turns":4},{"damage":0,"enemies":"Elementarium:MUD_AND_TAR_GOLEMS","floor":21,"turns":3},{"damage":7,"enemies":"Elementarium:VoidBeast","floor":24,"turns":4},{"damage":0,"enemies":"Elementarium:ElementalPortal","floor":25,"turns":6},{"damage":1,"enemies":"Elementarium:WarGolem","floor":27,"turns":3},{"damage":5,"enemies":"Elementarium:ElementalPortal","floor":30,"turns":8},{"damage":0,"enemies":"Elementarium:Hydrostalker","floor":31,"turns":5},{"damage":70,"enemies":"Elementarium:GolemEmperor","floor":35,"turns":18},{"damage":0,"enemies":"Orb Walker","floor":37,"turns":4},{"damage":16,"enemies":"3 Shapes","floor":40,"turns":4},{"damage":13,"enemies":"Transient","floor":43,"turns":5},{"damage":10,"enemies":"Nemesis","floor":44,"turns":9},{"damage":63,"enemies":"Reptomancer","floor":46,"turns":8},{"damage":10,"enemies":"Maw","floor":49,"turns":8},{"damage":0,"enemies":"3 Darklings","floor":50,"turns":5},{"damage":48,"enemies":"hubris:GrandSnecko","floor":52,"turns":7}],"seed_played":"7243035136214020696","potions_obtained":[{"floor":1.0,"key":"blueLaboratory:AbyssPotion"},{"floor":7.0,"key":"Adrenaline Potion"},{"floor":12.0,"key":"PowerPotion"},{"floor":16,"key":"GamblersBrew"},{"floor":18,"key":"blueLaboratory:RememoryPotion"},{"floor":20,"key":"FearPotion"},{"floor":25,"key":"FearPotion"},{"floor":31,"key":"LifebloodPotion"},{"floor":40,"key":"BlessingOfTheForge"},{"floor":44,"key":"Death Potion"},{"floor":46,"key":"Elixir"},{"floor":50,"key":"construct:ShiftPotion"}],"is_trial":false,"path_per_floor":["M","?","?","?","M","R","E","PTL","PTL","R","T","E","M","?","R","M","R","B",null,"M","M","$","?","M","E","R","E","T","R","E","M","?","T","R","B",null,"M","?","$","M","$","R","M","E","T","E","$","R","M","M","R","B"],"character_chosen":"HERMIT","items_purchased":["hermit:LuckOfTheDraw","reliquary:BrokenClock","ReplayTheSpireMod:CursedCoin","infinitespire:Beetle Shell","hermit:HeroicBravado","SpeedPotion","jedi:ominousloannote","Fruit Juice","FairyPotion","Blood Vial","SpeedPotion","halation:Komachan","EssenceOfSteel"],"campfire_rested":0,"item_purchase_floors":[22,22,39,39,39,39,41,41,41,41,41,47,47],"current_hp_per_floor":[76,76,76,67,71,71,63,63,63,63,63,57,61,42,42,46,46,50,72,75,79,79,64,61,65,65,68,68,68,67,71,71,71,71,5,61,65,65,65,53,58,58,51,47,47,50,55,55,51,57,57,11,11],"gold":54,"neow_bonus":"NOSTALGIA","is_daily":false,"chose_seed":false,"campfire_upgraded":9,"win_rate":0.0,"timestamp":1612512258,"path_taken":["M","?","?","?","M","R","E","PTL","PTL","R","T","E","M","?","R","M","R","BOSS","M","M","$","?","?","E","R","E","T","R","E","M","?","?","R","BOSS","M","?","?","M","$","R","?","E","T","E","$","R","M","M","R","BOSS"],"items_purchased_type":["Card","Relic","Relic","Relic","Card","Potion","Relic","Potion","Potion","Relic","Potion","Relic","Potion"],"build_version":"2020-12-22","purchased_purges":5,"victory":false,"max_hp_per_floor":[79,79,79,79,79,79,79,79,79,79,79,79,79,79,79,79,79,79,79,79,79,79,79,79,79,79,79,79,79,79,79,79,79,79,79,79,79,79,79,79,84,84,84,84,84,84,89,89,89,89,89,89,89],"card_choices":[{"not_picked":["hermit:Quickdraw","hermit:Roulette"],"picked":"hermit:Enervate","floor":1.0},{"not_picked":["Menagerie:Skullclamp","Menagerie:DarkRitual"],"picked":"Menagerie:LightningBolt","floor":3.0},{"not_picked":["hermit:CalledShot","hermit:BigShot"],"picked":"hermit:Dive","floor":5.0},{"not_picked":["hermit:Headshot","hermit:SprayPray"],"picked":"hermit:Feint","floor":7.0},{"not_picked":["hermit:Brawl","hermit:Enervate"],"picked":"hermit:Roughhouse","floor":12.0},{"not_picked":["hermit:WideOpen","hermit:Enervate"],"picked":"hermit:Dive","floor":13.0},{"not_picked":["hubris:InfiniteBlow","ReplayTheSpireMod:Echoes of Time"],"picked":"infinitespire:Collect","floor":14.0},{"not_picked":["hermit:Malice","hermit:Quickdraw"],"picked":"hermit:Dive","floor":16},{"not_picked":["hermit:FatalDesire","hermit:FromBeyond"],"picked":"hermit:FinalCanter","floor":18},{"not_picked":["hermit:BodyArmor","hermit:Roulette+1"],"picked":"hermit:Maintenance","floor":20},{"not_picked":["hermit:ItchyTrigger","hermit:TakeAim"],"picked":"hermit:NoHoldsBarred","floor":21},{"not_picked":["hermit:DeadMansHand","hermit:Desperado"],"picked":"hermit:ShadowCloak","floor":24},{"not_picked":["hermit:Shortfuse","hermit:WideOpen"],"picked":"hermit:Vantage+1","floor":25},{"not_picked":["hermit:TrackingShot+1","hermit:FromBeyond"],"picked":"hermit:Quickdraw","floor":27},{"not_picked":["hermit:BodyArmor","hermit:LuckOfTheDraw"],"picked":"hermit:GoldenBullet","floor":30},{"not_picked":["hermit:EyeOfTheStorm","hermit:ItchyTrigger"],"picked":"hermit:Deadeye","floor":31},{"not_picked":["Purity","Dark Shackles"],"picked":"jedi:cleanse","floor":32},{"not_picked":["jedi:forcepull","Replay:BasicMightCard"],"picked":"Flash of Steel","floor":32},{"not_picked":["hermit:OverwhelmingPower","hermit:Roughhouse"],"picked":"hermit:DeadOrAlive","floor":35},{"not_picked":["hermit:Dive","hermit:HoleUp+1"],"picked":"hermit:Determination+1","floor":37},{"not_picked":["hermit:Snipe","hermit:Ricochet+1"],"picked":"hermit:SprayPray+1","floor":40},{"not_picked":["hermit:TrackingShot+1","hermit:ItchyTrigger"],"picked":"hermit:LowProfile+1","floor":43},{"not_picked":["hermit:TakeAim+1","hermit:LoneWolf","hermit:Showdown+1"],"picked":"SKIP","floor":44},{"not_picked":["hermit:Maintenance","hermit:Snipe+1"],"picked":"hermit:Feint+1","floor":46},{"not_picked":["hermit:Shortfuse","hermit:Grudge"],"picked":"hermit:BodyArmor","floor":49},{"not_picked":["hermit:LuckOfTheDraw+1","hermit:Gestalt+1"],"picked":"hermit:FlashPowder+1","floor":50}],"player_experience":2067691,"relics_obtained":[{"floor":7.0,"key":"aspiration:HummingbirdHeart"},{"floor":11.0,"key":"StuffTheSpire:Gunfinga"},{"floor":12.0,"key":"CeramicFish"},{"floor":25,"key":"Smiling Mask"},{"floor":27,"key":"hubris:TenFootPole"},{"floor":30,"key":"Matryoshka"},{"floor":33,"key":"reliquary:TatteredRug"},{"floor":33,"key":"Anchor"},{"floor":44,"key":"Regal Pillow"},{"floor":45,"key":"jedi:cryingmask"},{"floor":45,"key":"Quantum Egg"},{"floor":46,"key":"StuffTheSpire:ForceGauntlet"}],"event_choices":[{"damage_healed":0.0,"max_hp_gain":0.0,"max_hp_loss":0.0,"gold_gain":0.0,"event_name":"Menagerie:MagicPeddler","player_choice":"Spells","floor":3.0,"gold_loss":70.0,"damage_taken":0.0},{"damage_healed":0.0,"max_hp_gain":0.0,"max_hp_loss":0.0,"gold_gain":0.0,"event_name":"Menagerie:LunarGift","player_choice":"Touch","floor":4.0,"gold_loss":0.0,"damage_taken":9.0,"relics_obtained":["Menagerie:ShiftingBlessing"]},{"damage_healed":0,"gold_gain":0,"player_choice":"Machinery","damage_taken":0,"max_hp_gain":0,"max_hp_loss":0,"event_name":"Elementarium:IncubationChamber","floor":32,"gold_loss":0}],"is_beta":false,"boss_relics":[{"not_picked":["conspire:SpecialSausage","sagemod:Falmels_Amulet"],"picked":"Cursed Key"},{"not_picked":["StuffTheSpire:ModemDavis","aspiration:RunicSpoon"],"picked":"hubris:ScarierMask"}],"items_purged_floors":[22,39,41,47,47],"is_endless":false,"potions_floor_spawned":[1,7,12,16,18,20,25,31,40,44,46,50],"killed_by":"hubris:GrandSnecko","ascension_level":8}}