{"host":"g1qzxxy7a24sg3a3","time":1612512297,"event":{"mods":["ATMod(阿瑾Mod)","Act Like it!","Arknights","BaseMod","Custom Start","Gensokyo","GungeonMod","Hallownest","Lobotomy","LobotomyExtend","Minty Spire (QoL Compilation)","MostiFishMod","Pale of the Ancients","Replay The Spire","SOS（斯巴达之子）","Shop Mod","Spicy Shops","StSLib","TestMod","The Administrix","The Bug Knight","Waifu the Spire","WarShipGirlsR/战舰少女R mod","【遗物卡牌】REMEMod","残留之物"],"gold_per_floor":[117,133,83,83,94,122,222,222,222,147,147,174,174,188,188,288,288,298,298,298,298,309,309,337,237,237,112,112,112,127,146,146,246,246,261,111,122,137,148,181,181,213,213,213,213,38,91,109,119,136,136,136],"floor_reached":53,"language":"ZHS","playtime":1329,"items_purged":["PlaceholderMod:SevereHeat","PlaceholderMod:DiffusionPoison+1","PlaceholderMod:MultipleOxi","PlaceholderMod:FinalSpray","PlaceholderMod:Eat"],"score":1120,"play_id":"981e27f1-5bde-42d7-b003-7621cc129f3d","local_time":"20210205160457","daily_mods":["Shiny","Vintage","Heirloom","Time Dilation","Lethality","Binary"],"is_ascension_mode":false,"campfire_choices":[{"data":"AT_KingSlayer","floor":8.0,"key":"SMITH"},{"data":"PlaceholderMod:Assimilation","floor":11.0,"key":"SMITH"},{"data":"PlaceholderMod:DiffusionPoison","floor":13,"key":"SMITH"},{"data":"PlaceholderMod:GrowthForm","floor":15,"key":"SMITH"},{"data":"PlaceholderMod:MultiReaction","floor":23,"key":"SMITH"},{"data":"PlaceholderMod:InnerSoften","floor":23,"key":"SMITH"},{"data":"PlaceholderMod:QualitativeChange","floor":32,"key":"SMITH"},{"data":"PlaceholderMod:AbsorbTouch","floor":32,"key":"SMITH"},{"data":"PlaceholderMod:MultiReaction","floor":41,"key":"SMITH"},{"data":"PlaceholderMod:ReactionCatalyze","floor":41,"key":"SMITH"},{"data":"PlaceholderMod:HornyCollision","floor":51,"key":"SMITH"},{"data":"PlaceholderMod:DoublePoint","floor":51,"key":"SMITH"}],"circlet_count":0,"master_deck":["PlaceholderMod:ReactionCatalyze+1","PlaceholderMod:AbsorbTouch+1","PlaceholderMod:MultiReaction+1","PlaceholderMod:HornyCollision+1","PlaceholderMod:DoublePoint+1","PlaceholderMod:PericyclicReaction","PlaceholderMod:BlastSpray","PlaceholderMod:Activation","PlaceholderMod:QualitativeChange+1","PlaceholderMod:SelfCoupling","PlaceholderMod:InnerSoften+1","PlaceholderMod:Inner+1","PlaceholderMod:Assimilation+1","PlaceholderMod:CorePoison","AT_KingSlayer+1","PlaceholderMod:DiffusionPoison","PlaceholderMod:MultiReaction+1"],"relics":["PlaceholderMod:Tancle","Busted Crown","AT_ATBox","DaveBox","testmod-TestBox","REME_ComplimentaryCards","Transparent","testmod-Brilliant","testmod-Nyarlathotep","PreservedInsect","SynthV:TestCard","LetterFromLob","Bag of Marbles","Gremlin Horn","DemoMod:BlueGuonStone","Letter Opener","REME_HandOfSuture","testmod-Antiphasic","testmod-Fanaticism","PlaceholderMod:DeVermisMysteriis","Gremlin Food","Nilry\u0027s Codex","Replay:Arrowhead","Replay:Mystery Machine","Frozen Egg 2","testmod-Fortitude","Shuriken","Sozu","AT_RedTearstoneRing","Juzu Bracelet","CombinedTypeHook","Toy Ornithopter","DemoMod:Bottle","PlaceholderMod:DaolothFragment","ReplayFunnel","Du-Vu Doll","OriginationStaff","Mango","BranchBurnRelic"],"acts_visited":["Exordium","TheCity","Gensokyo:Gensokyoest"],"potions_floor_usage":[42],"damage_taken":[{"damage":15.0,"enemies":"Cultist","floor":1.0,"turns":1.0},{"damage":16.0,"enemies":"Jaw Worm","floor":2.0,"turns":2.0},{"damage":16.0,"enemies":"2 Louse","floor":5.0,"turns":1.0},{"damage":74.0,"enemies":"3 Sentries","floor":6.0,"turns":5.0},{"damage":17.0,"enemies":"Lagavulin","floor":12.0,"turns":2.0},{"damage":55,"enemies":"Exordium Wildlife","floor":14,"turns":2},{"damage":34,"enemies":"Fading Forest","floor":16,"turns":4},{"damage":62,"enemies":"Chosen","floor":18,"turns":2},{"damage":51,"enemies":"Spheric Guardian","floor":22,"turns":3},{"damage":17,"enemies":"Book of Stabbing","floor":24,"turns":2},{"damage":65,"enemies":"Centurion and Healer","floor":30,"turns":3},{"damage":68,"enemies":"Shelled Parasite and Fungi","floor":31,"turns":2},{"damage":34,"enemies":"Collector","floor":33,"turns":2},{"damage":17,"enemies":"Gensokyo:3_Boulders","floor":35,"turns":1},{"damage":17,"enemies":"Gensokyo:AncientGuardian","floor":37,"turns":1},{"damage":17,"enemies":"Gensokyo:3_Boulders","floor":38,"turns":1},{"damage":17,"enemies":"Gensokyo:SeedOfUnknown","floor":39,"turns":1},{"damage":17,"enemies":"Gensokyo:Marisa","floor":40,"turns":1},{"damage":71,"enemies":"Gensokyo:Doremy","floor":42,"turns":3},{"damage":18,"enemies":"Gensokyo:Sharpion","floor":48,"turns":2},{"damage":18,"enemies":"Gensokyo:4_Bats","floor":49,"turns":2},{"damage":17,"enemies":"Gensokyo:SeedOfUnknown","floor":50,"turns":1},{"damage":20,"enemies":"Gensokyo:Scarlet_Devils","floor":52,"turns":1},{"damage":20,"enemies":"Malkuth","floor":53,"turns":1},{"damage":20,"enemies":"Hod","floor":53,"turns":2},{"damage":42,"enemies":"Geburah","floor":53,"turns":6},{"damage":89,"enemies":"Binah","floor":53,"turns":7},{"damage":21,"enemies":"Angela","floor":53,"turns":1}],"seed_played":"7533641641861954871","potions_obtained":[{"floor":5.0,"key":"Dexterity Potion"},{"floor":14,"key":"BlessingOfTheForge"}],"is_trial":true,"path_per_floor":["M","M","?","?","M","E","WH","R","T","$","R","E","R","M","R","B",null,"M","?","?","?","M","R","E","$","T","$","?","?","M","M","R","B",null,"M","$","M","M","M","E","R","E","T","PTL","PTL","$","T","M","M","M","R","B",null],"character_chosen":"THE_PLACEHOLDER","items_purchased":[],"campfire_rested":0,"item_purchase_floors":[],"current_hp_per_floor":[82,82,82,82,82,67,67,67,67,67,67,86,86,82,82,86,86,86,86,86,70,86,86,86,86,86,86,86,86,86,86,86,86,86,86,86,86,86,86,86,86,86,86,86,86,86,86,86,86,100,100,100],"gold":136,"neow_bonus":"HUNDRED_GOLD","is_daily":false,"chose_seed":false,"campfire_upgraded":12,"win_rate":0.0,"timestamp":1612512297,"path_taken":["M","?","?","?","M","E","WH","R","T","$","R","E","R","M","R","BOSS","M","?","?","?","M","R","E","$","T","$","?","?","M","M","R","BOSS","M","$","M","M","M","E","R","E","T","PTL","PTL","?","?","M","M","M","R","BOSS"],"items_purchased_type":[],"build_version":"2020-12-22","purchased_purges":5,"victory":true,"max_hp_per_floor":[82,82,82,82,82,86,86,86,86,86,86,86,86,86,86,86,86,86,86,86,86,86,86,86,86,86,86,86,86,86,86,86,86,86,86,86,86,86,86,86,86,86,86,86,86,86,86,86,86,100,100,100],"card_choices":[{"not_picked":["PlaceholderMod:TriggerStrike","PlaceholderMod:ParasiteChange"],"picked":"SKIP","floor":6.0},{"not_picked":["PlaceholderMod:Polyp","PlaceholderMod:AngryAttack"],"picked":"SKIP","floor":12},{"not_picked":["PlaceholderMod:QualitativeChange","PlaceholderMod:StrongAcid"],"picked":"SKIP","floor":24},{"not_picked":["PlaceholderMod:CorePoison"],"picked":"PlaceholderMod:MultiReaction","floor":33},{"not_picked":["PlaceholderMod:HardStinger+1","PlaceholderMod:SubstitutionNucleophilic1+1"],"picked":"SKIP","floor":40},{"not_picked":["PlaceholderMod:ProliferateStrike","PlaceholderMod:Internalization+1"],"picked":"SKIP","floor":42}],"player_experience":75827,"relics_obtained":[{"floor":1.0,"key":"PreservedInsect"},{"floor":1.0,"key":"SynthV:TestCard"},{"floor":1.0,"key":"LetterFromLob"},{"floor":2.0,"key":"Bag of Marbles"},{"floor":5.0,"key":"Gremlin Horn"},{"floor":6.0,"key":"DemoMod:BlueGuonStone"},{"floor":9.0,"key":"Letter Opener"},{"floor":12,"key":"REME_HandOfSuture"},{"floor":14,"key":"testmod-Antiphasic"},{"floor":18,"key":"PlaceholderMod:DeVermisMysteriis"},{"floor":21,"key":"Nilry\u0027s Codex"},{"floor":22,"key":"Replay:Arrowhead"},{"floor":24,"key":"Replay:Mystery Machine"},{"floor":26,"key":"Frozen Egg 2"},{"floor":30,"key":"testmod-Fortitude"},{"floor":31,"key":"Shuriken"},{"floor":35,"key":"AT_RedTearstoneRing"},{"floor":37,"key":"Juzu Bracelet"},{"floor":38,"key":"CombinedTypeHook"},{"floor":39,"key":"Toy Ornithopter"},{"floor":40,"key":"DemoMod:Bottle"},{"floor":42,"key":"PlaceholderMod:DaolothFragment"},{"floor":43,"key":"Dead Branch"},{"floor":47,"key":"ReplayFunnel"},{"floor":48,"key":"Du-Vu Doll"},{"floor":49,"key":"OriginationStaff"},{"floor":50,"key":"Mango"}],"event_choices":[{"damage_healed":0.0,"max_hp_gain":0.0,"max_hp_loss":0.0,"gold_gain":0.0,"event_name":"Liars Game","player_choice":"Ignored","floor":4.0,"gold_loss":0.0,"damage_taken":0.0},{"damage_healed":0,"gold_gain":0,"player_choice":"Ignored","damage_taken":0,"max_hp_gain":0,"max_hp_loss":0,"event_name":"Vampires","floor":19,"gold_loss":0},{"damage_healed":0,"gold_gain":0,"player_choice":"Obtained Book","damage_taken":16,"max_hp_gain":0,"max_hp_loss":0,"event_name":"Cursed Tome","floor":21,"gold_loss":0},{"damage_healed":0,"gold_gain":0,"player_choice":"Sell","damage_taken":0,"max_hp_gain":0,"max_hp_loss":0,"event_name":"恩洛斯的盘子","floor":28,"relics_lost":["replay:Trail_Library"],"gold_loss":0},{"damage_healed":0,"gold_gain":0,"player_choice":"Forge","damage_taken":0,"max_hp_gain":0,"max_hp_loss":0,"event_name":"Accursed Blacksmith","floor":29,"gold_loss":0,"cards_upgraded":["PlaceholderMod:Inner"]}],"is_beta":false,"boss_relics":[{"not_picked":["Replay:Ancient Bell","NightmareShop"],"picked":"testmod-Fanaticism"},{"not_picked":["testmod-TimeTraveler","Black Star"],"picked":"Sozu"}],"items_purged_floors":[10,25,27,36,46],"is_endless":false,"potions_floor_spawned":[1,5,14,22,30,37,38,40,42,50],"ascension_level":0}}