{"host":"f0gpob8hq9vgebej","time":1612530328,"event":{"mods":["AchievementEnabler","BaseMod","Minty Spire (QoL Compilation)","Quick Restart","SuperFastMode"],"gold_per_floor":[110,35,51,61,72,107,107,124,175,75,35,47,47,47,47,124,124,144,144,144],"floor_reached":19,"language":"KOR","playtime":730,"items_purged":["Strike_R","Strike_R"],"score":313,"play_id":"ebd87b7f-4258-40a5-a28c-cc95001b8570","local_time":"20210205220528","is_ascension_mode":true,"campfire_choices":[{"data":"Limit Break","floor":7,"key":"SMITH"},{"data":"Flex","floor":15,"key":"SMITH"}],"circlet_count":0,"master_deck":["AscendersBane","Strike_R","Defend_R","Defend_R","Defend_R","Bash","Injury","Limit Break+1","Flex+1","Rampage","Shrug It Off","Blood for Blood","Disarm","True Grit","Pommel Strike","Berserk","Sword Boomerang"],"relics":["Burning Blood","Ice Cream","Dream Catcher","Empty Cage"],"acts_visited":["Exordium","TheCity"],"potions_floor_usage":[6,8,16],"damage_taken":[{"damage":2,"enemies":"2 Louse","floor":1,"turns":3},{"damage":4,"enemies":"Small Slimes","floor":3,"turns":4},{"damage":7,"enemies":"Jaw Worm","floor":4,"turns":2},{"damage":15,"enemies":"Large Slime","floor":5,"turns":9},{"damage":24,"enemies":"Gremlin Nob","floor":6,"turns":4},{"damage":18,"enemies":"Exordium Wildlife","floor":8,"turns":5},{"damage":0,"enemies":"Looter","floor":11,"turns":4},{"damage":8,"enemies":"Blue Slaver","floor":12,"turns":5},{"damage":18,"enemies":"Hexaghost","floor":16,"turns":10},{"damage":45,"enemies":"Spheric Guardian","floor":18,"turns":6},{"damage":36,"enemies":"Masked Bandits","floor":19,"turns":3}],"seed_played":"-3625676864174885515","potions_obtained":[{"floor":3,"key":"Energy Potion"},{"floor":5,"key":"LiquidMemories"},{"floor":6,"key":"SpeedPotion"},{"floor":12,"key":"Dexterity Potion"},{"floor":16,"key":"BlessingOfTheForge"},{"floor":18,"key":"FairyPotion"}],"is_trial":false,"path_per_floor":["M","$","M","M","M","E","R","M","T","$","M","M","?","?","R","B",null,"M","?"],"character_chosen":"IRONCLAD","items_purchased":[],"campfire_rested":0,"item_purchase_floors":[],"current_hp_per_floor":[72,72,74,73,64,46,46,34,34,34,40,38,43,43,43,31,68,29,24,24],"gold":144,"neow_bonus":"THREE_RARE_CARDS","is_daily":false,"chose_seed":false,"campfire_upgraded":2,"win_rate":0.0,"timestamp":1612530328,"path_taken":["M","$","M","M","M","E","R","M","T","$","M","M","?","?","R","BOSS","M","?"],"items_purchased_type":[],"build_version":"2020-12-22","purchased_purges":2,"victory":false,"max_hp_per_floor":[75,75,75,75,75,75,75,75,75,75,75,75,80,80,80,80,80,80,80,80],"card_choices":[{"not_picked":["Immolate","Corruption"],"picked":"Limit Break","floor":0},{"not_picked":["Pommel Strike","Clothesline"],"picked":"Flex","floor":1},{"not_picked":["Flex","Dual Wield"],"picked":"Rampage","floor":3},{"not_picked":["Flex","Sword Boomerang"],"picked":"Shrug It Off","floor":4},{"not_picked":["Anger","Intimidate"],"picked":"Blood for Blood","floor":5},{"not_picked":["Perfected Strike","Berserk"],"picked":"Disarm","floor":6},{"not_picked":["Armaments","Wild Strike"],"picked":"True Grit","floor":8},{"not_picked":["Flame Barrier","Uppercut"],"picked":"Pommel Strike","floor":11},{"not_picked":["Flame Barrier","Sever Soul","Clash"],"picked":"SKIP","floor":12},{"not_picked":["Exhume","Corruption"],"picked":"Berserk","floor":16},{"not_picked":["Feel No Pain","Wild Strike"],"picked":"Sword Boomerang","floor":18}],"player_experience":378494,"relics_obtained":[{"floor":6,"key":"Ice Cream"},{"floor":9,"key":"Dream Catcher"}],"event_choices":[{"damage_healed":0,"gold_gain":0,"player_choice":"Donut","damage_taken":0,"max_hp_gain":5,"max_hp_loss":0,"event_name":"Big Fish","floor":13,"gold_loss":0},{"cards_removed":["Strike_R"],"damage_healed":0,"gold_gain":0,"player_choice":"Forget","damage_taken":0,"max_hp_gain":0,"max_hp_loss":0,"event_name":"Living Wall","floor":14,"gold_loss":0},{"damage_healed":0,"gold_gain":0,"player_choice":"Fought Bandits","damage_taken":0,"max_hp_gain":0,"max_hp_loss":0,"event_name":"Masked Bandits","floor":19,"gold_loss":0}],"is_beta":false,"boss_relics":[{"not_picked":["Runic Dome","Black Star"],"picked":"Empty Cage"}],"items_purged_floors":[2,10],"is_endless":false,"potions_floor_spawned":[3,5,6,12,16,18],"killed_by":"Masked Bandits","ascension_level":17}}