{"host":"6iv6hzocosv1haef","time":1612561592,"event":{"mods":["AchievementEnabler","AlwaysNeverKeys","BaseMod","Colored Map","Colored Powertips","Downfall","Friendly Minions","GifTheSpireLib","Highlight Path","Minty Spire (QoL Compilation)","Permanent Neow","Quick Restart","Relic Filter","Relic Sorter","StSLib"],"gold_per_floor":[0,15,34,34,49,75,144,169,202,42,59,72,105,90,109,210,210,210,227,239,253,263,292,292,292,192,226,238,273,288,173,187,282,282,182,193,193,203,219,219,266,266,266,276,200,231,231,263,277,277],"floor_reached":51,"language":"ENG","playtime":4260,"items_purged":["Slimebound:Tackle","Slimebound:Strike_Slimebound","Slimebound:Strike_Slimebound"],"score":908,"play_id":"fef3ca9e-ecdf-4756-bbc3-b7f4b2cba1f9","local_time":"20210205214632","is_ascension_mode":true,"campfire_choices":[{"data":"Slimebound:CorrosiveSpit","floor":1.0,"key":"SMITH"},{"data":"Slimebound:Schlurp","floor":18,"key":"SMITH"},{"data":"Slimebound:GoopSpray","floor":26,"key":"SMITH"},{"data":"Slimebound:Strike_Slimebound","floor":35,"key":"PURGE"},{"data":"Slimebound:Gluttony","floor":40,"key":"PURGE"},{"data":"Slimebound:SplitAcid","floor":43,"key":"PURGE"}],"circlet_count":0,"master_deck":["Slimebound:Defend_Slimebound","Slimebound:Defend_Slimebound","Slimebound:Defend_Slimebound","Slimebound:Split","Slimebound:CorrosiveSpit+1","Master of Strategy","Slimebound:TongueLash+1","Slimebound:TongueLash","Slimebound:Schlurp+1","Slimebound:LivingWall+1","Slimebound:RejuvenatingLick+1","Slimebound:LeechLife","Slimebound:GoopSpray+1","Slimebound:AcidTongue","Slimebound:SplitMire","Slimebound:Dissolve+1","Slimebound:GoopSpray+1","Slimebound:Schlurp+1","Slimebound:LeechLife","Slimebound:RejuvenatingLick+1"],"relics":["Slimebound:AbsorbEndCombat","Omamori","Question Card","Odd Mushroom","Pantograph","Bag of Preparation","SlaversCollar","Vajra","Meat on the Bone","downfall:HeartBlessingBlue","Peace Pipe","Slimebound:MaxSlimesRelic","Coffee Dripper","downfall:HeartBlessingGreen","Toy Ornithopter","Juzu Bracelet","TheAbacus","Happy Flower","PreservedInsect","Mercury Hourglass"],"acts_visited":["Exordium","TheCity","TheBeyond"],"potions_floor_usage":[13,16,23,46],"damage_taken":[{"damage":3.0,"enemies":"Cultist","floor":2.0,"turns":3.0},{"damage":2.0,"enemies":"Small Slimes","floor":3.0,"turns":4.0},{"damage":1.0,"enemies":"Jaw Worm","floor":5.0,"turns":5.0},{"damage":22.0,"enemies":"Gremlin Nob","floor":6.0,"turns":4.0},{"damage":7.0,"enemies":"The Mushroom Lair","floor":8.0,"turns":3.0},{"damage":24.0,"enemies":"3 Sentries","floor":9.0,"turns":7.0},{"damage":5.0,"enemies":"downfall:FleeingMerchant","floor":10.0,"turns":4.0},{"damage":7.0,"enemies":"Exordium Wildlife","floor":11.0,"turns":6.0},{"damage":2.0,"enemies":"Gremlin Gang","floor":12.0,"turns":4.0},{"damage":14,"enemies":"Gremlin Nob","floor":13,"turns":3},{"damage":10,"enemies":"downfall:FleeingMerchant","floor":14,"turns":4},{"damage":11,"enemies":"Lots of Slimes","floor":15,"turns":2},{"damage":29,"enemies":"DF_ARCHETYPE_STREAMLINE","floor":16,"turns":9},{"damage":14,"enemies":"Spheric Guardian","floor":19,"turns":5},{"damage":22,"enemies":"Centurion and Healer","floor":20,"turns":7},{"damage":12,"enemies":"Snake Plant","floor":21,"turns":4},{"damage":11,"enemies":"Shelled Parasite and Fungi","floor":22,"turns":5},{"damage":37,"enemies":"Slavers","floor":23,"turns":5},{"damage":12,"enemies":"Gremlin Leader","floor":27,"turns":7},{"damage":2,"enemies":"Centurion and Healer","floor":28,"turns":7},{"damage":54,"enemies":"Book of Stabbing","floor":29,"turns":11},{"damage":0,"enemies":"Chosen and Byrds","floor":30,"turns":2},{"damage":1,"enemies":"downfall:FleeingMerchant","floor":31,"turns":4},{"damage":23,"enemies":"Cultist and Chosen","floor":32,"turns":6},{"damage":52,"enemies":"IC_MUSHROOM_ARCHETYPE","floor":33,"turns":12},{"damage":2,"enemies":"Orb Walker","floor":36,"turns":4},{"damage":2,"enemies":"3 Shapes","floor":38,"turns":4},{"damage":19,"enemies":"Jaw Worm Horde","floor":39,"turns":7},{"damage":0,"enemies":"Transient","floor":44,"turns":5},{"damage":0,"enemies":"downfall:FleeingMerchant","floor":45,"turns":4},{"damage":2,"enemies":"Giant Head","floor":46,"turns":7},{"damage":40,"enemies":"Reptomancer","floor":48,"turns":4},{"damage":0,"enemies":"Maw","floor":49,"turns":6},{"damage":0,"enemies":"SI_POISON_ARCHETYPE","floor":50,"turns":11}],"seed_played":"-7869574580415531313","potions_obtained":[{"floor":5.0,"key":"LiquidMemories"},{"floor":8.0,"key":"DistilledChaos"},{"floor":11.0,"key":"ColorlessPotion"},{"floor":13,"key":"Fire Potion"},{"floor":15,"key":"EssenceOfSteel"},{"floor":19,"key":"Energy Potion"},{"floor":29,"key":"Slimebound:SlimedPotion"},{"floor":30,"key":"FearPotion"},{"floor":49,"key":"Strength Potion"}],"is_trial":false,"path_per_floor":["R","M","M","?","M","E","T","?","E","$","M","M","E","$","M","B",null,"R","M","M","M","M","E","T","?","R","E","M","E","M","$","M","B",null,"R","M","?","M","M","R","T","?","R","M","$","E","?","E","M","B",null],"character_chosen":"SLIMEBOUND","items_purchased":["Slimebound:Gluttony","TheAbacus","Happy Flower"],"campfire_rested":0,"item_purchase_floors":[10,45,45],"current_hp_per_floor":[65,64,64,64,65,45,45,40,18,17,16,22,16,14,9,13,65,65,57,43,37,30,37,37,37,47,75,75,75,75,75,60,75,75,75,75,75,75,61,61,61,61,61,75,75,75,67,75,75,75],"gold":277,"neow_bonus":"RANDOM_COLORLESS_2","is_daily":false,"chose_seed":false,"campfire_upgraded":3,"win_rate":0.0,"timestamp":1612561592,"path_taken":["R","?","?","?","M","E","T","?","E","$","M","M","E","?","M","BOSS","R","M","?","M","?","E","T","?","R","E","M","E","?","$","M","BOSS","R","M","?","?","M","R","T","?","R","M","$","E","?","E","M","BOSS"],"items_purchased_type":["Card","Relic","Relic"],"build_version":"2020-12-22","purchased_purges":3,"victory":true,"max_hp_per_floor":[65,65,65,65,65,65,65,65,65,65,65,65,65,65,65,65,65,65,65,65,65,65,65,65,65,75,75,75,75,75,75,75,75,75,75,75,75,75,75,75,75,75,75,75,75,75,75,75,75,75],"card_choices":[{"not_picked":["Thinking Ahead","The Bomb"],"picked":"Master of Strategy","floor":0.0},{"not_picked":["Slimebound:RollThrough","Slimebound:ForwardTackle","Slimebound:HauntingLick"],"picked":"SKIP","floor":2.0},{"not_picked":["Slimebound:Schlurp","Slimebound:LivingWall"],"picked":"Slimebound:SplitAcid","floor":3.0},{"not_picked":["Slimebound:ServeAndProtect","Slimebound:ComboTackle"],"picked":"Slimebound:TongueLash","floor":5.0},{"not_picked":["Slimebound:DisruptingSlam","Slimebound:HauntingLick","Slimebound:ProtectTheBoss"],"picked":"SKIP","floor":6.0},{"not_picked":["Slimebound:FinishingTackle","Slimebound:BestDefense","Slimebound:GoopSpray","Slimebound:RallyTheTroops"],"picked":"SKIP","floor":9.0},{"not_picked":["Slimebound:SpikyOuterGoop","Slimebound:SplitBruiser","Slimebound:ItLooksTasty"],"picked":"Slimebound:TongueLash","floor":10.0},{"not_picked":["Slimebound:FormOfPuddle","Slimebound:Dissolve","Slimebound:SplitAcid"],"picked":"Slimebound:Schlurp","floor":11.0},{"not_picked":["Slimebound:Repurpose","Slimebound:LeechingTouch","Slimebound:ViciousTackle","Slimebound:Chomp"],"picked":"SKIP","floor":12.0},{"not_picked":["Slimebound:FormOfPuddle","Slimebound:HauntingLick","Slimebound:DivideAndConquer","Slimebound:ComboTackle"],"picked":"SKIP","floor":13},{"not_picked":["Slimebound:Teamwork","Slimebound:LeadByExample","Slimebound:ForwardTackle","Slimebound:ProtectTheBoss"],"picked":"SKIP","floor":14},{"not_picked":["Slimebound:ViciousTackle","Slimebound:SlimeBrawl","Slimebound:LeechEnergy","Slimebound:FlameTackle"],"picked":"SKIP","floor":15},{"not_picked":["Slimebound:BestDefense","Slimebound:LeechingTouch+1","Slimebound:GoopTackle"],"picked":"Slimebound:LivingWall+1","floor":19},{"not_picked":["Slimebound:HauntingLick","Slimebound:Prepare","Slimebound:Grow","Slimebound:ComboTackle+1"],"picked":"SKIP","floor":20},{"not_picked":["Slimebound:SplitMire","Slimebound:SplitLeeching","Slimebound:GoopSpray+1"],"picked":"Slimebound:RejuvenatingLick+1","floor":21},{"not_picked":["Slimebound:GrowthPunch","Slimebound:ItLooksTasty","Slimebound:LeechingTouch"],"picked":"Slimebound:LeechLife","floor":22},{"not_picked":["Slimebound:SelfFormingGoo","Slimebound:SplitLeeching","Slimebound:ItLooksTasty"],"picked":"Slimebound:GoopSpray","floor":23},{"not_picked":["Slimebound:Prepare","Slimebound:GrowthPunch+1","Slimebound:LevelUp","Slimebound:LeechingTouch"],"picked":"SKIP","floor":27},{"not_picked":["Slimebound:HauntingLick","Slimebound:GoopTackle","Slimebound:SlimeSpikes","Slimebound:SplitLeeching+1"],"picked":"SKIP","floor":28},{"not_picked":["Slimebound:ForwardTackle","Slimebound:MassFeed","Slimebound:SlimeTap","Slimebound:LivingWall"],"picked":"SKIP","floor":29},{"not_picked":["Slimebound:HauntingLick","Slimebound:Chomp","Slimebound:ViciousTackle+1"],"picked":"Slimebound:AcidTongue","floor":30},{"not_picked":["Slimebound:LevelUp","Slimebound:SplitAcid","Slimebound:LivingWall","Slimebound:SlimeTap"],"picked":"SKIP","floor":31},{"not_picked":["Slimebound:Repurpose","Slimebound:LeechingTouch","Slimebound:Overexert"],"picked":"Slimebound:SplitMire","floor":32},{"not_picked":["Slimebound:LeechingTouch+1","Slimebound:Replication","Slimebound:LevelUp+1"],"picked":"Slimebound:Dissolve+1","floor":36},{"not_picked":["Slimebound:SlimeSpikes+1","Slimebound:SplitMire","Slimebound:Gluttony","Slimebound:LeechingTouch"],"picked":"SKIP","floor":38},{"not_picked":["Slimebound:FinishingTackle+1","Slimebound:PressTheAttack+1","Slimebound:LeechEnergy","Slimebound:SplitBruiser+1"],"picked":"SKIP","floor":39},{"not_picked":["Slimebound:FinishingTackle+1","Slimebound:Overexert","Slimebound:ComboTackle+1","Slimebound:RollThrough"],"picked":"SKIP","floor":44},{"not_picked":["Slimebound:Nibble+1","Slimebound:ComboTackle+1","Slimebound:SpikyOuterGoop+1","Slimebound:ItLooksTasty"],"picked":"SKIP","floor":45},{"not_picked":["Slimebound:Equalize","Slimebound:PressTheAttack","Slimebound:Nibble+1","Slimebound:HauntingLick+1"],"picked":"SKIP","floor":46},{"not_picked":["Slimebound:FlameTackle+1","Slimebound:RejuvenatingLick","Slimebound:SplitBruiser+1"],"picked":"Slimebound:LeechLife","floor":48},{"not_picked":["Slimebound:RollThrough+1","Slimebound:ItLooksTasty","Slimebound:SplitBruiser"],"picked":"Slimebound:RejuvenatingLick+1","floor":49}],"player_experience":191386,"relics_obtained":[{"floor":6.0,"key":"Omamori"},{"floor":7.0,"key":"Question Card"},{"floor":8.0,"key":"Odd Mushroom"},{"floor":9.0,"key":"Pantograph"},{"floor":13,"key":"Bag of Preparation"},{"floor":23,"key":"Vajra"},{"floor":27,"key":"Peace Pipe"},{"floor":29,"key":"Slimebound:MaxSlimesRelic"},{"floor":41,"key":"Toy Ornithopter"},{"floor":42,"key":"Juzu Bracelet"},{"floor":46,"key":"PreservedInsect"},{"floor":48,"key":"Mercury Hourglass"}],"event_choices":[{"damage_healed":0.0,"max_hp_gain":0.0,"max_hp_loss":0.0,"gold_gain":0.0,"event_name":"Mushrooms","player_choice":"Fought Mushrooms","floor":8.0,"gold_loss":0.0,"damage_taken":0.0}],"is_beta":false,"boss_relics":[{"not_picked":["Ectoplasm","Runic Pyramid"],"picked":"SlaversCollar"},{"not_picked":["Pandora\u0027s Box","Philosopher\u0027s Stone"],"picked":"Coffee Dripper"}],"items_purged_floors":[10,31,45],"is_endless":false,"potions_floor_spawned":[5,8,11,13,15,19,22,29,30,32,33,36,44,48,49],"ascension_level":1}}