{"host":"qxt9611uhnemh1bn","time":1612501538,"event":{"mods":["AchievementEnabler","BaseMod","Minty Spire (QoL Compilation)","StSLib"],"gold_per_floor":[123,135,159,181,204,216,228,240,279,305,333,345,385,412,424,436,436],"floor_reached":16,"language":"ENG","playtime":500,"items_purged":[],"score":129,"play_id":"8a61d0ff-7561-41aa-963a-65afee2dceab","local_time":"20210204230538","is_ascension_mode":false,"campfire_choices":[{"data":"Feel No Pain","floor":7,"key":"SMITH"},{"floor":12,"key":"REST"},{"data":"True Grit","floor":15,"key":"SMITH"}],"circlet_count":0,"master_deck":["Strike_R","Strike_R","Strike_R","Strike_R","Defend_R","Defend_R","Defend_R","Defend_R","Bash","True Grit+1","Feel No Pain+1","Ghostly Armor","Impervious","Inflame","Metallicize","Entrench","Dual Wield"],"relics":["Burning Blood","MawBank","Anchor","Juzu Bracelet","Orichalcum"],"acts_visited":["Exordium"],"potions_floor_usage":[8,13,13,13],"damage_taken":[{"damage":9,"enemies":"Jaw Worm","floor":1,"turns":5},{"damage":6,"enemies":"Cultist","floor":3,"turns":4},{"damage":10,"enemies":"Small Slimes","floor":4,"turns":4},{"damage":10,"enemies":"Looter","floor":5,"turns":4},{"damage":0,"enemies":"3 Louse","floor":10,"turns":6},{"damage":28,"enemies":"Exordium Thugs","floor":11,"turns":6},{"damage":0,"enemies":"Gremlin Nob","floor":13,"turns":3},{"damage":6,"enemies":"Looter","floor":14,"turns":4},{"damage":72,"enemies":"Hexaghost","floor":16,"turns":18}],"seed_played":"2264630575679711886","potions_obtained":[{"floor":3,"key":"AttackPotion"},{"floor":5,"key":"ColorlessPotion"},{"floor":8,"key":"Fruit Juice"},{"floor":8,"key":"DistilledChaos"},{"floor":8,"key":"CultistPotion"}],"is_trial":false,"path_per_floor":["M","?","M","M","M","?","R","?","T","M","M","R","E","M","R","B"],"character_chosen":"IRONCLAD","items_purchased":[],"campfire_rested":1,"item_purchase_floors":[],"current_hp_per_floor":[77,77,77,73,69,51,51,56,56,62,40,65,71,71,71,0,0],"gold":436,"neow_bonus":"RANDOM_COMMON_RELIC","is_daily":false,"chose_seed":false,"campfire_upgraded":2,"win_rate":0.0,"timestamp":1612501538,"path_taken":["M","?","M","?","M","?","R","?","T","M","M","R","E","M","R","BOSS"],"items_purchased_type":[],"build_version":"2020-12-22","purchased_purges":0,"victory":false,"max_hp_per_floor":[80,80,80,80,80,80,80,85,85,85,85,85,85,85,85,85,85],"card_choices":[{"not_picked":["Perfected Strike","Iron Wave"],"picked":"True Grit","floor":1},{"not_picked":["Pummel","Warcry"],"picked":"Feel No Pain","floor":3},{"not_picked":["Clothesline","Havoc"],"picked":"Ghostly Armor","floor":4},{"not_picked":["Iron Wave","Clothesline"],"picked":"Impervious","floor":5},{"not_picked":["Sever Soul","Headbutt"],"picked":"Inflame","floor":10},{"not_picked":["Iron Wave","Bloodletting"],"picked":"Metallicize","floor":11},{"not_picked":["Perfected Strike","Flex"],"picked":"Entrench","floor":13},{"not_picked":["True Grit","Sever Soul"],"picked":"Dual Wield","floor":14}],"player_experience":241064,"relics_obtained":[{"floor":9,"key":"Juzu Bracelet"},{"floor":13,"key":"Orichalcum"}],"event_choices":[{"cards_removed":["Strike_R"],"damage_healed":0,"gold_gain":0,"player_choice":"Purged","damage_taken":0,"max_hp_gain":0,"max_hp_loss":0,"event_name":"Purifier","floor":2,"gold_loss":0},{"damage_healed":0,"gold_gain":0,"player_choice":"Success","damage_taken":18,"relics_obtained":["Anchor"],"max_hp_gain":0,"max_hp_loss":0,"event_name":"Scrap Ooze","floor":6,"gold_loss":0},{"damage_healed":0,"gold_gain":0,"player_choice":"Got Potions","damage_taken":0,"max_hp_gain":0,"max_hp_loss":0,"event_name":"Lab","floor":8,"gold_loss":0}],"is_beta":false,"boss_relics":[],"items_purged_floors":[],"is_endless":false,"potions_floor_spawned":[3,5,10,11],"killed_by":"Hexaghost","ascension_level":0}}