{"host":"mb22iysgi53dyee9","time":1612527204,"event":{"mods":["AchievementEnabler","BaseMod","Colored Map","DeckTracker","Minty Spire (QoL Compilation)","Permanent Neow","SuperFastMode"],"gold_per_floor":[112,124,49,49,59,59,70,70,140,158,176,206,225,225,225,328,328,341,341,341,431,450,450,477,16,16,16,26,45,45,60,60,177,177,187,32,52,52,52,52],"floor_reached":39,"language":"KOR","playtime":2840,"items_purged":["Strike_G","Strike_G"],"score":453,"play_id":"41319083-165e-4470-a158-df61abfabe62","local_time":"20210205211324","is_ascension_mode":false,"campfire_choices":[{"data":"Blade Dance","floor":6,"key":"SMITH"},{"data":"Neutralize","floor":8,"key":"SMITH"},{"floor":15,"key":"REST"},{"floor":23,"key":"REST"},{"floor":32,"key":"REST"}],"circlet_count":0,"master_deck":["Strike_G","Strike_G","Defend_G","Defend_G","Defend_G","Survivor","Neutralize+1","Deflect","Slice","Blade Dance+1","Flechettes","Poisoned Stab","Blade Dance","Phantasmal Killer","Phantasmal Killer","Deflect+1","Slice","Backstab","Deflect+1","Blade Dance+1","Venomology+1"],"relics":["Ring of the Snake","Centennial Puzzle","Bottled Flame","Bag of Marbles","Empty Cage","MutagenicStrength","WingedGreaves","Toxic Egg 2","Ginger","SlaversCollar","Anchor"],"acts_visited":["Exordium","TheCity","TheBeyond"],"potions_floor_usage":[12,16,24,33,33,33,39,39],"damage_taken":[{"damage":1,"enemies":"Jaw Worm","floor":1,"turns":4},{"damage":0,"enemies":"2 Louse","floor":2,"turns":3},{"damage":0,"enemies":"Cultist","floor":5,"turns":4},{"damage":0,"enemies":"Exordium Thugs","floor":7,"turns":5},{"damage":0,"enemies":"Blue Slaver","floor":10,"turns":3},{"damage":2,"enemies":"Large Slime","floor":11,"turns":4},{"damage":16,"enemies":"Lagavulin","floor":12,"turns":6},{"damage":1,"enemies":"Exordium Wildlife","floor":13,"turns":3},{"damage":0,"enemies":"Slime Boss","floor":16,"turns":5},{"damage":2,"enemies":"Spheric Guardian","floor":18,"turns":3},{"damage":4,"enemies":"3 Byrds","floor":22,"turns":3},{"damage":22,"enemies":"Gremlin Leader","floor":24,"turns":6},{"damage":5,"enemies":"Centurion and Healer","floor":28,"turns":3},{"damage":11,"enemies":"Shelled Parasite and Fungi","floor":29,"turns":3},{"damage":0,"enemies":"3 Cultists","floor":31,"turns":4},{"damage":18,"enemies":"Automaton","floor":33,"turns":12},{"damage":25,"enemies":"3 Darklings","floor":35,"turns":13},{"damage":0,"enemies":"Orb Walker","floor":37,"turns":1},{"damage":50,"enemies":"Mind Bloom Boss Battle","floor":39,"turns":6}],"seed_played":"-1995988230757816147","potions_obtained":[{"floor":10,"key":"SkillPotion"},{"floor":11,"key":"CultistPotion"},{"floor":12,"key":"SteroidPotion"},{"floor":24,"key":"PowerPotion"},{"floor":28,"key":"ColorlessPotion"},{"floor":33,"key":"SpeedPotion"}],"is_trial":false,"path_per_floor":["M","M","$","?","M","R","M","R","T","M","M","E","M","?","R","B",null,"M","?","?","?","M","R","E","$","T","$","M","M","$","M","R","B",null,"M","$","M","?","?"],"character_chosen":"THE_SILENT","items_purchased":["Toxic Egg 2","GhostInAJar","Anchor"],"campfire_rested":3,"item_purchase_floors":[25,25,36],"current_hp_per_floor":[69,69,69,69,69,69,69,69,69,69,67,51,50,43,64,64,70,68,68,55,43,39,61,39,39,39,39,34,23,23,23,45,27,75,50,50,50,50,0,0],"gold":52,"neow_bonus":"RANDOM_COMMON_RELIC","is_daily":false,"chose_seed":false,"campfire_upgraded":2,"win_rate":0.0,"timestamp":1612527204,"path_taken":["M","M","$","?","M","R","M","R","T","M","M","E","M","?","R","BOSS","M","?","?","?","M","R","E","$","T","$","M","?","?","M","R","BOSS","M","$","M","?","?"],"items_purchased_type":["Relic","Potion","Relic"],"build_version":"2020-12-22","purchased_purges":2,"victory":false,"max_hp_per_floor":[70,70,70,70,70,70,70,70,70,70,70,70,70,70,70,70,70,70,70,75,75,75,75,75,75,75,75,75,75,75,75,75,75,75,75,75,75,75,75,75],"card_choices":[{"not_picked":["Outmaneuver","Dodge and Roll"],"picked":"Deflect","floor":1},{"not_picked":["Riddle With Holes","Dodge and Roll"],"picked":"Slice","floor":2},{"not_picked":["Flying Knee","Slice"],"picked":"Blade Dance","floor":5},{"not_picked":["Calculated Gamble","Acrobatics"],"picked":"Flechettes","floor":7},{"not_picked":["Quick Slash","Dodge and Roll"],"picked":"Poisoned Stab","floor":10},{"not_picked":["Glass Knife","Dagger Spray"],"picked":"Blade Dance","floor":11},{"not_picked":["Bullet Time","Terror"],"picked":"Phantasmal Killer","floor":12},{"not_picked":["Expertise","Underhanded Strike","Leg Sweep"],"picked":"SKIP","floor":13},{"not_picked":["Night Terror","Tools of the Trade"],"picked":"Phantasmal Killer","floor":16},{"not_picked":["Dagger Spray","Acrobatics+1"],"picked":"Deflect+1","floor":18},{"not_picked":["Bouncing Flask","Dash"],"picked":"Slice","floor":22},{"not_picked":["Terror","Masterful Stab"],"picked":"Backstab","floor":24},{"not_picked":["Infinite Blades","Distraction+1"],"picked":"Deflect+1","floor":28},{"not_picked":["Deflect+1","Reflex+1"],"picked":"Blade Dance+1","floor":29},{"not_picked":["Prepared+1","All Out Attack","Quick Slash"],"picked":"SKIP","floor":31},{"not_picked":["Burst+1","Night Terror+1"],"picked":"After Image","floor":33},{"not_picked":["Prepared+1","Backflip+1","Deflect+1"],"picked":"SKIP","floor":35},{"not_picked":["Sucker Punch+1","Riddle With Holes+1"],"picked":"Venomology+1","floor":37}],"player_experience":32902,"relics_obtained":[{"floor":9,"key":"Bottled Flame"},{"floor":12,"key":"Bag of Marbles"},{"floor":24,"key":"WingedGreaves"},{"floor":26,"key":"Ginger"}],"event_choices":[{"damage_healed":0,"gold_gain":0,"player_choice":"Leave","damage_taken":0,"max_hp_gain":0,"max_hp_loss":0,"event_name":"The Cleric","floor":4,"gold_loss":0},{"cards_removed":["Defend_G"],"damage_healed":0,"gold_gain":0,"player_choice":"Card Removal","damage_taken":7,"max_hp_gain":0,"max_hp_loss":0,"event_name":"Golden Wing","floor":14,"gold_loss":0},{"damage_healed":0,"gold_gain":0,"player_choice":"Inject Mutagens","damage_taken":0,"relics_obtained":["MutagenicStrength"],"max_hp_gain":0,"max_hp_loss":0,"event_name":"Drug Dealer","floor":19,"gold_loss":0},{"damage_healed":0,"gold_gain":0,"player_choice":"Shed Blood","damage_taken":18,"max_hp_gain":5,"max_hp_loss":0,"event_name":"Forgotten Altar","floor":20,"gold_loss":0},{"damage_healed":0,"gold_gain":90,"player_choice":"GOLD ","damage_taken":12,"max_hp_gain":0,"max_hp_loss":0,"event_name":"Knowing Skull","floor":21,"potions_obtained":[],"gold_loss":0,"cards_obtained":[]},{"cards_removed":["After Image"],"damage_healed":0,"gold_gain":0,"player_choice":"Removed Power","damage_taken":0,"max_hp_gain":0,"max_hp_loss":0,"event_name":"Falling","floor":38,"gold_loss":0},{"damage_healed":0,"gold_gain":0,"player_choice":"Fight","damage_taken":0,"max_hp_gain":0,"max_hp_loss":0,"event_name":"MindBloom","floor":39,"gold_loss":0}],"is_beta":false,"boss_relics":[{"not_picked":["Ring of the Serpent","Tiny House"],"picked":"Empty Cage"},{"not_picked":["Sozu","HoveringKite"],"picked":"SlaversCollar"}],"items_purged_floors":[3,25],"is_endless":false,"potions_floor_spawned":[10,11,12,24,28,33],"killed_by":"Mind Bloom Boss Battle","ascension_level":0}}