{"host":"fh846irws14avpr7","time":1612537197,"event":{"mods":["AchievementEnabler","Aspiration","BaseMod","Better Match","Conspire","Curses Come First","Downfall","GifTheSpireLib","GungeonMod","Halation","Hubris","Infinite Spire","Kratos Character Expansion","Minty Spire (QoL Compilation)","Poor People Problems","Quick Restart","Reliquary","Shop Mod","Spikes Relics","StSLib","Stuff the Spire","The Saiyan","??????REMEMod"],"gold_per_floor":[87,98,98,115,131,131,131],"floor_reached":6,"language":"ENG","playtime":373,"items_purged":[],"score":38,"play_id":"646eab25-4531-433a-899e-296dc05d2766","local_time":"20210205095957","daily_mods":["Heirloom","DeadlyEvents","Elite Swarm"],"is_ascension_mode":false,"campfire_choices":[],"circlet_count":0,"master_deck":["Saiyan:SAIYA_Strike","Saiyan:SAIYA_Strike","Saiyan:SAIYA_Strike","Saiyan:SAIYA_Strike","Saiyan:SAIYA_Defend","Saiyan:SAIYA_Defend","Saiyan:SAIYA_Defend","Saiyan:SAIYA_Defend","Saiyan:EnergyBlast","Saiyan:KaioKen","Saiyan:RuthlessBlow","BlessedFruit","BlessedFruit","hexamod:GhostOfSpirePresent","Saiyan:BigBangAttack","Saiyan:KiExplosion","Saiyan:KameHameHa","Saiyan:Flurry"],"relics":["SaiyanSoul","SaiyanHeart","REME_ComplimentaryCards","HeavenlyBonsai","reliquary:SilkGlove"],"acts_visited":["Exordium"],"potions_floor_usage":[],"damage_taken":[{"damage":15.0,"enemies":"Cultist","floor":1.0,"turns":4.0},{"damage":4.0,"enemies":"Jaw Worm","floor":2.0,"turns":3.0},{"damage":1.0,"enemies":"Small Slimes","floor":4.0,"turns":2.0},{"damage":18.0,"enemies":"Exordium Thugs","floor":5.0,"turns":5.0},{"damage":0,"enemies":"3 Sentries","floor":6,"turns":1}],"seed_played":"5368793528752335928","potions_obtained":[{"floor":2.0,"key":"Explosive Potion"}],"is_trial":true,"path_per_floor":["M","M","?","M","M","E"],"character_chosen":"SAIYAJIN","items_purchased":[],"campfire_rested":0,"item_purchase_floors":[],"current_hp_per_floor":[47,45,45,45,30,30,30],"gold":131,"neow_bonus":"","is_daily":false,"chose_seed":false,"campfire_upgraded":0,"win_rate":0.0,"timestamp":1612537197,"path_taken":["M","M","?","M","M","E"],"items_purchased_type":[],"build_version":"2020-12-22","purchased_purges":0,"victory":false,"max_hp_per_floor":[62,64,64,65,68,68,68],"card_choices":[{"not_picked":["Saiyan:FingerParry","Saiyan:DoubleMasenko"],"picked":"Saiyan:BigBangAttack","floor":1.0},{"not_picked":["Saiyan:Scouter","Saiyan:BackAttack"],"picked":"Saiyan:KiExplosion","floor":2.0},{"not_picked":["Saiyan:MonkeyTail","Saiyan:DoubleMasenko"],"picked":"Saiyan:KameHameHa","floor":4.0},{"not_picked":["Saiyan:RemoveWeights","Saiyan:DoubleMasenko"],"picked":"Saiyan:Flurry","floor":5.0}],"player_experience":286786,"relics_obtained":[{"floor":3.0,"key":"reliquary:SilkGlove"}],"event_choices":[],"is_beta":false,"boss_relics":[],"items_purged_floors":[],"is_endless":false,"potions_floor_spawned":[2],"killed_by":"3 Sentries","ascension_level":0}}