{"host":"n605f8gctjc87d7h","time":1612548550,"event":{"mods":["Aspiration","Bard","BaseMod","Better Match","Better Note","Better Skull","Better Third Choice","Conspire","Downfall","Halation","Hermit","Infinite Spire","Minty Spire (QoL Compilation)","Replay The Spire","Retaliation","Shade Mod","Spicy Shops","StSLib","The IronCluck","The Jungle"],"gold_per_floor":[119,119,44,44,58,92,92,130,130,130,146,167,188,209,209,302,302,321,321,31,49,69,93,93,109,136,149,172,172,191,391,391,391,391],"floor_reached":33,"language":"ENG","playtime":2392,"items_purged":[],"score":485,"play_id":"8dc9bd8b-ff05-4ea5-9521-4e2d9b1229ba","local_time":"20210205100910","is_ascension_mode":true,"campfire_choices":[{"floor":7.0,"key":"REST"},{"floor":15.0,"key":"REST"},{"floor":24,"key":"REST"},{"floor":29,"key":"REST"},{"floor":32,"key":"REST"}],"circlet_count":0,"master_deck":["AscendersBane","Strike_B","Strike_B","Strike_B","Strike_B","Defend_B","Defend_B","Defend_B","Defend_B+1","Zap","Dualcast","Genetic Algorithm","Leap+1","Steam","Loop","ReplayRNGCard","Conserve Battery+1","White Noise","BasicCrystalCard+1","Darkness+1"],"relics":["Cracked Core","Golden Idol","ReplayTheSpireMod:Lightbulb","FossilizedHelix","ReplayTheSpireMod:Shallot","Singing Bowl","aspiration:BursterCore","War Paint","Blue Doll","Vajra"],"acts_visited":["Exordium","TheCity"],"potions_floor_usage":[25,27,30],"damage_taken":[{"damage":7.0,"enemies":"Jaw Worm","floor":1.0,"turns":3.0},{"damage":1.0,"enemies":"2 Louse","floor":5.0,"turns":3.0},{"damage":29.0,"enemies":"3 Sentries","floor":6.0,"turns":10.0},{"damage":40.0,"enemies":"Gremlin Nob","floor":8.0,"turns":5.0},{"damage":0.0,"enemies":"Cultist","floor":11.0,"turns":3.0},{"damage":0.0,"enemies":"Blue Slaver","floor":12.0,"turns":4.0},{"damage":0.0,"enemies":"2 Fungi Beasts","floor":13.0,"turns":4.0},{"damage":0.0,"enemies":"Red Slaver","floor":14.0,"turns":3.0},{"damage":13.0,"enemies":"The Guardian","floor":16.0,"turns":14.0},{"damage":29.0,"enemies":"Shell Parasite","floor":18.0,"turns":7.0},{"damage":0.0,"enemies":"Spheric Guardian","floor":21.0,"turns":4.0},{"damage":26.0,"enemies":"Centurion and Healer","floor":22.0,"turns":18.0},{"damage":0,"enemies":"conspire:HollyBat","floor":23,"turns":8},{"damage":14,"enemies":"3 Cultists","floor":25,"turns":7},{"damage":8,"enemies":"Snake Plant","floor":27,"turns":6},{"damage":4,"enemies":"Shelled Parasite and Fungi","floor":28,"turns":6},{"damage":6,"enemies":"Chosen and Byrds","floor":30,"turns":9},{"damage":78,"enemies":"Pondfish","floor":33,"turns":10}],"seed_played":"-2379214838760082588","potions_obtained":[{"floor":1.0,"key":"Block Potion"},{"floor":5.0,"key":"Toxic Potion"},{"floor":13.0,"key":"LiquidBronze"},{"floor":14.0,"key":"Adrenaline Potion"},{"floor":16.0,"key":"bronze:BurnAndBuffPotion"},{"floor":21.0,"key":"SkillPotion"},{"floor":22.0,"key":"Block Potion"},{"floor":23,"key":"SpeedPotion"},{"floor":28,"key":"LiquidMemories"}],"is_trial":false,"path_per_floor":["M","?","?","T","M","E","R","E","T","?","M","M","M","M","R","B",null,"M","?","$","M","M","M","R","M","T","M","M","R","M","?","R","B"],"character_chosen":"DEFECT","items_purchased":["War Paint","Blue Doll"],"campfire_rested":5,"item_purchase_floors":[20,20],"current_hp_per_floor":[64,64,64,64,63,34,57,17,17,17,19,19,21,21,45,32,70,41,41,41,43,17,19,44,32,32,26,22,49,43,43,70,0,0],"gold":391,"neow_bonus":"TEN_PERCENT_HP_BONUS","is_daily":false,"chose_seed":false,"campfire_upgraded":0,"win_rate":0.0,"timestamp":1612548550,"path_taken":["M","?","?","?","?","E","R","E","T","?","M","M","M","M","R","BOSS","M","?","$","M","?","M","R","M","T","M","M","R","M","?","R","BOSS"],"items_purchased_type":["Relic","Relic"],"build_version":"2020-12-22","purchased_purges":0,"victory":false,"max_hp_per_floor":[78,78,78,78,78,78,78,78,78,78,80,80,82,82,82,82,82,82,82,82,84,84,86,86,88,88,90,90,90,90,90,90,90,90],"card_choices":[{"not_picked":["Panic Button","ReplayTheSpireMod:Dual Polarity"],"picked":"Genetic Algorithm","floor":1.0},{"not_picked":["Rebound","Sweeping Beam"],"picked":"Leap","floor":5.0},{"not_picked":["Rebound","Leap","Genetic Algorithm"],"picked":"SKIP","floor":6.0},{"not_picked":["Blizzard","Buffer","ReplayTheSpireMod:Reroute Power"],"picked":"SKIP","floor":8.0},{"not_picked":["ReplayTheSpireMod:System Scan","Reinforced Body","Ball Lightning"],"picked":"Singing Bowl","floor":11.0},{"not_picked":["Stack","Panic Button"],"picked":"Steam","floor":12.0},{"not_picked":["Glacier","Turbo","Compile Driver"],"picked":"Singing Bowl","floor":13.0},{"not_picked":["Panic Button","Streamline"],"picked":"Loop","floor":14.0},{"not_picked":["Seek","Hyperbeam"],"picked":"ReplayRNGCard","floor":16.0},{"not_picked":["Panic Button","Turbo"],"picked":"Conserve Battery+1","floor":18.0},{"not_picked":["Conserve Battery","Ball Lightning","Cold Snap"],"picked":"Singing Bowl","floor":21.0},{"not_picked":["Fusion","Leap"],"picked":"White Noise","floor":22.0},{"not_picked":["Heatsinks+1","conspire:SharedLibrary","Hologram"],"picked":"Singing Bowl","floor":23},{"not_picked":["Conserve Battery","Gash","Reinforced Body"],"picked":"Singing Bowl","floor":25},{"not_picked":["Conserve Battery","Reprogram","Cold Snap"],"picked":"Singing Bowl","floor":27},{"not_picked":["aspiration:Polymerization","Panic Button"],"picked":"BasicCrystalCard+1","floor":28},{"not_picked":["Cold Snap","BasicCrystalCard"],"picked":"Darkness+1","floor":30}],"player_experience":816501,"relics_obtained":[{"floor":4.0,"key":"ReplayTheSpireMod:Lightbulb"},{"floor":6.0,"key":"FossilizedHelix"},{"floor":8.0,"key":"ReplayTheSpireMod:Shallot"},{"floor":9.0,"key":"Singing Bowl"},{"floor":26,"key":"Vajra"}],"event_choices":[{"damage_healed":0.0,"max_hp_gain":0.0,"max_hp_loss":0.0,"gold_gain":0.0,"event_name":"Golden Idol","player_choice":"Take Wound","floor":2.0,"gold_loss":0.0,"damage_taken":0.0,"relics_obtained":["Golden Idol"],"cards_obtained":["Injury"]},{"cards_removed":["Injury"],"damage_healed":0.0,"max_hp_gain":0.0,"max_hp_loss":0.0,"gold_gain":0.0,"event_name":"The Cleric","player_choice":"Card Removal","floor":3.0,"gold_loss":75.0,"damage_taken":0.0},{"damage_healed":0.0,"max_hp_gain":0.0,"max_hp_loss":0.0,"gold_gain":0.0,"event_name":"FaceTrader","player_choice":"Leave","floor":19.0,"gold_loss":0.0,"damage_taken":0.0},{"damage_healed":0,"gold_gain":200,"player_choice":"Gold","damage_taken":0,"max_hp_gain":0,"max_hp_loss":0,"event_name":"Wheel of Change","floor":31,"gold_loss":0}],"is_beta":false,"boss_relics":[{"not_picked":["conspire:SeveredTorchhead","Kintsugi"],"picked":"aspiration:BursterCore"}],"items_purged_floors":[],"is_endless":false,"potions_floor_spawned":[1,5,13,14,16,21,22,23,28],"killed_by":"Pondfish","ascension_level":15}}