{"host":"c5452fuijzdtmpqe","time":1612498176,"event":{"mods":["Aspiration","BaseMod","Better Third Choice","BetterRewards","Colored Map","Colored Powertips","Downfall","Evolution","Googly Eyes","Highlight Path","Minty Spire (QoL Compilation)","Shop Mod","StSLib","SuperFastMode"],"gold_per_floor":[109,209,54,72,90,90,108,136,136,153,118,118,118,132,132,230,230,242,242,242,260,260,260,10,10,35,35,45,62,62,62,62],"floor_reached":31,"language":"ENG","playtime":601,"items_purged":[],"score":335,"play_id":"78cabbe8-f92a-4d01-bec9-8f39fd2b0553","local_time":"20210204230936","is_ascension_mode":false,"campfire_choices":[{"data":"Flex","floor":6.0,"key":"SMITH"},{"data":"Twin Strike","floor":13,"key":"SMITH"},{"floor":15,"key":"RECALL"},{"data":"Limit Break","floor":23,"key":"SMITH"},{"data":"Demon Form","floor":25,"key":"SMITH"},{"data":"Flex","floor":27,"key":"SMITH"},{"floor":30,"key":"REST"}],"circlet_count":0,"master_deck":["Iron Wave","Iron Wave","Strike_R","Strike_R","Strike_R","Defend_R","Defend_R","Defend_R","Defend_R","Bash","Twin Strike+1","Flex+1","Ghostly Armor","Perfected Strike+1","Demon Form+1","Limit Break+1","Flex+1"],"relics":["Burning Blood","Kunai","Brimstone","Centennial Puzzle","Philosopher\u0027s Stone","betterThird:NestCultRelic","Nloth\u0027s Gift","aspiration:Lifesprig"],"acts_visited":["Exordium","TheCity"],"potions_floor_usage":[31,31,31],"damage_taken":[{"damage":1.0,"enemies":"2 Louse","floor":1.0,"turns":2.0},{"damage":0.0,"enemies":"Cultist","floor":4.0,"turns":2.0},{"damage":7.0,"enemies":"Jaw Worm","floor":5.0,"turns":2.0},{"damage":0.0,"enemies":"3 Louse","floor":7.0,"turns":1.0},{"damage":21.0,"enemies":"3 Sentries","floor":8.0,"turns":5.0},{"damage":13,"enemies":"Blue Slaver","floor":10,"turns":2},{"damage":0,"enemies":"2 Fungi Beasts","floor":14,"turns":2},{"damage":76,"enemies":"The Guardian","floor":16,"turns":8},{"damage":16,"enemies":"2 Thieves","floor":18,"turns":4},{"damage":14,"enemies":"Chosen","floor":21,"turns":3},{"damage":43,"enemies":"Centurion and Healer","floor":28,"turns":5},{"damage":28,"enemies":"Sentry and Sphere","floor":29,"turns":4},{"damage":57,"enemies":"Chosen and Byrds","floor":31,"turns":4}],"seed_played":"1324339223427671179","potions_obtained":[{"floor":4.0,"key":"Ancient Potion"},{"floor":8,"key":"Dexterity Potion"},{"floor":16,"key":"sneckomod:MuddlingPotion"},{"floor":29,"key":"DuplicationPotion"}],"is_trial":false,"path_per_floor":["M","?","$","M","M","R","M","E","T","M","?","?","R","M","R","B",null,"M","?","?","M","?","R","$","R","T","R","M","M","R","M"],"character_chosen":"IRONCLAD","items_purchased":["Kunai","Brimstone","Centennial Puzzle","aspiration:Lifesprig","FairyPotion"],"campfire_rested":1,"item_purchase_floors":[0,0,3,24,24],"current_hp_per_floor":[80,80,80,80,79,79,80,65,65,58,78,78,78,80,80,10,80,70,70,70,62,62,62,62,62,62,62,25,30,54,0,0],"gold":62,"neow_bonus":"","is_daily":false,"chose_seed":false,"campfire_upgraded":5,"win_rate":0.0,"timestamp":1612498176,"path_taken":["M","?","$","?","M","R","M","E","T","M","?","?","R","M","R","BOSS","M","?","?","M","?","R","$","R","T","R","?","M","R","M"],"items_purchased_type":["Relic","Relic","Relic","Relic","Potion"],"build_version":"2020-12-22","purchased_purges":0,"victory":false,"max_hp_per_floor":[80,80,80,80,80,80,80,80,80,80,80,80,80,80,80,80,80,80,80,80,80,80,80,80,80,80,80,80,80,80,80,80],"card_choices":[{"not_picked":["Ghostly Armor","Second Wind"],"picked":"Twin Strike","floor":1.0},{"not_picked":["Disarm","Cleave"],"picked":"Flex","floor":4.0},{"not_picked":["Cleave","Power Through"],"picked":"Ghostly Armor","floor":5.0},{"not_picked":["Clash","Armaments"],"picked":"Perfected Strike","floor":7.0},{"not_picked":["True Grit","Dual Wield","Evolve"],"picked":"SKIP","floor":8},{"not_picked":["Sentinel","Carnage","Clash"],"picked":"SKIP","floor":10},{"not_picked":["Blood for Blood","Pommel Strike"],"picked":"Demon Form","floor":14},{"not_picked":["Juggernaut","Impervious"],"picked":"Limit Break","floor":16},{"not_picked":["Warcry","Searing Blow","True Grit+1"],"picked":"SKIP","floor":18},{"not_picked":["Seeing Red","Twin Strike"],"picked":"Flex","floor":21},{"not_picked":["Juggernaut","Iron Wave","Flame Barrier"],"picked":"SKIP","floor":28},{"not_picked":["Sword Boomerang","Reckless Charge","Flame Barrier"],"picked":"SKIP","floor":29}],"player_experience":520107,"relics_obtained":[],"event_choices":[{"damage_healed":0.0,"max_hp_gain":0.0,"max_hp_loss":0.0,"gold_gain":100.0,"event_name":"Golden Shrine","player_choice":"Pray","floor":2.0,"gold_loss":0.0,"damage_taken":0.0},{"damage_healed":20,"gold_gain":0,"player_choice":"Healed","damage_taken":0,"max_hp_gain":0,"max_hp_loss":0,"event_name":"The Cleric","floor":11,"gold_loss":35},{"damage_healed":0,"gold_gain":0,"player_choice":"Grow","damage_taken":0,"max_hp_gain":0,"max_hp_loss":0,"event_name":"Living Wall","floor":12,"gold_loss":0,"cards_upgraded":["Perfected Strike"]},{"damage_healed":0,"gold_gain":0,"player_choice":"Ignored","damage_taken":0,"max_hp_gain":0,"max_hp_loss":0,"event_name":"Ghosts","floor":19,"gold_loss":0},{"damage_healed":0,"gold_gain":0,"player_choice":"Madness","damage_taken":0,"relics_obtained":["betterThird:NestCultRelic"],"max_hp_gain":0,"max_hp_loss":0,"event_name":"betterThird:BetterNest","floor":20,"gold_loss":0},{"damage_healed":0,"gold_gain":0,"player_choice":"Traded Relic","damage_taken":0,"relics_obtained":["Nloth\u0027s Gift"],"max_hp_gain":0,"max_hp_loss":0,"event_name":"N\u0027loth","floor":22,"relics_lost":["EVO:Axolotl"],"gold_loss":0}],"is_beta":false,"boss_relics":[{"not_picked":["Astrolabe","Busted Crown"],"picked":"Philosopher\u0027s Stone"}],"items_purged_floors":[],"is_endless":false,"potions_floor_spawned":[4,8,16,18,21,28,29],"killed_by":"Chosen and Byrds","ascension_level":0}}