{"host":"1ooxfz79hmpvpehx","time":1612483932,"event":{"mods":["BaseMod","Minty Spire (QoL Compilation)","Quick Restart","Replay The Spire","StSLib","SuperFastMode"],"gold_per_floor":[119,119,170,170,245,245,277,277,303,315,315,30,42,72,72,167,167,179,119,14,33,51,51,51,51,75,86,86,18,32,131,131,126,226,139,14,14,27,0,0,0,0,23,49,61,73,73],"floor_reached":46,"language":"ENG","playtime":1088,"items_purged":["Regret","Defend_R","Twin Strike"],"score":437,"play_id":"0635f32a-c32c-4d7d-85a5-f6c1fd72d2e3","local_time":"20210204211212","is_ascension_mode":false,"campfire_choices":[{"data":"Bash","floor":6,"key":"SMITH"},{"data":"Combust","floor":8,"key":"SMITH"},{"floor":11,"key":"REST"},{"data":"Inflame","floor":15,"key":"SMITH"},{"data":"Inflame","floor":23,"key":"SMITH"},{"data":"Hemogenesis","floor":25,"key":"SMITH"},{"data":"ReplayTheSpireMod:Faulty Equipment","floor":28,"key":"SMITH"},{"data":"Inflame","floor":32,"key":"SMITH"},{"data":"Replay:Many Hands","floor":40,"key":"SMITH"},{"floor":42,"key":"REST"},{"floor":45,"key":"REST"}],"circlet_count":0,"master_deck":["Defend_R+1","Bash+1","Combust+1","Inflame+1","Inflame+1","CurseOfTheBell","Uppercut","Uppercut+1","Disarm","Hemogenesis+1","Seeing Red","Inflame+1","Body Slam+1","Replay:Many Hands+1","Body Slam+1","Metallicize+1","Brutality"],"relics":["Burning Blood","NeowsBlessing","King of Hearts","ReplayFunnel","Gremlin Food","Juzu Bracelet","Replay:Baseball","Replay:Wax Seal","Replay:Ancient Bell","ReplayTheSpireMod:TigerMarble","Shuriken","Replay:PocketPolymizer","BargainBundle","Enchiridion","Dream Catcher","Replay:Wanted Poster","Red Mask","MawBank"],"acts_visited":["Exordium","TheCity","TheBeyond"],"potions_floor_usage":[16,16,21,21,46,46],"damage_taken":[{"damage":0,"enemies":"2 Louse","floor":1,"turns":1},{"damage":0,"enemies":"Gremlin Nob","floor":7,"turns":1},{"damage":0,"enemies":"Jaw Worm","floor":10,"turns":1},{"damage":1,"enemies":"Cultist","floor":13,"turns":3},{"damage":13,"enemies":"Fading Forest","floor":16,"turns":11},{"damage":22,"enemies":"3 Byrds","floor":18,"turns":4},{"damage":7,"enemies":"Spheric Guardian","floor":21,"turns":2},{"damage":10,"enemies":"Chosen and Byrds","floor":22,"turns":4},{"damage":12,"enemies":"Centurion and Healer","floor":27,"turns":5},{"damage":9,"enemies":"Snecko","floor":30,"turns":5},{"damage":67,"enemies":"Champ","floor":33,"turns":8},{"damage":9,"enemies":"Orb Walker","floor":35,"turns":3},{"damage":50,"enemies":"3 Darklings","floor":38,"turns":6},{"damage":32,"enemies":"Sphere and 2 Shapes","floor":44,"turns":4},{"damage":80,"enemies":"Nemesis","floor":46,"turns":5}],"seed_played":"-322476602056940015","potions_obtained":[{"floor":10,"key":"Ancient Potion"},{"floor":13,"key":"Weak Potion"},{"floor":18,"key":"FairyPotion"},{"floor":33,"key":"FearPotion"},{"floor":35,"key":"SpeedPotion"},{"floor":44,"key":"SkillPotion"}],"is_trial":false,"path_per_floor":["M","?","T","?","?","R","E","R","T","M","R","$","M","?","R","B",null,"M","?","$","M","M","R","?","R","T","M","R","$","M","?","R","B",null,"M","$","?","M","?","R","$","R","T","M","R","E"],"character_chosen":"IRONCLAD","items_purchased":["Inflame","Replay:Baseball","BargainBundle","Fire Potion","Energy Potion","Inflame"],"campfire_rested":3,"item_purchase_floors":[12,12,20,20,20,29],"current_hp_per_floor":[80,80,80,80,69,69,75,75,75,80,80,80,80,80,80,80,80,64,64,64,63,59,59,43,43,43,48,48,48,53,53,53,30,80,77,77,77,40,40,40,40,64,64,49,73,0,0],"gold":73,"neow_bonus":"THREE_ENEMY_KILL","is_daily":false,"chose_seed":false,"campfire_upgraded":8,"win_rate":0.0,"timestamp":1612483932,"path_taken":["M","?","?","?","?","R","E","R","T","M","R","$","M","?","R","BOSS","M","?","?","M","M","R","?","R","T","M","R","$","M","?","R","BOSS","M","$","?","M","?","R","?","R","T","M","R","E"],"items_purchased_type":["Card","Relic","Relic","Potion","Potion","Card"],"build_version":"2020-12-22","purchased_purges":3,"victory":false,"max_hp_per_floor":[80,80,80,80,80,80,80,80,80,80,80,80,80,80,80,80,80,80,80,80,80,80,80,80,80,80,80,80,80,80,80,80,80,80,80,80,80,80,80,80,80,80,80,80,80,80,80],"card_choices":[{"not_picked":["Clothesline","Abandon","Warcry"],"picked":"SKIP","floor":1},{"not_picked":["Battle Trance","ReplayTheSpireMod:Corrosion Curse"],"picked":"Combust","floor":7},{"not_picked":["Headbutt","Metallicize","Pummel"],"picked":"SKIP","floor":10},{"not_picked":["Armaments","Flex","Replay:Undeath\u0027s Touch"],"picked":"SKIP","floor":13},{"not_picked":["Berserk","Brutality"],"picked":"Offering","floor":16},{"not_picked":["Hallucinations","ReplayTheSpireMod:Doomed"],"picked":"ReplayTheSpireMod:Faulty Equipment","floor":17},{"not_picked":["Parasite","ReplayTheSpireMod:Splinters"],"picked":"ReplayTheSpireMod:IOU","floor":17},{"not_picked":["Parasite","Looming Evil"],"picked":"CurseOfTheBell","floor":17},{"not_picked":["Thunderclap","Headbutt+1","Run Through"],"picked":"SKIP","floor":18},{"not_picked":["Sword Boomerang","ReplayTheSpireMod:Corrosion Curse+1","Pommel Strike"],"picked":"SKIP","floor":21},{"not_picked":["Rage","Sword Boomerang"],"picked":"Disarm","floor":22},{"not_picked":["Run Through","Shrug It Off+1","ReplayTheSpireMod:Stacked"],"picked":"SKIP","floor":27},{"not_picked":["Reckless Charge","Sever Soul","Burning Pact"],"picked":"SKIP","floor":30},{"not_picked":["Feed","Berserk"],"picked":"Replay:Many Hands","floor":33},{"not_picked":["Iron Wave","ReplayTheSpireMod:Corrosion Curse+1"],"picked":"Body Slam+1","floor":35},{"not_picked":["Burning Pact","Shrug It Off"],"picked":"Metallicize+1","floor":38},{"not_picked":["Headbutt+1","ReplayTheSpireMod:Limb From Limb","Shrug It Off"],"picked":"SKIP","floor":44},{"not_picked":["ReplayTheSpireMod:Limb From Limb","Rupture"],"picked":"Brutality","floor":45}],"player_experience":2411,"relics_obtained":[{"floor":3,"key":"ReplayFunnel"},{"floor":7,"key":"Gremlin Food"},{"floor":9,"key":"Juzu Bracelet"},{"floor":24,"key":"Enchiridion"},{"floor":26,"key":"Dream Catcher"},{"floor":43,"key":"MawBank"}],"event_choices":[{"damage_healed":0,"gold_gain":0,"player_choice":"Box","damage_taken":0,"relics_obtained":["King of Hearts"],"max_hp_gain":0,"max_hp_loss":0,"event_name":"Big Fish","floor":2,"gold_loss":0,"cards_obtained":["Regret"]},{"damage_healed":0,"gold_gain":75,"player_choice":"Gather Gold","damage_taken":11,"max_hp_gain":0,"max_hp_loss":0,"event_name":"World of Goop","floor":5,"gold_loss":0},{"damage_healed":0,"gold_gain":30,"player_choice":"Searched \u00273\u0027 times","damage_taken":0,"relics_obtained":["Replay:Wax Seal"],"max_hp_gain":0,"max_hp_loss":0,"event_name":"Dead Adventurer","floor":14,"gold_loss":0},{"damage_healed":0,"gold_gain":0,"cards_transformed":["Defend_R","Defend_R"],"player_choice":"Transformed Cards","damage_taken":0,"max_hp_gain":0,"max_hp_loss":0,"event_name":"Designer","floor":19,"gold_loss":60,"cards_obtained":["Uppercut","Uppercut"]},{"damage_healed":0,"gold_gain":0,"player_choice":"Obtained Book","damage_taken":16,"max_hp_gain":0,"max_hp_loss":0,"event_name":"Cursed Tome","floor":24,"gold_loss":0},{"damage_healed":0,"gold_gain":99,"player_choice":"Stole From Cult","damage_taken":0,"max_hp_gain":0,"max_hp_loss":0,"event_name":"Nest","floor":31,"gold_loss":0},{"cards_removed":["Offering"],"damage_healed":0,"gold_gain":0,"player_choice":"Removed Skill","damage_taken":0,"max_hp_gain":0,"max_hp_loss":0,"event_name":"Falling","floor":37,"gold_loss":0},{"damage_healed":0,"gold_gain":0,"player_choice":"Paid","damage_taken":0,"relics_obtained":["Red Mask"],"max_hp_gain":0,"max_hp_loss":0,"event_name":"Tomb of Lord Red Mask","floor":39,"gold_loss":27}],"is_beta":false,"boss_relics":[{"not_picked":["Runic Cube","Calling Bell"],"picked":"Replay:Ancient Bell"},{"not_picked":["War Paint","Toy Ornithopter"],"picked":"ReplayTheSpireMod:TigerMarble"},{"not_picked":["Pear","HornCleat"],"picked":"Shuriken"},{"not_picked":["Incense Burner","Replay:Arrowhead"],"picked":"Replay:PocketPolymizer"},{"not_picked":["Honey Jar","Velvet Choker"],"picked":"Replay:Wanted Poster"}],"items_purged_floors":[12,20,36],"is_endless":false,"potions_floor_spawned":[10,13,18,33,35,44],"killed_by":"Nemesis","ascension_level":0}}