{"host":"ou23awlgcm0pi7o1","time":1612544621,"event":{"mods":["BaseMod","Colored Map","Downfall","Minty Spire (QoL Compilation)","StSLib","Unceasing Turn Reminder"],"gold_per_floor":[99,116,132,149,149,180,180,195,211,211,211,224,234,263,282,385,385,185,199,299,317,417,417,444,444,454,118,153,168,68,78,93,189,189,189,200,219,231,247,364,364,414,441,441,458,470,470,481,492,492,492,518,68,68,68,68],"floor_reached":57,"language":"ENG","playtime":6109,"items_purged":["Parasite","bronze:Strike","bronze:Strike"],"score":1199,"play_id":"a4d52d7a-8d4f-48db-adb1-15967f5498b5","local_time":"20210205170341","is_ascension_mode":false,"campfire_choices":[{"floor":1.0,"key":"RECALL"},{"data":"bronze:FineTuning","floor":10.0,"key":"SMITH"},{"data":"bronze:Assembly","floor":18.0,"key":"SMITH"},{"data":"bronze:AlphaBuild","floor":30.0,"key":"SMITH"},{"data":"bronze:Return","floor":35.0,"key":"SMITH"},{"data":"bronze:DonuBeam","floor":44.0,"key":"SMITH"},{"data":"bronze:BurnOut","floor":54.0,"key":"SMITH"}],"circlet_count":0,"master_deck":["bronze:Defend","bronze:Defend","bronze:Replicate","bronze:ChosenStrike","bronze:FineTuning+1","bronze:OilSpill","bronze:MaxOutput+1","bronze:Flail","bronze:Optimize+1","bronze:CutThrough","bronze:Repair","bronze:Assembly+1","bronze:ItsAFeature+1","bronze:GetLatest","bronze:ClassDefault+1","bronze:Virus","bronze:MaxOutput+1","bronze:DecaBeam","bronze:DonuBeam+1","Necronomicurse","bronze:Return+1","bronze:AlphaBuild+1","bronze:Verify+1","bronze:FineTuning+1","bronze:Verify+1","bronze:BurnOut+1","bronze:BugBarrage","bronze:ClassDefault+1"],"relics":["bronze:BronzeCore","Frozen Egg 2","PreservedInsect","Lantern","SlaversCollar","downfall:HeartBlessingGreen","downfall:HeartBlessingRed","MutagenicStrength","Necronomicon","Membership Card","Bottled Lightning","Lizard Tail","downfall:HeartBlessingBlue","Busted Crown","Guardian:PocketSentry","DollysMirror","StoneCalendar","Du-Vu Doll","StrikeDummy","FossilizedHelix","hexamod:BolsterEngine","Medical Kit","Dead Branch"],"acts_visited":["Exordium","TheCity","TheBeyond","TheEnding"],"potions_floor_usage":[55],"damage_taken":[{"damage":0.0,"enemies":"Small Slimes","floor":2.0,"turns":3.0},{"damage":0.0,"enemies":"Cultist","floor":3.0,"turns":3.0},{"damage":2.0,"enemies":"2 Louse","floor":4.0,"turns":3.0},{"damage":14.0,"enemies":"Gremlin Nob","floor":6.0,"turns":4.0},{"damage":8.0,"enemies":"Lots of Slimes","floor":8.0,"turns":3.0},{"damage":5.0,"enemies":"3 Louse","floor":9.0,"turns":3.0},{"damage":6.0,"enemies":"Large Slime","floor":12.0,"turns":2.0},{"damage":1.0,"enemies":"2 Fungi Beasts","floor":13.0,"turns":3.0},{"damage":4.0,"enemies":"3 Sentries","floor":14.0,"turns":3.0},{"damage":0.0,"enemies":"3 Louse","floor":15.0,"turns":1.0},{"damage":38.0,"enemies":"IC_STATUS_ARCHETYPE","floor":16.0,"turns":7.0},{"damage":0.0,"enemies":"Spheric Guardian","floor":19.0,"turns":2.0},{"damage":34.0,"enemies":"downfall:Augmenter","floor":20.0,"turns":5.0},{"damage":10.0,"enemies":"3 Byrds","floor":21.0,"turns":3.0},{"damage":3.0,"enemies":"3 Byrds","floor":22.0,"turns":3.0},{"damage":14.0,"enemies":"Centurion and Healer","floor":26.0,"turns":2.0},{"damage":0.0,"enemies":"downfall:FleeingMerchant","floor":27.0,"turns":4.0},{"damage":0.0,"enemies":"Gremlin Leader","floor":28.0,"turns":3.0},{"damage":1.0,"enemies":"Sentry and Sphere","floor":29.0,"turns":3.0},{"damage":10.0,"enemies":"Chosen and Byrds","floor":31.0,"turns":2.0},{"damage":8.0,"enemies":"Centurion and Healer","floor":32.0,"turns":4.0},{"damage":25.0,"enemies":"SI_MIRROR_ARCHETYPE","floor":33.0,"turns":6.0},{"damage":40.0,"enemies":"3 Darklings","floor":36.0,"turns":3.0},{"damage":10.0,"enemies":"Orb Walker","floor":37.0,"turns":3.0},{"damage":0.0,"enemies":"Transient","floor":38.0,"turns":5.0},{"damage":0.0,"enemies":"Jaw Worm Horde","floor":39.0,"turns":2.0},{"damage":0.0,"enemies":"downfall:FleeingMerchant","floor":40.0,"turns":3.0},{"damage":0.0,"enemies":"downfall:FleeingMerchant","floor":42.0,"turns":4.0},{"damage":31.0,"enemies":"Giant Head","floor":43.0,"turns":7.0},{"damage":10.0,"enemies":"4 Shapes","floor":45.0,"turns":7.0},{"damage":7.0,"enemies":"3 Darklings","floor":46.0,"turns":5.0},{"damage":28.0,"enemies":"Jaw Worm Horde","floor":48.0,"turns":4.0},{"damage":0.0,"enemies":"Sphere and 2 Shapes","floor":49.0,"turns":1.0},{"damage":39.0,"enemies":"DF_ARCHETYPE_ORBS","floor":50.0,"turns":6.0},{"damage":9.0,"enemies":"downfall:CharBossMerchant","floor":52.0,"turns":3.0},{"damage":0,"enemies":"downfall:NeowBoss","floor":55,"turns":6},{"damage":55,"enemies":"downfall:NeowBossFinal","floor":56,"turns":5}],"seed_played":"7108761548526781453","potions_obtained":[{"floor":2.0,"key":"Strength Potion"},{"floor":4.0,"key":"Regen Potion"},{"floor":8.0,"key":"sneckomod:MuddlingPotion"},{"floor":16.0,"key":"DistilledChaos"},{"floor":20.0,"key":"bronze:BurnAndBuffPotion"},{"floor":26.0,"key":"FearPotion"},{"floor":29.0,"key":"Energy Potion"},{"floor":36.0,"key":"Energy Potion"},{"floor":43.0,"key":"Explosive Potion"},{"floor":52.0,"key":"GamblersBrew"}],"is_trial":false,"path_per_floor":["R","M","M","M","?","E","T","M","M","R","?","M","M","E","M","B",null,"R","M","?","M","?","?","T","?","M","$","E","M","R","M","M","B",null,"R","M","M","M","M","$","T","?","E","R","M","M","?","M","M","B",null,"E","$","R","B","B",null],"character_chosen":"THE_AUTOMATON","items_purchased":["Membership Card","Bottled Lightning","Guardian:PocketSentry","DollysMirror","hexamod:BolsterEngine","Medical Kit","bronze:ClassDefault+1","Dead Branch","SteroidPotion","SteroidPotion"],"campfire_rested":0,"item_purchase_floors":[27,27,40,40,53,53,53,53,53,53],"current_hp_per_floor":[77,77,77,75,75,61,61,53,48,48,48,42,41,37,37,7,77,77,77,62,52,59,59,59,43,29,36,36,35,45,35,37,22,84,84,55,55,65,72,72,72,84,55,55,57,61,61,33,33,4,84,84,84,84,84,39],"gold":68,"neow_bonus":"TEN_PERCENT_HP_BONUS","is_daily":false,"chose_seed":false,"campfire_upgraded":6,"win_rate":0.0,"timestamp":1612544621,"path_taken":["R","M","M","M","?","E","T","?","M","R","?","?","M","E","M","BOSS","R","M","?","M","?","?","T","?","M","$","E","M","R","M","M","BOSS","R","M","M","M","M","$","T","?","E","R","M","M","?","M","M","BOSS","E","$","R","BOSS","BOSS"],"items_purchased_type":["Relic","Relic","Relic","Relic","Relic","Relic","Card","Relic","Potion","Potion"],"build_version":"2020-12-22","purchased_purges":3,"victory":true,"max_hp_per_floor":[77,77,77,77,77,77,77,77,77,77,77,77,77,77,77,77,77,77,77,77,77,77,77,77,77,77,74,74,74,84,84,84,84,84,84,84,84,84,84,84,84,84,84,84,84,84,84,84,84,84,84,84,84,84,84,84],"card_choices":[{"not_picked":["bronze:BugBarrage","bronze:Deprecate"],"picked":"bronze:ChosenStrike","floor":2.0},{"not_picked":["bronze:DelayedGuard","bronze:Shield"],"picked":"bronze:FineTuning","floor":3.0},{"not_picked":["bronze:WildBeam","bronze:Branch"],"picked":"bronze:OilSpill","floor":4.0},{"not_picked":["bronze:Backtrace","bronze:Shield","bronze:DelayedGuard"],"picked":"SKIP","floor":6.0},{"not_picked":["bronze:WhirlingStrike","bronze:ChildClass"],"picked":"bronze:MaxOutput+1","floor":8.0},{"not_picked":["bronze:BuggyMess","bronze:ChildClass"],"picked":"bronze:Flail","floor":9.0},{"not_picked":["bronze:Turbo","bronze:ShipIt"],"picked":"bronze:Optimize+1","floor":12.0},{"not_picked":["bronze:Allocate","bronze:BugBarrage"],"picked":"bronze:CutThrough","floor":13.0},{"not_picked":["bronze:Backtrace","bronze:ClassDefault+1"],"picked":"bronze:Repair","floor":14.0},{"not_picked":["bronze:DelayedGuard","bronze:BitShift","bronze:ClassDefault+1"],"picked":"SKIP","floor":15.0},{"not_picked":["bronze:CleanCode+1","bronze:HyperBeam"],"picked":"bronze:Assembly","floor":16.0},{"not_picked":["bronze:CutThrough","bronze:Turbo"],"picked":"bronze:ItsAFeature+1","floor":19.0},{"not_picked":["bronze:ChosenStrike","bronze:Turbo"],"picked":"bronze:GetLatest","floor":20.0},{"not_picked":["bronze:DarkDash+1","bronze:DelayedGuard"],"picked":"bronze:Safeguard","floor":21.0},{"not_picked":["bronze:Invalidate+1","bronze:BronzeOrb"],"picked":"bronze:MaxOutput+1","floor":22.0},{"not_picked":[],"picked":"bronze:DecaBeam","floor":22.0},{"not_picked":[],"picked":"bronze:DonuBeam","floor":22.0},{"not_picked":["bronze:Backtrace","bronze:ChildClass"],"picked":"bronze:Return","floor":26.0},{"not_picked":["bronze:ForLoop","bronze:Shield"],"picked":"bronze:AlphaBuild","floor":27.0},{"not_picked":["bronze:CutThrough","bronze:ClassDefault+1","bronze:ForLoop"],"picked":"SKIP","floor":28.0},{"not_picked":["bronze:ClassDefault+1","bronze:BuggyMess","bronze:BronzeOrb"],"picked":"SKIP","floor":29.0},{"not_picked":["bronze:OilSpill","bronze:Allocate","bronze:SpaghettiCode"],"picked":"SKIP","floor":31.0},{"not_picked":["bronze:WildBeam+1","bronze:DelayedGuard","bronze:Deprecate+1"],"picked":"SKIP","floor":32.0},{"not_picked":["bronze:ShipIt","bronze:AlphaBuild"],"picked":"bronze:Verify+1","floor":33.0},{"not_picked":["bronze:NullPointer"],"picked":"SKIP","floor":36.0},{"not_picked":["bronze:WhirlingStrike+1"],"picked":"SKIP","floor":37.0},{"not_picked":["bronze:BuggyMess+1"],"picked":"SKIP","floor":38.0},{"not_picked":["bronze:DarkDash+1"],"picked":"SKIP","floor":39.0},{"not_picked":[],"picked":"bronze:FineTuning+1","floor":40.0},{"not_picked":["bronze:CloningBeam+1"],"picked":"SKIP","floor":43.0},{"not_picked":["bronze:DarkDash"],"picked":"SKIP","floor":45.0},{"not_picked":[],"picked":"bronze:BurnOut","floor":46.0},{"not_picked":["bronze:BitShift+1"],"picked":"SKIP","floor":48.0},{"not_picked":["bronze:Shield+1"],"picked":"SKIP","floor":49.0},{"not_picked":[],"picked":"bronze:BugBarrage","floor":52.0}],"player_experience":356948,"relics_obtained":[{"floor":6.0,"key":"Frozen Egg 2"},{"floor":7.0,"key":"PreservedInsect"},{"floor":14.0,"key":"Lantern"},{"floor":20.0,"key":"MutagenicStrength"},{"floor":25.0,"key":"Necronomicon"},{"floor":28.0,"key":"Lizard Tail"},{"floor":41.0,"key":"StoneCalendar"},{"floor":42.0,"key":"Du-Vu Doll"},{"floor":43.0,"key":"StrikeDummy"},{"floor":52.0,"key":"FossilizedHelix"}],"event_choices":[{"cards_removed":["bronze:Goto"],"damage_healed":0.0,"max_hp_gain":0.0,"max_hp_loss":0.0,"gold_gain":0.0,"event_name":"NoteForYourself","player_choice":"Took Card","floor":11.0,"gold_loss":0.0,"damage_taken":0.0,"cards_obtained":["Iron Wave"]},{"cards_removed":["bronze:Safeguard"],"damage_healed":0.0,"max_hp_gain":0.0,"max_hp_loss":0.0,"gold_gain":0.0,"event_name":"Falling","player_choice":"Removed Skill","floor":47.0,"gold_loss":0.0,"damage_taken":0.0}],"is_beta":false,"boss_relics":[{"not_picked":["Fusion Hammer","bronze:MakeshiftBattery"],"picked":"SlaversCollar"},{"not_picked":["Black Star","Sozu"],"picked":"Busted Crown"}],"items_purged_floors":[27,40,53],"is_endless":false,"potions_floor_spawned":[2,4,8,15,16,20,21,26,28,29,36,37,39,43,45,52],"ascension_level":0}}