{"host":"l4am8ae7vj09bp0g","time":1612518203,"event":{"mods":["Act Like it!","BaseMod","Colored Powertips","Conspire","LagranYue(拉格朗・月)","Minty Spire (QoL Compilation)","Quick Restart","Relic Filter","Reliquary","Replay The Spire","Shop Mod","StSLib","SuperFastMode","TestMod"],"gold_per_floor":[116,116,116,136,149,178,178,208,208,234,234,634,651,665,665,665,665],"floor_reached":16,"language":"ZHS","playtime":1246,"items_purged":[],"score":205,"play_id":"c4a06245-da0e-44c9-99d3-53c7034be2a2","local_time":"20210205174323","daily_mods":["SealedDeck","Heirloom","DeadlyEvents","Elite Swarm","Uncertain Future"],"is_ascension_mode":true,"campfire_choices":[{"data":"Armaments","floor":7.0,"key":"SMITH"},{"data":"True Grit","floor":11.0,"key":"SMITH"},{"data":"Body Slam","floor":15,"key":"SMITH"}],"circlet_count":0,"master_deck":["Iron Wave","Clash","Shrug It Off","True Grit+1","Armaments+1","Flame Barrier","Seeing Red","Body Slam+1","Twin Strike","Metallicize","Offering","Demon Form","Impervious","Power Through"],"relics":["Burning Blood","LagranYue:RandomDrawCardRelic","testmod-BouquetWithThorns","TungstenRod","King of Hearts","LagranYue:WskJewelryRelic"],"acts_visited":["Exordium"],"potions_floor_usage":[],"damage_taken":[{"damage":0.0,"enemies":"Small Slimes","floor":1.0,"turns":3.0},{"damage":0.0,"enemies":"Cultist","floor":4.0,"turns":3.0},{"damage":0.0,"enemies":"2 Louse","floor":5.0,"turns":2.0},{"damage":0.0,"enemies":"3 Sentries","floor":6.0,"turns":7.0},{"damage":0.0,"enemies":"Gremlin Nob","floor":8.0,"turns":2.0},{"damage":0.0,"enemies":"Lagavulin","floor":10.0,"turns":7.0},{"damage":0,"enemies":"Exordium Thugs","floor":13,"turns":6},{"damage":0,"enemies":"Blue Slaver","floor":14,"turns":3},{"damage":0,"enemies":"Fading Forest","floor":16,"turns":7}],"seed_played":"-2112505520606505176","potions_obtained":[{"floor":1.0,"key":"AttackPotion"},{"floor":6.0,"key":"DuplicationPotion"},{"floor":10.0,"key":"BloodPotion"}],"is_trial":true,"path_per_floor":["M","$","?","M","M","E","R","E","T","E","R","?","M","M","R","B"],"character_chosen":"IRONCLAD","items_purchased":[],"campfire_rested":0,"item_purchase_floors":[],"current_hp_per_floor":[1,1,1,1,1,1,1,1,1,1,1,1,1,1,1,1,1],"gold":665,"neow_bonus":"","is_daily":false,"chose_seed":false,"campfire_upgraded":3,"win_rate":0.0,"timestamp":1612518203,"path_taken":["M","$","?","?","M","E","R","E","T","E","R","?","M","M","R","BOSS"],"items_purchased_type":[],"build_version":"2020-12-22","purchased_purges":0,"victory":false,"max_hp_per_floor":[1,1,1,1,1,1,1,1,1,1,1,1,1,1,1,1,1],"card_choices":[{"not_picked":["Armaments","Perfected Strike","ReplayTheSpireMod:Muscle Training"],"picked":"SKIP","floor":1.0},{"not_picked":["ReplayTheSpireMod:LeadingStrike","Sentinel","ReplayTheSpireMod:Stacked"],"picked":"SKIP","floor":4.0},{"not_picked":["Second Wind","Thunderclap"],"picked":"Metallicize","floor":5.0},{"not_picked":["Double Tap","Hemogenesis"],"picked":"Offering","floor":6.0},{"not_picked":["Offering","Fiend Fire"],"picked":"Demon Form","floor":8.0},{"not_picked":["Exhume","Bludgeon"],"picked":"Impervious","floor":10.0},{"not_picked":["Whirlwind","Uppercut"],"picked":"Power Through","floor":13},{"not_picked":["Replay:Undeath\u0027s Touch","Perfected Strike","Armaments"],"picked":"SKIP","floor":14}],"player_experience":65783,"relics_obtained":[{"floor":6.0,"key":"TungstenRod"},{"floor":9.0,"key":"King of Hearts"},{"floor":10.0,"key":"LagranYue:WskJewelryRelic"}],"event_choices":[{"cards_removed":["Sever Soul"],"damage_healed":0.0,"max_hp_gain":0.0,"max_hp_loss":0.0,"gold_gain":0.0,"event_name":"Wheel of Change","player_choice":"Card Removal","floor":3.0,"gold_loss":0.0,"damage_taken":0.0},{"damage_healed":0.0,"max_hp_gain":0.0,"max_hp_loss":0.0,"gold_gain":400.0,"event_name":"恩洛斯的盘子","player_choice":"Sell","floor":12.0,"relics_lost":["testmod-TestBox"],"gold_loss":0.0,"damage_taken":0.0}],"is_beta":false,"boss_relics":[],"items_purged_floors":[],"is_endless":true,"potions_floor_spawned":[1,6,10],"killed_by":"Fading Forest","ascension_level":1}}