{"host":"d52brwsy6af8zvaq","time":1612492936,"event":{"mods":["AchievementEnabler","BaseMod","Bestiary","Highlight Path","Minty Spire (QoL Compilation)","Quick Restart","Relic Stats","ojb\u0027s Better Paths Mod"],"gold_per_floor":[119,119,135,17,96,96,109,135,183,183,148,168,198,211,211,289,289,301,301,301,301],"floor_reached":20,"language":"ENG","playtime":835,"items_purged":[],"score":364,"play_id":"3a7f704a-93fb-45c9-8008-be1507a8d27d","local_time":"20210204194216","is_ascension_mode":true,"campfire_choices":[{"data":"Zap","floor":6.0,"key":"SMITH"},{"data":"Defragment","floor":10.0,"key":"SMITH"},{"data":"Chill","floor":15.0,"key":"SMITH"}],"circlet_count":0,"master_deck":["AscendersBane","Strike_B","Strike_B","Defend_B","Defend_B","Defend_B","Defend_B","Zap+1","Dualcast","Meteor Strike","Sweeping Beam","Zap","Undo","Beam Cell","Defragment+1","Leap","Conserve Battery","Biased Cognition","Chill+1","Ball Lightning","Multi-Cast","Self Repair"],"relics":["Cracked Core","Smiling Mask","Boot","Pen Nib","Black Star"],"acts_visited":["Exordium","TheCity"],"potions_floor_usage":[20],"damage_taken":[{"damage":2.0,"enemies":"Cultist","floor":1.0,"turns":4.0},{"damage":0.0,"enemies":"2 Louse","floor":3.0,"turns":3.0},{"damage":1.0,"enemies":"Small Slimes","floor":7.0,"turns":3.0},{"damage":29.0,"enemies":"Lagavulin","floor":8.0,"turns":8.0},{"damage":2.0,"enemies":"2 Fungi Beasts","floor":12.0,"turns":4.0},{"damage":19.0,"enemies":"3 Sentries","floor":13.0,"turns":6.0},{"damage":0.0,"enemies":"Red Slaver","floor":14.0,"turns":3.0},{"damage":21.0,"enemies":"Hexaghost","floor":16.0,"turns":10.0},{"damage":35,"enemies":"2 Thieves","floor":18,"turns":5},{"damage":3,"enemies":"Spheric Guardian","floor":20,"turns":3}],"seed_played":"5310329289564543018","potions_obtained":[{"floor":3.0,"key":"PotionOfCapacity"},{"floor":12.0,"key":"DuplicationPotion"},{"floor":13.0,"key":"Block Potion"},{"floor":18,"key":"FocusPotion"}],"is_trial":false,"path_per_floor":["M","?","M","$","?","R","M","E","T","R","?","M","E","M","R","B",null,"M","?","M"],"character_chosen":"DEFECT","items_purchased":["Defragment","Leap"],"campfire_rested":0,"item_purchase_floors":[4,4],"current_hp_per_floor":[62,62,62,62,62,62,61,32,32,32,49,47,28,28,28,7,55,20,20,17,17],"gold":301,"neow_bonus":"TRANSFORM_CARD","is_daily":false,"chose_seed":false,"campfire_upgraded":3,"win_rate":0.0,"timestamp":1612492936,"path_taken":["M","?","M","?","?","R","M","E","T","R","?","M","E","M","R","BOSS","M","?","M"],"items_purchased_type":["Card","Card"],"build_version":"2020-12-22","purchased_purges":0,"victory":false,"max_hp_per_floor":[71,71,71,71,71,71,71,71,71,71,71,71,71,71,71,71,71,71,71,71,71],"relic_stats":{"counters":[10,49],"Pen Nib":[2],"Black Star":0,"Smiling Mask":0,"Boot":[12],"obtain_stats":[{"Pen Nib":13,"Black Star":17,"Cracked Core":0,"Smiling Mask":8,"Boot":9},{"Pen Nib":6,"Black Star":8,"Cracked Core":0,"Smiling Mask":4,"Boot":4},{"Pen Nib":28,"Black Star":41,"Cracked Core":0,"Smiling Mask":18,"Boot":18}]},"card_choices":[{"not_picked":["Steam","Rebound"],"picked":"Sweeping Beam","floor":1.0},{"not_picked":["Streamline","Turbo"],"picked":"Beam Cell","floor":3.0},{"not_picked":["FTL","Rebound"],"picked":"Conserve Battery","floor":7.0},{"not_picked":["Self Repair","Undo"],"picked":"Biased Cognition","floor":8.0},{"not_picked":["Streamline","Heatsinks","Melter"],"picked":"SKIP","floor":12.0},{"not_picked":["Rip and Tear","Rainbow"],"picked":"Chill","floor":13.0},{"not_picked":["Hologram","Redo"],"picked":"Ball Lightning","floor":14.0},{"not_picked":["Hyperbeam","Fission"],"picked":"Multi-Cast","floor":16.0},{"not_picked":["Doom and Gloom","Ball Lightning"],"picked":"Self Repair","floor":18}],"player_experience":2141860,"relics_obtained":[{"floor":8.0,"key":"Smiling Mask"},{"floor":9.0,"key":"Boot"},{"floor":13.0,"key":"Pen Nib"}],"event_choices":[{"damage_healed":0.0,"max_hp_gain":0.0,"max_hp_loss":0.0,"gold_gain":0.0,"event_name":"Match and Keep!","player_choice":"2 cards matched","floor":2.0,"gold_loss":0.0,"damage_taken":0.0,"cards_obtained":["Zap","Undo"]},{"damage_healed":0.0,"max_hp_gain":0.0,"max_hp_loss":0.0,"gold_gain":79.0,"event_name":"Golden Wing","player_choice":"Gained Gold","floor":5.0,"gold_loss":0.0,"damage_taken":0.0},{"damage_healed":17.0,"max_hp_gain":0.0,"max_hp_loss":0.0,"gold_gain":0.0,"event_name":"The Cleric","player_choice":"Healed","floor":11.0,"gold_loss":35.0,"damage_taken":0.0},{"cards_removed":["Strike_B"],"damage_healed":0,"gold_gain":0,"player_choice":"Purged","damage_taken":0,"max_hp_gain":0,"max_hp_loss":0,"event_name":"Purifier","floor":19,"gold_loss":0}],"is_beta":false,"boss_relics":[{"not_picked":["Calling Bell","SacredBark"],"picked":"Black Star"}],"items_purged_floors":[],"is_endless":false,"potions_floor_spawned":[3,12,13,14,18],"killed_by":"Spheric Guardian","ascension_level":20}}