{"host":"qxeepl7ydvsgmfdb","time":1612530266,"event":{"mods":["AchievementEnabler","BaseMod","Colored Powertips","Minty Spire (QoL Compilation)","Quick Restart","slay the spire mod where everything is the same but ironclad has a cowboy hat"],"gold_per_floor":[115,22,42,58,12,12,38,38,64,76,103,103,136,156,156,252,252,271,286,246,261,186,186,205,205,205,59,78,95,95,110,110,110,110],"floor_reached":33,"language":"ENG","playtime":1772,"items_purged":["Strike_B"],"score":353,"play_id":"ca06b0b4-a11c-4b5a-ad99-15ee3958b0f4","local_time":"20210205080426","is_ascension_mode":true,"campfire_choices":[{"data":"Zap","floor":6.0,"key":"SMITH"},{"data":"Redo","floor":8.0,"key":"SMITH"},{"floor":12.0,"key":"REST"},{"data":"Ball Lightning","floor":15.0,"key":"SMITH"},{"data":"1","floor":23.0,"key":"LIFT"},{"floor":25.0,"key":"REST"},{"floor":30,"key":"REST"},{"floor":32,"key":"REST"}],"circlet_count":0,"master_deck":["Strike_B","Strike_B","Strike_B","Defend_B","Defend_B","Defend_B","Defend_B","Zap+1","Dualcast","Ball Lightning+1","Ball Lightning","Conserve Battery","Redo+1","Melter","Ball Lightning","Sweeping Beam","Leap","CurseOfTheBell","Redo","BootSequence+1","Coolheaded","Redo+1","Leap","Doom and Gloom+1"],"relics":["Cracked Core","NeowsBlessing","PreservedInsect","Unceasing Top","Pen Nib","Bottled Flame","Orichalcum","Calling Bell","Blood Vial","Darkstone Periapt","Girya","Gremlin Horn","Oddly Smooth Stone"],"acts_visited":["Exordium","TheCity"],"potions_floor_usage":[29,33],"damage_taken":[{"damage":0.0,"enemies":"2 Louse","floor":1.0,"turns":1.0},{"damage":0.0,"enemies":"Cultist","floor":3.0,"turns":1.0},{"damage":0.0,"enemies":"Jaw Worm","floor":4.0,"turns":1.0},{"damage":18.0,"enemies":"Gremlin Nob","floor":7.0,"turns":3.0},{"damage":6.0,"enemies":"Red Slaver","floor":10.0,"turns":3.0},{"damage":23.0,"enemies":"Lagavulin","floor":11.0,"turns":4.0},{"damage":0.0,"enemies":"Gremlin Nob","floor":13.0,"turns":2.0},{"damage":5.0,"enemies":"Looter","floor":14.0,"turns":2.0},{"damage":28.0,"enemies":"Hexaghost","floor":16.0,"turns":6.0},{"damage":12.0,"enemies":"Chosen","floor":18.0,"turns":4.0},{"damage":11.0,"enemies":"Shell Parasite","floor":19.0,"turns":4.0},{"damage":33.0,"enemies":"3 Cultists","floor":21.0,"turns":5.0},{"damage":15.0,"enemies":"Snake Plant","floor":24.0,"turns":3.0},{"damage":24.0,"enemies":"Shelled Parasite and Fungi","floor":28.0,"turns":4.0},{"damage":0,"enemies":"Cultist and Chosen","floor":29,"turns":4},{"damage":17,"enemies":"Centurion and Healer","floor":31,"turns":3},{"damage":60,"enemies":"Collector","floor":33,"turns":5}],"seed_played":"4107475137166292443","potions_obtained":[{"floor":3.0,"key":"AttackPotion"},{"floor":10.0,"key":"CultistPotion"},{"floor":13.0,"key":"EssenceOfSteel"},{"floor":14.0,"key":"LiquidBronze"},{"floor":18.0,"key":"LiquidBronze"},{"floor":20.0,"key":"PowerPotion"},{"floor":20.0,"key":"FocusPotion"},{"floor":28.0,"key":"DuplicationPotion"},{"floor":29,"key":"Dexterity Potion"}],"is_trial":false,"path_per_floor":["M","?","M","M","$","R","E","R","T","M","E","R","E","M","R","B",null,"M","M","?","M","$","R","M","R","T","$","M","M","R","M","R","B"],"character_chosen":"DEFECT","items_purchased":["Redo","Oddly Smooth Stone"],"campfire_rested":4,"item_purchase_floors":[5,27],"current_hp_per_floor":[75,75,75,75,75,75,57,57,57,51,28,50,50,45,45,17,75,63,54,54,23,23,23,10,32,32,32,10,12,34,19,41,0,0],"gold":110,"neow_bonus":"THREE_ENEMY_KILL","is_daily":false,"chose_seed":false,"campfire_upgraded":3,"win_rate":0.0,"timestamp":1612530266,"path_taken":["M","?","?","M","?","R","E","R","T","M","E","R","E","M","R","BOSS","M","M","?","M","$","R","M","R","T","$","M","?","R","M","R","BOSS"],"items_purchased_type":["Card","Relic"],"build_version":"2020-12-22","purchased_purges":1,"victory":false,"max_hp_per_floor":[75,75,75,75,75,75,75,75,75,75,75,75,75,75,75,75,75,75,75,75,75,75,75,75,75,75,75,75,75,75,75,75,75,75],"card_choices":[{"not_picked":["Coolheaded","Leap"],"picked":"Ball Lightning","floor":1.0},{"not_picked":["Sweeping Beam","Barrage"],"picked":"Ball Lightning","floor":3.0},{"not_picked":["Double Energy","Go for the Eyes"],"picked":"Conserve Battery","floor":4.0},{"not_picked":["Stack","Static Discharge"],"picked":"Melter","floor":7.0},{"not_picked":["Streamline","Beam Cell"],"picked":"Ball Lightning","floor":10.0},{"not_picked":["Reinforced Body","Buffer","Lockon"],"picked":"SKIP","floor":11.0},{"not_picked":["Double Energy","Reboot"],"picked":"Sweeping Beam","floor":13.0},{"not_picked":["Fusion","Barrage"],"picked":"Leap","floor":14.0},{"not_picked":["Loop","Rebound"],"picked":"Redo","floor":18.0},{"not_picked":["Fusion","Sweeping Beam+1"],"picked":"BootSequence+1","floor":19.0},{"not_picked":["Recycle","Melter+1"],"picked":"Coolheaded","floor":21.0},{"not_picked":["Skim","Cold Snap"],"picked":"Redo+1","floor":24.0},{"not_picked":["Loop","Compile Driver+1"],"picked":"Leap","floor":28.0},{"not_picked":["FTL","Redo"],"picked":"Doom and Gloom+1","floor":29},{"not_picked":["Go for the Eyes","Leap","Coolheaded"],"picked":"SKIP","floor":31}],"player_experience":173451,"relics_obtained":[{"floor":7.0,"key":"Unceasing Top"},{"floor":9.0,"key":"Pen Nib"},{"floor":11.0,"key":"Bottled Flame"},{"floor":13.0,"key":"Orichalcum"},{"floor":17.0,"key":"Blood Vial"},{"floor":17.0,"key":"Darkstone Periapt"},{"floor":17.0,"key":"Girya"},{"floor":26.0,"key":"Gremlin Horn"}],"event_choices":[{"damage_healed":0.0,"max_hp_gain":0.0,"max_hp_loss":0.0,"gold_gain":0.0,"event_name":"WeMeetAgain","player_choice":"Paid Gold","floor":2.0,"gold_loss":93.0,"damage_taken":0.0,"relics_obtained":["PreservedInsect"]},{"damage_healed":0.0,"max_hp_gain":0.0,"max_hp_loss":0.0,"gold_gain":0.0,"event_name":"The Woman in Blue","player_choice":"Bought 3 Potions","floor":20.0,"gold_loss":0.0,"damage_taken":0.0}],"is_beta":false,"boss_relics":[{"not_picked":["Black Star","Velvet Choker"],"picked":"Calling Bell"}],"items_purged_floors":[22],"is_endless":false,"potions_floor_spawned":[3,10,13,14,18,21,28,29],"killed_by":"Collector","ascension_level":4}}