{"host":"r3eb5kff0hcmimdq","time":1612522674,"event":{"mods":["ATMod(°¢èªMod)","AchievementEnabler","Act Like it!","Aspiration","BaseMod","Challenge The Spire","Colored Powertips","Conspire","Dota2Spire","Elementarium","Highlight Path","Luminous","Minty Spire (QoL Compilation)","MostiFishMod","Quick Restart","Rare Cards Sparkle","Reimu£¨²©ÀöÁéÃÎ£©","Relic Filter","Relic Filter Mod","Replay The Spire","RumiaBox-Â¶Ã×æ«µÄÉñÃØºÐ×Ó","Shop Mod","Spicy Shops","StSLib","TestMod","The Jungle","The Senshi","¡¾ÒÅÎï¿¨ÅÆ¡¿REMEMod","óô»ðÖ¸ÄÏ"],"gold_per_floor":[118,131,131,531,542,571,585,4,29,47,47,47,96,96,96,111,111,207,207,221,122,211,222,284,284,303,303,303,317,418,449,461,490,24,124,124,135,154,173,173,184,213,213,213,238,238,238,254,263,288,56,56],"floor_reached":53,"language":"ZHS","playtime":1420,"items_purged":["Defend_R","Injury","Shame","Defend_R","Strike_R","Pommel Strike","Defend_R"],"score":1384,"play_id":"cc7688bb-fd1a-4d3c-9e24-143180533141","local_time":"20210205185754","is_ascension_mode":false,"campfire_choices":[{"data":"Bash","floor":12.0,"key":"SMITH"},{"data":"Defend_R","floor":17.0,"key":"PURGE"},{"data":"Flex","floor":25,"key":"SMITH"},{"data":"Heavy Blade","floor":27,"key":"SMITH"},{"data":"Armaments","floor":43,"key":"SMITH"},{"data":"Iron Wave","floor":47,"key":"SMITH"}],"circlet_count":0,"master_deck":["Strike_R+1","Strike_R+1","Strike_R+1","Strike_R+1","Bash+1","Heavy Blade+1","Iron Wave+1","Flex+1","Armaments+1"],"relics":["Burning Blood","REME_ComplimentaryCards","AT_ATBox","testmod-TestBox","BirthdayGift-Tetrahedron","NeowsBlessing","SynthV:TestCard","SynthV:C4","MerchantsRug","AT_SunfireAegis","aspiration:FrozenJewel","PreservedInsect","aspiration:PoetsPen_weak","aspiration:SeaSaltIceCream","DiscerningMonocle","Bag of Preparation","BirthdayGift-Icosahedron","Brimstone","Strawberry","AT_EbonyIvory","AT_Manta","TheAbacus","testmod-Charity","Pen Nib","Bird Faced Urn","testmod-D¨¦j¨¤vu","ClockworkSouvenir","King of Hearts","Toy Ornithopter","Ying","Ancient Tea Set","Dota2Spire:OctarineCore","conspire:Flyswatter","ReplayTheSpireMod:ShopPack","Pantograph","testmod-MagicalMallet","Bag of Marbles","aspiration:Lifesprig","AT_Kusabimaru","Replay:Bottled Eggs","Dota2Spire:DivineRapier","testmod-Antiphasic","AT_RedNoBalance","testmod-Register","conspire:SpecialSausage","testmod-IndustrialRevolution","Lee\u0027s Waffle","REME_HourglassOfDeath","Dota2Spire:LotusOrb","MostiFishMod:AdaptiveDefenses","Snack Pack","REME_HandOfSuture","Dota2Spire:MagicBottle","BrkXgEgg","Dota2Spire:LinkenSphere","Replay:PocketPolymizer","Iron Hammer","Juzu Bracelet","HandDrill","Golden Egg","Membership Card","aspiration:Nostalgia","Iron Core"],"acts_visited":["Exordium","TheCity","TheBeyond"],"potions_floor_usage":[],"damage_taken":[{"damage":0.0,"enemies":"2 Louse","floor":1.0,"turns":1.0},{"damage":0.0,"enemies":"Small Slimes","floor":2.0,"turns":1.0},{"damage":0.0,"enemies":"Jaw Worm","floor":5.0,"turns":1.0},{"damage":4.0,"enemies":"3 Sentries","floor":6.0,"turns":3.0},{"damage":2.0,"enemies":"Lots of Slimes","floor":7.0,"turns":2.0},{"damage":1.0,"enemies":"Red Slaver","floor":10.0,"turns":1.0},{"damage":2.0,"enemies":"Blue Slaver","floor":16.0,"turns":2.0},{"damage":16.0,"enemies":"Fading Forest","floor":18.0,"turns":9.0},{"damage":0.0,"enemies":"Spheric Guardian","floor":20.0,"turns":1.0},{"damage":0.0,"enemies":"3 Byrds","floor":23.0,"turns":1.0},{"damage":0,"enemies":"Centurion and Healer","floor":26,"turns":1},{"damage":0,"enemies":"Snecko","floor":29,"turns":1},{"damage":0,"enemies":"Replay:Snechameleon","floor":31,"turns":1},{"damage":0,"enemies":"Snake Plant","floor":32,"turns":1},{"damage":0,"enemies":"Book of Stabbing","floor":33,"turns":1},{"damage":0,"enemies":"Collector","floor":35,"turns":1},{"damage":0,"enemies":"Orb Walker","floor":37,"turns":1},{"damage":0,"enemies":"3 Darklings","floor":38,"turns":1},{"damage":0,"enemies":"Sphere and 2 Shapes","floor":39,"turns":1},{"damage":0,"enemies":"Maw","floor":41,"turns":1},{"damage":0,"enemies":"R_Hoarder","floor":42,"turns":1},{"damage":0,"enemies":"3 Darklings","floor":48,"turns":1},{"damage":0,"enemies":"Sphere and 2 Shapes","floor":49,"turns":1},{"damage":0,"enemies":"Reptomancer","floor":50,"turns":1},{"damage":0,"enemies":"Donu and Deca","floor":52,"turns":1}],"seed_played":"-5008805444175210365","potions_obtained":[{"floor":1.0,"key":"SkillPotion"},{"floor":2.0,"key":"BloodPotion"},{"floor":10.0,"key":"Energy Potion"},{"floor":11.0,"key":"ZuzhouPotion:ReiMu"},{"floor":11.0,"key":"Adrenaline Potion"},{"floor":16.0,"key":"MagicPotion:ReiMu"},{"floor":33,"key":"testmod-SpacePotion"}],"is_trial":false,"path_per_floor":["M","M","?","?","M","E","M","R","T","M","?","R","$","PTL","PTL","M","R","B",null,"M","$","$","M","$","R","M","R","T","M","$","E","M","E","R","B",null,"M","M","M","?","M","E","R","$","T","$","R","M","M","E","R","B",null],"character_chosen":"IRONCLAD","items_purchased":["MerchantsRug","AT_SunfireAegis","aspiration:FrozenJewel","aspiration:SeaSaltIceCream","Bag of Preparation","BirthdayGift-Icosahedron","Brimstone","Strawberry","AT_EbonyIvory","Dota2Spire:HealingSalve","EssenceOfSteel","Dota2Spire:Clarity","AT_Manta","TheAbacus","testmod-Charity","Pen Nib","Bird Faced Urn","testmod-D¨¦j¨¤vu","Iron Wave","Elixir","Swift Potion","ElixirPotion","ElixirPotion","ClockworkSouvenir","King of Hearts","Toy Ornithopter","Ying","Ancient Tea Set","Dota2Spire:OctarineCore","Energy Potion","Dota2Spire:HealingSalve","EssenceOfSteel","Energy Potion","Flex","ReplayTheSpireMod:ShopPack","Pantograph","testmod-MagicalMallet","Bag of Marbles","aspiration:Lifesprig","AT_Kusabimaru","Toxic Potion","conspire:TimeTravelPotion","Strength Potion","FearPotion","Armaments","testmod-Antiphasic","AT_SilverBalance","testmod-Register","Lee\u0027s Waffle","REME_HourglassOfDeath","Dota2Spire:LotusOrb","MostiFishMod:AdaptiveDefenses","Snack Pack","REME_HandOfSuture","BrkXgEgg","Dota2Spire:LinkenSphere","Replay:PocketPolymizer","Iron Hammer","Juzu Bracelet","HandDrill","Membership Card","aspiration:Nostalgia"],"campfire_rested":0,"item_purchase_floors":[8,8,8,21,21,21,21,21,21,21,21,21,22,22,22,22,22,22,22,22,22,22,22,24,24,24,24,24,24,24,24,24,24,24,30,30,30,30,30,30,30,30,30,30,30,34,34,34,44,44,44,44,44,44,46,46,46,46,46,46,51,51],"current_hp_per_floor":[80,80,80,80,80,80,80,80,80,80,80,80,80,80,80,80,80,77,80,80,87,92,93,96,96,97,97,97,98,103,104,105,106,106,86,107,108,109,110,110,111,112,112,119,120,120,120,121,122,123,123,123],"gold":56,"neow_bonus":"THREE_ENEMY_KILL","is_daily":false,"chose_seed":false,"campfire_upgraded":5,"win_rate":0.0,"timestamp":1612522674,"path_taken":["M","M","?","?","M","E","M","R","T","M","?","R","$","PTL","PTL","M","R","BOSS","M","?","$","M","$","R","?","R","T","M","$","E","M","E","R","BOSS","M","M","M","?","?","E","R","$","T","$","R","M","M","E","R","BOSS"],"items_purchased_type":["Relic","Relic","Relic","Relic","Relic","Relic","Relic","Relic","Relic","Potion","Potion","Potion","Relic","Relic","Relic","Relic","Relic","Relic","Card","Potion","Potion","Potion","Potion","Relic","Relic","Relic","Relic","Relic","Relic","Potion","Potion","Potion","Potion","Card","Relic","Relic","Relic","Relic","Relic","Relic","Potion","Potion","Potion","Potion","Card","Relic","Relic","Relic","Relic","Relic","Relic","Relic","Relic","Relic","Relic","Relic","Relic","Relic","Relic","Relic","Relic","Relic"],"build_version":"2020-12-22","purchased_purges":7,"victory":true,"max_hp_per_floor":[80,80,80,80,80,80,80,80,80,80,80,80,80,80,80,80,80,80,80,80,87,92,93,96,96,97,97,97,98,103,104,105,106,106,107,107,108,109,110,110,111,112,112,119,120,120,120,121,122,123,123,123],"card_choices":[{"not_picked":["Anger","Cleave","Iron Wave"],"picked":"SKIP","floor":1.0},{"not_picked":["ReplayTheSpireMod:Limb From Limb","Warcry","Evolve","Flex","Clash"],"picked":"SKIP","floor":2.0},{"not_picked":["Sever Soul","Uppercut","Body Slam","MostiFishMod:FlyOverUtopia"],"picked":"Whirlwind","floor":5.0},{"not_picked":["Second Wind","Shrug It Off","REME_Scribble","Sword Boomerang","ReplayTheSpireMod:Strike From Hell"],"picked":"SKIP","floor":6.0},{"not_picked":["REME_FearOfPain","Iron Wave","Hemokinesis","Havoc","Combust"],"picked":"SKIP","floor":7.0},{"not_picked":["True Grit","Uppercut","Metallicize","Dark Embrace","Cleave"],"picked":"SKIP","floor":10.0},{"not_picked":["Uppercut","Cleave","True Grit","Thunderclap","Twin Strike"],"picked":"SKIP","floor":16.0},{"not_picked":["MostiFishMod:ChineseTea","Exhume","Reaper","Replay:Many Hands"],"picked":"MostiFishMod:DoubleSword","floor":18.0},{"not_picked":["AT_DrawKnifeCut","Searing Blow","Havoc","Uppercut"],"picked":"Heavy Blade","floor":20.0},{"not_picked":["Shrug It Off","Uppercut","Spot Weakness","REME_Cut+1","Iron Wave+1"],"picked":"SKIP","floor":23.0},{"not_picked":["Cleave+1","Pommel Strike","Clothesline","Life Link","AT_CaressingTears+1"],"picked":"SKIP","floor":26},{"not_picked":["Defy Death","ReplayTheSpireMod:Muscle Training","conspire:ExplosiveBarrier","Perfected Strike","Havoc+1"],"picked":"SKIP","floor":29},{"not_picked":["ReplayTheSpireMod:Limb From Limb","Rupture","Iron Wave","Infernal Blade+1","ReplayReversal"],"picked":"SKIP","floor":31},{"not_picked":["Iron Wave+1","Warcry","Rampage","Flex","Perfected Strike"],"picked":"SKIP","floor":32},{"not_picked":["Reaper","Headbutt+1","AT_IchimonjiDouble+1","True Grit","Heavy Blade"],"picked":"SKIP","floor":33},{"not_picked":["conspire:Charge","Armaments","Searing Blow+1","Whirlwind","REME_Cut+1"],"picked":"SKIP","floor":37},{"not_picked":["Replay:Undeath\u0027s Touch","Dark Embrace+1","Body Slam+1","Sentinel+1","Sword Boomerang"],"picked":"SKIP","floor":38},{"not_picked":["Shockwave+1","Blood for Blood+1","conspire:Charge","Perfected Strike","conspire:ExplosiveBarrier+1"],"picked":"SKIP","floor":39},{"not_picked":["Wild Strike","AT_IchimonjiDouble+1","AT_CaressingTears+1","Pommel Strike","ReplayTheSpireMod:Corrosion Curse+1"],"picked":"SKIP","floor":41},{"not_picked":["Shrug It Off","Blood for Blood","Fiend Fire","ReplayTheSpireMod:LeadingStrike","AT_ManFootWork"],"picked":"SKIP","floor":42},{"not_picked":["Hemokinesis+1","Inflame","Armaments+1","Replay:Undeath\u0027s Touch","Blood for Blood+1"],"picked":"SKIP","floor":48},{"not_picked":["Infernal Blade+1","REME_Cut+1","Replay:Undeath\u0027s Touch","Sever Soul+1","Pommel Strike"],"picked":"SKIP","floor":49},{"not_picked":["ReplayTheSpireMod:Corrosion Curse+1","Blood for Blood","True Grit","Perfected Strike+1","Barricade+1"],"picked":"SKIP","floor":50}],"player_experience":190412,"relics_obtained":[{"floor":1.0,"key":"SynthV:TestCard"},{"floor":6.0,"key":"SynthV:C4"},{"floor":9.0,"key":"PreservedInsect"},{"floor":28,"key":"conspire:Flyswatter"},{"floor":31,"key":"Replay:Bottled Eggs"},{"floor":33,"key":"Dota2Spire:DivineRapier"},{"floor":42,"key":"testmod-IndustrialRevolution"},{"floor":45,"key":"Dota2Spire:MagicBottle"},{"floor":50,"key":"Golden Egg"}],"event_choices":[{"damage_healed":0.0,"max_hp_gain":0.0,"max_hp_loss":0.0,"gold_gain":400.0,"event_name":"¶÷ÂåË¹µÄÅÌ×Ó","player_choice":"Sell","floor":4.0,"relics_lost":["DaveBox"],"gold_loss":0.0,"damage_taken":0.0},{"damage_healed":0.0,"max_hp_gain":0.0,"max_hp_loss":0.0,"gold_gain":0.0,"event_name":"Lab","player_choice":"Got Potions","floor":11.0,"gold_loss":0.0,"damage_taken":0.0},{"damage_healed":0,"gold_gain":0,"player_choice":"1 cards matched","damage_taken":0,"max_hp_gain":0,"max_hp_loss":0,"event_name":"Match and Keep!","floor":40,"gold_loss":0,"cards_obtained":["Pommel Strike"]}],"is_beta":false,"boss_relics":[{"not_picked":["testmod-Fanaticism","FixedStarFall"],"picked":"aspiration:PoetsPen_weak"},{"not_picked":["RhineFirstAidKit","SacredBark"],"picked":"conspire:SpecialSausage"}],"items_purged_floors":[8,21,22,24,30,44,46],"is_endless":false,"potions_floor_spawned":[1,2,10,16,29,33,35,37,41,42,48],"ascension_level":0}}