{"host":"uv231blk40vjdojr","time":1612550574,"event":{"mods":["BaseMod","Minty Spire (QoL Compilation)","Relic Stats","ojb\u0027s Info Mod"],"gold_per_floor":[118,135,135,151,101,50,82,1,1,32,32,51,71,106,106,208,208,221,221,221,232,249,274,39,52,98,98,118,153,153,179,191,299,311,336,59,73,83,101,129,54,83,107,160,160,169,189,217,217,217,217,217,117,155,155,155],"floor_reached":55,"language":"ENG","playtime":3303,"items_purged":["Strike_P","Doubt"],"score":952,"play_id":"3aafc42d-5c29-48b7-8d48-d7e32c1a8732","local_time":"20210205194254","is_ascension_mode":true,"campfire_choices":[{"data":"Eruption","floor":11.0,"key":"SMITH"},{"data":"Devotion","floor":15.0,"key":"SMITH"},{"data":"Study","floor":27.0,"key":"SMITH"},{"floor":30.0,"key":"REST"},{"data":"MasterReality","floor":32.0,"key":"SMITH"},{"floor":45.0,"key":"RECALL"},{"data":"DevaForm","floor":49.0,"key":"SMITH"},{"data":"TalkToTheHand","floor":52.0,"key":"SMITH"}],"circlet_count":0,"master_deck":["Strike_P","Strike_P","Defend_P+1","Defend_P","Defend_P","Eruption+1","Vigilance","Consecrate","Meditate+1","Tantrum","SashWhip","Devotion+1","Study+1","Protect","Prostrate","Vault+1","Swivel","FearNoEvil+1","TalkToTheHand+1","DevaForm+1","MasterReality+1","MentalFortress+1","Brilliance","Fasting2+1","Pray","FlurryOfBlows+1","DeceiveReality+1"],"relics":["Empty Cage","Dead Branch","War Paint","Mercury Hourglass","FossilizedHelix","StrikeDummy","VioletLotus","Toy Ornithopter","ClockworkSouvenir","Damaru","Kunai","MawBank","Sozu","Centennial Puzzle","Orichalcum","Incense Burner","CeramicFish","Thread and Needle","Eternal Feather"],"acts_visited":["Exordium","TheCity","TheBeyond","TheEnding"],"potions_floor_usage":[55],"damage_taken":[{"damage":10.0,"enemies":"2 Louse","floor":1.0,"turns":3.0},{"damage":1.0,"enemies":"Jaw Worm","floor":2.0,"turns":4.0},{"damage":1.0,"enemies":"Small Slimes","floor":4.0,"turns":3.0},{"damage":0.0,"enemies":"Gremlin Nob","floor":7.0,"turns":3.0},{"damage":6.0,"enemies":"3 Sentries","floor":10.0,"turns":4.0},{"damage":0.0,"enemies":"Looter","floor":12.0,"turns":2.0},{"damage":12.0,"enemies":"Gremlin Gang","floor":13.0,"turns":3.0},{"damage":0.0,"enemies":"Lagavulin","floor":14.0,"turns":5.0},{"damage":22.0,"enemies":"Hexaghost","floor":16.0,"turns":8.0},{"damage":0.0,"enemies":"Spheric Guardian","floor":18.0,"turns":3.0},{"damage":0.0,"enemies":"Shell Parasite","floor":21.0,"turns":5.0},{"damage":19.0,"enemies":"Shelled Parasite and Fungi","floor":22.0,"turns":4.0},{"damage":0.0,"enemies":"Gremlin Leader","floor":23.0,"turns":6.0},{"damage":0.0,"enemies":"Cultist and Chosen","floor":25.0,"turns":5.0},{"damage":7.0,"enemies":"Snake Plant","floor":28.0,"turns":4.0},{"damage":16.0,"enemies":"Slavers","floor":29.0,"turns":3.0},{"damage":0.0,"enemies":"Gremlin Leader","floor":31.0,"turns":5.0},{"damage":17.0,"enemies":"Champ","floor":33.0,"turns":8.0},{"damage":0.0,"enemies":"3 Shapes","floor":35.0,"turns":7.0},{"damage":2.0,"enemies":"Orb Walker","floor":37.0,"turns":3.0},{"damage":18.0,"enemies":"3 Darklings","floor":38.0,"turns":4.0},{"damage":0.0,"enemies":"Writhing Mass","floor":39.0,"turns":4.0},{"damage":3.0,"enemies":"Giant Head","floor":40.0,"turns":6.0},{"damage":0.0,"enemies":"Nemesis","floor":42.0,"turns":6.0},{"damage":19.0,"enemies":"2 Orb Walkers","floor":44.0,"turns":5.0},{"damage":0.0,"enemies":"Spire Growth","floor":47.0,"turns":5.0},{"damage":0.0,"enemies":"Transient","floor":48.0,"turns":6.0},{"damage":58.0,"enemies":"Awakened One","floor":50.0,"turns":8.0},{"damage":33.0,"enemies":"Shield and Spear","floor":54.0,"turns":5.0},{"damage":60,"enemies":"The Heart","floor":55,"turns":4}],"seed_played":"-355560381719339703","potions_obtained":[{"floor":1.0,"key":"Explosive Potion"},{"floor":10.0,"key":"Dexterity Potion"},{"floor":14.0,"key":"FearPotion"},{"floor":16.0,"key":"PowerPotion"},{"floor":22.0,"key":"AttackPotion"},{"floor":23.0,"key":"LiquidBronze"},{"floor":25.0,"key":"Weak Potion"},{"floor":31.0,"key":"Dexterity Potion"},{"floor":33.0,"key":"Swift Potion"}],"is_trial":false,"path_per_floor":["M","M","?","M","?","$","E","$","T","E","R","M","M","E","R","B",null,"M","?","?","M","M","E","$","M","T","R","M","E","R","E","R","B",null,"M","$","M","M","M","E","$","E","T","?","R","?","M","M","R","B",null,"R","$","E","B"],"character_chosen":"WATCHER","items_purchased":["Block Potion","Devotion","ClockworkSouvenir","TalkToTheHand","Centennial Puzzle","Orichalcum"],"campfire_rested":1,"item_purchase_floors":[6,8,24,24,36,36],"current_hp_per_floor":[62,61,61,60,60,60,60,60,60,54,54,54,42,42,42,20,72,72,72,72,72,53,53,53,53,53,53,51,35,56,56,56,44,72,72,72,70,54,54,51,51,56,56,37,37,72,72,72,72,14,72,72,72,39,0,0],"gold":155,"neow_bonus":"BOSS_RELIC","is_daily":false,"chose_seed":false,"campfire_upgraded":6,"win_rate":0.0,"timestamp":1612550574,"path_taken":["M","M","?","M","?","$","E","$","T","E","R","M","M","E","R","BOSS","M","?","?","M","M","E","$","M","T","R","M","E","R","E","R","BOSS","M","$","M","?","M","E","$","E","T","?","R","?","M","M","R","BOSS","R","$","E","BOSS"],"items_purchased_type":["Potion","Card","Relic","Card","Relic","Relic"],"build_version":"2020-12-22","purchased_purges":2,"victory":false,"max_hp_per_floor":[72,72,72,72,72,72,72,72,72,72,72,72,72,72,72,72,72,72,72,72,72,72,72,72,72,72,72,72,72,72,72,72,72,72,72,72,72,72,72,72,72,72,72,72,72,72,72,72,72,72,72,72,72,72,72,72],"relic_stats":{"counters":[30,140],"Dead Branch":[105],"CeramicFish":27,"Eternal Feather":0,"War Paint":["Meditate","Defend_P"],"Orichalcum":[90],"MawBank":60,"Mercury Hourglass":[485],"Sozu":6,"Centennial Puzzle":[21],"VioletLotus":[28],"Kunai":[36],"obtain_stats":[{"Dead Branch":3,"CeramicFish":42,"Damaru":26,"Thread and Needle":44,"Eternal Feather":54,"Incense Burner":40,"War Paint":7,"Orichalcum":36,"Empty Cage":0,"MawBank":31,"Mercury Hourglass":9,"ClockworkSouvenir":24,"Sozu":34,"Centennial Puzzle":36,"VioletLotus":17,"Kunai":29,"PureWater":0,"StrikeDummy":14,"FossilizedHelix":10,"Toy Ornithopter":23},{"Dead Branch":2,"CeramicFish":24,"Damaru":14,"Thread and Needle":25,"Eternal Feather":29,"Incense Burner":23,"War Paint":4,"Orichalcum":19,"Empty Cage":0,"MawBank":17,"Mercury Hourglass":4,"ClockworkSouvenir":13,"Sozu":18,"Centennial Puzzle":19,"VioletLotus":9,"Kunai":16,"PureWater":0,"StrikeDummy":8,"FossilizedHelix":5,"Toy Ornithopter":13},{"Dead Branch":7,"CeramicFish":107,"Damaru":58,"Thread and Needle":112,"Eternal Feather":136,"Incense Burner":101,"War Paint":13,"Orichalcum":84,"Empty Cage":0,"MawBank":70,"Mercury Hourglass":13,"ClockworkSouvenir":53,"Sozu":78,"Centennial Puzzle":84,"VioletLotus":35,"Kunai":65,"PureWater":0,"StrikeDummy":27,"FossilizedHelix":17,"Toy Ornithopter":53}],"Toy Ornithopter":22},"card_choices":[{"not_picked":["Meditate","EmptyBody"],"picked":"Consecrate","floor":1.0},{"not_picked":["JustLucky","Halt"],"picked":"Meditate","floor":2.0},{"not_picked":["Nirvana","TalkToTheHand"],"picked":"Tantrum","floor":4.0},{"not_picked":["Wireheading","BowlingBash"],"picked":"SashWhip","floor":7.0},{"not_picked":["DeusExMachina","WheelKick"],"picked":"Study","floor":10.0},{"not_picked":["Consecrate","SashWhip"],"picked":"Protect","floor":12.0},{"not_picked":["EmptyBody","FollowUp","Weave"],"picked":"SKIP","floor":13.0},{"not_picked":["Judgement","Meditate"],"picked":"Prostrate","floor":14.0},{"not_picked":["Establishment","ConjureBlade"],"picked":"Vault","floor":16.0},{"not_picked":["WindmillStrike+1","Pray"],"picked":"Swivel","floor":18.0},{"not_picked":["Perseverance","ThirdEye+1"],"picked":"FearNoEvil+1","floor":21.0},{"not_picked":["WheelKick","JustLucky","Perseverance"],"picked":"SKIP","floor":22.0},{"not_picked":["PathToVictory","Study","FlurryOfBlows"],"picked":"SKIP","floor":23.0},{"not_picked":["LikeWater","ClearTheMind+1"],"picked":"DevaForm","floor":25.0},{"not_picked":["Swivel","CutThroughFate","EmptyBody"],"picked":"SKIP","floor":28.0},{"not_picked":["MentalFortress+1","CrushJoints+1"],"picked":"MasterReality","floor":29.0},{"not_picked":["EmptyFist+1","FollowUp"],"picked":"MentalFortress+1","floor":31.0},{"not_picked":["DeusExMachina","LessonLearned"],"picked":"Brilliance","floor":33.0},{"not_picked":["BowlingBash+1","Consecrate+1","Crescendo+1"],"picked":"SKIP","floor":35.0},{"not_picked":["WaveOfTheHand+1","BowlingBash+1","Crescendo+1"],"picked":"SKIP","floor":37.0},{"not_picked":["CarveReality","Judgement"],"picked":"Fasting2+1","floor":38.0},{"not_picked":["EmptyFist","Consecrate","Study"],"picked":"SKIP","floor":39.0},{"not_picked":["Halt","InnerPeace"],"picked":"Pray","floor":40.0},{"not_picked":["Evaluate+1","Pray","Sanctity"],"picked":"SKIP","floor":42.0},{"not_picked":["WaveOfTheHand","ClearTheMind","Perseverance"],"picked":"SKIP","floor":47.0},{"not_picked":["SashWhip+1","Prostrate+1"],"picked":"FlurryOfBlows+1","floor":48.0},{"not_picked":["Weave+1","ThirdEye"],"picked":"DeceiveReality+1","floor":54.0}],"player_experience":745892,"relics_obtained":[{"floor":7.0,"key":"War Paint"},{"floor":9.0,"key":"Mercury Hourglass"},{"floor":10.0,"key":"FossilizedHelix"},{"floor":14.0,"key":"StrikeDummy"},{"floor":23.0,"key":"Toy Ornithopter"},{"floor":26.0,"key":"Damaru"},{"floor":29.0,"key":"Kunai"},{"floor":31.0,"key":"MawBank"},{"floor":40.0,"key":"Incense Burner"},{"floor":42.0,"key":"CeramicFish"},{"floor":44.0,"key":"Thread and Needle"},{"floor":54.0,"key":"Eternal Feather"}],"event_choices":[{"damage_healed":0.0,"max_hp_gain":0.0,"max_hp_loss":0.0,"gold_gain":0.0,"event_name":"Big Fish","player_choice":"Box","floor":3.0,"gold_loss":0.0,"damage_taken":0.0,"relics_obtained":["Dead Branch"],"cards_obtained":["Regret"]},{"cards_removed":["Regret"],"damage_healed":0.0,"max_hp_gain":0.0,"max_hp_loss":0.0,"gold_gain":0.0,"event_name":"The Cleric","player_choice":"Card Removal","floor":5.0,"gold_loss":50.0,"damage_taken":0.0},{"damage_healed":0.0,"max_hp_gain":0.0,"max_hp_loss":0.0,"gold_gain":0.0,"event_name":"The Mausoleum","player_choice":"Ignored","floor":19.0,"gold_loss":0.0,"damage_taken":0.0},{"damage_healed":0.0,"max_hp_gain":0.0,"max_hp_loss":0.0,"gold_gain":0.0,"event_name":"Upgrade Shrine","player_choice":"Upgraded","floor":20.0,"gold_loss":0.0,"damage_taken":0.0,"cards_upgraded":["Vault"]},{"damage_healed":0.0,"max_hp_gain":0.0,"max_hp_loss":0.0,"gold_gain":0.0,"event_name":"Mysterious Sphere","player_choice":"Fight","floor":44.0,"gold_loss":0.0,"damage_taken":0.0},{"damage_healed":35.0,"max_hp_gain":0.0,"max_hp_loss":0.0,"gold_gain":0.0,"event_name":"MindBloom","player_choice":"Heal","floor":46.0,"gold_loss":0.0,"damage_taken":0.0,"cards_obtained":["Doubt"]}],"is_beta":false,"boss_relics":[{"not_picked":["Pandora\u0027s Box","Astrolabe"],"picked":"VioletLotus"},{"not_picked":["Velvet Choker","Calling Bell"],"picked":"Sozu"}],"items_purged_floors":[41,53],"is_endless":false,"potions_floor_spawned":[1,10,14,16,22,23,25,31,33,37,38,39,40,48,54],"killed_by":"The Heart","ascension_level":1}}