{"host":"d61fcf2p3sjwe6yo","time":1612541883,"event":{"mods":["Act Like it!","BaseMod","Colored Map","Hallownest","Minty Spire (QoL Compilation)","StSLib","SuperFastMode","The Bug Knight"],"gold_per_floor":[369,384,384,64,81,115,115,115,115,142,156,156,169,203,203,299,299,318,318,331,82,82,112,171,171,171,186,186,202,127,158,158,259,259,272,291,206,218,232,232,83,155,155,168,199,199,79,79,79,79,79,79,79,109,109],"floor_reached":56,"language":"ENG","playtime":3996,"items_purged":["Clumsy","Hallownest:curseDreamersLament"],"score":1310,"play_id":"5bb50ab2-cef7-426c-81ac-36c26c97c3c8","local_time":"20210205191803","is_ascension_mode":false,"campfire_choices":[{"data":"HollowMod:HuntersJournal","floor":12.0,"key":"SMITH"},{"data":"HollowMod:SiblingsSouls","floor":15.0,"key":"SMITH"},{"data":"HollowMod:HuntersJournal","floor":25.0,"key":"SMITH"},{"data":"HollowMod:GoodIntentions","floor":28.0,"key":"SMITH"},{"data":"HollowMod:PogoStrike","floor":32,"key":"SMITH"},{"floor":40,"key":"RECALL"}],"circlet_count":0,"master_deck":["HollowMod:NailStrikeStart","HollowMod:NailStrikeStart","HollowMod:NailStrikeStart","HollowMod:QuickDashStart","HollowMod:QuickDashStart","HollowMod:QuickDashStart","HollowMod:QuickDashStart","HollowMod:FocusHealStart","HollowMod:PogoStrike+1","HollowMod:HowlingWraiths","HollowMod:DoubleDash","HollowMod:CloakDash","HollowMod:CloakDash","HollowMod:SiblingsSouls+1","HollowMod:HuntersJournal+1","HollowMod:AwokenDreamNail","HollowMod:ElderbugsWisdom+1","HollowMod:GoodIntentions+1","HollowMod:HuntersJournal+1","HollowMod:GrimmsGift+1","HollowMod:CycloneSlash+1","HollowMod:GoodIntentions+1","HollowMod:Weaversong+1","HollowMod:HornetsHelp","HollowMod:SoulSplash+1","Hallownest:skillKingdomsEdgeMap"],"relics":["HollowMod:VesselMask","Frozen Egg 2","Meat on the Bone","Kunai","Bottled Flame","FossilizedHelix","Coffee Dripper","Hallownest:WatcherSealRelic","PreservedInsect","Mercury Hourglass","HollowMod:StagPassRelic","Lizard Tail","Fusion Hammer","Bag of Preparation","Pantograph","Darkstone Periapt","Hallownest:SoulVesselRelic","Incense Burner"],"acts_visited":["Hallownest:Greenpath","Hallownest:CityofTears","Hallownest:KingdomsEdge","TheEnding"],"potions_floor_usage":[33,54,55,55,55],"damage_taken":[{"damage":0.0,"enemies":"Hallownest:monsterHuskWarrior","floor":1.0,"turns":3.0},{"damage":10.0,"enemies":"Hallownest:monsterHuskGuard","floor":2.0,"turns":6.0},{"damage":1.0,"enemies":"Hallownest:2_Tiktiks_and_1_Crawlid","floor":5.0,"turns":2.0},{"damage":8.0,"enemies":"Hallownest:eliteVengeflyKing","floor":6.0,"turns":7.0},{"damage":28.0,"enemies":"Hallownest:eliteCrystalGuardian","floor":10.0,"turns":8.0},{"damage":0.0,"enemies":"Hallownest:monsterFoolEater","floor":11.0,"turns":4.0},{"damage":1.0,"enemies":"Hallownest:MossCreep_and_Mosskin","floor":13.0,"turns":5.0},{"damage":0.0,"enemies":"Hallownest:eliteMossKnight","floor":14.0,"turns":10.0},{"damage":44.0,"enemies":"Hallownest:BossFalseKnight","floor":16.0,"turns":12.0},{"damage":0.0,"enemies":"Hallownest:2_Mistakes","floor":18.0,"turns":4.0},{"damage":1.0,"enemies":"Hallownest:Guard_and_Sentry","floor":20.0,"turns":7.0},{"damage":0.0,"enemies":"Hallownest:eliteSoulWarrior","floor":23.0,"turns":11.0},{"damage":0.0,"enemies":"Hallownest:Glutton_and_Coward","floor":24.0,"turns":3.0},{"damage":0.0,"enemies":"Hallownest:monsterShrumalOgre","floor":27.0,"turns":3.0},{"damage":0.0,"enemies":"Hallownest:2_Flukemon","floor":29.0,"turns":5.0},{"damage":0,"enemies":"Hallownest:Nosk","floor":31,"turns":8},{"damage":16,"enemies":"Hallownest:BossGrimm","floor":33,"turns":18},{"damage":0,"enemies":"Hallownest:3_Siblings","floor":35,"turns":5},{"damage":10,"enemies":"Hallownest:Shield_Heavy","floor":36,"turns":5},{"damage":0,"enemies":"Hallownest:2_Wing_and_1_Kings","floor":38,"turns":4},{"damage":0,"enemies":"Hallownest:2_Wandering_and_1_Horned","floor":39,"turns":4},{"damage":0,"enemies":"Hallownest:2_Great","floor":44,"turns":2},{"damage":0,"enemies":"Hallownest:eliteHiveKnight","floor":45,"turns":4},{"damage":63,"enemies":"Hallownest:BossHollowKnight","floor":50,"turns":15},{"damage":0,"enemies":"Shield and Spear","floor":54,"turns":5},{"damage":117,"enemies":"The Heart","floor":55,"turns":10}],"seed_played":"-8183614834506002343","potions_obtained":[{"floor":2.0,"key":"EntropicBrew"},{"floor":10.0,"key":"Regen Potion"},{"floor":16.0,"key":"SkillPotion"},{"floor":29.0,"key":"Block Potion"},{"floor":31,"key":"Ancient Potion"},{"floor":33,"key":"SpeedPotion"},{"floor":54,"key":"Regen Potion"}],"is_trial":false,"path_per_floor":["M","M","?","$","M","E","$","?","T","E","M","R","M","E","R","B",null,"M","?","M","$","?","E","M","R","T","M","R","M","?","E","R","B",null,"M","M","?","M","M","R","$","T","T","M","E","?","?","$","R","B",null,"R","$","E","B",null],"character_chosen":"THE_BUGKNIGHT","items_purchased":["Frozen Egg 2","PreservedInsect","Bag of Preparation"],"campfire_rested":0,"item_purchase_floors":[4,21,41],"current_hp_per_floor":[75,68,68,68,67,74,74,74,74,56,62,62,71,75,75,56,75,75,75,74,74,74,75,75,75,75,75,75,75,80,80,80,64,80,80,70,70,70,76,76,76,76,76,76,76,75,75,75,75,34,75,75,75,75,49],"gold":109,"neow_bonus":"TWO_FIFTY_GOLD","is_daily":false,"chose_seed":false,"campfire_upgraded":5,"win_rate":0.0,"timestamp":1612541883,"path_taken":["M","M","?","$","M","E","?","?","T","E","M","R","M","E","R","BOSS","M","?","M","$","?","E","M","R","T","M","R","M","?","E","R","BOSS","M","M","?","M","M","R","?","?","T","M","E","?","?","$","R","BOSS","R","$","E","BOSS"],"items_purchased_type":["Relic","Relic","Relic"],"build_version":"2020-12-22","purchased_purges":2,"victory":true,"max_hp_per_floor":[75,75,75,75,75,75,75,75,75,75,75,75,75,75,75,75,75,75,75,75,75,75,75,75,75,75,75,75,75,80,80,80,80,80,80,80,80,80,80,80,80,80,80,80,80,75,75,75,75,75,75,75,75,75,75],"card_choices":[{"not_picked":["HollowMod:ShapeofUnn","HollowMod:ShadowDash"],"picked":"HollowMod:HowlingWraiths","floor":1.0},{"not_picked":["HollowMod:LifebloodCocoon","HollowMod:BlackTendrils"],"picked":"HollowMod:DoubleDash","floor":2.0},{"not_picked":["HollowMod:CornifersMapStart","HollowMod:VengefulVoid","HollowMod:SharpenedNail"],"picked":"SKIP","floor":5.0},{"not_picked":["HollowMod:theNailsmith","HollowMod:HeavyBlow"],"picked":"HollowMod:CloakDash","floor":6.0},{"not_picked":["HollowMod:ShadowDash","HollowMod:DescendingDark"],"picked":"HollowMod:SiblingsSouls","floor":10.0},{"not_picked":["HollowMod:DescendingDark","HollowMod:SharpenedNail"],"picked":"HollowMod:HuntersJournal","floor":11.0},{"not_picked":["HollowMod:GreatSlash","HollowMod:SoulEater+1"],"picked":"HollowMod:AwokenDreamNail","floor":13.0},{"not_picked":["HollowMod:AbyssShriek","HollowMod:SharpenedNail","HollowMod:DreamGate"],"picked":"SKIP","floor":14.0},{"not_picked":["HollowMod:LifebloodCore","HollowMod:Hiveblood"],"picked":"HollowMod:ElderbugsWisdom+1","floor":16.0},{"not_picked":["HollowMod:SiblingsShadow","HollowMod:HowlingWraiths"],"picked":"HollowMod:GoodIntentions","floor":18.0},{"not_picked":["HollowMod:ShapeofUnn+1","HollowMod:SiblingsSouls"],"picked":"HollowMod:HuntersJournal","floor":20.0},{"not_picked":["HollowMod:CornifersMapStart","HollowMod:AbyssShriek"],"picked":"HollowMod:GrimmsGift+1","floor":23.0},{"not_picked":["HollowMod:InfectionAssault+1","HollowMod:LifebloodCocoon+1"],"picked":"HollowMod:CycloneSlash+1","floor":24.0},{"not_picked":["HollowMod:WraithStrike","HollowMod:ChannelNail","HollowMod:FastStrike"],"picked":"SKIP","floor":27.0},{"not_picked":["HollowMod:DescendingDark+1","HollowMod:VengefulSpirit+1"],"picked":"HollowMod:GoodIntentions+1","floor":29.0},{"not_picked":["HollowMod:SoulVessel+1","HollowMod:CrystalDash"],"picked":"HollowMod:Weaversong+1","floor":31},{"not_picked":["HollowMod:LifebloodCore","HollowMod:ElderbugsWisdom+1"],"picked":"HollowMod:HornetsHelp","floor":33},{"not_picked":["HollowMod:FallenFury","HollowMod:SharpenedNail+1","HollowMod:TaintedHusks+1"],"picked":"SKIP","floor":35},{"not_picked":["HollowMod:CycloneSlash","HollowMod:SharpenedShadows+1"],"picked":"HollowMod:SoulSplash+1","floor":36},{"not_picked":["HollowMod:TaintedHusks","HollowMod:NewLittleFool+1","HollowMod:SoulStrike+1"],"picked":"SKIP","floor":38},{"not_picked":["HollowMod:SoulStrike","HollowMod:SiblingsSouls","HollowMod:LifebloodCocoon"],"picked":"SKIP","floor":39},{"not_picked":["HollowMod:ChannelNail+1","HollowMod:DoubleDash","HollowMod:MidwifesHunger"],"picked":"SKIP","floor":44},{"not_picked":["HollowMod:DesolateDive+1","HollowMod:BaldurShell+1","HollowMod:GrimmsGift"],"picked":"SKIP","floor":45},{"not_picked":["HollowMod:NewJinnsSoul","HollowMod:ChannelNail+1","HollowMod:VengefulVoid"],"picked":"SKIP","floor":54}],"player_experience":241634,"relics_obtained":[{"floor":6.0,"key":"Meat on the Bone"},{"floor":9.0,"key":"Kunai"},{"floor":10.0,"key":"Bottled Flame"},{"floor":14.0,"key":"FossilizedHelix"},{"floor":23.0,"key":"Mercury Hourglass"},{"floor":26.0,"key":"HollowMod:StagPassRelic"},{"floor":31,"key":"Lizard Tail"},{"floor":42,"key":"Pantograph"},{"floor":45,"key":"Darkstone Periapt"},{"floor":54,"key":"Incense Burner"}],"event_choices":[],"is_beta":false,"boss_relics":[{"not_picked":["Empty Cage","Runic Dome"],"picked":"Coffee Dripper"},{"not_picked":["Velvet Choker","Runic Pyramid"],"picked":"Fusion Hammer"}],"items_purged_floors":[4,21],"is_endless":false,"potions_floor_spawned":[2,10,16,27,29,31,33,35,36,44,54],"ascension_level":0}}