{"host":"r91i8wii3z9p67t1","time":1612545413,"event":{"mods":["BaseMod","Googly Eyes","Minty Spire (QoL Compilation)","Relic Stats","Reliquary","StSLib"],"gold_per_floor":[99,99,99,21,21,21,21,21,21,21,21,21,21,21,21,21,21,0,0,0,0,0,0,0,0,0,0,0,0,0,0,0,0,0,0,0,0,0,0,0,0,0,0,0,0,0,0,0,0,0,0],"floor_reached":50,"language":"ENG","playtime":3700,"items_purged":[],"score":943,"play_id":"ab3f49ea-02b1-4d63-964b-376ae76cd8af","local_time":"20210206011653","is_ascension_mode":true,"campfire_choices":[{"data":"Vigilance","floor":7.0,"key":"SMITH"},{"data":"ThirdEye","floor":15.0,"key":"SMITH"},{"floor":23.0,"key":"REST"},{"data":"Vault","floor":29.0,"key":"SMITH"},{"data":"Swivel","floor":32.0,"key":"SMITH"},{"floor":40.0,"key":"REST"},{"data":"WreathOfFlame","floor":42.0,"key":"SMITH"},{"data":"ForeignInfluence","floor":44.0,"key":"SMITH"},{"floor":49.0,"key":"REST"}],"circlet_count":0,"master_deck":["Eruption+1","Vigilance+1","CrushJoints","Swivel+1","ReachHeaven","Evaluate","ThirdEye+1","CutThroughFate","FearNoEvil","EmptyBody+1","Vault+1","CurseOfTheBell","LikeWater+1","TalkToTheHand+1","Evaluate","Swivel+1","CrushJoints+1","CarveReality+1","Tantrum+1","Tantrum+1","CutThroughFate+1","Pray+1","ForeignInfluence+1","Conclude","Ragnarok","LikeWater","FlyingSleeves","Vengeance","Weave","BowlingBash+1","Madness","Madness","WreathOfFlame+1","Evaluate+1","Vault"],"relics":["Ectoplasm","Blue Candle","Pear","Odd Mushroom","Pear","Dream Catcher","Calling Bell","Akabeko","reliquary:FeatherDuster","Dead Branch","Anchor","reliquary:HotPoker","Meat on the Bone","Lantern","Pandora\u0027s Box","CaptainsWheel","reliquary:Knoch","War Paint","Calipers","reliquary:Dhvaja"],"acts_visited":["Exordium","TheCity","TheBeyond"],"potions_floor_usage":[],"damage_taken":[{"damage":0.0,"enemies":"Small Slimes","floor":1.0,"turns":3.0},{"damage":0.0,"enemies":"2 Louse","floor":5.0,"turns":3.0},{"damage":26.0,"enemies":"Gremlin Nob","floor":6.0,"turns":3.0},{"damage":0.0,"enemies":"Cultist","floor":8.0,"turns":2.0},{"damage":0.0,"enemies":"The Mushroom Lair","floor":11.0,"turns":3.0},{"damage":7.0,"enemies":"Lagavulin","floor":12.0,"turns":4.0},{"damage":1.0,"enemies":"3 Louse","floor":13.0,"turns":2.0},{"damage":9.0,"enemies":"3 Sentries","floor":14.0,"turns":8.0},{"damage":0.0,"enemies":"Slime Boss","floor":16.0,"turns":5.0},{"damage":11.0,"enemies":"2 Thieves","floor":18.0,"turns":5.0},{"damage":0.0,"enemies":"Spheric Guardian","floor":19.0,"turns":4.0},{"damage":22.0,"enemies":"3 Cultists","floor":20.0,"turns":7.0},{"damage":0.0,"enemies":"Snecko","floor":22.0,"turns":7.0},{"damage":9.0,"enemies":"Snake Plant","floor":24.0,"turns":5.0},{"damage":11.0,"enemies":"Book of Stabbing","floor":25.0,"turns":8.0},{"damage":2.0,"enemies":"Shelled Parasite and Fungi","floor":27.0,"turns":6.0},{"damage":11.0,"enemies":"Slavers","floor":31.0,"turns":5.0},{"damage":39.0,"enemies":"Champ","floor":33.0,"turns":10.0},{"damage":0.0,"enemies":"3 Darklings","floor":35.0,"turns":2.0},{"damage":0.0,"enemies":"Orb Walker","floor":37.0,"turns":3.0},{"damage":28.0,"enemies":"Jaw Worm Horde","floor":38.0,"turns":3.0},{"damage":9.0,"enemies":"Nemesis","floor":41.0,"turns":8.0},{"damage":23.0,"enemies":"Giant Head","floor":45.0,"turns":9.0},{"damage":5.0,"enemies":"2 Orb Walkers","floor":46.0,"turns":4.0},{"damage":0.0,"enemies":"Transient","floor":47.0,"turns":6.0},{"damage":36.0,"enemies":"Reptomancer","floor":48.0,"turns":6.0},{"damage":73,"enemies":"Time Eater","floor":50,"turns":6}],"seed_played":"-3392741492324694097","potions_obtained":[{"floor":6.0,"key":"EntropicBrew"},{"floor":22.0,"key":"GamblersBrew"},{"floor":31.0,"key":"LiquidBronze"},{"floor":35.0,"key":"BottledMiracle"},{"floor":45.0,"key":"FearPotion"},{"floor":48.0,"key":"AttackPotion"}],"is_trial":false,"path_per_floor":["M","?","?","$","M","E","R","M","T","?","?","E","M","E","R","B",null,"M","M","M","?","M","R","M","E","T","M","?","R","?","E","R","B",null,"M","$","M","M","?","R","E","R","T","R","E","?","M","E","R","B"],"character_chosen":"WATCHER","items_purchased":["Swivel"],"campfire_rested":3,"item_purchase_floors":[4],"current_hp_per_floor":[65,65,65,65,65,39,39,39,49,49,49,52,51,42,42,42,80,69,69,47,29,29,58,49,38,38,36,68,68,68,57,57,30,80,80,80,80,52,40,69,60,60,60,60,49,56,56,32,61,0,0],"gold":0,"neow_bonus":"BOSS_RELIC","is_daily":false,"chose_seed":false,"campfire_upgraded":6,"win_rate":0.0,"timestamp":1612545413,"path_taken":["M","?","?","$","M","E","R","?","T","?","?","E","M","E","R","BOSS","M","M","M","?","M","R","M","E","T","M","?","R","?","E","R","BOSS","M","?","M","M","?","R","E","R","T","R","E","?","M","E","R","BOSS"],"items_purchased_type":["Card"],"build_version":"2020-12-22","purchased_purges":0,"victory":false,"max_hp_per_floor":[72,72,72,72,72,72,72,72,82,82,82,92,92,92,92,92,92,92,92,92,97,97,97,97,97,97,97,97,97,97,97,97,97,97,97,97,97,97,97,97,97,97,97,97,97,97,97,97,97,97,97],"relic_stats":{"Dream Catcher":3,"counters":[27,137],"Blue Candle":[0],"Dead Branch":[91],"Pandora\u0027s Box":["Pray","ForeignInfluence","Conclude","Ragnarok","LikeWater","FlyingSleeves","Vengeance","Weave"],"Ectoplasm":777,"War Paint":["EmptyBody","Pray"],"obtain_stats":[{"reliquary:FeatherDuster":17,"Lantern":31,"Pear":9,"Calipers":46,"Blue Candle":6,"Dead Branch":17,"Odd Mushroom":11,"War Paint":45,"Akabeko":17,"reliquary:Dhvaja":48,"Calling Bell":17,"Dream Catcher":14,"Anchor":25,"reliquary:HotPoker":26,"CaptainsWheel":41,"Pandora\u0027s Box":34,"Ectoplasm":0,"reliquary:SculptingSteel":12,"reliquary:Knoch":43,"PureWater":0,"Meat on the Bone":30},{"reliquary:FeatherDuster":9,"Lantern":17,"Pear":4,"Calipers":24,"Blue Candle":3,"Dead Branch":9,"Odd Mushroom":5,"War Paint":23,"Akabeko":9,"reliquary:Dhvaja":26,"Calling Bell":9,"Dream Catcher":8,"Anchor":15,"reliquary:HotPoker":15,"CaptainsWheel":22,"Pandora\u0027s Box":18,"Ectoplasm":0,"reliquary:SculptingSteel":6,"reliquary:Knoch":22,"PureWater":0,"Meat on the Bone":16},{"reliquary:FeatherDuster":33,"Lantern":80,"Pear":11,"Calipers":119,"Blue Candle":9,"Dead Branch":33,"Odd Mushroom":14,"War Paint":115,"Akabeko":33,"reliquary:Dhvaja":131,"Calling Bell":33,"Dream Catcher":28,"Anchor":69,"reliquary:HotPoker":69,"CaptainsWheel":106,"Pandora\u0027s Box":90,"Ectoplasm":0,"reliquary:SculptingSteel":18,"reliquary:Knoch":106,"PureWater":0,"Meat on the Bone":75}],"Meat on the Bone":48},"card_choices":[{"not_picked":["PathToVictory","Halt"],"picked":"CrushJoints","floor":1.0},{"not_picked":["CutThroughFate","BowlingBash"],"picked":"ReachHeaven","floor":5.0},{"not_picked":["CutThroughFate","Judgement"],"picked":"InnerPeace","floor":6.0},{"not_picked":["Nirvana","SandsOfTime"],"picked":"Evaluate","floor":8.0},{"not_picked":["ForeignInfluence","SignatureMove"],"picked":"ThirdEye","floor":11.0},{"not_picked":["BowlingBash","Consecrate"],"picked":"CutThroughFate","floor":12.0},{"not_picked":["Worship","WindmillStrike"],"picked":"FearNoEvil","floor":13.0},{"not_picked":["Swivel","Halt"],"picked":"EmptyBody","floor":14.0},{"not_picked":["Devotion","Scrawl"],"picked":"Vault","floor":16.0},{"not_picked":["JustLucky","BowlingBash+1"],"picked":"LikeWater+1","floor":18.0},{"not_picked":["PathToVictory+1","DeceiveReality"],"picked":"TalkToTheHand+1","floor":19.0},{"not_picked":["Halt","SashWhip"],"picked":"Evaluate","floor":20.0},{"not_picked":["Halt","Worship"],"picked":"Swivel+1","floor":22.0},{"not_picked":["FlyingSleeves","Vengeance+1"],"picked":"CrushJoints+1","floor":23.0},{"not_picked":["Halt","Consecrate"],"picked":"CarveReality+1","floor":24.0},{"not_picked":["Devotion","Fasting2+1"],"picked":"Tantrum+1","floor":25.0},{"not_picked":["JustLucky","Nirvana"],"picked":"Tantrum+1","floor":27.0},{"not_picked":["Evaluate","SignatureMove"],"picked":"CutThroughFate+1","floor":31.0},{"not_picked":["Wallop","EmptyFist","Tantrum"],"picked":"SKIP","floor":35.0},{"not_picked":["Conclude","Tantrum","Evaluate"],"picked":"SKIP","floor":37.0},{"not_picked":["WindmillStrike+1","PathToVictory"],"picked":"BowlingBash+1","floor":38.0},{"not_picked":["Ragnarok","Prostrate"],"picked":"WreathOfFlame","floor":40.0},{"not_picked":["ThirdEye","JustLucky+1"],"picked":"Evaluate+1","floor":41.0},{"not_picked":["PathToVictory","Evaluate","Crescendo"],"picked":"SKIP","floor":45.0},{"not_picked":["Halt","SashWhip+1","FearNoEvil"],"picked":"SKIP","floor":47.0},{"not_picked":["ClearTheMind+1","Consecrate+1"],"picked":"Vault","floor":48.0}],"player_experience":1000377,"relics_obtained":[{"floor":6.0,"key":"Blue Candle"},{"floor":9.0,"key":"Pear"},{"floor":11.0,"key":"Odd Mushroom"},{"floor":12.0,"key":"reliquary:SculptingSteel"},{"floor":14.0,"key":"Dream Catcher"},{"floor":17.0,"key":"Akabeko"},{"floor":17.0,"key":"reliquary:FeatherDuster"},{"floor":17.0,"key":"Dead Branch"},{"floor":25.0,"key":"Anchor"},{"floor":26.0,"key":"reliquary:HotPoker"},{"floor":31.0,"key":"Lantern"},{"floor":41.0,"key":"CaptainsWheel"},{"floor":43.0,"key":"reliquary:Knoch"},{"floor":45.0,"key":"War Paint"},{"floor":46.0,"key":"Calipers"},{"floor":48.0,"key":"reliquary:Dhvaja"}],"event_choices":[{"damage_healed":0.0,"max_hp_gain":0.0,"max_hp_loss":0.0,"gold_gain":0.0,"event_name":"Scrap Ooze","player_choice":"Fled","floor":2.0,"gold_loss":0.0,"damage_taken":0.0},{"damage_healed":0.0,"max_hp_gain":0.0,"max_hp_loss":0.0,"gold_gain":0.0,"event_name":"Upgrade Shrine","player_choice":"Upgraded","floor":3.0,"gold_loss":0.0,"damage_taken":0.0,"cards_upgraded":["Eruption"]},{"damage_healed":0.0,"max_hp_gain":0.0,"max_hp_loss":0.0,"gold_gain":0.0,"event_name":"Liars Game","player_choice":"Ignored","floor":10.0,"gold_loss":0.0,"damage_taken":0.0},{"damage_healed":0.0,"max_hp_gain":0.0,"max_hp_loss":0.0,"gold_gain":0.0,"event_name":"Mushrooms","player_choice":"Fought Mushrooms","floor":11.0,"gold_loss":0.0,"damage_taken":0.0},{"damage_healed":0.0,"max_hp_gain":5.0,"max_hp_loss":0.0,"gold_gain":0.0,"event_name":"Forgotten Altar","player_choice":"Shed Blood","floor":21.0,"gold_loss":0.0,"damage_taken":23.0},{"damage_healed":32.0,"max_hp_gain":0.0,"max_hp_loss":0.0,"gold_gain":0.0,"event_name":"The Library","player_choice":"Heal","floor":28.0,"gold_loss":0.0,"damage_taken":0.0},{"damage_healed":0.0,"max_hp_gain":0.0,"max_hp_loss":0.0,"gold_gain":0.0,"event_name":"WeMeetAgain","player_choice":"Gave Potion","floor":30.0,"gold_loss":0.0,"damage_taken":0.0,"relics_obtained":["Meat on the Bone"]},{"damage_healed":0.0,"max_hp_gain":0.0,"max_hp_loss":0.0,"gold_gain":0.0,"event_name":"Winding Halls","player_choice":"Embrace Madness","floor":39.0,"gold_loss":0.0,"damage_taken":12.0,"cards_obtained":["Madness","Madness"]},{"damage_healed":0.0,"max_hp_gain":0.0,"max_hp_loss":0.0,"gold_gain":0.0,"event_name":"Mysterious Sphere","player_choice":"Fight","floor":46.0,"gold_loss":0.0,"damage_taken":0.0}],"is_beta":false,"boss_relics":[{"not_picked":["Coffee Dripper","reliquary:RedCape"],"picked":"Calling Bell"},{"not_picked":["reliquary:RedPaperclip","Busted Crown"],"picked":"Pandora\u0027s Box"}],"items_purged_floors":[],"is_endless":false,"potions_floor_spawned":[6,11,14,19,22,31,35,45,48],"killed_by":"Time Eater","ascension_level":8}}