{"host":"l8n3qytufxtuz5eu","time":1612489196,"event":{"mods":["BaseMod","Colored Map","Minty Spire (QoL Compilation)","Relic Stats"],"gold_per_floor":[114,127,143,93,113,113,113,113,168,196,207,207,239,252,252,353,353,369,59,59,59,59,59,86,98,124,150,249,276,276,295,295,295,295],"floor_reached":33,"language":"ENG","playtime":1643,"items_purged":[],"score":545,"play_id":"87b7326a-a220-4c01-ae1d-aec391e4d4ce","local_time":"20210204173956","is_ascension_mode":true,"campfire_choices":[{"data":"Envenom","floor":6.0,"key":"SMITH"},{"data":"Bouncing Flask","floor":8.0,"key":"SMITH"},{"floor":15.0,"key":"REST"},{"data":"Catalyst","floor":23.0,"key":"SMITH"},{"data":"Night Terror","floor":32.0,"key":"SMITH"}],"circlet_count":0,"master_deck":["AscendersBane","Strike_G","Strike_G","Strike_G","Defend_G","Defend_G","Defend_G","Defend_G","Defend_G","Survivor","Neutralize","Malaise","Bouncing Flask+1","Bane","Poisoned Stab","Envenom+1","Crippling Poison","Blade Dance","Wraith Form v2","Riddle With Holes","Night Terror+1","Blade Dance","Catalyst+1","Shame","Escape Plan+1","Cloak And Dagger","Acrobatics+1","Leg Sweep"],"relics":["Ring of the Snake","HornCleat","Bag of Marbles","CaptainsWheel","Question Card","SlaversCollar","Kunai","Strawberry","Ninja Scroll","InkBottle","Singing Bowl","Anchor","Bottled Flame"],"acts_visited":["Exordium","TheCity"],"potions_floor_usage":[33,33],"damage_taken":[{"damage":3.0,"enemies":"Small Slimes","floor":1.0,"turns":5.0},{"damage":6.0,"enemies":"Jaw Worm","floor":2.0,"turns":4.0},{"damage":3.0,"enemies":"Cultist","floor":3.0,"turns":3.0},{"damage":7.0,"enemies":"Large Slime","floor":5.0,"turns":6.0},{"damage":11.0,"enemies":"Lagavulin","floor":10.0,"turns":5.0},{"damage":0.0,"enemies":"Looter","floor":11.0,"turns":3.0},{"damage":0.0,"enemies":"Gremlin Nob","floor":13.0,"turns":4.0},{"damage":3.0,"enemies":"Blue Slaver","floor":14.0,"turns":2.0},{"damage":25.0,"enemies":"The Guardian","floor":16.0,"turns":8.0},{"damage":6.0,"enemies":"3 Byrds","floor":18.0,"turns":4.0},{"damage":9.0,"enemies":"Slavers","floor":24.0,"turns":4.0},{"damage":0.0,"enemies":"Spheric Guardian","floor":25.0,"turns":4.0},{"damage":10.0,"enemies":"Gremlin Leader","floor":27.0,"turns":6.0},{"damage":0.0,"enemies":"Book of Stabbing","floor":29.0,"turns":4.0},{"damage":8.0,"enemies":"Centurion and Healer","floor":31.0,"turns":8.0},{"damage":47,"enemies":"Automaton","floor":33,"turns":6}],"seed_played":"-845650592705163753","potions_obtained":[{"floor":1.0,"key":"DuplicationPotion"},{"floor":3.0,"key":"Block Potion"},{"floor":10.0,"key":"SkillPotion"},{"floor":13.0,"key":"Energy Potion"},{"floor":27.0,"key":"Weak Potion"},{"floor":31.0,"key":"DistilledChaos"}],"is_trial":false,"path_per_floor":["M","M","M","?","M","R","T","R","T","E","M","?","E","M","R","B",null,"M","$","?","?","$","R","E","M","T","E","?","E","T","M","R","B"],"character_chosen":"THE_SILENT","items_purchased":["Kunai","Catalyst"],"campfire_rested":1,"item_purchase_floors":[19,19],"current_hp_per_floor":[42,36,33,33,26,26,26,26,26,15,15,15,15,12,33,8,55,49,49,56,56,56,56,47,47,47,37,37,39,39,31,31,0,0],"gold":295,"neow_bonus":"THREE_RARE_CARDS","is_daily":false,"chose_seed":false,"campfire_upgraded":4,"win_rate":0.0,"timestamp":1612489196,"path_taken":["M","M","M","?","M","R","?","R","T","E","M","?","E","?","R","BOSS","M","$","?","?","$","R","E","M","T","E","?","E","?","M","R","BOSS"],"items_purchased_type":["Relic","Card"],"build_version":"2020-12-22","purchased_purges":0,"victory":false,"max_hp_per_floor":[70,70,70,70,70,70,70,70,70,70,70,70,70,70,70,70,70,70,70,77,77,77,77,77,77,77,77,77,79,79,79,79,79,79],"relic_stats":{"Singing Bowl":2,"counters":[16,76],"Kunai":[26],"Question Card":9,"obtain_stats":[{"Singing Bowl":27,"Question Card":13,"SlaversCollar":17,"CaptainsWheel":10,"Anchor":29,"Bottled Flame":30,"HornCleat":7,"Ninja Scroll":21,"Strawberry":20,"Bag of Marbles":9,"Kunai":19,"InkBottle":24,"Ring of the Snake":0},{"Singing Bowl":13,"Question Card":7,"SlaversCollar":9,"CaptainsWheel":5,"Anchor":14,"Bottled Flame":14,"HornCleat":4,"Ninja Scroll":10,"Strawberry":10,"Bag of Marbles":4,"Kunai":10,"InkBottle":11,"Ring of the Snake":0},{"Singing Bowl":58,"Question Card":30,"SlaversCollar":40,"CaptainsWheel":23,"Anchor":62,"Bottled Flame":62,"HornCleat":18,"Ninja Scroll":44,"Strawberry":44,"Bag of Marbles":18,"Kunai":44,"InkBottle":48,"Ring of the Snake":0}],"InkBottle":[15],"Ring of the Snake":[32]},"card_choices":[{"not_picked":["A Thousand Cuts","Burst"],"picked":"Malaise","floor":0.0},{"not_picked":["Finisher","Quick Slash"],"picked":"Bouncing Flask","floor":1.0},{"not_picked":["Quick Slash","Concentrate"],"picked":"Bane","floor":2.0},{"not_picked":["PiercingWail","Prepared"],"picked":"Poisoned Stab","floor":3.0},{"not_picked":["All Out Attack","Dagger Spray"],"picked":"Envenom","floor":5.0},{"not_picked":["Cloak And Dagger","Skewer"],"picked":"Crippling Poison","floor":10.0},{"not_picked":["Bane","Dodge and Roll"],"picked":"Blade Dance","floor":11.0},{"not_picked":["Flying Knee","Terror"],"picked":"Wraith Form v2","floor":13.0},{"not_picked":["Reflex","Underhanded Strike","Outmaneuver"],"picked":"Riddle With Holes","floor":14.0},{"not_picked":["Doppelganger","Glass Knife","A Thousand Cuts"],"picked":"Night Terror","floor":16.0},{"not_picked":["Reflex","Masterful Stab+1","Sucker Punch"],"picked":"Blade Dance","floor":18.0},{"not_picked":["PiercingWail+1","Choke","Quick Slash+1"],"picked":"Escape Plan+1","floor":24.0},{"not_picked":["Slice+1","Flying Knee+1","Poisoned Stab+1"],"picked":"Cloak And Dagger","floor":25.0},{"not_picked":["Dagger Spray+1","Deflect","Tactician+1"],"picked":"Acrobatics+1","floor":27.0},{"not_picked":["Riddle With Holes","Deadly Poison","Deflect","Quick Slash"],"picked":"Singing Bowl","floor":29.0},{"not_picked":["Acrobatics","PiercingWail","Heel Hook+1"],"picked":"Leg Sweep","floor":31.0}],"player_experience":1467092,"relics_obtained":[{"floor":7.0,"key":"HornCleat"},{"floor":9.0,"key":"Bag of Marbles"},{"floor":10.0,"key":"CaptainsWheel"},{"floor":13.0,"key":"Question Card"},{"floor":24.0,"key":"InkBottle"},{"floor":27.0,"key":"Singing Bowl"},{"floor":29.0,"key":"Anchor"},{"floor":30.0,"key":"Bottled Flame"}],"event_choices":[{"cards_removed":["Strike_G"],"damage_healed":0.0,"max_hp_gain":0.0,"max_hp_loss":0.0,"gold_gain":0.0,"event_name":"The Cleric","player_choice":"Card Removal","floor":4.0,"gold_loss":50.0,"damage_taken":0.0},{"cards_removed":["Strike_G"],"damage_healed":0.0,"max_hp_gain":0.0,"max_hp_loss":0.0,"gold_gain":0.0,"event_name":"Purifier","player_choice":"Purged","floor":12.0,"gold_loss":0.0,"damage_taken":0.0},{"damage_healed":0.0,"max_hp_gain":0.0,"max_hp_loss":0.0,"gold_gain":0.0,"event_name":"The Mausoleum","player_choice":"Opened","floor":20.0,"gold_loss":0.0,"damage_taken":0.0,"relics_obtained":["Strawberry"]},{"damage_healed":0.0,"max_hp_gain":0.0,"max_hp_loss":0.0,"gold_gain":0.0,"event_name":"Addict","player_choice":"Stole Relic","floor":21.0,"gold_loss":0.0,"damage_taken":0.0,"relics_obtained":["Ninja Scroll"],"cards_obtained":["Shame"]},{"damage_healed":0.0,"max_hp_gain":0.0,"max_hp_loss":0.0,"gold_gain":99.0,"event_name":"Nest","player_choice":"Stole From Cult","floor":28.0,"gold_loss":0.0,"damage_taken":0.0}],"is_beta":false,"boss_relics":[{"not_picked":["Philosopher\u0027s Stone","Empty Cage"],"picked":"SlaversCollar"}],"items_purged_floors":[],"is_endless":false,"potions_floor_spawned":[1,3,10,13,27,31],"killed_by":"Automaton","ascension_level":10}}