{"host":"gknpnudn4hog7rzv","time":1612563241,"event":{"mods":["BaseMod","BetterRewards","Downfall","Hermit","Minty Spire (QoL Compilation)","Robot Space Explorer","StSLib","The Bug Knight"],"gold_per_floor":[115,190,15,29,29,29,40,40,90,122,142,175,130,130,130,235,235,246,37,56,56,56,88,88,108,108,135,168,181,181,27,27,126,126,136,209,221,221,270,295,295,322,322,322,322,339,358,371,371,371],"floor_reached":51,"language":"ENG","playtime":2182,"items_purged":[],"score":948,"play_id":"ded20fb0-d9c4-46b0-8673-7b5a142db1cd","local_time":"20210205151401","is_ascension_mode":true,"campfire_choices":[{"floor":6,"key":"REST"},{"data":"RobotSpaceExplorer:LuckyStrike","floor":8,"key":"SMITH"},{"data":"RobotSpaceExplorer:StarLightning","floor":15,"key":"SMITH"},{"floor":24,"key":"REST"},{"floor":30,"key":"REST"},{"data":"RobotSpaceExplorer:PowerGlove","floor":32,"key":"SMITH"},{"data":"RobotSpaceExplorer:Comet","floor":41,"key":"SMITH"},{"data":"RobotSpaceExplorer:PlasmaMissile","floor":45,"key":"SMITH"},{"data":"RobotSpaceExplorer:Comet","floor":49,"key":"SMITH"}],"circlet_count":0,"master_deck":["RobotSpaceExplorer:Strike","RobotSpaceExplorer:Strike","RobotSpaceExplorer:Strike","RobotSpaceExplorer:Strike","RobotSpaceExplorer:Defend+1","RobotSpaceExplorer:Defend+1","RobotSpaceExplorer:Defend","RobotSpaceExplorer:Defend","RobotSpaceExplorer:Scan+1","RobotSpaceExplorer:MiniLasers","RobotSpaceExplorer:ScrapMissile+1","RobotSpaceExplorer:MiniDrones+1","RobotSpaceExplorer:GlueShot","RobotSpaceExplorer:LuckyStrike+1","RobotSpaceExplorer:Probe+1","RobotSpaceExplorer:StarLightning+1","RobotSpaceExplorer:Pulsar","RobotSpaceExplorer:Pulsar","RobotSpaceExplorer:Comet+1","RobotSpaceExplorer:ShovelStrike","RobotSpaceExplorer:MiniDrones","RobotSpaceExplorer:PowerGlove+1","RobotSpaceExplorer:JunkDive+1","RobotSpaceExplorer:ScrapMissile","RobotSpaceExplorer:Probe","RobotSpaceExplorer:ShovelStrike","RobotSpaceExplorer:Comet+1","RobotSpaceExplorer:Probe+1","RobotSpaceExplorer:Pulsar+1","Swift Strike","RobotSpaceExplorer:MiniDrones+1","RobotSpaceExplorer:JunkDive+1","RobotSpaceExplorer:PlasmaMissile+1"],"relics":["RobotSpaceExplorer:TurboCore","Whetstone","Happy Flower","RobotSpaceExplorer:FoglandsKnife","Black Star","War Paint","Pocketwatch","Bottled Flame","Eternal Feather","Ornamental Fan","Lantern","WingedGreaves","RobotSpaceExplorer:RingOfTheNewt","MealTicket","Akabeko","Kunai","StoneCalendar","Girya","Matryoshka","Toy Ornithopter","Calipers","Orichalcum","Shuriken","HollowMod:PaleOreRelic","Ice Cream"],"acts_visited":["Exordium","TheCity","TheBeyond"],"potions_floor_usage":[4,12,16,16,16,25,28,33,39,46],"damage_taken":[{"damage":0,"enemies":"2 Louse","floor":1,"turns":2},{"damage":0,"enemies":"Jaw Worm","floor":4,"turns":2},{"damage":0,"enemies":"Cultist","floor":7,"turns":3},{"damage":3,"enemies":"Lagavulin","floor":10,"turns":6},{"damage":1,"enemies":"Blue Slaver","floor":11,"turns":3},{"damage":9,"enemies":"Gremlin Nob","floor":12,"turns":4},{"damage":22,"enemies":"Slime Boss","floor":16,"turns":10},{"damage":0,"enemies":"Spheric Guardian","floor":18,"turns":3},{"damage":8,"enemies":"2 Thieves","floor":20,"turns":4},{"damage":48,"enemies":"Gremlin Leader","floor":23,"turns":4},{"damage":18,"enemies":"Snake Plant","floor":25,"turns":3},{"damage":8,"enemies":"Slavers","floor":27,"turns":4},{"damage":18,"enemies":"Book of Stabbing","floor":28,"turns":4},{"damage":0,"enemies":"3 Cultists","floor":29,"turns":3},{"damage":19,"enemies":"Collector","floor":33,"turns":6},{"damage":0,"enemies":"3 Darklings","floor":35,"turns":2},{"damage":0,"enemies":"3 Shapes","floor":37,"turns":1},{"damage":0,"enemies":"2 Orb Walkers","floor":39,"turns":3},{"damage":29,"enemies":"Nemesis","floor":40,"turns":5},{"damage":3,"enemies":"Giant Head","floor":42,"turns":7},{"damage":0,"enemies":"Maw","floor":46,"turns":5},{"damage":0,"enemies":"Transient","floor":47,"turns":5},{"damage":0,"enemies":"Writhing Mass","floor":48,"turns":4},{"damage":0,"enemies":"Awakened One","floor":50,"turns":8}],"seed_played":"-4046187853041912970","potions_obtained":[{"floor":1,"key":"Weak Potion"},{"floor":11,"key":"PowerPotion"},{"floor":12,"key":"ColorlessPotion"},{"floor":14,"key":"RobotSpaceExplorer:LiquidFusion"},{"floor":14,"key":"Strength Potion"},{"floor":23,"key":"DistilledChaos"},{"floor":25,"key":"sneckomod:MuddlingPotion"},{"floor":29,"key":"ColorlessPotion"},{"floor":35,"key":"bronze:BurnAndBuffPotion"},{"floor":37,"key":"FearPotion"},{"floor":42,"key":"SteroidPotion"}],"is_trial":false,"path_per_floor":["M","?","$","M","?","R","M","R","T","E","M","E","$","?","R","B",null,"M","$","M","?","?","E","R","M","T","E","E","M","R","$","R","B",null,"M","T","M","?","?","E","R","E","T","T","R","M","M","M","R","B",null],"character_chosen":"RobotSpaceExplorer","items_purchased":["RobotSpaceExplorer:MiniDrones","RobotSpaceExplorer:GlueShot","RobotSpaceExplorer:LuckyStrike","RobotSpaceExplorer:Pulsar","War Paint","RobotSpaceExplorer:MiniDrones","Akabeko"],"campfire_rested":3,"item_purchase_floors":[3,3,3,13,19,19,31],"current_hp_per_floor":[82,71,71,71,55,79,79,79,79,76,75,66,66,66,66,44,82,82,82,74,74,74,26,62,44,44,36,18,18,57,72,82,63,82,82,82,82,82,82,53,71,68,68,68,82,82,82,82,82,82],"gold":371,"neow_bonus":"TEN_PERCENT_HP_BONUS","is_daily":false,"chose_seed":false,"campfire_upgraded":6,"win_rate":0.0,"timestamp":1612563241,"path_taken":["M","?","$","M","?","R","M","R","T","E","?","E","$","?","R","BOSS","M","$","?","?","?","E","R","?","T","E","E","?","R","?","R","BOSS","M","?","M","?","?","E","R","E","T","?","R","M","M","M","R","BOSS"],"items_purchased_type":["Card","Card","Card","Card","Relic","Card","Relic"],"build_version":"2020-12-22","purchased_purges":0,"victory":true,"max_hp_per_floor":[82,82,82,82,82,82,82,82,82,82,82,82,82,82,82,82,82,82,82,82,82,82,82,82,82,82,82,82,82,82,82,82,82,82,82,82,82,82,82,82,82,82,82,82,82,82,82,82,82,82],"card_choices":[{"not_picked":["RobotSpaceExplorer:ShovelStrike","RobotSpaceExplorer:JunkDive"],"picked":"RobotSpaceExplorer:ScrapMissile","floor":1},{"not_picked":["RobotSpaceExplorer:SurgingShield","RobotSpaceExplorer:Electropulse","RobotSpaceExplorer:FranticSearch"],"picked":"SKIP","floor":4},{"not_picked":["RobotSpaceExplorer:Pulsar","RobotSpaceExplorer:Electroshield"],"picked":"RobotSpaceExplorer:Probe","floor":7},{"not_picked":["RobotSpaceExplorer:Blitz","RobotSpaceExplorer:MakeshiftVolley","RobotSpaceExplorer:Pulsar"],"picked":"SKIP","floor":10},{"not_picked":["RobotSpaceExplorer:Reload","RobotSpaceExplorer:Smokescreen"],"picked":"RobotSpaceExplorer:StarLightning","floor":11},{"not_picked":["RobotSpaceExplorer:GearShield","RobotSpaceExplorer:MakeshiftVolley"],"picked":"RobotSpaceExplorer:Pulsar","floor":12},{"not_picked":["RobotSpaceExplorer:Autoloader","RobotSpaceExplorer:ShockMissile"],"picked":"RobotSpaceExplorer:Comet","floor":16},{"not_picked":["RobotSpaceExplorer:Smokescreen","RobotSpaceExplorer:Electroshield"],"picked":"RobotSpaceExplorer:ShovelStrike","floor":18},{"not_picked":["RobotSpaceExplorer:StunGrenade+1","RobotSpaceExplorer:GearShield+1"],"picked":"RobotSpaceExplorer:PowerGlove","floor":20},{"not_picked":["RobotSpaceExplorer:ShockKick","RobotSpaceExplorer:GlueShot"],"picked":"RobotSpaceExplorer:JunkDive+1","floor":23},{"not_picked":["RobotSpaceExplorer:Fix","RobotSpaceExplorer:Calculate"],"picked":"RobotSpaceExplorer:ScrapMissile","floor":25},{"not_picked":["RobotSpaceExplorer:Ammunition","RobotSpaceExplorer:BigMissile"],"picked":"RobotSpaceExplorer:Probe","floor":27},{"not_picked":["RobotSpaceExplorer:LuckyStrike","RobotSpaceExplorer:Smokescreen"],"picked":"RobotSpaceExplorer:ShovelStrike","floor":28},{"not_picked":["RobotSpaceExplorer:ShovelStrike","RobotSpaceExplorer:SwiftStep+1"],"picked":"RobotSpaceExplorer:Comet","floor":29},{"not_picked":["RobotSpaceExplorer:Ammunition","RobotSpaceExplorer:FranticSearch+1"],"picked":"RobotSpaceExplorer:Probe+1","floor":35},{"not_picked":["RobotSpaceExplorer:MiniBoosters","RobotSpaceExplorer:Counterblock+1"],"picked":"RobotSpaceExplorer:Pulsar+1","floor":37},{"not_picked":["Jack Of All Trades","Discovery"],"picked":"Swift Strike","floor":38},{"not_picked":["RobotSpaceExplorer:Probe","RobotSpaceExplorer:FreezingShield"],"picked":"RobotSpaceExplorer:MiniDrones+1","floor":39},{"not_picked":["RobotSpaceExplorer:SurgingStrike+1","RobotSpaceExplorer:SurgingShield"],"picked":"RobotSpaceExplorer:JunkDive+1","floor":40},{"not_picked":["RobotSpaceExplorer:Autoloader","RobotSpaceExplorer:ScrapMissile+1"],"picked":"RobotSpaceExplorer:PlasmaMissile","floor":42},{"not_picked":["RobotSpaceExplorer:StunGrenade","RobotSpaceExplorer:ShockKick","RobotSpaceExplorer:SlimeMissile"],"picked":"SKIP","floor":46},{"not_picked":["RobotSpaceExplorer:Blitz+1","RobotSpaceExplorer:SurgingStrike","RobotSpaceExplorer:ShockMissile"],"picked":"SKIP","floor":47},{"not_picked":["RobotSpaceExplorer:Blitz","RobotSpaceExplorer:IronShell+1","RobotSpaceExplorer:SlimeMissile"],"picked":"SKIP","floor":48}],"player_experience":385440,"relics_obtained":[{"floor":9,"key":"Whetstone"},{"floor":10,"key":"Happy Flower"},{"floor":12,"key":"RobotSpaceExplorer:FoglandsKnife"},{"floor":22,"key":"Pocketwatch"},{"floor":23,"key":"Bottled Flame"},{"floor":23,"key":"Eternal Feather"},{"floor":26,"key":"Ornamental Fan"},{"floor":27,"key":"Lantern"},{"floor":27,"key":"WingedGreaves"},{"floor":28,"key":"RobotSpaceExplorer:RingOfTheNewt"},{"floor":28,"key":"MealTicket"},{"floor":36,"key":"Kunai"},{"floor":39,"key":"StoneCalendar"},{"floor":40,"key":"Girya"},{"floor":40,"key":"Matryoshka"},{"floor":42,"key":"Toy Ornithopter"},{"floor":42,"key":"Calipers"},{"floor":43,"key":"Orichalcum"},{"floor":43,"key":"Shuriken"},{"floor":44,"key":"HollowMod:PaleOreRelic"},{"floor":44,"key":"Ice Cream"}],"event_choices":[{"damage_healed":0,"gold_gain":75,"player_choice":"Gather Gold","damage_taken":11,"max_hp_gain":0,"max_hp_loss":0,"event_name":"World of Goop","floor":2,"gold_loss":0},{"damage_healed":0,"gold_gain":0,"player_choice":"Entered Light","damage_taken":16,"max_hp_gain":0,"max_hp_loss":0,"event_name":"Shining Light","floor":5,"gold_loss":0,"cards_upgraded":["RobotSpaceExplorer:ScrapMissile","RobotSpaceExplorer:Scan"]},{"damage_healed":0,"gold_gain":0,"player_choice":"Got Potions","damage_taken":0,"max_hp_gain":0,"max_hp_loss":0,"event_name":"Lab","floor":14,"gold_loss":0},{"damage_healed":0,"gold_gain":0,"player_choice":"Relic","damage_taken":0,"max_hp_gain":0,"max_hp_loss":0,"event_name":"Wheel of Change","floor":22,"gold_loss":0},{"damage_healed":0,"gold_gain":0,"player_choice":"Memory 1","damage_taken":0,"max_hp_gain":0,"max_hp_loss":0,"event_name":"SensoryStone","floor":38,"gold_loss":0},{"damage_healed":0,"gold_gain":0,"player_choice":"Fight","damage_taken":0,"max_hp_gain":0,"max_hp_loss":0,"event_name":"Mysterious Sphere","floor":39,"gold_loss":0}],"is_beta":false,"boss_relics":[{"not_picked":["Ectoplasm","SacredBark"],"picked":"Black Star"},{"not_picked":["Coffee Dripper","bronze:MakeshiftBattery"],"picked":"RobotSpaceExplorer:TurboCore"}],"items_purged_floors":[],"is_endless":false,"potions_floor_spawned":[1,11,12,23,25,29,35,37,42],"ascension_level":2}}