{"host":"6bsan6hkua32tfq7","time":1612489147,"event":{"mods":["BaseMod","Better Third Choice","Colored Map","Highlight Path","Minty Spire (QoL Compilation)","StSLib"],"gold_per_floor":[111,36,36,55,55,55,89,89,89,116,116,132,148,166,166,237,237,255,18,35,35,35,35,54,83,106,6,6,6],"floor_reached":28,"language":"ENG","playtime":918,"items_purged":["Defend_P","Strike_P"],"score":542,"play_id":"3e77d3d6-5ac7-44e7-8834-e1079a436701","local_time":"20210205023907","is_ascension_mode":true,"campfire_choices":[{"data":"Eruption","floor":6.0,"key":"SMITH"},{"data":"PathToVictory","floor":8.0,"key":"SMITH"},{"data":"1","floor":11.0,"key":"LIFT"},{"data":"2","floor":15,"key":"LIFT"},{"data":"3","floor":23,"key":"LIFT"}],"circlet_count":0,"master_deck":["AscendersBane","Strike_P","Strike_P","Defend_P+1","Defend_P+1","Eruption+1","Vigilance","CrushJoints","FollowUp","PathToVictory+1","LikeWater","Omniscience+1","Evaluate+1","Meditate+1"],"relics":["PureWater","NeowsBlessing","Matryoshka","Toxic Egg 2","Eternal Feather","Girya","Philosopher\u0027s Stone","Vajra","InkBottle","Gremlin Horn","Damaru","War Paint"],"acts_visited":["Exordium","TheCity"],"potions_floor_usage":[16,18,25],"damage_taken":[{"damage":0.0,"enemies":"Small Slimes","floor":1.0,"turns":2.0},{"damage":0.0,"enemies":"Jaw Worm","floor":4.0,"turns":1.0},{"damage":0.0,"enemies":"Lagavulin","floor":7.0,"turns":1.0},{"damage":20.0,"enemies":"3 Sentries","floor":10.0,"turns":8.0},{"damage":0.0,"enemies":"Cultist","floor":12.0,"turns":2.0},{"damage":0.0,"enemies":"Lots of Slimes","floor":13.0,"turns":4.0},{"damage":5.0,"enemies":"Gremlin Gang","floor":14.0,"turns":4.0},{"damage":16,"enemies":"The Guardian","floor":16,"turns":12},{"damage":19,"enemies":"2 Thieves","floor":18,"turns":2},{"damage":0,"enemies":"Chosen","floor":20,"turns":3},{"damage":17,"enemies":"Snecko","floor":24,"turns":4},{"damage":40,"enemies":"Book of Stabbing","floor":25,"turns":5},{"damage":9,"enemies":"3 Cultists","floor":28,"turns":2}],"seed_played":"-1125685012085633340","potions_obtained":[{"floor":1.0,"key":"SkillPotion"},{"floor":7.0,"key":"SkillPotion"},{"floor":10.0,"key":"Block Potion"},{"floor":12.0,"key":"BottledMiracle"},{"floor":16,"key":"ColorlessPotion"},{"floor":18,"key":"Weak Potion"},{"floor":20,"key":"Explosive Potion"}],"is_trial":false,"path_per_floor":["M","?","?","M","$","R","E","R","T","E","R","M","M","M","R","B",null,"M","$","M","T","?","R","M","E","T","$","M"],"character_chosen":"WATCHER","items_purchased":["Vajra"],"campfire_rested":0,"item_purchase_floors":[19],"current_hp_per_floor":[61,61,61,61,61,61,61,61,61,41,47,47,47,42,51,35,60,41,41,41,41,55,64,47,7,7,7,0,0],"gold":6,"neow_bonus":"THREE_ENEMY_KILL","is_daily":false,"chose_seed":false,"campfire_upgraded":2,"win_rate":0.0,"timestamp":1612489147,"path_taken":["M","?","?","M","$","R","E","R","T","E","R","M","?","M","R","BOSS","M","?","?","?","?","R","M","E","T","$","M"],"items_purchased_type":["Relic"],"build_version":"2020-12-22","purchased_purges":2,"victory":false,"max_hp_per_floor":[68,68,68,68,68,68,68,68,68,68,68,68,68,68,68,68,68,68,68,68,68,68,68,68,68,68,68,68,68],"card_choices":[{"not_picked":["Study","EmptyFist"],"picked":"CrushJoints","floor":1.0},{"not_picked":["EmptyFist","ClearTheMind"],"picked":"PathToVictory","floor":4.0},{"not_picked":["Consecrate","FearNoEvil"],"picked":"LikeWater","floor":7.0},{"not_picked":["Wireheading","CarveReality"],"picked":"Omniscience+1","floor":10.0},{"not_picked":["BowlingBash","Prostrate+1"],"picked":"Evaluate+1","floor":12.0},{"not_picked":["Adaptation","BowlingBash"],"picked":"Meditate+1","floor":13.0},{"not_picked":["FollowUp","Halt+1","BowlingBash"],"picked":"SKIP","floor":14.0},{"not_picked":["MentalFortress","CutThroughFate","Crescendo+1"],"picked":"SKIP","floor":18},{"not_picked":["FearNoEvil","ClearTheMind+1","SashWhip"],"picked":"SKIP","floor":20},{"not_picked":["WheelKick","FlyingSleeves","CrushJoints"],"picked":"SKIP","floor":24},{"not_picked":["JustLucky","Meditate+1","CarveReality"],"picked":"SKIP","floor":25}],"player_experience":5405237,"relics_obtained":[{"floor":7.0,"key":"Matryoshka"},{"floor":9.0,"key":"Toxic Egg 2"},{"floor":9.0,"key":"Eternal Feather"},{"floor":10.0,"key":"Girya"},{"floor":21,"key":"InkBottle"},{"floor":21,"key":"Gremlin Horn"},{"floor":25,"key":"Damaru"},{"floor":26,"key":"War Paint"}],"event_choices":[{"cards_removed":["Strike_P"],"damage_healed":0.0,"max_hp_gain":0.0,"max_hp_loss":0.0,"gold_gain":0.0,"event_name":"The Cleric","player_choice":"Card Removal","floor":2.0,"gold_loss":75.0,"damage_taken":0.0},{"damage_healed":0.0,"max_hp_gain":0.0,"max_hp_loss":0.0,"gold_gain":0.0,"cards_transformed":["Defend_P"],"event_name":"Transmorgrifier","player_choice":"Transformed","floor":3.0,"gold_loss":0.0,"damage_taken":0.0,"cards_obtained":["FollowUp"]},{"damage_healed":14,"gold_gain":0,"player_choice":"Heal","damage_taken":0,"max_hp_gain":0,"max_hp_loss":0,"event_name":"The Library","floor":22,"gold_loss":0}],"is_beta":false,"boss_relics":[{"not_picked":["SlaversCollar","VioletLotus"],"picked":"Philosopher\u0027s Stone"}],"items_purged_floors":[19,27],"is_endless":false,"potions_floor_spawned":[1,7,10,12,16,18,20],"killed_by":"3 Cultists","ascension_level":20}}