{"host":"LaserWall","time":1612524896,"event":{"mods":["BaseMod","Minty Spire (QoL Compilation)","Relic Stats","Weighted Paths"],"gold_per_floor":[213,232,247,22,38,38,70,89,113,126,155,155,5,33,33,134,134,148,159,4,18,47,47,47,47],"floor_reached":24,"language":"ENG","playtime":2051,"items_purged":["Strike_G","Strike_G"],"score":251,"play_id":"99c57aa8-28bc-4320-bb04-533a0c3d9871","local_time":"20210205063456","is_ascension_mode":true,"campfire_choices":[{"data":"Terror","floor":6,"key":"SMITH"},{"data":"Tools of the Trade","floor":12,"key":"SMITH"},{"data":"Reflex","floor":15,"key":"SMITH"},{"data":"After Image","floor":23,"key":"SMITH"}],"circlet_count":0,"master_deck":["Strike_G","Strike_G","Strike_G","Defend_G","Defend_G","Defend_G","Defend_G","Defend_G","Survivor","Neutralize","Flying Knee","Terror+1","Bouncing Flask","Backstab","Heel Hook","Cloak And Dagger","Tools of the Trade+1","Bane","Reflex+1","After Image+1","Prepared","Blur","Terror+1"],"relics":["Ring of the Snake","Anchor","Smiling Mask","MealTicket","Happy Flower","Snake Skull","Philosopher\u0027s Stone","Membership Card","Red Mask"],"acts_visited":["Exordium","TheCity"],"potions_floor_usage":[3,7,11,11,16,16,21,22,22],"damage_taken":[{"damage":0,"enemies":"Cultist","floor":1,"turns":4},{"damage":0,"enemies":"2 Louse","floor":2,"turns":4},{"damage":0,"enemies":"Small Slimes","floor":3,"turns":4},{"damage":4,"enemies":"3 Louse","floor":5,"turns":5},{"damage":18,"enemies":"Gremlin Nob","floor":7,"turns":3},{"damage":1,"enemies":"Exordium Wildlife","floor":8,"turns":5},{"damage":6,"enemies":"Looter","floor":10,"turns":3},{"damage":7,"enemies":"3 Sentries","floor":11,"turns":7},{"damage":12,"enemies":"Lagavulin","floor":14,"turns":4},{"damage":27,"enemies":"Slime Boss","floor":16,"turns":7},{"damage":17,"enemies":"Spheric Guardian","floor":18,"turns":6},{"damage":6,"enemies":"Shell Parasite","floor":19,"turns":3},{"damage":0,"enemies":"Snake Plant","floor":21,"turns":6},{"damage":7,"enemies":"Masked Bandits","floor":22,"turns":4},{"damage":58,"enemies":"Gremlin Leader","floor":24,"turns":7}],"seed_played":"-3784009804009991462","potions_obtained":[{"floor":1,"key":"Energy Potion"},{"floor":2,"key":"SteroidPotion"},{"floor":7,"key":"Strength Potion"},{"floor":10,"key":"DuplicationPotion"},{"floor":14,"key":"PowerPotion"},{"floor":16,"key":"Strength Potion"},{"floor":18,"key":"Block Potion"},{"floor":21,"key":"SteroidPotion"}],"is_trial":false,"path_per_floor":["M","M","M","$","M","R","E","M","T","M","E","R","$","E","R","B",null,"M","M","$","M","?","R","E"],"character_chosen":"THE_SILENT","items_purchased":["Anchor","Bane","Strength Potion","Membership Card"],"campfire_rested":0,"item_purchase_floors":[4,13,13,20],"current_hp_per_floor":[70,70,70,70,66,66,48,47,47,41,34,34,49,37,37,10,70,53,47,62,62,55,55,0,0],"gold":47,"neow_bonus":"HUNDRED_GOLD","is_daily":false,"chose_seed":false,"campfire_upgraded":4,"win_rate":0.0,"timestamp":1612524896,"path_taken":["M","M","M","$","?","R","E","M","T","M","E","R","$","E","R","BOSS","M","M","$","M","?","R","E"],"items_purchased_type":["Relic","Card","Potion","Relic"],"build_version":"2020-12-18","purchased_purges":2,"victory":false,"max_hp_per_floor":[70,70,70,70,70,70,70,70,70,70,70,70,70,70,70,70,70,70,70,70,70,70,70,70,70],"relic_stats":{"Happy Flower":[12],"counters":[15,72],"MealTicket":30,"Snake Skull":[41],"Smiling Mask":50,"obtain_stats":[{"Anchor":4,"Happy Flower":11,"MealTicket":9,"Philosopher\u0027s Stone":17,"Snake Skull":14,"Red Mask":22,"Membership Card":20,"Smiling Mask":7,"Ring of the Snake":0},{"Anchor":3,"Happy Flower":8,"MealTicket":6,"Philosopher\u0027s Stone":10,"Snake Skull":9,"Red Mask":14,"Membership Card":12,"Smiling Mask":5,"Ring of the Snake":0},{"Anchor":12,"Happy Flower":35,"MealTicket":25,"Philosopher\u0027s Stone":46,"Snake Skull":39,"Red Mask":65,"Membership Card":55,"Smiling Mask":20,"Ring of the Snake":0}],"Ring of the Snake":[30]},"card_choices":[{"not_picked":["Reflex","Underhanded Strike","Outmaneuver"],"picked":"SKIP","floor":1},{"not_picked":["Outmaneuver","Flechettes"],"picked":"Flying Knee","floor":2},{"not_picked":["Backflip","Concentrate"],"picked":"Terror","floor":3},{"not_picked":["Setup","Distraction"],"picked":"Bouncing Flask","floor":5},{"not_picked":["Eviscerate","Well Laid Plans"],"picked":"Backstab","floor":7},{"not_picked":["Reflex","Flechettes"],"picked":"Heel Hook","floor":8},{"not_picked":["Bane","Choke"],"picked":"Cloak And Dagger","floor":10},{"not_picked":["Caltrops","Bane"],"picked":"Tools of the Trade","floor":11},{"not_picked":["Backflip","Calculated Gamble"],"picked":"Reflex","floor":14},{"not_picked":["Storm of Steel","Unload"],"picked":"After Image","floor":16},{"not_picked":["Backflip","Underhanded Strike"],"picked":"Prepared","floor":18},{"not_picked":["Prepared","Deflect"],"picked":"Blur","floor":19},{"not_picked":["Dodge and Roll","Cloak And Dagger","Concentrate"],"picked":"SKIP","floor":21},{"not_picked":["PiercingWail","Dagger Throw"],"picked":"Terror+1","floor":22}],"player_experience":202989,"relics_obtained":[{"floor":7,"key":"Smiling Mask"},{"floor":9,"key":"MealTicket"},{"floor":11,"key":"Happy Flower"},{"floor":14,"key":"Snake Skull"},{"floor":22,"key":"Red Mask"}],"event_choices":[{"damage_healed":0,"gold_gain":0,"player_choice":"Fought Bandits","damage_taken":0,"max_hp_gain":0,"max_hp_loss":0,"event_name":"Masked Bandits","floor":22,"gold_loss":0}],"is_beta":true,"boss_relics":[{"not_picked":["Cursed Key","Runic Dome"],"picked":"Philosopher\u0027s Stone"}],"items_purged_floors":[4,13],"is_endless":false,"potions_floor_spawned":[1,2,7,10,14,16,18,21],"killed_by":"Gremlin Leader","ascension_level":3}}