{"host":"yqw1zpryoutrnocq","time":1612566741,"event":{"mods":["2.2 Compatiblity","AchievementEnabler","BaseMod","Colored Map","Custom Start","DeckTracker","Minty Spire (QoL Compilation)","StSLib","SuperFastMode"],"gold_per_floor":[115,127,127,142,142,142,174,174,174,193,193,368,368,368,368,468,468,486,499,529,542,542,542],"floor_reached":22,"language":"KOR","playtime":550,"items_purged":[],"score":267,"play_id":"814b6a94-9c1d-494c-874e-b30aa7f54839","local_time":"20210205171221","is_ascension_mode":true,"campfire_choices":[{"data":"Bouncing Flask","floor":6.0,"key":"SMITH"},{"data":"Neutralize","floor":8.0,"key":"SMITH"},{"floor":15.0,"key":"REST"}],"circlet_count":0,"master_deck":["Strike_G","Strike_G","Defend_G","Defend_G","Defend_G","Defend_G","Defend_G","Survivor","Neutralize+1","Venomology","Concentrate","Bouncing Flask+1","Bane","Poisoned Stab","Dagger Throw","Adrenaline+1","Burst","Eviscerate+1","Accuracy","Acrobatics+1","Caltrops"],"relics":["Ring of the Snake","Bottled Flame","The Courier","Blue Candle","Runic Pyramid","Red Mask"],"acts_visited":["Exordium","TheCity"],"potions_floor_usage":[18,18,18,19,19,20,21,21],"damage_taken":[{"damage":0.0,"enemies":"2 Louse","floor":1.0,"turns":5.0},{"damage":1.0,"enemies":"Cultist","floor":2.0,"turns":4.0},{"damage":4.0,"enemies":"Small Slimes","floor":4.0,"turns":4.0},{"damage":17.0,"enemies":"Lagavulin","floor":7.0,"turns":4.0},{"damage":5.0,"enemies":"2 Fungi Beasts","floor":10.0,"turns":3.0},{"damage":23.0,"enemies":"The Guardian","floor":16.0,"turns":8.0},{"damage":9,"enemies":"Shell Parasite","floor":18,"turns":3},{"damage":6,"enemies":"3 Byrds","floor":19,"turns":3},{"damage":21,"enemies":"Masked Bandits","floor":20,"turns":4},{"damage":7,"enemies":"Centurion and Healer","floor":21,"turns":5}],"seed_played":"-8022255706370741348","potions_obtained":[{"floor":7.0,"key":"ColorlessPotion"},{"floor":18,"key":"Explosive Potion"}],"is_trial":false,"path_per_floor":["M","M","?","M","$","R","E","R","T","M","?","?","?","?","R","B",null,"M","M","?","M","?"],"character_chosen":"THE_SILENT","items_purchased":[],"campfire_rested":1,"item_purchase_floors":[],"current_hp_per_floor":[45,44,44,40,40,40,23,23,23,18,18,18,11,11,32,9,55,46,40,19,12,0,0],"gold":542,"neow_bonus":"TRANSFORM_TWO_CARDS","is_daily":false,"chose_seed":false,"campfire_upgraded":2,"win_rate":0.0,"timestamp":1612566741,"path_taken":["M","M","?","M","$","R","E","R","T","M","?","?","?","?","R","BOSS","M","M","?","M","?"],"items_purchased_type":[],"build_version":"2020-12-22","purchased_purges":0,"victory":false,"max_hp_per_floor":[70,70,70,70,70,70,70,70,70,70,70,70,70,70,70,70,70,70,70,70,70,70,70],"card_choices":[{"not_picked":["Outmaneuver","Blade Dance"],"picked":"Bouncing Flask","floor":1.0},{"not_picked":["Slice","Sucker Punch"],"picked":"Bane","floor":2.0},{"not_picked":["Underhanded Strike","Flying Knee"],"picked":"Poisoned Stab","floor":4.0},{"not_picked":["Distraction","Prepared"],"picked":"Dagger Throw","floor":7.0},{"not_picked":["Choke","Poisoned Stab"],"picked":"Adrenaline","floor":10.0},{"not_picked":["Tools of the Trade","Adrenaline"],"picked":"Burst","floor":16.0},{"not_picked":["Dodge and Roll+1","Flying Knee+1"],"picked":"Eviscerate+1","floor":18},{"not_picked":["Slice+1","Concentrate"],"picked":"Accuracy","floor":19},{"not_picked":["PiercingWail+1","Poisoned Stab+1"],"picked":"Acrobatics+1","floor":20},{"not_picked":["Dagger Throw","Flying Knee"],"picked":"Caltrops","floor":21}],"player_experience":294151,"relics_obtained":[{"floor":7.0,"key":"Bottled Flame"},{"floor":9.0,"key":"The Courier"},{"floor":20,"key":"Red Mask"}],"event_choices":[{"cards_removed":["Strike_G"],"damage_healed":0.0,"max_hp_gain":0.0,"max_hp_loss":0.0,"gold_gain":0.0,"event_name":"Purifier","player_choice":"Purged","floor":3.0,"gold_loss":0.0,"damage_taken":0.0},{"damage_healed":0.0,"max_hp_gain":0.0,"max_hp_loss":0.0,"gold_gain":0.0,"event_name":"Living Wall","player_choice":"Grow","floor":11.0,"gold_loss":0.0,"damage_taken":0.0,"cards_upgraded":["Adrenaline"]},{"damage_healed":0.0,"max_hp_gain":0.0,"max_hp_loss":0.0,"gold_gain":175.0,"event_name":"Liars Game","player_choice":"AGREE","floor":12.0,"gold_loss":0.0,"damage_taken":0.0,"cards_obtained":["Doubt"]},{"cards_removed":["Doubt"],"damage_healed":0.0,"max_hp_gain":0.0,"max_hp_loss":0.0,"gold_gain":0.0,"event_name":"Golden Wing","player_choice":"Card Removal","floor":13.0,"gold_loss":0.0,"damage_taken":7.0},{"damage_healed":0.0,"max_hp_gain":0.0,"max_hp_loss":0.0,"gold_gain":0.0,"event_name":"Dead Adventurer","player_choice":"Searched \u00272\u0027 times","floor":14.0,"gold_loss":0.0,"damage_taken":0.0,"relics_obtained":["Blue Candle"]},{"damage_healed":0,"gold_gain":0,"player_choice":"Fought Bandits","damage_taken":0,"max_hp_gain":0,"max_hp_loss":0,"event_name":"Masked Bandits","floor":20,"gold_loss":0}],"is_beta":false,"boss_relics":[{"not_picked":["Ring of the Serpent","Astrolabe"],"picked":"Runic Pyramid"}],"items_purged_floors":[],"is_endless":false,"potions_floor_spawned":[7,18],"ascension_level":9}}