{"host":"s5d39dhq0ddhxhke","time":1612563419,"event":{"mods":["AchievementEnabler","BaseMod","Colored Map","Minty Spire (QoL Compilation)","Smile Girya","SuperFastMode"],"gold_per_floor":[117,131,147,87,87,117,117,117,199,212,227,227,12,24,24,24,24],"floor_reached":16,"language":"ENG","playtime":591,"items_purged":["Strike_R","Defend_R"],"score":194,"play_id":"58834fc9-7b93-4611-8b3f-9e0f41b93cdb","local_time":"20210206001659","is_ascension_mode":true,"campfire_choices":[{"floor":7,"key":"REST"},{"data":"Pommel Strike","floor":12,"key":"SMITH"},{"floor":15,"key":"REST"}],"circlet_count":0,"master_deck":["AscendersBane","Strike_R","Strike_R","Strike_R","Defend_R","Defend_R","Defend_R","Bash","CurseOfTheBell","Anger","Pommel Strike+1","Rage","Rage","Infernal Blade"],"relics":["Calling Bell","Nunchaku","The Courier","Incense Burner","Bag of Preparation","CultistMask","Question Card","Medical Kit"],"acts_visited":["Exordium"],"potions_floor_usage":[6,16,16],"damage_taken":[{"damage":12,"enemies":"Cultist","floor":1,"turns":4},{"damage":2,"enemies":"Jaw Worm","floor":2,"turns":3},{"damage":5,"enemies":"2 Louse","floor":3,"turns":3},{"damage":46,"enemies":"Lagavulin","floor":6,"turns":8},{"damage":10,"enemies":"Gremlin Gang","floor":10,"turns":5},{"damage":0,"enemies":"Looter","floor":11,"turns":3},{"damage":2,"enemies":"2 Fungi Beasts","floor":14,"turns":4},{"damage":59,"enemies":"The Guardian","floor":16,"turns":10}],"seed_played":"6049369441093894360","potions_obtained":[{"floor":3,"key":"Regen Potion"},{"floor":10,"key":"GamblersBrew"},{"floor":11,"key":"BloodPotion"}],"is_trial":false,"path_per_floor":["M","M","M","$","?","E","R","?","T","M","M","R","$","M","R","B"],"character_chosen":"IRONCLAD","items_purchased":["Medical Kit"],"campfire_rested":2,"item_purchase_floors":[13],"current_hp_per_floor":[56,54,49,49,42,11,33,33,33,23,23,23,23,21,43,0,0],"gold":24,"neow_bonus":"BOSS_RELIC","is_daily":false,"chose_seed":false,"campfire_upgraded":1,"win_rate":0.0,"timestamp":1612563419,"path_taken":["M","M","?","$","?","E","R","?","T","M","M","R","$","M","R","BOSS"],"items_purchased_type":["Relic"],"build_version":"2020-12-22","purchased_purges":2,"victory":false,"max_hp_per_floor":[75,75,75,75,75,75,75,75,75,75,75,75,75,75,75,75,75],"card_choices":[{"not_picked":["Ghostly Armor","Shrug It Off"],"picked":"Anger","floor":1},{"not_picked":["Thunderclap","Body Slam"],"picked":"Pommel Strike","floor":2},{"not_picked":["Headbutt","Sword Boomerang"],"picked":"Rage","floor":3},{"not_picked":["Evolve","Battle Trance","Blood for Blood"],"picked":"SKIP","floor":6},{"not_picked":["Clothesline","Sword Boomerang","Flex"],"picked":"Rage","floor":10},{"not_picked":["Power Through","Twin Strike","Body Slam","Iron Wave"],"picked":"SKIP","floor":11},{"not_picked":["Havoc","Armaments","Body Slam"],"picked":"Infernal Blade","floor":14}],"player_experience":476928,"relics_obtained":[{"floor":0,"key":"Nunchaku"},{"floor":0,"key":"The Courier"},{"floor":0,"key":"Incense Burner"},{"floor":6,"key":"Bag of Preparation"},{"floor":9,"key":"Question Card"}],"event_choices":[{"cards_removed":["Strike_R"],"damage_healed":0,"gold_gain":0,"player_choice":"Card Removal","damage_taken":7,"max_hp_gain":0,"max_hp_loss":0,"event_name":"Golden Wing","floor":5,"gold_loss":0},{"damage_healed":0,"gold_gain":0,"player_choice":"Trade","damage_taken":0,"relics_obtained":["CultistMask"],"max_hp_gain":0,"max_hp_loss":0,"event_name":"FaceTrader","floor":8,"gold_loss":0}],"is_beta":false,"boss_relics":[],"items_purged_floors":[4,13],"is_endless":false,"potions_floor_spawned":[3,10,11],"killed_by":"The Guardian","ascension_level":18}}