{"host":"1j7ywpib2fztfglu","time":1612493364,"event":{"mods":["BaseMod","Dark Map","Highlight Path","Keyboard Shortcuts","Minty Spire (QoL Compilation)","RNG Fix","Random Character Button","Relic Stats","StSLib","Uncapped","Waifu the Spire","ojb\u0027s Info Mod"],"gold_per_floor":[116,133,151,23,23,23,62,62,62,83,116,131,160,27,27,120,120,145,164,28,66,84,84,98,98,98,18,18,43,43,81,81,81,81],"floor_reached":33,"language":"ENG","playtime":9318,"items_purged":["Defend_G"],"score":600,"play_id":"c2b126d0-c1e2-4e08-89c7-7889e4252bcf","local_time":"20210204204924","is_ascension_mode":true,"campfire_choices":[{"data":"Neutralize","floor":6,"key":"SMITH"},{"data":"Quick Slash","floor":8,"key":"SMITH"},{"data":"Calculated Gamble","floor":15,"key":"SMITH"},{"data":"Deadly Poison","floor":23,"key":"SMITH"},{"data":"Calculated Gamble","floor":25,"key":"SMITH"},{"floor":30,"key":"REST"},{"floor":32,"key":"REST"}],"circlet_count":0,"master_deck":["AscendersBane","Strike_G","Strike_G","Strike_G","Strike_G","Strike_G","Defend_G","Defend_G","Defend_G","Defend_G","Survivor","Neutralize+1","Endless Agony","Footwork","Calculated Gamble+1","Quick Slash+1","Dash","Poisoned Stab","Backstab","Calculated Gamble+1","Bouncing Flask","PiercingWail","Bane","Adrenaline","Deadly Poison+1","Cloak And Dagger+1","Predator","Blade Dance","Escape Plan+1","PiercingWail","Acrobatics","Ghostly","Ghostly","Ghostly"],"relics":["Ring of the Snake","Golden Idol","Tough Bandages","PreservedInsect","Mummified Hand","Odd Mushroom","Philosopher\u0027s Stone","Red Mask","Ancient Tea Set","Bag of Preparation"],"acts_visited":["Exordium","TheCity"],"potions_floor_usage":[7,7,14,16,16,21,24,33],"damage_taken":[{"damage":1,"enemies":"Cultist","floor":1,"turns":4},{"damage":0,"enemies":"2 Louse","floor":2,"turns":4},{"damage":9,"enemies":"Jaw Worm","floor":3,"turns":7},{"damage":20,"enemies":"Lagavulin","floor":7,"turns":9},{"damage":5,"enemies":"Lots of Slimes","floor":10,"turns":5},{"damage":0,"enemies":"Gremlin Nob","floor":11,"turns":3},{"damage":2,"enemies":"Red Slaver","floor":12,"turns":2},{"damage":0,"enemies":"The Mushroom Lair","floor":13,"turns":4},{"damage":25,"enemies":"Slime Boss","floor":16,"turns":11},{"damage":11,"enemies":"2 Thieves","floor":18,"turns":4},{"damage":9,"enemies":"Spheric Guardian","floor":19,"turns":4},{"damage":13,"enemies":"Masked Bandits","floor":21,"turns":4},{"damage":11,"enemies":"Snake Plant","floor":22,"turns":4},{"damage":14,"enemies":"Snecko","floor":24,"turns":3},{"damage":17,"enemies":"Cultist and Chosen","floor":29,"turns":6},{"damage":8,"enemies":"Slavers","floor":31,"turns":7},{"damage":14,"enemies":"Collector","floor":33,"turns":5}],"seed_played":"1649435532903133381","potions_obtained":[{"floor":1,"key":"Fire Potion"},{"floor":2,"key":"DuplicationPotion"},{"floor":12,"key":"Poison Potion"},{"floor":13,"key":"Fruit Juice"},{"floor":18,"key":"FairyPotion"},{"floor":22,"key":"BlessingOfTheForge"},{"floor":31,"key":"CunningPotion"}],"is_trial":false,"path_per_floor":["M","M","M","$","?","R","E","R","T","M","E","M","?","$","R","B",null,"M","M","$","?","M","R","M","R","T","$","?","M","R","E","R","B"],"character_chosen":"THE_SILENT","items_purchased":["Quick Slash","AttackPotion","PiercingWail","Bane","Predator","Strength Potion","PiercingWail","Acrobatics"],"campfire_rested":2,"item_purchase_floors":[4,14,14,14,20,20,27,27],"current_hp_per_floor":[58,58,49,49,49,49,29,29,29,24,24,22,22,27,27,2,49,38,29,29,16,5,5,19,19,19,19,19,2,11,3,12,0,0],"gold":81,"neow_bonus":"THREE_CARDS","is_daily":false,"chose_seed":false,"campfire_upgraded":5,"win_rate":0.0,"timestamp":1612493364,"path_taken":["M","M","M","$","?","R","E","R","T","M","E","M","?","$","R","BOSS","M","M","$","?","M","R","M","R","T","$","?","?","R","E","R","BOSS"],"items_purchased_type":["Card","Potion","Card","Card","Card","Potion","Card","Card"],"build_version":"2020-12-22","purchased_purges":1,"victory":false,"max_hp_per_floor":[66,66,66,66,60,60,60,60,60,60,60,60,60,65,65,65,65,65,65,65,65,65,65,65,65,65,65,32,32,32,32,32,32,32],"relic_stats":{"Tough Bandages":[237],"counters":[17,86],"Golden Idol":84,"Mummified Hand":[11],"PreservedInsect":63,"Bag of Preparation":[2],"obtain_stats":[{"Tough Bandages":7,"Golden Idol":5,"Mummified Hand":11,"Philosopher\u0027s Stone":17,"PreservedInsect":9,"Red Mask":21,"Bag of Preparation":31,"Odd Mushroom":13,"Ancient Tea Set":26,"Ring of the Snake":0},{"Tough Bandages":4,"Golden Idol":3,"Mummified Hand":6,"Philosopher\u0027s Stone":9,"PreservedInsect":4,"Red Mask":12,"Bag of Preparation":16,"Odd Mushroom":8,"Ancient Tea Set":14,"Ring of the Snake":0},{"Tough Bandages":24,"Golden Idol":15,"Mummified Hand":32,"Philosopher\u0027s Stone":49,"PreservedInsect":24,"Red Mask":61,"Bag of Preparation":81,"Odd Mushroom":38,"Ancient Tea Set":68,"Ring of the Snake":0}],"Ring of the Snake":[36]},"card_choices":[{"not_picked":["Outmaneuver","Choke"],"picked":"Endless Agony","floor":0},{"not_picked":["Dodge and Roll","Outmaneuver"],"picked":"Footwork","floor":1},{"not_picked":["Bane","Finisher"],"picked":"Calculated Gamble","floor":2},{"not_picked":["Slice","Backflip","Acrobatics"],"picked":"SKIP","floor":3},{"not_picked":["Backstab","Flying Knee"],"picked":"Dash","floor":7},{"not_picked":["Leg Sweep","Distraction"],"picked":"Poisoned Stab","floor":10},{"not_picked":["Doppelganger","Leg Sweep"],"picked":"Backstab","floor":11},{"not_picked":["Blade Dance","Escape Plan"],"picked":"Calculated Gamble","floor":12},{"not_picked":["Blade Dance","Quick Slash"],"picked":"Bouncing Flask","floor":13},{"not_picked":["Venomology","Unload"],"picked":"Adrenaline","floor":16},{"not_picked":["Flying Knee","Blade Dance"],"picked":"Deadly Poison","floor":18},{"not_picked":["Flechettes","Masterful Stab"],"picked":"Cloak And Dagger+1","floor":19},{"not_picked":["Skewer","Bane"],"picked":"Blade Dance","floor":21},{"not_picked":["Dodge and Roll","Storm of Steel"],"picked":"Escape Plan+1","floor":22},{"not_picked":["Dash","Flechettes","Flying Knee"],"picked":"SKIP","floor":24},{"not_picked":["Endless Agony+1","Bouncing Flask","Blade Dance+1"],"picked":"SKIP","floor":29},{"not_picked":["Concentrate","Flechettes","Setup"],"picked":"SKIP","floor":31}],"player_experience":1933077,"relics_obtained":[{"floor":7,"key":"Tough Bandages"},{"floor":9,"key":"PreservedInsect"},{"floor":11,"key":"Mummified Hand"},{"floor":13,"key":"Odd Mushroom"},{"floor":21,"key":"Red Mask"},{"floor":26,"key":"Ancient Tea Set"},{"floor":31,"key":"Bag of Preparation"}],"event_choices":[{"damage_healed":0,"gold_gain":0,"player_choice":"Lose Max HP","damage_taken":0,"relics_obtained":["Golden Idol"],"max_hp_gain":0,"max_hp_loss":6,"event_name":"Golden Idol","floor":5,"gold_loss":0},{"damage_healed":0,"gold_gain":0,"player_choice":"Fought Mushrooms","damage_taken":0,"max_hp_gain":0,"max_hp_loss":0,"event_name":"Mushrooms","floor":13,"gold_loss":0},{"damage_healed":0,"gold_gain":0,"player_choice":"Fought Bandits","damage_taken":0,"max_hp_gain":0,"max_hp_loss":0,"event_name":"Masked Bandits","floor":21,"gold_loss":0},{"damage_healed":0,"gold_gain":0,"player_choice":"Became a Ghost","damage_taken":0,"max_hp_gain":0,"max_hp_loss":33,"event_name":"Ghosts","floor":28,"gold_loss":0,"cards_obtained":["Ghostly","Ghostly","Ghostly"]}],"is_beta":false,"boss_relics":[{"not_picked":["Ectoplasm","Sozu"],"picked":"Philosopher\u0027s Stone"}],"items_purged_floors":[4],"is_endless":false,"potions_floor_spawned":[1,2,12,13,18,22,31],"killed_by":"Collector","ascension_level":20}}