{"host":"uhnh33uh34qot0et","time":1612487192,"event":{"mods":["BaseMod","Colored Map","Downfall","Hermit","Marisa????????","Minty Spire (QoL Compilation)","StSLib","The Bug Knight","The Cursed","The Servant 0.9.4"],"gold_per_floor":[119,68,68,68,68,100,100,110,110,136,151,166,48,82,82,82,82],"floor_reached":16,"language":"ENG","playtime":656,"items_purged":[],"score":143,"play_id":"4404245f-2cd5-4ee8-beed-c4136895fb9a","local_time":"20210205020632","is_ascension_mode":false,"campfire_choices":[{"data":"HollowMod:SoulStrike","floor":7,"key":"SMITH"},{"floor":15,"key":"REST"}],"circlet_count":0,"master_deck":["HollowMod:NailStrikeStart","HollowMod:NailStrikeStart","HollowMod:NailStrikeStart","HollowMod:NailStrikeStart","HollowMod:QuickDashStart","HollowMod:QuickDashStart","HollowMod:QuickDashStart","HollowMod:QuickDashStart","HollowMod:FocusHealStart","HollowMod:PogoStrike","HollowMod:SoulShaman","HollowMod:SharpenedNail","Shame","HollowMod:ElderbugsWisdom","HollowMod:SoulStrike+1","HollowMod:TaintedHusks","HollowMod:InfectedCysts","HollowMod:GoodIntentions","HollowMod:DescendingDark","HollowMod:GoodIntentions","Swift Strike","HollowMod:RecoilStrike"],"relics":["HollowMod:VesselMask","NeowsBlessing","Centennial Puzzle","Sundial","Peace Pipe","Anchor"],"acts_visited":["Exordium"],"potions_floor_usage":[14,14],"damage_taken":[{"damage":0,"enemies":"2 Louse","floor":1,"turns":1},{"damage":0,"enemies":"Lagavulin","floor":6,"turns":2},{"damage":0,"enemies":"Small Slimes","floor":8,"turns":1},{"damage":38,"enemies":"Gremlin Nob","floor":10,"turns":5},{"damage":6,"enemies":"Cultist","floor":11,"turns":3},{"damage":4,"enemies":"Gremlin Gang","floor":12,"turns":2},{"damage":15,"enemies":"3 Sentries","floor":14,"turns":5},{"damage":68,"enemies":"The Guardian","floor":16,"turns":14}],"seed_played":"-3317969367717415950","potions_obtained":[{"floor":1,"key":"SneckoOil"},{"floor":6,"key":"DuplicationPotion"},{"floor":11,"key":"Regen Potion"}],"is_trial":false,"path_per_floor":["M","$","?","?","?","E","R","M","T","E","M","M","$","E","R","B"],"character_chosen":"THE_BUGKNIGHT","items_purchased":["HollowMod:SharpenedNail","HollowMod:GoodIntentions","Swift Strike"],"campfire_rested":1,"item_purchase_floors":[2,13,13],"current_hp_per_floor":[75,75,80,80,80,80,80,80,80,42,36,32,32,32,56,0,0],"gold":82,"neow_bonus":"THREE_ENEMY_KILL","is_daily":false,"chose_seed":false,"campfire_upgraded":1,"win_rate":0.0,"timestamp":1612487192,"path_taken":["M","$","?","?","?","E","R","M","T","E","?","M","$","E","R","BOSS"],"items_purchased_type":["Card","Card","Card"],"build_version":"2020-12-22","purchased_purges":0,"victory":false,"max_hp_per_floor":[75,75,80,80,80,80,80,80,80,80,80,80,80,80,80,80,80],"card_choices":[{"not_picked":["HollowMod:CrystalDash","HollowMod:NewLittleFool"],"picked":"HollowMod:SoulShaman","floor":1},{"not_picked":["HollowMod:SoulSplash","HollowMod:ShadowDash"],"picked":"HollowMod:SoulStrike","floor":6},{"not_picked":["HollowMod:SoulShaman","HollowMod:CloakDash"],"picked":"HollowMod:TaintedHusks","floor":8},{"not_picked":["HollowMod:GrimmsGift","HollowMod:SharpenedNail"],"picked":"HollowMod:InfectedCysts","floor":10},{"not_picked":["HollowMod:VengefulVoid","HollowMod:CornifersMapStart"],"picked":"HollowMod:GoodIntentions","floor":11},{"not_picked":["HollowMod:CornifersMapStart","HollowMod:NewJinnsSoul"],"picked":"HollowMod:DescendingDark","floor":12},{"not_picked":["HollowMod:CloakDash","HollowMod:ChannelNail"],"picked":"HollowMod:RecoilStrike","floor":14}],"player_experience":7274,"relics_obtained":[{"floor":6,"key":"Centennial Puzzle"},{"floor":9,"key":"Sundial"},{"floor":10,"key":"Peace Pipe"},{"floor":14,"key":"Anchor"}],"event_choices":[{"damage_healed":0,"gold_gain":0,"player_choice":"Donut","damage_taken":0,"max_hp_gain":5,"max_hp_loss":0,"event_name":"Big Fish","floor":3,"gold_loss":0},{"damage_healed":0,"gold_gain":0,"player_choice":"Leave","damage_taken":0,"max_hp_gain":0,"max_hp_loss":0,"event_name":"The Cleric","floor":4,"gold_loss":0},{"damage_healed":0,"gold_gain":0,"player_choice":"2 cards matched","damage_taken":0,"max_hp_gain":0,"max_hp_loss":0,"event_name":"Match and Keep!","floor":5,"gold_loss":0,"cards_obtained":["Shame","HollowMod:ElderbugsWisdom"]}],"is_beta":false,"boss_relics":[],"items_purged_floors":[],"is_endless":false,"potions_floor_spawned":[1,6,11],"killed_by":"The Guardian","ascension_level":0}}