{"host":"e9u6h9e9dkzlniog","time":1612553327,"event":{"mods":["100% Spire Juice","BaseMod","Minty Spire (QoL Compilation)","StSLib","UnlockEverythingMod","[GremlinLeader]The Maniac","[功能]功能增强和修复MOD"],"gold_per_floor":[112,41,57,76,89,121,1,12,12,41,41,59,77,92,92,195,195,211,34,48,66,28,63,63,76,76,103,103,103,135,151,31,126,6,25,5,53,63,63,63,63,90,90,67,117,151,163,220,232,244,136,148,114,143,143],"floor_reached":56,"language":"ZHS","playtime":3770,"items_purged":["Moonworks:Strike","Moonworks:Strike","Moonworks:Strike","Moonworks:Defend","Moonworks:Defend","Moonworks:Strike","Moonworks:Assault","Moonworks:MiracleRedBeanIceCream"],"score":1700,"play_id":"452a551a-fe95-4b20-a7fc-dcf9f6186da4","local_time":"20210206032847","is_ascension_mode":false,"campfire_choices":[{"data":"Moonworks:RocketCannon","floor":7,"key":"SMITH"},{"data":"Moonworks:Encore","floor":15,"key":"SMITH"},{"data":"Moonworks:EvilSpyWorkPreparation","floor":24,"key":"SMITH"},{"data":"Moonworks:JonathanRush","floor":29,"key":"SMITH"},{"floor":32,"key":"RECALL"},{"data":"Moonworks:JonathanRush","floor":40,"key":"SMITH"},{"floor":49,"key":"DIG"},{"floor":52,"key":"DIG"}],"circlet_count":0,"master_deck":["Moonworks:Defend+1","Moonworks:Defend+1","Moonworks:Ambush+1","Moonworks:LongDistanceShot+1","Moonworks:RocketCannon+1","Moonworks:EvilSpyWorkPreparation+1","Moonworks:DeployBits+1","Moonworks:MiracleRedBeanIceCream+1","Moonworks:LuckyCharm+1","Moonworks:Encore+1","Moonworks:JonathanRush+1","Moonworks:EvilMastermind+1","Moonworks:BindingChains+1","Moonworks:TreasureThief+1","Moonworks:Flamethrower+1","Moonworks:JonathanRush+1","Moonworks:UnpaidWork+1","Moonworks:BackdoorTrade+1","Moonworks:EvilSpyWorkPreparation+1","Moonworks:ShieldCounter+1","Moonworks:MiracleWalker+1","Moonworks:Encore+1","Moonworks:RedAndBlue+1","Moonworks:JonathanRush+1","Moonworks:Dash+1","Moonworks:JonathanRush+1","Moonworks:StarBlastingFuse+1","Moonworks:EvilSpyWorkPreparation+1"],"relics":["Moonworks:SBBomb","Moonworks:Homemark","Torii","OrangePellets","Blood Vial","Toxic Egg 2","StoneCalendar","Nunchaku","Black Star","Gremlin Horn","Orichalcum","Membership Card","Ornamental Fan","Tiny Chest","Matryoshka","Omamori","Juzu Bracelet","Pear","Kunai","Whetstone","MealTicket","Akabeko","Shuriken","DollysMirror","Prayer Wheel","Vajra","Smiling Mask","War Paint","Anchor","Shovel","PreservedInsect","Bird Faced Urn","Incense Burner","MawBank","Potion Belt","Lantern","Bottled Flame","Ginger","Sundial","Strange Spoon","Oddly Smooth Stone","Strawberry"],"acts_visited":["Exordium","TheCity","TheBeyond","TheEnding"],"potions_floor_usage":[6,12,16,27,27,35,55,55,55,55,55],"damage_taken":[{"damage":0,"enemies":"Small Slimes","floor":1,"turns":3},{"damage":0,"enemies":"2 Louse","floor":3,"turns":2},{"damage":11,"enemies":"Jaw Worm","floor":4,"turns":2},{"damage":12,"enemies":"Exordium Thugs","floor":5,"turns":3},{"damage":0,"enemies":"Gremlin Nob","floor":6,"turns":2},{"damage":2,"enemies":"Blue Slaver","floor":8,"turns":3},{"damage":0,"enemies":"Lagavulin","floor":10,"turns":3},{"damage":0,"enemies":"Exordium Wildlife","floor":12,"turns":2},{"damage":14,"enemies":"3 Louse","floor":13,"turns":2},{"damage":0,"enemies":"Looter","floor":14,"turns":2},{"damage":22,"enemies":"Slime Boss","floor":16,"turns":5},{"damage":25,"enemies":"Shell Parasite","floor":18,"turns":4},{"damage":4,"enemies":"3 Byrds","floor":20,"turns":4},{"damage":1,"enemies":"Cultist and Chosen","floor":21,"turns":4},{"damage":17,"enemies":"Slavers","floor":23,"turns":4},{"damage":6,"enemies":"Centurion and Healer","floor":25,"turns":4},{"damage":0,"enemies":"Book of Stabbing","floor":27,"turns":4},{"damage":11,"enemies":"Slavers","floor":30,"turns":3},{"damage":0,"enemies":"Chosen and Byrds","floor":31,"turns":3},{"damage":10,"enemies":"Collector","floor":33,"turns":5},{"damage":27,"enemies":"3 Shapes","floor":35,"turns":3},{"damage":26,"enemies":"2 Orb Walkers","floor":37,"turns":3},{"damage":0,"enemies":"Orb Walker","floor":38,"turns":3},{"damage":0,"enemies":"Giant Head","floor":42,"turns":4},{"damage":8,"enemies":"Mind Bloom Boss Battle","floor":45,"turns":4},{"damage":0,"enemies":"Nemesis","floor":46,"turns":5},{"damage":1,"enemies":"Awakened One","floor":50,"turns":6},{"damage":21,"enemies":"Shield and Spear","floor":54,"turns":3},{"damage":53,"enemies":"The Heart","floor":55,"turns":5}],"seed_played":"4545696455789583226","potions_obtained":[{"floor":1,"key":"Explosive Potion"},{"floor":1,"key":"SteroidPotion"},{"floor":6,"key":"Fire Potion"},{"floor":6,"key":"LiquidBronze"},{"floor":10,"key":"Energy Potion"},{"floor":12,"key":"SkillPotion"},{"floor":13,"key":"LiquidMemories"},{"floor":16,"key":"SkillPotion"},{"floor":27,"key":"LiquidBronze"},{"floor":31,"key":"Moonworks:OneHundredPercentOrangeJuicePotion"},{"floor":42,"key":"LiquidBronze"},{"floor":54,"key":"CultistPotion"}],"is_trial":false,"path_per_floor":["M","$","M","M","M","E","R","M","T","E","?","M","M","M","R","B",null,"M","$","M","M","$","E","R","M","T","E","?","R","E","M","R","B",null,"M","$","?","M","?","R","T","E","T","$","?","E","?","T","R","B",null,"R","$","E","B",null],"character_chosen":"THE_STARBREAKER","items_purchased":["OrangePellets","Blood Vial","Moonworks:RocketCannon","Gremlin Horn","Orichalcum","Moonworks:TreasureThief+1","Membership Card","Ornamental Fan","Tiny Chest","Shuriken","DollysMirror","PreservedInsect","Bird Faced Urn","Ginger","Sundial","Strange Spoon","DuplicationPotion","SpeedPotion","LiquidBronze"],"campfire_rested":0,"item_purchase_floors":[2,2,2,19,19,19,22,22,22,36,36,44,44,53,53,53,53,53,53],"current_hp_per_floor":[42,42,44,35,25,32,32,37,37,49,24,31,19,26,26,16,60,40,40,48,59,59,48,48,44,54,56,56,56,52,59,59,56,70,43,58,39,41,41,41,41,52,52,67,62,70,70,70,70,69,70,70,70,56,12],"gold":143,"neow_bonus":"ONE_RARE_RELIC","is_daily":false,"chose_seed":false,"campfire_upgraded":5,"win_rate":0.0,"timestamp":1612553327,"path_taken":["M","$","M","M","M","E","R","M","T","E","?","M","M","M","R","BOSS","M","$","M","M","$","E","R","M","T","E","?","R","E","M","R","BOSS","M","$","?","M","?","R","?","E","T","?","?","E","?","?","R","BOSS","R","$","E","BOSS"],"items_purchased_type":["Relic","Relic","Card","Relic","Relic","Card","Relic","Relic","Relic","Relic","Relic","Relic","Relic","Relic","Relic","Relic","Potion","Potion","Potion"],"build_version":"2020-12-22","purchased_purges":8,"victory":true,"max_hp_per_floor":[60,60,60,60,60,60,60,60,60,60,60,60,60,60,60,60,60,60,60,60,60,60,60,60,60,70,70,70,70,70,70,70,70,70,70,70,70,70,70,70,70,70,70,70,70,70,70,70,70,70,70,70,70,77,77],"card_choices":[{"not_picked":["Moonworks:IndiscriminateFireSupport","Moonworks:ImOnFire"],"picked":"Moonworks:Assault","floor":1},{"not_picked":["Moonworks:ImmovableObject","Moonworks:IndiscriminateFireSupport"],"picked":"Moonworks:EvilSpyWorkPreparation","floor":3},{"not_picked":["Moonworks:ImOnFire","Moonworks:LulusLuckyEgg","Moonworks:IndiscriminateFireSupport"],"picked":"SKIP","floor":4},{"not_picked":["Moonworks:FinalSurgery","Moonworks:EvilSpyWorkPreparation"],"picked":"Moonworks:MiracleRedBeanIceCream","floor":5},{"not_picked":["Moonworks:ScrambledEve+1","Moonworks:DevilHand"],"picked":"Moonworks:DeployBits+1","floor":6},{"not_picked":["Moonworks:LulusLuckyEgg+1","Moonworks:SakisCookie+1"],"picked":"Moonworks:MiracleRedBeanIceCream+1","floor":8},{"not_picked":["Moonworks:Assault","Moonworks:Bloodlust+1"],"picked":"Moonworks:LuckyCharm+1","floor":10},{"not_picked":["Moonworks:FinalSurgery","Moonworks:SakisCookie+1"],"picked":"Moonworks:Encore","floor":12},{"not_picked":["Moonworks:ForcedRevival+1","Moonworks:ImOnFire+1"],"picked":"Moonworks:JonathanRush","floor":13},{"not_picked":["Moonworks:SelfDestruct","Moonworks:BigMagnum+1","Moonworks:SakisCookie+1"],"picked":"SKIP","floor":14},{"not_picked":["Moonworks:SinkOrSwim","Moonworks:CrystalBarrier"],"picked":"Moonworks:EvilMastermind+1","floor":16},{"not_picked":["Moonworks:BigMagnum+1","Moonworks:ImOnFire+1"],"picked":"Moonworks:BindingChains+1","floor":18},{"not_picked":["Moonworks:Assault+1","Moonworks:SakisCookie+1"],"picked":"Moonworks:Flamethrower+1","floor":20},{"not_picked":["Moonworks:Dinner+1","Moonworks:CastOff+1"],"picked":"Moonworks:JonathanRush","floor":21},{"not_picked":["Moonworks:NicePresent+1","Moonworks:LulusLuckyEgg+1"],"picked":"Moonworks:UnpaidWork+1","floor":23},{"not_picked":["Moonworks:SakisCookie+1","Moonworks:DeployBits+1"],"picked":"Moonworks:BackdoorTrade+1","floor":25},{"not_picked":["Moonworks:AngelHand+1","Moonworks:BigMagnum+1"],"picked":"Moonworks:LulusLuckyEgg+1","floor":27},{"not_picked":["Moonworks:ImOnFire+1","Moonworks:SakisCookie+1","Moonworks:SealedMemories+1"],"picked":"SKIP","floor":30},{"not_picked":["Moonworks:BigBangBell+1","Moonworks:CloudOfSeagulls"],"picked":"Moonworks:EvilSpyWorkPreparation+1","floor":31},{"not_picked":["Moonworks:ReflectiveShell","Moonworks:GoAway+1"],"picked":"Moonworks:ShieldCounter+1","floor":33},{"not_picked":["Moonworks:UnluckyCharm+1","Moonworks:EvilSpyWorkPreparation+1"],"picked":"Moonworks:MiracleWalker+1","floor":35},{"not_picked":["Moonworks:Assault","Moonworks:ForcedRevival+1"],"picked":"Moonworks:RedAndBlue+1","floor":37},{"not_picked":["Moonworks:IndiscriminateFireSupport","Moonworks:CloudOfSeagulls"],"picked":"Moonworks:JonathanRush+1","floor":38},{"not_picked":["Moonworks:Poppoformation+1","Moonworks:ImOnFire+1"],"picked":"Moonworks:Dash+1","floor":38},{"not_picked":["Moonworks:Flamethrower+1","Moonworks:Dinner+1"],"picked":"Moonworks:JonathanRush+1","floor":42},{"not_picked":["Moonworks:LulusLuckyEgg+1","Moonworks:Gamble"],"picked":"Moonworks:StarBlastingFuse+1","floor":46},{"not_picked":["Moonworks:ImOnFire+1","Moonworks:CloudOfSeagulls+1"],"picked":"Moonworks:EvilSpyWorkPreparation+1","floor":54}],"player_experience":127700,"relics_obtained":[{"floor":6,"key":"Toxic Egg 2"},{"floor":10,"key":"StoneCalendar"},{"floor":23,"key":"Matryoshka"},{"floor":23,"key":"Omamori"},{"floor":26,"key":"Juzu Bracelet"},{"floor":26,"key":"Pear"},{"floor":27,"key":"Kunai"},{"floor":27,"key":"Whetstone"},{"floor":30,"key":"MealTicket"},{"floor":30,"key":"Akabeko"},{"floor":37,"key":"Prayer Wheel"},{"floor":41,"key":"Vajra"},{"floor":41,"key":"Smiling Mask"},{"floor":42,"key":"War Paint"},{"floor":42,"key":"Anchor"},{"floor":43,"key":"Shovel"},{"floor":45,"key":"Incense Burner"},{"floor":46,"key":"MawBank"},{"floor":48,"key":"Potion Belt"},{"floor":49,"key":"Lantern"},{"floor":52,"key":"Bottled Flame"},{"floor":54,"key":"Oddly Smooth Stone"},{"floor":54,"key":"Strawberry"}],"event_choices":[{"damage_healed":0,"gold_gain":0,"player_choice":"Success","damage_taken":25,"relics_obtained":["Nunchaku"],"max_hp_gain":0,"max_hp_loss":0,"event_name":"Scrap Ooze","floor":11,"gold_loss":0},{"damage_healed":0,"gold_gain":0,"player_choice":"Ignored","damage_taken":0,"max_hp_gain":0,"max_hp_loss":0,"event_name":"Vampires","floor":28,"gold_loss":0},{"damage_healed":0,"gold_gain":0,"player_choice":"Fight","damage_taken":0,"max_hp_gain":0,"max_hp_loss":0,"event_name":"Mysterious Sphere","floor":37,"gold_loss":0},{"damage_healed":0,"gold_gain":0,"player_choice":"Bought 0 Potions","damage_taken":0,"max_hp_gain":0,"max_hp_loss":0,"event_name":"The Woman in Blue","floor":39,"gold_loss":0},{"damage_healed":0,"gold_gain":0,"player_choice":"Fight","damage_taken":0,"max_hp_gain":0,"max_hp_loss":0,"event_name":"MindBloom","floor":45,"gold_loss":0},{"cards_removed":["Moonworks:LulusLuckyEgg"],"damage_healed":0,"gold_gain":0,"player_choice":"Removed Skill","damage_taken":0,"max_hp_gain":0,"max_hp_loss":0,"event_name":"Falling","floor":47,"gold_loss":0}],"is_beta":false,"boss_relics":[{"not_picked":["Fusion Hammer","Astrolabe"],"picked":"Black Star"},{"not_picked":["SacredBark","Runic Dome"],"picked":"Moonworks:SBBomb"}],"items_purged_floors":[2,2,2,2,2,19,19,22],"is_endless":false,"potions_floor_spawned":[1,1,4,4,6,6,10,12,13,16,18,20,21,25,27,31,38,38,42,46,54],"ascension_level":0}}