{"host":"zi8hgkvmbjur1a9v","time":1612517364,"event":{"mods":["AchievementEnabler","AlwaysNeverKeys","Aspiration","BaseMod","BetterRewards","Colored Map","Colored Powertips","Conspire","Downfall","Energized Spire","Friendly Minions","Hubris","Infinite Spire","Minty Spire (QoL Compilation)","Permanent Neow","Quick Restart","Relic Filter","Replay The Spire","Shop Mod","StSLib"],"gold_per_floor":[99,118,118,136,586,586,665,678,678,433,444,429,87,106,118,214,214,214,225,25,92,164,164,187,312,12,105,162,193,193,227,245,368,368,368,415,264,276,315,392,392,447,447,469,511,534,534,545,560,560,560,632,439,439,490,490],"floor_reached":57,"language":"ENG","playtime":6553,"items_purged":["Injury","downfall:Icky","champ:DeathBlow+1"],"score":1335,"play_id":"967d465c-2d33-4b6f-9095-602fbc14a275","local_time":"20210205042924","is_ascension_mode":false,"campfire_choices":[{"data":"champ:Taunt","floor":1.0,"key":"SMITH"},{"data":"champ:DeathBlow","floor":6.0,"key":"SMITH"},{"data":"champ:DeathBlow","floor":9.0,"key":"SMITH"},{"data":"champ:StanceDance","floor":18.0,"key":"SMITH"},{"floor":23.0,"key":"REST"},{"floor":26.0,"key":"REST"},{"data":"champ:Lariat","floor":35.0,"key":"SMITH"},{"data":"champ:ArenaPreparation","floor":43,"key":"SMITH"},{"floor":54,"key":"REST"}],"circlet_count":0,"master_deck":["champ:Strike","champ:Strike","champ:Strike","champ:Defend","champ:Defend","champ:Defend","champ:Execute","champ:Taunt+1","champ:DeathBlow+1","downfall:Icky","downfall:Icky","champ:IronFortress+1","champ:MurderStrike","champ:Endure","champ:EndlessRage+1","champ:StanceDance+1","expansioncontent:StudyTheSpire+1","champ:Endure","champ:DancingMaster+1","champ:Lariat+1","conspire:SpireCoStock","conspire:SpireCoStock","conspire:SpireCoStock","conspire:SpireCoStock","champ:FlashCut","champ:GladiatorStyle+1","champ:SteelEdge","champ:FaceSlap","J.A.X.","champ:LastStand+1","champ:StanceDance","champ:Lariat+1","champ:FalseCounter","Delirium","champ:TornadoPunch+1","champ:FaceSlap","champ:ShieldThrow","CurseOfTheBell","champ:ArenaPreparation+1","champ:Encircle+1","champ:IgnorePain","champ:ArenaPreparation+1","champ:ShieldWall+1","champ:FanOfKnives+1","champ:GladiatorForm+1","champ:TornadoPunch+1","champ:StrikeOfGenius+1","champ:VampiricStrike","expansioncontent:QuickStudy","expansioncontent:AwakenDeath+1"],"relics":["hubris:RunicObelisk","Frozen Egg 2","Replay:Ringing Soul","MerchantsRug","aspiration:ChemicalBlood","Honey Jar","Ancient Tea Set","MutagenicStrength","downfall:HeartBlessingGreen","downfall:HeartBlessingBlue","downfall:HeartBlessingRed","Bag of Marbles","Ring of Hypnosis","ReplayTheSpireMod:Ring of Addiction","hubris:EmptyBottle","Bag of Preparation","Eternal Feather","Ginger","Membership Card","hubris:GlazedTorus","Replay:Towering Pillar of Hats","hubris:TinFlute","Smiling Mask","infinitespire:CheckeredPen"],"acts_visited":[],"potions_floor_usage":[45,46,48,49,49,49,50,50,50,50,50,50,50,50,50,52,52,55,55,55,55,55,55,55,55,55,55,55,55,56,56,56,56],"damage_taken":[{"damage":10.0,"enemies":"Cultist","floor":2.0,"turns":4.0},{"damage":5.0,"enemies":"2 Louse","floor":4.0,"turns":2.0},{"damage":31.0,"enemies":"Jaw Worm","floor":8.0,"turns":4.0},{"damage":55.0,"enemies":"downfall:FleeingMerchant","floor":10.0,"turns":4.0},{"damage":34.0,"enemies":"Exordium Wildlife","floor":11.0,"turns":3.0},{"damage":25.0,"enemies":"downfall:FleeingMerchant","floor":12.0,"turns":4.0},{"damage":42.0,"enemies":"downfall:FleeingMerchant","floor":13.0,"turns":4.0},{"damage":6.0,"enemies":"3 Louse","floor":14.0,"turns":2.0},{"damage":11.0,"enemies":"2 Fungi Beasts","floor":15.0,"turns":4.0},{"damage":48.0,"enemies":"IC_STATUS_ARCHETYPE","floor":16.0,"turns":5.0},{"damage":64.0,"enemies":"Spheric Guardian","floor":19.0,"turns":6.0},{"damage":82.0,"enemies":"Shell Parasite","floor":21.0,"turns":8.0},{"damage":73.0,"enemies":"3 Cultists","floor":22.0,"turns":7.0},{"damage":77.0,"enemies":"downfall:Augmenter","floor":25.0,"turns":8.0},{"damage":72.0,"enemies":"conspire:MimicChest","floor":27.0,"turns":8.0},{"damage":14.0,"enemies":"Cultist and Chosen","floor":28.0,"turns":4.0},{"damage":14.0,"enemies":"Snecko","floor":29.0,"turns":5.0},{"damage":0.0,"enemies":"Snake Plant","floor":31.0,"turns":1.0},{"damage":5.0,"enemies":"Centurion and Healer","floor":32.0,"turns":1.0},{"damage":30.0,"enemies":"SI_MIRROR_ARCHETYPE","floor":33.0,"turns":7.0},{"damage":33.0,"enemies":"Orb Walker","floor":36.0,"turns":4.0},{"damage":73.0,"enemies":"downfall:FleeingMerchant","floor":37.0,"turns":4.0},{"damage":67.0,"enemies":"3 Darklings","floor":38.0,"turns":5.0},{"damage":59.0,"enemies":"Jaw Worm Horde","floor":39.0,"turns":5.0},{"damage":83.0,"enemies":"Jaw Worm Horde","floor":40.0,"turns":8.0},{"damage":61.0,"enemies":"Giant Head","floor":42.0,"turns":6.0},{"damage":5,"enemies":"Sphere and 2 Shapes","floor":44,"turns":3},{"damage":95,"enemies":"R_Hoarder","floor":45,"turns":5},{"damage":23,"enemies":"3 Darklings","floor":46,"turns":2},{"damage":85,"enemies":"Writhing Mass","floor":48,"turns":4},{"damage":41,"enemies":"Sphere and 2 Shapes","floor":49,"turns":4},{"damage":68,"enemies":"WA_ARCHETYPE_DIVINITY","floor":50,"turns":5},{"damage":193,"enemies":"downfall:CharBossMerchant","floor":52,"turns":8},{"damage":100,"enemies":"downfall:NeowBoss","floor":55,"turns":8},{"damage":187,"enemies":"downfall:NeowBossFinal","floor":56,"turns":9}],"seed_played":"-8196196763810767671","potions_obtained":[{"floor":4.0,"key":"Cursed Concoction"},{"floor":8.0,"key":"SpeedPotion"},{"floor":11.0,"key":"BlessingOfTheForge"},{"floor":19.0,"key":"Fruit Juice"},{"floor":25.0,"key":"EssenceOfSteel"},{"floor":27.0,"key":"Languid Potion"},{"floor":29.0,"key":"FearPotion"},{"floor":30.0,"key":"champ:OpenerPotion"},{"floor":30.0,"key":"DistilledChaos"},{"floor":30.0,"key":"Guardian:BlockOnCardUsePotion"},{"floor":31.0,"key":"Block Potion"},{"floor":38.0,"key":"DuplicationPotion"},{"floor":42.0,"key":"Elixir"},{"floor":44,"key":"Adrenaline Potion"},{"floor":45,"key":"DistilledChaos"},{"floor":45,"key":"champ:CounterPotion"},{"floor":48,"key":"DuplicationPotion"},{"floor":52,"key":"Adrenaline Potion"}],"is_trial":false,"path_per_floor":["R","M","?","M","?","R","T","M","R","$","M","$","$","M","M","B",null,"R","M","?","M","M","R","T","?","R","?","M","M","?","M","M","B",null,"R","M","$","M","M","?","T","E","R","M","E","M","?","M","M","B",null,"E","$","R","B","B",null],"character_chosen":"THE_CHAMP","items_purchased":["MerchantsRug","aspiration:ChemicalBlood","expansioncontent:StudyTheSpire","Membership Card","expansioncontent:QuickStudy","expansioncontent:AwakenDeath"],"campfire_rested":3,"item_purchase_floors":[10,13,13,37,53,53],"current_hp_per_floor":[90,90,90,85,85,85,85,77,77,80,74,77,68,65,64,44,111,111,95,98,74,40,78,78,21,73,15,12,12,15,18,21,9,165,165,160,160,126,85,82,82,94,118,116,104,104,104,82,64,66,195,77,80,169,174,77],"gold":490,"neow_bonus":"BOSS_RELIC","is_daily":false,"chose_seed":false,"campfire_upgraded":6,"win_rate":0.0,"timestamp":1612517364,"path_taken":["R","M","?","M","?","R","T","M","R","$","M","?","$","M","M","BOSS","R","M","?","M","M","R","T","?","R","?","M","M","?","?","M","BOSS","R","M","$","M","M","?","T","E","R","M","E","M","?","M","M","BOSS","E","$","R","BOSS","BOSS"],"items_purchased_type":["Relic","Relic","Card","Relic","Card","Card"],"build_version":"2020-12-22","purchased_purges":3,"victory":true,"max_hp_per_floor":[90,90,90,90,90,90,90,93,93,96,99,102,105,108,108,111,111,111,119,122,125,128,128,128,131,141,144,147,150,153,156,159,162,165,165,168,171,174,177,177,177,180,180,183,186,189,189,192,195,195,195,195,198,198,198,198],"card_choices":[{"not_picked":["champ:StanceDance","champ:PreciseThrust"],"picked":"champ:DeathBlow","floor":2.0},{"not_picked":["champ:PreciseThrust","champ:AdrenalArmor"],"picked":"champ:DeathBlow","floor":4.0},{"not_picked":["champ:Backstep","champ:BerserkersShout"],"picked":"champ:IronFortress+1","floor":8.0},{"not_picked":["champ:Haymaker","champ:HeartStrike"],"picked":"champ:MurderStrike","floor":10.0},{"not_picked":["champ:SetATrap","champ:FalseCounter"],"picked":"champ:Endure","floor":11.0},{"not_picked":["champ:BladeFlurry","champ:Circumvent"],"picked":"champ:EndlessRage+1","floor":12.0},{"not_picked":["champ:BladeFlurry","champ:PreemptiveStrike"],"picked":"champ:StanceDance","floor":13.0},{"not_picked":["champ:AdrenalArmor","champ:GutPunch"],"picked":"champ:Endure","floor":14.0},{"not_picked":["champ:AdrenalArmor","champ:EnGarde","champ:BladeFlurry"],"picked":"SKIP","floor":15.0},{"not_picked":["champ:TripleStrike","champ:HeavySlash"],"picked":"champ:DancingMaster+1","floor":16.0},{"not_picked":["champ:EnGarde","champ:PreciseThrust","champ:PreemptiveStrike"],"picked":"champ:Lariat+1","floor":19.0},{"not_picked":["champ:FancyFootwork","champ:PreciseThrust","champ:AdrenalArmor"],"picked":"champ:FlashCut","floor":21.0},{"not_picked":["champ:BringItOn","champ:Backstep+1","champ:HeartStrike"],"picked":"champ:GladiatorStyle+1","floor":22.0},{"not_picked":[],"picked":"J.A.X.","floor":25.0},{"not_picked":["champ:FlashCut","champ:FanOfKnives","champ:ShieldWall+1"],"picked":"champ:LastStand+1","floor":25.0},{"not_picked":["champ:Circumvent+1","champ:Duel","champ:BladeFlurry"],"picked":"champ:StanceDance","floor":27.0},{"not_picked":["champ:DefensiveShout","champ:AdrenalArmor+1","champ:RapidStrikes"],"picked":"champ:Lariat","floor":28.0},{"not_picked":["champ:RecklessLeap","champ:Lariat","champ:AdrenalArmor"],"picked":"champ:FalseCounter","floor":29.0},{"not_picked":["champ:BladeFlurry","champ:AdrenalArmor","champ:SetATrap+1"],"picked":"champ:TornadoPunch+1","floor":31.0},{"not_picked":["champ:PreemptiveStrike","champ:BerserkersShout","champ:GutPunch"],"picked":"champ:FaceSlap","floor":32.0},{"not_picked":["champ:CheapShot","champ:SwordThrow","champ:MurderStrike"],"picked":"champ:ShieldThrow","floor":33.0},{"not_picked":["champ:PerfectedStrike+1","champ:AdrenalArmor","champ:TornadoPunch"],"picked":"champ:ArenaPreparation","floor":36.0},{"not_picked":["champ:FocusedDefense","champ:RecklessLeap","champ:BringItOn"],"picked":"champ:Encircle+1","floor":37.0},{"not_picked":["champ:PerfectedStrike","champ:Circumvent+1","champ:PreemptiveStrike"],"picked":"champ:IgnorePain","floor":38.0},{"not_picked":["champ:ShieldSlam","champ:EnGarde+1","champ:RisingSlash"],"picked":"champ:ArenaPreparation+1","floor":39.0},{"not_picked":["champ:FocusedDefense+1","champ:BerserkersShout","champ:FancyFootwork"],"picked":"champ:ShieldWall+1","floor":42.0},{"not_picked":["champ:EndlessRage+1","champ:TornadoPunch+1","champ:RapidStrikes"],"picked":"champ:FanOfKnives+1","floor":44},{"not_picked":["champ:Circumvent+1","champ:RecklessLeap","champ:BerserkersShout+1"],"picked":"champ:GladiatorForm+1","floor":45},{"not_picked":["champ:Circumvent","champ:RecklessLeap","champ:StanceDance"],"picked":"champ:TornadoPunch+1","floor":46},{"not_picked":["champ:TornadoPunch+1","champ:EnGarde+1","champ:FocusedDefense"],"picked":"champ:StrikeOfGenius+1","floor":48},{"not_picked":["champ:Circumvent+1","champ:Haymaker","champ:FlashCut+1"],"picked":"champ:VampiricStrike","floor":49},{"not_picked":["champ:DeathBlow","champ:EnGarde","champ:GutPunch+1","champ:FalseCounter"],"picked":"SKIP","floor":52}],"player_experience":610569,"relics_obtained":[{"floor":7.0,"key":"Replay:Ringing Soul"},{"floor":24.0,"key":"Ancient Tea Set"},{"floor":25.0,"key":"MutagenicStrength"},{"floor":27.0,"key":"Bag of Marbles"},{"floor":30.0,"key":"Ring of Hypnosis"},{"floor":30.0,"key":"ReplayTheSpireMod:Ring of Addiction"},{"floor":30.0,"key":"hubris:EmptyBottle"},{"floor":30.0,"key":"Potion Belt"},{"floor":34.0,"key":"Bag of Preparation"},{"floor":34.0,"key":"Eternal Feather"},{"floor":34.0,"key":"Ginger"},{"floor":40.0,"key":"hubris:GlazedTorus"},{"floor":41.0,"key":"Replay:Towering Pillar of Hats"},{"floor":42.0,"key":"hubris:TinFlute"},{"floor":45,"key":"Smiling Mask"},{"floor":52,"key":"infinitespire:CheckeredPen"}],"event_choices":[{"damage_healed":0.0,"max_hp_gain":0.0,"max_hp_loss":0.0,"gold_gain":0.0,"event_name":"conspire:Investor","player_choice":"Invest 4","floor":20.0,"gold_loss":0.0,"damage_taken":0.0}],"is_beta":false,"boss_relics":[{"not_picked":["aspiration:FutureDiary","conspire:RoyalGoblet"],"picked":"Honey Jar"},{"not_picked":["energizedSpire:MagnifyingGlass","hubris:BlackHole"],"picked":"Calling Bell"}],"items_purged_floors":[10,37,53],"is_endless":false,"potions_floor_spawned":[4,8,11,19,27,29,31,38,42,44,45,48,49,52],"ascension_level":0}}