{"host":"qksa0nge77ubun9a","time":1612568265,"event":{"mods":["AchievementEnabler","BaseMod","Colored Map","Colored Powertips","Googly Eyes","Highlight Path","Minty Spire (QoL Compilation)","Quick Restart","StSLib"],"gold_per_floor":[117,292,292,304,316,316,330,363,413,413,443,454,468,448,448,548,548,565,576,593,134,233,233,233,233],"floor_reached":24,"language":"ENG","playtime":2751,"items_purged":["Decay"],"score":302,"play_id":"03a0cd26-0441-4cc9-8edc-bcf7a9ea7326","local_time":"20210205153745","is_ascension_mode":true,"campfire_choices":[{"data":"True Grit","floor":6.0,"key":"SMITH"},{"floor":10.0,"key":"REST"},{"data":"Havoc","floor":15.0,"key":"SMITH"},{"floor":23,"key":"REST"}],"circlet_count":0,"master_deck":["Strike_R","Strike_R","Strike_R","Strike_R","Strike_R","Defend_R+1","Defend_R+1","Defend_R","Bash","Dark Embrace","Feel No Pain","Doubt","Iron Wave","True Grit+1","Disarm","Flex","Reckless Charge","Havoc+1","Rampage","Demon Form","Dropkick+1","Body Slam","Sword Boomerang","Apotheosis","Metallicize"],"relics":["Burning Blood","HornCleat","War Paint","Boot","Cursed Key","Frozen Eye"],"acts_visited":["TheCity"],"potions_floor_usage":[20],"damage_taken":[{"damage":18.0,"enemies":"Jaw Worm","floor":1.0,"turns":4.0},{"damage":13.0,"enemies":"Cultist","floor":4.0,"turns":4.0},{"damage":0.0,"enemies":"Small Slimes","floor":5.0,"turns":3.0},{"damage":15.0,"enemies":"3 Louse","floor":7.0,"turns":5.0},{"damage":30.0,"enemies":"Gremlin Nob","floor":8.0,"turns":5.0},{"damage":26.0,"enemies":"Lagavulin","floor":11.0,"turns":11.0},{"damage":21.0,"enemies":"Exordium Wildlife","floor":12.0,"turns":8.0},{"damage":2.0,"enemies":"Looter","floor":13.0,"turns":3.0},{"damage":16.0,"enemies":"The Guardian","floor":16.0,"turns":13.0},{"damage":40.0,"enemies":"Spheric Guardian","floor":18.0,"turns":6.0},{"damage":12.0,"enemies":"3 Byrds","floor":19.0,"turns":6.0},{"damage":36,"enemies":"Centurion and Healer","floor":20,"turns":6},{"damage":26,"enemies":"Slavers","floor":24,"turns":3}],"seed_played":"7917755593863154832","potions_obtained":[{"floor":1.0,"key":"Strength Potion"},{"floor":7.0,"key":"Fire Potion"},{"floor":8.0,"key":"AttackPotion"},{"floor":11.0,"key":"Ancient Potion"},{"floor":12.0,"key":"BlessingOfTheForge"},{"floor":14.0,"key":"Fruit Juice"},{"floor":19.0,"key":"Regen Potion"}],"is_trial":false,"path_per_floor":["M","?","?","M","M","R","M","E","T","R","E","M","M","?","R","B",null,"M","M","M","$","?","R","E"],"character_chosen":"IRONCLAD","items_purchased":["Frozen Eye","Apotheosis","Metallicize"],"campfire_rested":2,"item_purchase_floors":[21,21,21],"current_hp_per_floor":[60,60,60,53,59,59,50,26,26,50,30,15,19,24,24,14,67,33,27,12,12,12,37,11,11],"gold":233,"neow_bonus":"TRANSFORM_CARD","is_daily":false,"chose_seed":false,"campfire_upgraded":2,"win_rate":0.0,"timestamp":1612568265,"path_taken":["M","?","?","M","M","R","?","E","T","R","E","M","M","?","R","BOSS","M","?","M","$","?","R","E"],"items_purchased_type":["Relic","Card","Card"],"build_version":"2020-12-22","purchased_purges":1,"victory":false,"max_hp_per_floor":[80,80,80,80,80,80,80,80,80,80,80,80,80,85,85,85,85,85,85,85,85,85,85,85,85],"card_choices":[{"not_picked":["Power Through","Heavy Blade"],"picked":"Feel No Pain","floor":1.0},{"not_picked":["Blood for Blood","Hemokinesis"],"picked":"Iron Wave","floor":4.0},{"not_picked":["Thunderclap","Feel No Pain"],"picked":"True Grit","floor":5.0},{"not_picked":["Anger","Perfected Strike"],"picked":"Disarm","floor":7.0},{"not_picked":["Cleave","Anger"],"picked":"Flex","floor":8.0},{"not_picked":["Heavy Blade","Carnage"],"picked":"Reckless Charge","floor":11.0},{"not_picked":["Spot Weakness","Clash"],"picked":"Havoc","floor":12.0},{"not_picked":["Impervious","Anger"],"picked":"Rampage","floor":13.0},{"not_picked":["Bludgeon","Limit Break"],"picked":"Demon Form","floor":16.0},{"not_picked":["Sever Soul","Iron Wave"],"picked":"Dropkick+1","floor":18.0},{"not_picked":["Clothesline","Havoc"],"picked":"Body Slam","floor":19.0},{"not_picked":["Iron Wave","Clash"],"picked":"Sword Boomerang","floor":20}],"player_experience":1332778,"relics_obtained":[{"floor":8.0,"key":"HornCleat"},{"floor":9.0,"key":"War Paint"},{"floor":11.0,"key":"Boot"}],"event_choices":[{"damage_healed":0.0,"max_hp_gain":0.0,"max_hp_loss":0.0,"gold_gain":175.0,"event_name":"Liars Game","player_choice":"AGREE","floor":2.0,"gold_loss":0.0,"damage_taken":0.0,"cards_obtained":["Doubt"]},{"damage_healed":0.0,"max_hp_gain":0.0,"max_hp_loss":0.0,"gold_gain":0.0,"event_name":"Wheel of Change","player_choice":"Cursed","floor":3.0,"gold_loss":0.0,"damage_taken":0.0,"cards_obtained":["Decay"]},{"damage_healed":0.0,"max_hp_gain":0.0,"max_hp_loss":0.0,"gold_gain":0.0,"event_name":"The Woman in Blue","player_choice":"Bought 1 Potion","floor":14.0,"gold_loss":0.0,"damage_taken":0.0},{"damage_healed":0,"gold_gain":99,"player_choice":"Stole From Cult","damage_taken":0,"max_hp_gain":0,"max_hp_loss":0,"event_name":"Nest","floor":22,"gold_loss":0}],"is_beta":false,"boss_relics":[{"not_picked":["Coffee Dripper","Runic Pyramid"],"picked":"Cursed Key"}],"items_purged_floors":[21],"is_endless":false,"potions_floor_spawned":[1,7,8,11,12,19],"killed_by":"Slavers","ascension_level":9}}