{"host":"v41r765ix9n0d8n3","time":1612543979,"event":{"mods":["BaseMod","Colored Powertips","Hermit","Minty Spire (QoL Compilation)","Shop Mod","StSLib","The Bug Knight","The Cursed","The Druid","The Wild Card"],"gold_per_floor":[109,121,196,212,212,245,245,272,272,16,16,16,41,59,59,178,178,196,212,228,251,269,269,307,307,307,347,347,19,38,38,38,166,229,253,274,10,10,25,65,85,101,177,177,216,216,216,237,237,237],"floor_reached":51,"language":"ENG","playtime":6655,"items_purged":["Regret"],"score":884,"play_id":"f1a7ef07-c1c6-4ba5-b1ac-4d35e3ef5027","local_time":"20210205175259","is_ascension_mode":false,"campfire_choices":[{"floor":7,"key":"REST"},{"floor":12,"key":"REST"},{"data":"After Image","floor":15,"key":"SMITH"},{"data":"Infinite Blades","floor":23,"key":"SMITH"},{"data":"Noxious Fumes","floor":25,"key":"SMITH"},{"floor":32,"key":"RECALL"},{"data":"Well Laid Plans","floor":47,"key":"SMITH"},{"data":"Acrobatics","floor":49,"key":"SMITH"}],"circlet_count":0,"master_deck":["Strike_G","Strike_G","Strike_G","Strike_G","Defend_G","Defend_G","Defend_G+1","Defend_G","Defend_G+1","Survivor+1","Neutralize","Quick Slash","Heel Hook","Sucker Punch","Acrobatics+1","Infinite Blades+1","After Image+1","Catalyst+1","Deflect+1","Backflip+1","Corpse Explosion+1","Prepared+1","Deadly Poison+1","Backflip+1","Accuracy+1","Burst+1","Noxious Fumes+1","Slice","Ghostly+1","Ghostly+1","Ghostly+1","Ghostly+1","Ghostly+1","Deflect+1","Terror+1","Doppelganger+1","Deadly Poison+1","Deadly Poison+1","Cloak And Dagger+1","Dash","Calculated Gamble+1","Metamorphosis+1","Secret Weapon+1","Crippling Poison+1","Dagger Throw","Tactician+1","Cloak And Dagger+1","Well Laid Plans+1","Catalyst+1","Prepared+1"],"relics":["Ring of the Snake","Bird Faced Urn","Tingsha","Toxic Egg 2","Tough Bandages","Golden Idol","Sozu","HollowMod:LifeEnderRelic","Eternal Feather","Akabeko","TwistedFunnel","Strawberry","Tiny House","War Paint","Mango","Bottled Tornado","Boot"],"acts_visited":["Exordium","TheCity","TheBeyond"],"potions_floor_usage":[8,19],"damage_taken":[{"damage":2,"enemies":"Jaw Worm","floor":1,"turns":4},{"damage":0,"enemies":"2 Louse","floor":2,"turns":3},{"damage":1,"enemies":"Cultist","floor":4,"turns":3},{"damage":47,"enemies":"3 Sentries","floor":6,"turns":11},{"damage":28,"enemies":"Gremlin Nob","floor":8,"turns":5},{"damage":2,"enemies":"2 Fungi Beasts","floor":13,"turns":3},{"damage":0,"enemies":"Large Slime","floor":14,"turns":6},{"damage":23,"enemies":"Slime Boss","floor":16,"turns":17},{"damage":7,"enemies":"Chosen","floor":18,"turns":5},{"damage":6,"enemies":"3 Byrds","floor":19,"turns":2},{"damage":6,"enemies":"Centurion and Healer","floor":20,"turns":5},{"damage":18,"enemies":"Cultist and Chosen","floor":21,"turns":5},{"damage":1,"enemies":"3 Cultists","floor":22,"turns":3},{"damage":0,"enemies":"HollowMod:Nosk","floor":24,"turns":6},{"damage":0,"enemies":"Book of Stabbing","floor":27,"turns":5},{"damage":4,"enemies":"Snecko","floor":30,"turns":3},{"damage":11,"enemies":"Collector","floor":33,"turns":6},{"damage":9,"enemies":"3 Darklings","floor":35,"turns":2},{"damage":0,"enemies":"Orb Walker","floor":36,"turns":3},{"damage":0,"enemies":"Sphere and 2 Shapes","floor":39,"turns":4},{"damage":0,"enemies":"Giant Head","floor":40,"turns":7},{"damage":11,"enemies":"Maw","floor":41,"turns":6},{"damage":0,"enemies":"Jaw Worm Horde","floor":42,"turns":2},{"damage":26,"enemies":"Reptomancer","floor":45,"turns":5},{"damage":0,"enemies":"Sphere and 2 Shapes","floor":48,"turns":4},{"damage":6,"enemies":"Awakened One","floor":50,"turns":9}],"seed_played":"-3394798116752417363","potions_obtained":[{"floor":2,"key":"FairyPotion"},{"floor":4,"key":"FairyPotion"},{"floor":6,"key":"DistilledChaos"},{"floor":16,"key":"Explosive Potion"}],"is_trial":false,"path_per_floor":["M","M","?","M","?","E","R","E","T","$","?","R","M","M","R","B",null,"M","M","M","M","M","R","E","R","T","E","?","$","M","?","R","B",null,"M","M","$","?","M","E","M","M","T","?","E","?","R","M","R","B",null],"character_chosen":"THE_SILENT","items_purchased":["After Image","Catalyst+1","TwistedFunnel","Strawberry","Deflect+1","War Paint","Dash","Calculated Gamble+1"],"campfire_rested":2,"item_purchase_floors":[10,10,29,29,29,37,37,37],"current_hp_per_floor":[75,75,64,63,63,16,39,11,11,11,11,34,36,40,40,21,77,70,66,64,50,53,53,59,59,59,67,38,45,41,41,45,36,50,41,47,47,42,48,64,53,59,59,59,35,35,62,64,64,60],"gold":237,"neow_bonus":"TEN_PERCENT_HP_BONUS","is_daily":false,"chose_seed":false,"campfire_upgraded":5,"win_rate":0.0,"timestamp":1612543979,"path_taken":["M","M","?","M","?","E","R","E","T","?","?","R","?","M","R","BOSS","M","?","M","M","M","R","E","R","T","E","?","$","M","?","R","BOSS","M","M","?","?","M","E","M","M","T","?","E","?","R","?","R","BOSS"],"items_purchased_type":["Card","Card","Relic","Relic","Card","Relic","Card","Card"],"build_version":"2020-12-22","purchased_purges":1,"victory":true,"max_hp_per_floor":[77,77,77,77,77,77,77,77,77,77,77,77,77,77,77,77,77,77,77,77,77,77,77,77,77,77,77,38,45,45,45,45,45,50,50,50,50,50,50,64,64,64,64,64,64,64,64,64,64,64],"card_choices":[{"not_picked":["Underhanded Strike","Choke"],"picked":"Quick Slash","floor":1},{"not_picked":["Well Laid Plans","Concentrate"],"picked":"Heel Hook","floor":2},{"not_picked":["Flechettes","Slice"],"picked":"Sucker Punch","floor":4},{"not_picked":["Tactician","Dagger Spray"],"picked":"Acrobatics","floor":6},{"not_picked":["Dagger Throw","Quick Slash"],"picked":"Infinite Blades","floor":8},{"not_picked":["Expertise+1","Slice"],"picked":"Deflect+1","floor":13},{"not_picked":["Infinite Blades","Well Laid Plans"],"picked":"Backflip+1","floor":14},{"not_picked":["Doppelganger+1","Envenom"],"picked":"Corpse Explosion+1","floor":16},{"not_picked":["Cloak And Dagger+1","Dagger Spray+1"],"picked":"Prepared+1","floor":18},{"not_picked":["Bane","Quick Slash"],"picked":"Deadly Poison+1","floor":19},{"not_picked":["Deflect+1","Finisher"],"picked":"Backflip+1","floor":20},{"not_picked":["Dagger Spray+1","Quick Slash"],"picked":"Accuracy+1","floor":21},{"not_picked":["Slice","Accuracy"],"picked":"Burst+1","floor":22},{"not_picked":["Dagger Spray","Heel Hook+1"],"picked":"Noxious Fumes","floor":24},{"not_picked":["Backflip+1","Malaise+1"],"picked":"Slice","floor":27},{"not_picked":["Slice","Prepared+1"],"picked":"Terror+1","floor":30},{"not_picked":["Corpse Explosion+1","Glass Knife"],"picked":"Doppelganger+1","floor":33},{"not_picked":["Slice","Prepared+1"],"picked":"Deadly Poison+1","floor":34},{"not_picked":["Bane+1","Sucker Punch"],"picked":"Deadly Poison+1","floor":35},{"not_picked":["Finisher","Flechettes+1"],"picked":"Cloak And Dagger+1","floor":36},{"not_picked":["Dark Shackles+1","Panacea+1"],"picked":"Metamorphosis+1","floor":38},{"not_picked":["Dark Shackles+1","Secret Technique+1"],"picked":"Secret Weapon+1","floor":38},{"not_picked":["Slice+1","PiercingWail+1"],"picked":"Crippling Poison+1","floor":39},{"not_picked":["Distraction+1","Outmaneuver+1"],"picked":"Dagger Throw","floor":40},{"not_picked":["Dodge and Roll+1","Deadly Poison+1"],"picked":"Tactician+1","floor":41},{"not_picked":["Dodge and Roll+1","Dagger Spray"],"picked":"Cloak And Dagger+1","floor":42},{"not_picked":["Skewer+1","Unload"],"picked":"Well Laid Plans","floor":45},{"not_picked":["Underhanded Strike","Dagger Spray+1"],"picked":"Prepared+1","floor":48}],"player_experience":530124,"relics_obtained":[{"floor":6,"key":"Tingsha"},{"floor":8,"key":"Toxic Egg 2"},{"floor":9,"key":"Tough Bandages"},{"floor":24,"key":"HollowMod:LifeEnderRelic"},{"floor":26,"key":"Eternal Feather"},{"floor":27,"key":"Akabeko"},{"floor":40,"key":"Mango"},{"floor":43,"key":"Bottled Tornado"},{"floor":45,"key":"Boot"}],"event_choices":[{"damage_healed":0,"gold_gain":75,"player_choice":"Gather Gold","damage_taken":11,"max_hp_gain":0,"max_hp_loss":0,"event_name":"World of Goop","floor":3,"gold_loss":0},{"damage_healed":0,"gold_gain":0,"player_choice":"Box","damage_taken":0,"relics_obtained":["Bird Faced Urn"],"max_hp_gain":0,"max_hp_loss":0,"event_name":"Big Fish","floor":5,"gold_loss":0,"cards_obtained":["Regret"]},{"damage_healed":0,"gold_gain":0,"player_choice":"Take Wound","damage_taken":0,"relics_obtained":["Golden Idol"],"max_hp_gain":0,"max_hp_loss":0,"event_name":"Golden Idol","floor":11,"gold_loss":0,"cards_obtained":["Injury"]},{"damage_healed":0,"gold_gain":0,"player_choice":"Became a Ghost","damage_taken":0,"max_hp_gain":0,"max_hp_loss":39,"event_name":"Ghosts","floor":28,"gold_loss":0,"cards_obtained":["Ghostly","Ghostly","Ghostly","Ghostly","Ghostly"]},{"cards_removed":["Injury"],"damage_healed":0,"gold_gain":0,"player_choice":"Purged","damage_taken":0,"max_hp_gain":0,"max_hp_loss":0,"event_name":"Purifier","floor":31,"gold_loss":0},{"damage_healed":0,"gold_gain":0,"player_choice":"Memory 2","damage_taken":5,"max_hp_gain":0,"max_hp_loss":0,"event_name":"SensoryStone","floor":38,"gold_loss":0},{"cards_removed":["Strike_G"],"damage_healed":0,"gold_gain":0,"player_choice":"Removed Attack","damage_taken":0,"max_hp_gain":0,"max_hp_loss":0,"event_name":"Falling","floor":44,"gold_loss":0},{"damage_healed":0,"gold_gain":0,"player_choice":"Copied","damage_taken":0,"max_hp_gain":0,"max_hp_loss":0,"event_name":"Duplicator","floor":46,"gold_loss":0,"cards_obtained":["Catalyst"]}],"is_beta":false,"boss_relics":[{"not_picked":["Fusion Hammer","Snecko Eye"],"picked":"Sozu"},{"not_picked":["Cursed Key","Black Star"],"picked":"Tiny House"}],"items_purged_floors":[10],"is_endless":false,"potions_floor_spawned":[2,4,6,16,18,19,20,21,30,36,41,45,48],"ascension_level":0}}