{"host":"0ma1l65sntb3rtgl","time":1612550835,"event":{"mods":["BaseMod","Better Note","Better Third Choice","Colored Map","Colored Powertips","Curses Come First","Downfall","Highlight Path","Minty Spire (QoL Compilation)","Rare Cards Sparkle","Relic Stats","StSLib"],"gold_per_floor":[115,43,43,43,59,59,93,93,93,118,118,133,33,53,53,151,151,171,171,28,28,46,46,74,74,125,125,136,163,67,77,77,174,174,187,204,204,7,17,50,50,62,88,88,104,122,133,153,153,153],"floor_reached":51,"language":"ENG","playtime":2747,"items_purged":["Injury","Strike_B","Defend_B"],"score":752,"play_id":"b75b4dad-5691-4252-b6f3-43ba158cf525","local_time":"20210205124715","is_ascension_mode":false,"campfire_choices":[{"data":"Zap","floor":6,"key":"SMITH"},{"data":"Redo","floor":8,"key":"SMITH"},{"data":"Dualcast","floor":11,"key":"SMITH"},{"data":"Defragment","floor":15,"key":"SMITH"},{"floor":23,"key":"REST"},{"floor":27,"key":"DIG"},{"floor":32,"key":"DIG"},{"floor":41,"key":"DIG"},{"floor":44,"key":"DIG"},{"floor":49,"key":"DIG"}],"circlet_count":0,"master_deck":["Defend_B+1","Defend_B+1","Defend_B","Zap+1","Dualcast+1","All For One","Hyperbeam","Go for the Eyes+1","Defragment+1","Streamline+1","Redo+1","Turbo","Hologram","Glacier","Machine Learning","Go for the Eyes+1","Finesse","Conserve Battery","Conserve Battery+1","Streamline","All For One","Defragment+1","Capacitor+1","FTL","Chill+1","Go for the Eyes+1","Beam Cell+1","Steam","Hologram","Defragment"],"relics":["Cracked Core","Shuriken","TungstenRod","Smiling Mask","Fusion Hammer","Shovel","CultistMask","Akabeko","Letter Opener","Pen Nib","Toy Ornithopter","SacredBark","Whetstone","Eternal Feather","Boot","PreservedInsect","Dream Catcher","War Paint"],"acts_visited":["Exordium","TheCity","TheBeyond"],"potions_floor_usage":[33,50,50,50],"damage_taken":[{"damage":1,"enemies":"Jaw Worm","floor":1,"turns":3},{"damage":2,"enemies":"2 Louse","floor":5,"turns":2},{"damage":30,"enemies":"3 Sentries","floor":7,"turns":7},{"damage":3,"enemies":"Gremlin Nob","floor":10,"turns":3},{"damage":0,"enemies":"Cultist","floor":12,"turns":2},{"damage":0,"enemies":"Gremlin Gang","floor":14,"turns":3},{"damage":6,"enemies":"The Guardian","floor":16,"turns":12},{"damage":15,"enemies":"2 Thieves","floor":18,"turns":2},{"damage":19,"enemies":"Chosen","floor":22,"turns":5},{"damage":1,"enemies":"Book of Stabbing","floor":24,"turns":4},{"damage":10,"enemies":"Snecko","floor":28,"turns":7},{"damage":0,"enemies":"Gremlin Leader","floor":29,"turns":7},{"damage":1,"enemies":"Centurion and Healer","floor":31,"turns":5},{"damage":43,"enemies":"Automaton","floor":33,"turns":8},{"damage":0,"enemies":"3 Shapes","floor":35,"turns":3},{"damage":0,"enemies":"Orb Walker","floor":36,"turns":3},{"damage":0,"enemies":"4 Shapes","floor":39,"turns":5},{"damage":17,"enemies":"Nemesis","floor":40,"turns":5},{"damage":11,"enemies":"3 Darklings","floor":42,"turns":6},{"damage":2,"enemies":"Sphere and 2 Shapes","floor":45,"turns":4},{"damage":0,"enemies":"Transient","floor":46,"turns":5},{"damage":8,"enemies":"Writhing Mass","floor":47,"turns":6},{"damage":0,"enemies":"Maw","floor":48,"turns":5},{"damage":22,"enemies":"Time Eater","floor":50,"turns":7}],"seed_played":"-2077153515237580432","potions_obtained":[{"floor":5,"key":"CultistPotion"},{"floor":12,"key":"Weak Potion"},{"floor":14,"key":"SteroidPotion"},{"floor":24,"key":"champ:CounterPotion"},{"floor":29,"key":"Strength Potion"},{"floor":33,"key":"Energy Potion"},{"floor":46,"key":"DistilledChaos"}],"is_trial":false,"path_per_floor":["M","$","?","?","M","R","E","R","T","E","R","M","$","M","R","B",null,"M","?","$","?","M","R","E","?","T","R","M","E","$","M","R","B",null,"M","M","?","$","M","E","R","M","T","R","M","M","M","M","R","B",null],"character_chosen":"DEFECT","items_purchased":["Defragment","Hologram","Finesse","Streamline","FTL","Whetstone"],"campfire_rested":1,"item_purchase_floors":[2,13,20,30,38,38],"current_hp_per_floor":[74,74,74,74,72,72,42,42,42,39,39,39,39,39,39,33,75,60,60,60,60,41,63,62,62,62,62,52,52,52,51,51,13,75,75,75,75,75,75,58,73,62,62,75,73,73,65,65,75,56],"gold":153,"neow_bonus":"TRANSFORM_TWO_CARDS","is_daily":false,"chose_seed":false,"campfire_upgraded":4,"win_rate":0.0,"timestamp":1612550835,"path_taken":["M","$","?","?","M","R","E","R","T","E","R","M","$","M","R","BOSS","M","?","$","?","M","R","E","?","T","R","M","E","$","M","R","BOSS","M","M","?","$","M","E","R","M","T","R","M","M","M","M","R","BOSS"],"items_purchased_type":["Card","Card","Card","Card","Card","Relic"],"build_version":"2020-12-22","purchased_purges":3,"victory":true,"max_hp_per_floor":[75,75,75,75,75,75,75,75,75,75,75,75,75,75,75,75,75,75,75,75,75,75,75,75,75,75,75,75,75,75,75,75,75,75,75,75,75,75,75,75,75,75,75,75,75,75,75,75,75,75],"relic_stats":{"counters":[24,119],"Eternal Feather":38,"Pen Nib":[15],"PreservedInsect":0,"Letter Opener":[382],"Whetstone":["Go for the Eyes","Streamline"],"War Paint":["Defend_B","Defend_B"],"Smiling Mask":150,"Boot":[8],"Dream Catcher":0,"Shovel":5,"Shuriken":[41],"obtain_stats":[{"SacredBark":34,"Eternal Feather":40,"Pen Nib":29,"PreservedInsect":43,"Letter Opener":27,"Whetstone":38,"War Paint":49,"Smiling Mask":10,"Boot":41,"Akabeko":26,"Dream Catcher":44,"Shovel":24,"Shuriken":7,"Fusion Hammer":17,"CultistMask":25,"Cracked Core":0,"TungstenRod":9,"Toy Ornithopter":32},{"SacredBark":14,"Eternal Feather":18,"Pen Nib":12,"PreservedInsect":19,"Letter Opener":10,"Whetstone":16,"War Paint":23,"Smiling Mask":4,"Boot":18,"Akabeko":10,"Dream Catcher":19,"Shovel":10,"Shuriken":3,"Fusion Hammer":7,"CultistMask":10,"Cracked Core":0,"TungstenRod":3,"Toy Ornithopter":13},{"SacredBark":70,"Eternal Feather":86,"Pen Nib":57,"PreservedInsect":92,"Letter Opener":43,"Whetstone":76,"War Paint":112,"Smiling Mask":15,"Boot":86,"Akabeko":43,"Dream Catcher":92,"Shovel":43,"Shuriken":12,"Fusion Hammer":32,"CultistMask":43,"Cracked Core":0,"TungstenRod":12,"Toy Ornithopter":62}],"TungstenRod":25,"Toy Ornithopter":8},"card_choices":[{"not_picked":["Heatsinks","Conserve Battery"],"picked":"Go for the Eyes","floor":1},{"not_picked":["Ball Lightning","Hologram"],"picked":"Streamline","floor":5},{"not_picked":["Force Field","Double Energy"],"picked":"Redo","floor":7},{"not_picked":["Rainbow","Compile Driver","Cold Snap"],"picked":"SKIP","floor":10},{"not_picked":["Compile Driver","Sweeping Beam"],"picked":"Turbo","floor":12},{"not_picked":["Blizzard","Double Energy"],"picked":"Glacier","floor":14},{"not_picked":["Buffer","Fission"],"picked":"Machine Learning","floor":16},{"not_picked":["Rebound","Ball Lightning"],"picked":"Go for the Eyes+1","floor":18},{"not_picked":["Chaos","Turbo"],"picked":"Conserve Battery","floor":22},{"not_picked":["Go for the Eyes","Blizzard+1"],"picked":"Conserve Battery+1","floor":24},{"not_picked":["Go for the Eyes","Redo","Conserve Battery"],"picked":"SKIP","floor":28},{"not_picked":["Compile Driver+1","Reprogram+1","Doom and Gloom"],"picked":"SKIP","floor":29},{"not_picked":["Reprogram","Genetic Algorithm","Leap"],"picked":"SKIP","floor":31},{"not_picked":["Hyperbeam","Biased Cognition"],"picked":"All For One","floor":33},{"not_picked":["Cold Snap+1","Glacier+1"],"picked":"Defragment+1","floor":35},{"not_picked":["Scrape+1","Barrage"],"picked":"Capacitor+1","floor":36},{"not_picked":["Glacier+1","Heatsinks","Leap+1"],"picked":"SKIP","floor":39},{"not_picked":["Rip and Tear","Reprogram+1"],"picked":"Chill+1","floor":40},{"not_picked":["Genetic Algorithm","Turbo"],"picked":"Go for the Eyes+1","floor":42},{"not_picked":["Leap+1","Compile Driver"],"picked":"Beam Cell+1","floor":45},{"not_picked":["Ball Lightning","Auto Shields"],"picked":"Steam","floor":46},{"not_picked":["Rebound+1","Ball Lightning"],"picked":"Hologram","floor":47},{"not_picked":["Capacitor","Rip and Tear"],"picked":"Defragment","floor":48}],"player_experience":372335,"relics_obtained":[{"floor":7,"key":"Shuriken"},{"floor":9,"key":"TungstenRod"},{"floor":10,"key":"Smiling Mask"},{"floor":24,"key":"Shovel"},{"floor":26,"key":"Akabeko"},{"floor":27,"key":"Letter Opener"},{"floor":29,"key":"Pen Nib"},{"floor":32,"key":"Toy Ornithopter"},{"floor":40,"key":"Eternal Feather"},{"floor":41,"key":"Boot"},{"floor":43,"key":"PreservedInsect"},{"floor":44,"key":"Dream Catcher"},{"floor":49,"key":"War Paint"}],"event_choices":[{"damage_healed":0,"gold_gain":0,"player_choice":"Ignored","damage_taken":43,"max_hp_gain":0,"max_hp_loss":0,"event_name":"betterThird:BetterSerpent","floor":3,"gold_loss":0},{"cards_removed":["Strike_B"],"damage_healed":0,"gold_gain":0,"player_choice":"Offered Basic","damage_taken":0,"max_hp_gain":0,"max_hp_loss":0,"event_name":"Bonfire Elementals","floor":4,"gold_loss":0},{"cards_removed":["Glacier"],"damage_healed":0,"gold_gain":0,"player_choice":"Give","damage_taken":0,"max_hp_gain":0,"max_hp_loss":0,"event_name":"betterNote:BetterNote","floor":19,"gold_loss":0,"cards_obtained":["sneckomod:Strike"]},{"damage_healed":0,"gold_gain":0,"player_choice":"Adaptability","damage_taken":0,"max_hp_gain":0,"max_hp_loss":0,"event_name":"betterThird:BetterWriting","floor":21,"gold_loss":0},{"damage_healed":0,"gold_gain":0,"player_choice":"Trade","damage_taken":0,"relics_obtained":["CultistMask"],"max_hp_gain":0,"max_hp_loss":0,"event_name":"FaceTrader","floor":25,"gold_loss":0},{"damage_healed":0,"gold_gain":0,"player_choice":"Ignored","damage_taken":0,"max_hp_gain":0,"max_hp_loss":0,"event_name":"Tomb of Lord Red Mask","floor":37,"gold_loss":0}],"is_beta":false,"boss_relics":[{"not_picked":["Velvet Choker","Sozu"],"picked":"Fusion Hammer"},{"not_picked":["Runic Pyramid","Astrolabe"],"picked":"SacredBark"}],"items_purged_floors":[13,20,30],"is_endless":false,"potions_floor_spawned":[5,12,14,24,28,29,33,36,39,46,48],"ascension_level":0}}