{"host":"xiain65d2hovry7l","time":1612521972,"event":{"mods":["2.2 Compatiblity","Act Like it!","BaseMod","Better Match","Better Note","BetterRewards","Challenge The Spire","Colored Map","Colored Powertips","Downfall","Friendly Minions","Mimic Mod","Minty Spire (QoL Compilation)","Remilia??????","StSLib","The Administrix","The Construct","The Necromancer","The Servant 0.9.4","Unknown Chances"],"gold_per_floor":[11,11,43,72,104,104,11,11,46,79,112,124,10,10,38,63,96,96],"floor_reached":17,"language":"ENG","playtime":1365,"items_purged":[],"score":425,"play_id":"e08b3b5d-ef8a-4cb7-801a-33e18be2a6e3","local_time":"20210205114612","daily_mods":["SealedDeck","Heirloom","challengethespire:Elite Rush","challengethespire:Modded Elite Rush","challengethespire:Boss Rush","challengethespire:Modded Boss Rush","challengethespire:Platinum Difficulty","Uncertain Future"],"is_ascension_mode":false,"campfire_choices":[{"floor":2,"key":"REST"},{"floor":14,"key":"REST"}],"circlet_count":0,"master_deck":["DoubleEdge+1","BottledTime+1","BottledTime+1","Rearm+1","Replace+1","Replace+1","TimeTheft+1","SilverBlades+1","Defy+1","Manipulate+1","Mayhem+1","Mayhem+1","Defy+1","FastForward+1","Barrier+1","Metamorphosis+1","Deep Breath+1","Desolation+1","Moonlight+1","Spin+1","Foresight+1","Starlight+1","LightFlow+1","Manipulate+1","Finesse+1","Spin+1","BottledTime+1","Defy+1","Luminosity+1","Good Instincts+1","Rearm+1","Embodiment+1","Metamorphosis+1"],"relics":["Uniform","Black Star","Sling","PreservedInsect","The Courier","Molten Egg 2","Toxic Egg 2","Frozen Egg 2","Turnip","PaperSwan","Guardian:PocketSentry","Nunchaku","Incense Burner","Calipers","Letter Opener","Philosopher\u0027s Stone","Toy Ornithopter","Art of War","Thread and Needle","MawBank","Vajra","Cursed Key","champ:DuelingGlove","hexamod:CandleOfCauterizing","Mercury Hourglass","Anchor","Mango","Bottled Lightning"],"acts_visited":["Exordium"],"potions_floor_usage":[],"damage_taken":[{"damage":0,"enemies":"Gremlin Nob","floor":3,"turns":2},{"damage":0,"enemies":"Lagavulin","floor":4,"turns":4},{"damage":0,"enemies":"3 Sentries","floor":5,"turns":4},{"damage":0,"enemies":"Slavers","floor":9,"turns":3},{"damage":11,"enemies":"Book of Stabbing","floor":10,"turns":4},{"damage":0,"enemies":"Gremlin Leader","floor":11,"turns":3},{"damage":0,"enemies":"Reptomancer","floor":15,"turns":2},{"damage":0,"enemies":"Nemesis","floor":16,"turns":3},{"damage":0,"enemies":"Giant Head","floor":17,"turns":5}],"seed_played":"-6210974716386193366","potions_obtained":[{"floor":9,"key":"SpeedPotion"},{"floor":10,"key":"Strength Potion"},{"floor":11,"key":"Swift Potion"},{"floor":17,"key":"SkillPotion"}],"is_trial":true,"path_per_floor":["$","R","E","E","E","T","$","$","E","E","E","T","$","R","E","E","E"],"character_chosen":"THE_SERVANT","items_purchased":["Mayhem+1","Mayhem+1","Defy+1","FastForward+1","Barrier+1","Metamorphosis+1","Deep Breath+1","Desolation+1","Moonlight+1","Spin+1","Manipulate+1","Finesse+1","Luminosity+1","Good Instincts+1"],"campfire_rested":2,"item_purchase_floors":[1,1,1,1,1,1,1,1,1,1,7,7,13,13],"current_hp_per_floor":[65,65,65,65,65,65,65,65,65,54,54,54,54,65,65,65,79,79],"gold":96,"neow_bonus":"","is_daily":false,"chose_seed":false,"campfire_upgraded":0,"win_rate":0.0,"timestamp":1612521972,"path_taken":["$","R","E","E","E","T","$","$","E","E","E","T","$","R","E","E","E"],"items_purchased_type":["Card","Card","Card","Card","Card","Card","Card","Card","Card","Card","Card","Card","Card","Card"],"build_version":"2020-12-22","purchased_purges":0,"victory":false,"max_hp_per_floor":[65,65,65,65,65,65,65,65,65,65,65,65,65,65,65,65,79,79],"card_choices":[],"player_experience":706261,"relics_obtained":[{"floor":3,"key":"PaperSwan"},{"floor":3,"key":"Guardian:PocketSentry"},{"floor":4,"key":"Nunchaku"},{"floor":4,"key":"Incense Burner"},{"floor":5,"key":"Calipers"},{"floor":5,"key":"Letter Opener"},{"floor":9,"key":"Toy Ornithopter"},{"floor":10,"key":"Art of War"},{"floor":10,"key":"Thread and Needle"},{"floor":11,"key":"MawBank"},{"floor":11,"key":"Vajra"},{"floor":15,"key":"champ:DuelingGlove"},{"floor":15,"key":"hexamod:CandleOfCauterizing"},{"floor":16,"key":"Mercury Hourglass"},{"floor":16,"key":"Anchor"},{"floor":17,"key":"Mango"},{"floor":17,"key":"Bottled Lightning"}],"event_choices":[],"is_beta":false,"boss_relics":[{"not_picked":["Runic Pyramid","Runic Dome"],"picked":"Philosopher\u0027s Stone"},{"not_picked":["SplendidAttire","expansioncontent:StudyCardRelic"],"picked":"Cursed Key"}],"items_purged_floors":[],"is_endless":false,"potions_floor_spawned":[9,10,11,17],"killed_by":"Giant Head","ascension_level":0}}