{"host":"yd2pjkbo7craqw2u","time":1612526488,"event":{"mods":["Aspiration","BaseMod","Colored Powertips","Conspire","Downfall","Highlight Path","Marisa£®ÏF”Í°°ƒß¿Ì…≥£©","Minty Spire (QoL Compilation)","Practice Mode","Quick Restart","Replay The Spire","Shop Mod","StSLib","SuperFastMode"],"gold_per_floor":[113,113,113,139,89,124,124,135,135,146,146,146,146,160,160,283,283,304,328,344,344,344],"floor_reached":21,"language":"ZHS","playtime":516,"items_purged":[],"score":235,"play_id":"4651bf8d-19c7-4660-b111-980aa0a271a4","local_time":"20210205200128","is_ascension_mode":true,"campfire_choices":[{"data":"Zap","floor":7,"key":"SMITH"},{"data":"Static Discharge","floor":11,"key":"SMITH"},{"floor":15,"key":"RECALL"}],"circlet_count":0,"master_deck":["Strike_B","Strike_B","Strike_B","Defend_B","Defend_B","Defend_B","Defend_B","Zap+1","Dualcast+1","Defragment","Static Discharge+1","Lockon","Conserve Battery","Turbo","Buffer","White Noise","aspiration:Polymerization+1"],"relics":["Cracked Core","NeowsBlessing","aspiration:FaultyCoupler","Torii","Carrot","Golden Idol","Sozu"],"acts_visited":["Exordium","TheCity"],"potions_floor_usage":[16],"damage_taken":[{"damage":0,"enemies":"2 Louse","floor":1,"turns":1},{"damage":0,"enemies":"conspire:MimicChest","floor":4,"turns":1},{"damage":0,"enemies":"Gremlin Nob","floor":6,"turns":1},{"damage":0,"enemies":"Small Slimes","floor":8,"turns":3},{"damage":12,"enemies":"Jaw Worm","floor":10,"turns":2},{"damage":6,"enemies":"2 Fungi Beasts","floor":14,"turns":2},{"damage":4,"enemies":"Hexaghost","floor":16,"turns":6},{"damage":22,"enemies":"2 Thieves","floor":18,"turns":3},{"damage":7,"enemies":"Chosen","floor":19,"turns":4},{"damage":23,"enemies":"Centurion and Healer","floor":20,"turns":7},{"damage":23,"enemies":"Sentry and Sphere","floor":21,"turns":3}],"seed_played":"-5745057161407761215","potions_obtained":[{"floor":1,"key":"Reflective Coating"},{"floor":6,"key":"DuplicationPotion"},{"floor":10,"key":"BlessingOfTheForge"},{"floor":16,"key":"Fire Potion"}],"is_trial":false,"path_per_floor":["M","$","?","?","?","E","R","M","T","M","R","?","$","M","R","B",null,"M","M","M","M"],"character_chosen":"DEFECT","items_purchased":[],"campfire_rested":0,"item_purchase_floors":[],"current_hp_per_floor":[75,75,75,75,75,75,75,75,75,63,63,45,45,39,39,35,75,53,46,23,0,0],"gold":344,"neow_bonus":"THREE_ENEMY_KILL","is_daily":false,"chose_seed":false,"campfire_upgraded":2,"win_rate":0.0,"timestamp":1612526488,"path_taken":["M","$","?","?","?","E","R","M","T","M","R","?","?","?","R","BOSS","M","M","M","M"],"items_purchased_type":[],"build_version":"2020-12-22","purchased_purges":0,"victory":false,"max_hp_per_floor":[75,75,75,75,75,75,75,75,75,75,75,75,75,75,75,75,75,75,75,75,75,75],"card_choices":[{"not_picked":["Darkness","Streamline"],"picked":"Defragment","floor":1},{"not_picked":["FIFO Queue","Glacier"],"picked":"Static Discharge","floor":4},{"not_picked":["Conserve Battery","Hello World"],"picked":"Lockon","floor":6},{"not_picked":["Rebound","Scrape","ReplayTheSpireMod:System Scan"],"picked":"SKIP","floor":8},{"not_picked":["Consume","Steam"],"picked":"Conserve Battery","floor":10},{"not_picked":["Leap","Steam"],"picked":"Turbo","floor":14},{"not_picked":["Seek","Mirror Shield"],"picked":"Buffer","floor":16},{"not_picked":["Redo","Sweeping Beam","Ball Lightning"],"picked":"SKIP","floor":18},{"not_picked":["ReplayTheSpireMod:System Scan+1","Sunder"],"picked":"White Noise","floor":19},{"not_picked":["Streamline","Beam Cell"],"picked":"aspiration:Polymerization+1","floor":20}],"player_experience":291617,"relics_obtained":[{"floor":4,"key":"aspiration:FaultyCoupler"},{"floor":6,"key":"Torii"},{"floor":9,"key":"Carrot"}],"event_choices":[{"cards_removed":["Strike_B"],"damage_healed":0,"gold_gain":0,"player_choice":"Card Removal","damage_taken":0,"max_hp_gain":0,"max_hp_loss":0,"event_name":"The Cleric","floor":5,"gold_loss":50},{"damage_healed":0,"gold_gain":0,"player_choice":"Take Damage","damage_taken":18,"relics_obtained":["Golden Idol"],"max_hp_gain":0,"max_hp_loss":0,"event_name":"Golden Idol","floor":12,"gold_loss":0}],"is_beta":false,"boss_relics":[{"not_picked":["aspiration:FutureDiary","Empty Cage"],"picked":"Sozu"}],"items_purged_floors":[],"is_endless":false,"potions_floor_spawned":[1,6,10,16,20],"killed_by":"Sentry and Sphere","ascension_level":3}}