{"host":"hxu28uykv6zuomw9","time":1612558415,"event":{"mods":["AchievementEnabler","BaseMod","Infinite Spire","Minty Spire (QoL Compilation)","Quick Restart","Replay The Spire","StSLib","SuperFastMode"],"gold_per_floor":[112,125,125,139,139,172,192,192,192,209,209,61,61,61,61,163,163,178,178,277,308,5,5,33,33,33,59,59,79,79,79],"floor_reached":30,"language":"ENG","playtime":958,"items_purged":["Voices"],"score":289,"play_id":"e928f837-7603-47ba-b2e3-6d1215416f24","local_time":"20210205205335","is_ascension_mode":false,"campfire_choices":[{"data":"Eruption","floor":8,"key":"SMITH"},{"data":"Replay:DivineShield","floor":13,"key":"SMITH"},{"floor":15,"key":"REST"},{"data":"DeusExMachina","floor":23,"key":"SMITH"},{"data":"LikeWater","floor":25,"key":"SMITH"}],"circlet_count":0,"master_deck":["Strike_P","Strike_P","Strike_P","Strike_P","Defend_P","Defend_P","Defend_P","Defend_P","Eruption+1","Vigilance","ReachHeaven","Replay:DivineShield+1","Consecrate","BattleHymn","EmptyMind","BattleHymn","LikeWater+1","DeusExMachina+1","Consecrate+1","FollowUp+1","Replay:AtTheReady+1","Perseverance","infinitespire:Collect","infinitespire:NeuralNetwork","Study"],"relics":["PureWater","NeowsBlessing","infinitespire:Lychee Nut","infinitespire:EmpoweringShard","infinitespire:FocusingShard","Ring of Searing","ReplayTheSpireMod:Ring of Exchange","Molten Egg 2","SlaversCollar","Red Mask","Replay:Mystery Machine","infinitespire:Satchel","Calipers","Centennial Puzzle","Replay:PocketPolymizer","InkBottle"],"acts_visited":["Exordium","TheCity"],"potions_floor_usage":[16,21],"damage_taken":[{"damage":0,"enemies":"Small Slimes","floor":1,"turns":1},{"damage":0,"enemies":"Cultist","floor":2,"turns":1},{"damage":0,"enemies":"Jaw Worm","floor":4,"turns":1},{"damage":33,"enemies":"Lagavulin","floor":6,"turns":8},{"damage":5,"enemies":"Looter","floor":7,"turns":2},{"damage":0,"enemies":"Blue Slaver","floor":10,"turns":3},{"damage":25,"enemies":"The Guardian","floor":16,"turns":6},{"damage":22,"enemies":"3 Byrds","floor":18,"turns":4},{"damage":0,"enemies":"Masked Bandits","floor":21,"turns":2},{"damage":5,"enemies":"Gremlin Leader","floor":24,"turns":4},{"damage":35,"enemies":"Nightmare","floor":27,"turns":6},{"damage":2,"enemies":"Shell Parasite","floor":29,"turns":4},{"damage":30,"enemies":"Centurion and Healer","floor":30,"turns":1}],"seed_played":"5694244574369179641","potions_obtained":[{"floor":2,"key":"Block Potion"},{"floor":6,"key":"BlessingOfTheForge"},{"floor":7,"key":"Block Potion"},{"floor":10,"key":"Block Potion"},{"floor":18,"key":"BlessingOfTheForge"},{"floor":21,"key":"FearPotion"}],"is_trial":false,"path_per_floor":["M","M","?","M","?","E","M","R","T","M","?","$","R","T","R","B",null,"M","?","?","?","$","R","E","R","T","NM","AVR","M","M"],"character_chosen":"WATCHER","items_purchased":["LikeWater","Replay:Mystery Machine","infinitespire:Satchel"],"campfire_rested":1,"item_purchase_floors":[12,22,22],"current_hp_per_floor":[72,72,77,77,57,25,23,23,23,28,28,28,28,28,45,26,57,38,38,38,41,41,41,42,42,42,13,13,17,0,0],"gold":79,"neow_bonus":"THREE_ENEMY_KILL","is_daily":false,"chose_seed":false,"campfire_upgraded":4,"win_rate":0.0,"timestamp":1612558415,"path_taken":["M","M","?","M","?","E","M","R","T","?","?","$","R","?","R","BOSS","M","?","?","?","?","R","E","R","T","NM","AVR","M","?"],"items_purchased_type":["Card","Relic","Relic"],"build_version":"2020-12-22","purchased_purges":1,"victory":false,"max_hp_per_floor":[72,72,77,77,57,57,57,57,57,57,57,57,57,57,57,57,57,57,57,57,57,57,57,57,57,57,57,57,57,57,57],"card_choices":[{"not_picked":["CrushJoints","Wallop"],"picked":"ReachHeaven","floor":1},{"not_picked":["FollowUp","Vengeance"],"picked":"Replay:DivineShield","floor":2},{"not_picked":["Indignation","Halt"],"picked":"Consecrate","floor":4},{"not_picked":["Perseverance","Replay:ManipulateFuture"],"picked":"BattleHymn","floor":6},{"not_picked":["Wallop","DeceiveReality"],"picked":"EmptyMind","floor":7},{"not_picked":["CrushJoints","Consecrate"],"picked":"BattleHymn","floor":10},{"not_picked":["Brilliance+1","Vault"],"picked":"DeusExMachina","floor":16},{"not_picked":["BowlingBash+1","Crescendo"],"picked":"Consecrate+1","floor":18},{"not_picked":["SignatureMove+1","WreathOfFlame"],"picked":"FollowUp+1","floor":21},{"not_picked":["EmptyFist+1","BattleHymn"],"picked":"Replay:AtTheReady+1","floor":24},{"not_picked":["CrushJoints+1","Consecrate+1"],"picked":"Perseverance","floor":27},{"not_picked":["FollowUp+1","SashWhip+1"],"picked":"Study","floor":29}],"player_experience":13997,"relics_obtained":[{"floor":6,"key":"infinitespire:EmpoweringShard"},{"floor":9,"key":"infinitespire:FocusingShard"},{"floor":11,"key":"Ring of Searing"},{"floor":11,"key":"ReplayTheSpireMod:Ring of Exchange"},{"floor":14,"key":"Molten Egg 2"},{"floor":21,"key":"Red Mask"},{"floor":24,"key":"Calipers"},{"floor":26,"key":"Centennial Puzzle"},{"floor":27,"key":"Replay:PocketPolymizer"}],"event_choices":[{"damage_healed":0,"gold_gain":0,"player_choice":"Donut","damage_taken":0,"max_hp_gain":5,"max_hp_loss":0,"event_name":"Big Fish","floor":3,"gold_loss":0},{"damage_healed":0,"gold_gain":0,"player_choice":"Gave Potion","damage_taken":0,"relics_obtained":["infinitespire:Lychee Nut"],"max_hp_gain":0,"max_hp_loss":0,"event_name":"WeMeetAgain","floor":5,"gold_loss":0},{"damage_healed":0,"gold_gain":0,"player_choice":"Ignored","damage_taken":0,"max_hp_gain":0,"max_hp_loss":0,"event_name":"Ghosts","floor":19,"gold_loss":0},{"damage_healed":0,"gold_gain":99,"player_choice":"Stole From Cult","damage_taken":0,"max_hp_gain":0,"max_hp_loss":0,"event_name":"Nest","floor":20,"gold_loss":0},{"damage_healed":0,"gold_gain":0,"player_choice":"Fought Bandits","damage_taken":0,"max_hp_gain":0,"max_hp_loss":0,"event_name":"Masked Bandits","floor":21,"gold_loss":0}],"is_beta":false,"boss_relics":[{"not_picked":["Philosopher\u0027s Stone","Cursed Key"],"picked":"SlaversCollar"}],"items_purged_floors":[12],"is_endless":false,"potions_floor_spawned":[2,6,7,10,18,21,29],"killed_by":"Centurion and Healer","ascension_level":0}}