{"host":"13o02hya6v6rzuva","time":1612513066,"event":{"mods":["BaseMod","Minty Spire (QoL Compilation)","Relic Stats"],"gold_per_floor":[115,115,115,125,140,140,171,171,195,195,195,215,245,277,277,382,382,397,33,53,53,53,84,84,108,176,198,198,198,198,214,214,214,214],"floor_reached":33,"language":"ENG","playtime":824,"items_purged":[],"score":392,"play_id":"16d4b894-1a58-4364-9007-7ec3dc00ebc7","local_time":"20210205091746","is_ascension_mode":true,"campfire_choices":[{"data":"FollowUp","floor":6.0,"key":"SMITH"},{"data":"Eruption","floor":8.0,"key":"SMITH"},{"data":"BattleHymn","floor":15.0,"key":"SMITH"},{"floor":24,"key":"REST"},{"floor":28,"key":"REST"},{"floor":29,"key":"REST"},{"floor":32,"key":"REST"}],"circlet_count":0,"master_deck":["Strike_P+1","Strike_P+1","Strike_P","Strike_P","Defend_P","Defend_P","Defend_P","Defend_P","Eruption+1","Vigilance","Consecrate","FollowUp+1","BattleHymn+1","Judgement","MasterReality","ClearTheMind","MentalFortress","Shame","Ragnarok","FlurryOfBlows"],"relics":["PureWater","NeowsBlessing","Strawberry","Unceasing Top","WingedGreaves","Mercury Hourglass","Runic Dome","Mango","Girya","Darkstone Periapt","CeramicFish","Matryoshka","Whetstone","The Courier"],"acts_visited":["Exordium","TheCity"],"potions_floor_usage":[27,33,33],"damage_taken":[{"damage":0.0,"enemies":"Small Slimes","floor":1.0,"turns":1.0},{"damage":0.0,"enemies":"Cultist","floor":4.0,"turns":1.0},{"damage":0.0,"enemies":"Jaw Worm","floor":5.0,"turns":1.0},{"damage":15.0,"enemies":"Gremlin Nob","floor":7.0,"turns":3.0},{"damage":0.0,"enemies":"Lots of Slimes","floor":12.0,"turns":3.0},{"damage":0.0,"enemies":"Lagavulin","floor":13.0,"turns":4.0},{"damage":10.0,"enemies":"3 Sentries","floor":14.0,"turns":4.0},{"damage":36.0,"enemies":"The Guardian","floor":16.0,"turns":7.0},{"damage":20,"enemies":"Shell Parasite","floor":18,"turns":3},{"damage":29,"enemies":"2 Thieves","floor":20,"turns":3},{"damage":43,"enemies":"Gremlin Leader","floor":23,"turns":5},{"damage":21,"enemies":"Centurion and Healer","floor":27,"turns":5},{"damage":40,"enemies":"Snake Plant","floor":31,"turns":3},{"damage":63,"enemies":"Collector","floor":33,"turns":8}],"seed_played":"-6657482309806639689","potions_obtained":[{"floor":7.0,"key":"FearPotion"},{"floor":14.0,"key":"LiquidBronze"},{"floor":16.0,"key":"Dexterity Potion"},{"floor":27,"key":"Fruit Juice"}],"is_trial":false,"path_per_floor":["M","?","$","M","M","R","E","R","T","$","?","M","E","E","R","B",null,"M","$","M","$","?","E","R","T","T","M","R","R","T","M","R","B"],"character_chosen":"WATCHER","items_purchased":["Mango","MentalFortress"],"campfire_rested":4,"item_purchase_floors":[19,19],"current_hp_per_floor":[72,79,79,79,79,79,64,64,64,64,57,57,57,47,47,11,79,59,73,44,44,44,1,28,28,28,12,41,70,70,30,59,0,0],"gold":214,"neow_bonus":"THREE_ENEMY_KILL","is_daily":false,"chose_seed":false,"campfire_upgraded":3,"win_rate":0.0,"timestamp":1612513066,"path_taken":["M","?","$","M","?","R","E","R","T","$","?","M","E","E","R","BOSS","M","$","M","?","?","E","R","?","T","?","R","R","?","M","R","BOSS"],"items_purchased_type":["Relic","Card"],"build_version":"2020-12-22","purchased_purges":0,"victory":false,"max_hp_per_floor":[72,79,79,79,79,79,79,79,79,79,79,79,79,79,79,79,79,79,93,93,93,93,93,93,93,93,98,98,98,98,98,98,98,98],"relic_stats":{"Darkstone Periapt":0,"counters":[14,51],"CeramicFish":9,"Whetstone":["Strike_P","Strike_P"],"obtain_stats":[{"Darkstone Periapt":23,"Girya":22,"NeowsBlessing":0,"CeramicFish":25,"Mango":19,"The Courier":30,"Whetstone":30,"Mercury Hourglass":14,"Runic Dome":17,"Matryoshka":26,"Strawberry":2,"WingedGreaves":13,"PureWater":0,"Unceasing Top":7},{"Darkstone Periapt":11,"Girya":10,"NeowsBlessing":0,"CeramicFish":11,"Mango":9,"The Courier":12,"Whetstone":12,"Mercury Hourglass":7,"Runic Dome":8,"Matryoshka":11,"Strawberry":1,"WingedGreaves":6,"PureWater":0,"Unceasing Top":4},{"Darkstone Periapt":35,"Girya":30,"NeowsBlessing":0,"CeramicFish":35,"Mango":27,"The Courier":40,"Whetstone":40,"Mercury Hourglass":17,"Runic Dome":24,"Matryoshka":35,"Strawberry":1,"WingedGreaves":13,"PureWater":0,"Unceasing Top":6}],"Unceasing Top":[1],"Mercury Hourglass":[137]},"card_choices":[{"not_picked":["FollowUp","JustLucky"],"picked":"BowlingBash","floor":1.0},{"not_picked":["ThirdEye","Crescendo"],"picked":"Consecrate","floor":4.0},{"not_picked":["Consecrate","EmptyBody"],"picked":"FollowUp","floor":5.0},{"not_picked":["Crescendo","Nirvana","Blasphemy"],"picked":"SKIP","floor":7.0},{"not_picked":["JustLucky","CrushJoints"],"picked":"BattleHymn","floor":12.0},{"not_picked":["Wallop","Consecrate"],"picked":"Judgement","floor":13.0},{"not_picked":["Conclude","Wireheading","ForeignInfluence"],"picked":"SKIP","floor":14.0},{"not_picked":["Establishment","Alpha"],"picked":"MasterReality","floor":16.0},{"not_picked":["FollowUp","SashWhip"],"picked":"ClearTheMind","floor":18},{"not_picked":["Conclude","FollowUp","Nirvana"],"picked":"SKIP","floor":20},{"not_picked":["EmptyFist","Evaluate"],"picked":"Ragnarok","floor":23},{"not_picked":["Weave","Vengeance"],"picked":"FlurryOfBlows","floor":27},{"not_picked":["CrushJoints","CutThroughFate","BowlingBash+1"],"picked":"SKIP","floor":31}],"player_experience":1184749,"relics_obtained":[{"floor":7.0,"key":"Unceasing Top"},{"floor":13.0,"key":"WingedGreaves"},{"floor":14.0,"key":"Mercury Hourglass"},{"floor":23,"key":"Darkstone Periapt"},{"floor":25,"key":"CeramicFish"},{"floor":26,"key":"Matryoshka"},{"floor":30,"key":"Whetstone"},{"floor":30,"key":"The Courier"}],"event_choices":[{"cards_removed":["BowlingBash"],"damage_healed":0.0,"max_hp_gain":0.0,"max_hp_loss":0.0,"gold_gain":0.0,"event_name":"WeMeetAgain","player_choice":"Gave Card","floor":2.0,"gold_loss":0.0,"damage_taken":0.0,"relics_obtained":["Strawberry"]},{"damage_healed":0.0,"max_hp_gain":0.0,"max_hp_loss":0.0,"gold_gain":0.0,"event_name":"Wheel of Change","player_choice":"Damaged","floor":11.0,"gold_loss":0.0,"damage_taken":7.0},{"damage_healed":0,"gold_gain":0,"player_choice":"Stole Relic","damage_taken":0,"relics_obtained":["Girya"],"max_hp_gain":0,"max_hp_loss":0,"event_name":"Addict","floor":22,"gold_loss":0,"cards_obtained":["Shame"]}],"is_beta":false,"boss_relics":[{"not_picked":["Velvet Choker","Pandora\u0027s Box"],"picked":"Runic Dome"}],"items_purged_floors":[],"is_endless":false,"potions_floor_spawned":[7,14,16,27],"killed_by":"Collector","ascension_level":4}}