{"host":"x205naxbihvu3p76","time":1612532927,"event":{"mods":["AchievementEnabler","BaseMod","Minty Spire (QoL Compilation)","StSLib","SuperFastMode"],"gold_per_floor":[117,24,24,38,38,38,313,342,410,421,441,470,64,75,75,150,150,169,187,187,87,101,101,101,136,136,136,151,166,185,201,201,278,278,295,315,315,19,38,38,57,57,57],"floor_reached":42,"language":"KOR","playtime":1243,"items_purged":["Regret","Strike_G"],"score":777,"play_id":"394bb1bc-7457-40c3-b7a9-1a30edc158f4","local_time":"20210205224847","is_ascension_mode":true,"campfire_choices":[{"data":"Infinite Blades","floor":6.0,"key":"SMITH"},{"data":"Accuracy","floor":15.0,"key":"SMITH"},{"data":"Blade Dance","floor":23.0,"key":"SMITH"},{"floor":27.0,"key":"REST"},{"floor":32.0,"key":"REST"},{"floor":40,"key":"REST"}],"circlet_count":0,"master_deck":["AscendersBane","Strike_G+1","Strike_G","Defend_G+1","Defend_G","Defend_G","Defend_G","Defend_G","Survivor","Neutralize","Accuracy+1","Dagger Spray","PiercingWail","Leg Sweep","Infinite Blades","Blade Dance+1","After Image","Footwork+1","Backflip","Cloak And Dagger","Escape Plan","Blade Dance","Finisher","Cloak And Dagger+1","Phantasmal Killer","Corpse Explosion"],"relics":["Ring of the Snake","NeowsBlessing","Bag of Marbles","White Beast Statue","Strawberry","Paper Crane","Philosopher\u0027s Stone","Calipers","Sundial","Runic Pyramid","MawBank","Vajra"],"acts_visited":["Exordium","TheCity","TheBeyond"],"potions_floor_usage":[33,33],"damage_taken":[{"damage":0.0,"enemies":"Cultist","floor":1.0,"turns":1.0},{"damage":0.0,"enemies":"Small Slimes","floor":4.0,"turns":1.0},{"damage":4.0,"enemies":"3 Sentries","floor":8.0,"turns":2.0},{"damage":0.0,"enemies":"2 Louse","floor":10.0,"turns":2.0},{"damage":4.0,"enemies":"Exordium Thugs","floor":11.0,"turns":5.0},{"damage":14.0,"enemies":"Lagavulin","floor":12.0,"turns":7.0},{"damage":0.0,"enemies":"3 Louse","floor":14.0,"turns":5.0},{"damage":11.0,"enemies":"Slime Boss","floor":16.0,"turns":7.0},{"damage":1.0,"enemies":"3 Byrds","floor":18.0,"turns":4.0},{"damage":0.0,"enemies":"Shell Parasite","floor":19.0,"turns":5.0},{"damage":8.0,"enemies":"Snake Plant","floor":22.0,"turns":6.0},{"damage":19.0,"enemies":"Slavers","floor":25.0,"turns":6.0},{"damage":1.0,"enemies":"Centurion and Healer","floor":28.0,"turns":5.0},{"damage":0.0,"enemies":"Snecko","floor":29.0,"turns":6.0},{"damage":21.0,"enemies":"Cultist and Chosen","floor":30.0,"turns":7.0},{"damage":4.0,"enemies":"Centurion and Healer","floor":31.0,"turns":4.0},{"damage":36,"enemies":"Automaton","floor":33,"turns":9},{"damage":1,"enemies":"Orb Walker","floor":35,"turns":4},{"damage":14,"enemies":"3 Darklings","floor":36,"turns":4},{"damage":12,"enemies":"Writhing Mass","floor":39,"turns":8},{"damage":22,"enemies":"Spire Growth","floor":41,"turns":6},{"damage":34,"enemies":"Sphere and 2 Shapes","floor":42,"turns":3}],"seed_played":"-3494934728395425220","potions_obtained":[{"floor":10.0,"key":"Fire Potion"},{"floor":11.0,"key":"Energy Potion"},{"floor":12.0,"key":"AttackPotion"},{"floor":14.0,"key":"FearPotion"},{"floor":16.0,"key":"AttackPotion"},{"floor":18.0,"key":"Poison Potion"},{"floor":19.0,"key":"BlessingOfTheForge"},{"floor":25.0,"key":"Fire Potion"},{"floor":28.0,"key":"BlessingOfTheForge"},{"floor":30.0,"key":"LiquidMemories"},{"floor":33,"key":"DuplicationPotion"},{"floor":35,"key":"SteroidPotion"},{"floor":36,"key":"LiquidMemories"}],"is_trial":false,"path_per_floor":["M","$","?","M","$","R","?","E","T","M","M","E","$","M","R","B",null,"M","M","?","$","M","R","?","E","T","R","M","M","M","M","R","B",null,"M","M","?","$","M","R","M","M"],"character_chosen":"THE_SILENT","items_purchased":["Dagger Spray","Infinite Blades","Paper Crane","Infinite Blades","Corpse Explosion","Vajra"],"campfire_rested":3,"item_purchase_floors":[2,2,13,13,38,38],"current_hp_per_floor":[59,59,46,46,46,46,46,42,42,42,38,31,31,31,31,20,60,59,59,59,59,51,51,51,32,32,53,52,52,31,27,48,12,58,57,43,43,43,31,52,30,0,0],"gold":57,"neow_bonus":"THREE_ENEMY_KILL","is_daily":false,"chose_seed":false,"campfire_upgraded":3,"win_rate":0.0,"timestamp":1612532927,"path_taken":["M","?","?","M","$","R","?","E","T","?","M","E","$","M","R","BOSS","M","M","?","$","?","R","?","E","T","R","?","M","M","M","R","BOSS","M","M","?","$","M","R","M","M"],"items_purchased_type":["Card","Card","Relic","Card","Card","Relic"],"build_version":"2020-12-22","purchased_purges":2,"victory":false,"max_hp_per_floor":[66,66,66,66,66,66,66,66,66,66,66,73,73,73,73,73,73,73,73,73,73,73,73,73,73,73,73,73,73,73,73,73,73,73,73,73,73,73,73,73,73,73,73],"card_choices":[{"not_picked":["Outmaneuver","Catalyst"],"picked":"Accuracy","floor":1.0},{"not_picked":["Deadly Poison","Bane","Eviscerate"],"picked":"SKIP","floor":4.0},{"not_picked":["Flying Knee","Bane"],"picked":"PiercingWail","floor":8.0},{"not_picked":["Bouncing Flask","Backstab"],"picked":"Leg Sweep","floor":10.0},{"not_picked":["Infinite Blades","Flechettes","Acrobatics"],"picked":"SKIP","floor":11.0},{"not_picked":["Flying Knee","Underhanded Strike","Leg Sweep"],"picked":"SKIP","floor":12.0},{"not_picked":["Bane","Prepared"],"picked":"Blade Dance","floor":14.0},{"not_picked":["Storm of Steel","Grand Finale"],"picked":"After Image","floor":16.0},{"not_picked":["Slice","Bane"],"picked":"Footwork+1","floor":18.0},{"not_picked":["Outmaneuver","Poisoned Stab"],"picked":"Backflip","floor":19.0},{"not_picked":["Tactician","Leg Sweep"],"picked":"Cloak And Dagger","floor":22.0},{"not_picked":["Predator","Underhanded Strike"],"picked":"Escape Plan","floor":25.0},{"not_picked":["Dagger Throw","Concentrate"],"picked":"Blade Dance","floor":28.0},{"not_picked":["Flying Knee","Outmaneuver"],"picked":"Finisher","floor":29.0},{"not_picked":["Backflip","Finisher","Grand Finale"],"picked":"SKIP","floor":30.0},{"not_picked":["Reflex","Bane"],"picked":"Cloak And Dagger+1","floor":31.0},{"not_picked":["Adrenaline","Glass Knife"],"picked":"Phantasmal Killer","floor":33},{"not_picked":["Cloak And Dagger","Dagger Spray","All Out Attack"],"picked":"SKIP","floor":35},{"not_picked":["Quick Slash","Backflip","Flying Knee"],"picked":"SKIP","floor":36},{"not_picked":["Bane","Deadly Poison","Bouncing Flask+1"],"picked":"SKIP","floor":39},{"not_picked":["PiercingWail","Sucker Punch","Cloak And Dagger"],"picked":"SKIP","floor":41}],"player_experience":1024995,"relics_obtained":[{"floor":8.0,"key":"Bag of Marbles"},{"floor":9.0,"key":"White Beast Statue"},{"floor":12.0,"key":"Strawberry"},{"floor":25.0,"key":"Calipers"},{"floor":26.0,"key":"Sundial"}],"event_choices":[{"damage_healed":0.0,"max_hp_gain":0.0,"max_hp_loss":0.0,"gold_gain":0.0,"event_name":"Shining Light","player_choice":"Entered Light","floor":3.0,"gold_loss":0.0,"damage_taken":13.0,"cards_upgraded":["Strike_G","Defend_G"]},{"damage_healed":0.0,"max_hp_gain":0.0,"max_hp_loss":0.0,"gold_gain":275.0,"event_name":"Golden Shrine","player_choice":"Desecrate","floor":7.0,"gold_loss":0.0,"damage_taken":0.0,"cards_obtained":["Regret"]},{"cards_removed":["Strike_G"],"damage_healed":0.0,"max_hp_gain":0.0,"max_hp_loss":0.0,"gold_gain":0.0,"event_name":"Wheel of Change","player_choice":"Card Removal","floor":20.0,"gold_loss":0.0,"damage_taken":0.0},{"cards_removed":["Strike_G"],"damage_healed":0.0,"max_hp_gain":0.0,"max_hp_loss":0.0,"gold_gain":0.0,"event_name":"Purifier","player_choice":"Purged","floor":24.0,"gold_loss":0.0,"damage_taken":0.0},{"cards_removed":["Infinite Blades"],"damage_healed":0,"gold_gain":0,"player_choice":"Gave Card","damage_taken":0,"relics_obtained":["MawBank"],"max_hp_gain":0,"max_hp_loss":0,"event_name":"WeMeetAgain","floor":37,"gold_loss":0}],"is_beta":false,"boss_relics":[{"not_picked":["HoveringKite","Sozu"],"picked":"Philosopher\u0027s Stone"},{"not_picked":["Ring of the Serpent","Calling Bell"],"picked":"Runic Pyramid"}],"items_purged_floors":[13,21],"is_endless":false,"potions_floor_spawned":[10,11,12,14,16,18,19,22,25,28,29,30,31,33,35,36,39,41],"killed_by":"Sphere and 2 Shapes","ascension_level":14}}