{"host":"fff5e1uasnm04x18","time":1612528663,"event":{"mods":["BaseMod","Minty Spire (QoL Compilation)"],"gold_per_floor":[117,130,130,130,130,130,149,149,149,149,162,197,122,137,137,258,258,273,14,14,14,35,35,35],"floor_reached":23,"language":"ENG","playtime":1063,"items_purged":["Strike_B"],"score":223,"play_id":"55c564b2-8a07-4cff-9191-4c685a0a873e","local_time":"20210205073743","is_ascension_mode":true,"campfire_choices":[{"floor":6,"key":"REST"},{"data":"Gash","floor":8,"key":"SMITH"},{"data":"Defend_B","floor":10,"key":"SMITH"},{"floor":15,"key":"REST"}],"circlet_count":0,"master_deck":["Strike_B","Strike_B","Defend_B+1","Defend_B","Defend_B","Defend_B+1","Zap","Dualcast+1","Gash+1","Gash+1","Scrape","Skim","Shame","Decay","BootSequence"],"relics":["Cracked Core","Golden Idol","Pear","War Paint","Cursed Key","Shuriken","StrikeDummy"],"acts_visited":["Exordium","TheCity"],"potions_floor_usage":[23],"damage_taken":[{"damage":2,"enemies":"2 Louse","floor":1,"turns":2},{"damage":2,"enemies":"Small Slimes","floor":2,"turns":4},{"damage":0,"enemies":"Cultist","floor":7,"turns":3},{"damage":7,"enemies":"Large Slime","floor":11,"turns":5},{"damage":18,"enemies":"Lagavulin","floor":12,"turns":5},{"damage":0,"enemies":"2 Fungi Beasts","floor":14,"turns":2},{"damage":27,"enemies":"Slime Boss","floor":16,"turns":5},{"damage":10,"enemies":"2 Thieves","floor":18,"turns":4},{"damage":5,"enemies":"Shell Parasite","floor":22,"turns":5},{"damage":77,"enemies":"Slavers","floor":23,"turns":4}],"seed_played":"8460983689460259233","potions_obtained":[{"floor":1,"key":"CultistPotion"},{"floor":11,"key":"PotionOfCapacity"},{"floor":22,"key":"SmokeBomb"}],"is_trial":false,"path_per_floor":["M","M","?","?","?","R","M","R","T","R","M","E","$","M","R","B",null,"M","$","?","?","M","E"],"character_chosen":"DEFECT","items_purchased":["Shuriken"],"campfire_rested":2,"item_purchase_floors":[19],"current_hp_per_floor":[80,78,78,71,51,75,75,75,85,85,78,60,60,60,87,60,92,82,82,82,82,77,0,0],"gold":35,"neow_bonus":"TEN_PERCENT_HP_BONUS","is_daily":false,"chose_seed":false,"campfire_upgraded":2,"win_rate":0.0,"timestamp":1612528663,"path_taken":["M","M","?","?","?","R","M","R","T","R","M","E","$","M","R","BOSS","M","$","?","?","M","E"],"items_purchased_type":["Relic"],"build_version":"2020-12-22","purchased_purges":1,"victory":false,"max_hp_per_floor":[82,82,82,82,82,82,82,82,92,92,92,92,92,92,92,92,92,92,92,92,92,92,92,92],"card_choices":[{"not_picked":["Streamline","Ball Lightning"],"picked":"Gash","floor":1},{"not_picked":["Cold Snap","Streamline"],"picked":"Gash","floor":2},{"not_picked":["Glacier","Multi-Cast","Sweeping Beam"],"picked":"SKIP","floor":7},{"not_picked":["Cold Snap","Ball Lightning"],"picked":"Scrape","floor":11},{"not_picked":["Cold Snap","Lockon"],"picked":"Skim","floor":12},{"not_picked":["Cold Snap","Stack","Conserve Battery"],"picked":"SKIP","floor":14},{"not_picked":["Hello World","Heatsinks","Tempest+1"],"picked":"SKIP","floor":18},{"not_picked":["Sunder+1","Barrage"],"picked":"BootSequence","floor":22}],"player_experience":490303,"relics_obtained":[{"floor":9,"key":"Pear"},{"floor":12,"key":"War Paint"}],"event_choices":[{"damage_healed":0,"gold_gain":0,"player_choice":"Grow","damage_taken":0,"max_hp_gain":0,"max_hp_loss":0,"event_name":"Living Wall","floor":3,"gold_loss":0,"cards_upgraded":["Gash"]},{"cards_removed":["Strike_B"],"damage_healed":0,"gold_gain":0,"player_choice":"Card Removal","damage_taken":7,"max_hp_gain":0,"max_hp_loss":0,"event_name":"Golden Wing","floor":4,"gold_loss":0},{"damage_healed":0,"gold_gain":0,"player_choice":"Take Damage","damage_taken":20,"relics_obtained":["Golden Idol"],"max_hp_gain":0,"max_hp_loss":0,"event_name":"Golden Idol","floor":5,"gold_loss":0},{"damage_healed":0,"gold_gain":0,"player_choice":"Stole Relic","damage_taken":0,"relics_obtained":["StrikeDummy"],"max_hp_gain":0,"max_hp_loss":0,"event_name":"Addict","floor":20,"gold_loss":0,"cards_obtained":["Shame"]},{"damage_healed":0,"gold_gain":0,"player_choice":"Cursed","damage_taken":0,"max_hp_gain":0,"max_hp_loss":0,"event_name":"Wheel of Change","floor":21,"gold_loss":0,"cards_obtained":["Decay"]}],"is_beta":false,"boss_relics":[{"not_picked":["Coffee Dripper","FrozenCore"],"picked":"Cursed Key"}],"items_purged_floors":[13],"is_endless":false,"potions_floor_spawned":[1,11,22],"killed_by":"Slavers","ascension_level":1}}