{"host":"13o02hya6v6rzuva","time":1612514009,"event":{"mods":["BaseMod","Minty Spire (QoL Compilation)","Relic Stats"],"gold_per_floor":[109,109,128,128,128,171,171,189,189,189,222,222,256,274,274,274,274],"floor_reached":16,"language":"ENG","playtime":525,"items_purged":[],"score":222,"play_id":"977b756d-0d12-486c-ad25-67053c7d87cf","local_time":"20210205093329","is_ascension_mode":true,"campfire_choices":[{"data":"Whirlwind","floor":10,"key":"SMITH"},{"data":"Armaments","floor":12,"key":"SMITH"},{"data":"Pummel","floor":15,"key":"SMITH"}],"circlet_count":0,"master_deck":["AscendersBane","Strike_R","Strike_R","Strike_R","Strike_R","Defend_R","Defend_R","Defend_R","Bash+1","Pummel+1","Armaments+1","Twin Strike","Dual Wield","Whirlwind+1","Intimidate"],"relics":["Burning Blood","NeowsBlessing","Golden Idol","Incense Burner","Frozen Egg 2","PreservedInsect"],"acts_visited":["Exordium"],"potions_floor_usage":[],"damage_taken":[{"damage":0,"enemies":"Cultist","floor":1,"turns":1},{"damage":0,"enemies":"Small Slimes","floor":3,"turns":1},{"damage":0,"enemies":"Gremlin Nob","floor":6,"turns":1},{"damage":2,"enemies":"2 Louse","floor":8,"turns":3},{"damage":28,"enemies":"3 Sentries","floor":11,"turns":6},{"damage":4,"enemies":"Gremlin Nob","floor":13,"turns":4},{"damage":10,"enemies":"Exordium Thugs","floor":14,"turns":4},{"damage":43,"enemies":"Hexaghost","floor":16,"turns":5}],"seed_played":"-7251226590920737969","potions_obtained":[{"floor":6,"key":"EssenceOfSteel"},{"floor":8,"key":"Energy Potion"},{"floor":14,"key":"Strength Potion"}],"is_trial":false,"path_per_floor":["M","?","M","?","?","E","?","M","T","R","E","R","E","M","R","B"],"character_chosen":"IRONCLAD","items_purchased":[],"campfire_rested":0,"item_purchase_floors":[],"current_hp_per_floor":[78,71,77,57,57,63,63,67,67,67,45,45,47,43,43,0,0],"gold":274,"neow_bonus":"THREE_ENEMY_KILL","is_daily":false,"chose_seed":false,"campfire_upgraded":3,"win_rate":0.0,"timestamp":1612514009,"path_taken":["M","?","M","?","?","E","?","M","T","R","E","R","E","M","R","BOSS"],"items_purchased_type":[],"build_version":"2020-12-22","purchased_purges":0,"victory":false,"max_hp_per_floor":[80,80,80,80,80,80,80,80,80,80,80,80,80,80,80,80,80],"relic_stats":{"counters":[8,25],"Golden Idol":31,"PreservedInsect":0,"obtain_stats":[{"NeowsBlessing":0,"Golden Idol":4,"PreservedInsect":13,"Incense Burner":6,"Frozen Egg 2":11,"Burning Blood":0},{"NeowsBlessing":0,"Golden Idol":2,"PreservedInsect":6,"Incense Burner":3,"Frozen Egg 2":5,"Burning Blood":0},{"NeowsBlessing":0,"Golden Idol":2,"PreservedInsect":16,"Incense Burner":3,"Frozen Egg 2":12,"Burning Blood":0}],"Burning Blood":42},"card_choices":[{"not_picked":["Havoc","Pommel Strike"],"picked":"Pummel","floor":1},{"not_picked":["Dual Wield","Body Slam"],"picked":"Armaments","floor":3},{"not_picked":["Cleave","Anger"],"picked":"Twin Strike","floor":6},{"not_picked":["Wild Strike","Entrench"],"picked":"Whirlwind","floor":8},{"not_picked":["Clothesline","Entrench"],"picked":"Intimidate","floor":11},{"not_picked":["Heavy Blade","Rampage","Warcry"],"picked":"SKIP","floor":13},{"not_picked":["Burning Pact","Twin Strike","Armaments"],"picked":"SKIP","floor":14}],"player_experience":1185782,"relics_obtained":[{"floor":6,"key":"Incense Burner"},{"floor":11,"key":"Frozen Egg 2"},{"floor":13,"key":"PreservedInsect"}],"event_choices":[{"cards_removed":["Defend_R"],"damage_healed":0,"gold_gain":0,"player_choice":"Card Removal","damage_taken":7,"max_hp_gain":0,"max_hp_loss":0,"event_name":"Golden Wing","floor":2,"gold_loss":0},{"damage_healed":0,"gold_gain":0,"player_choice":"Take Damage","damage_taken":20,"relics_obtained":["Golden Idol"],"max_hp_gain":0,"max_hp_loss":0,"event_name":"Golden Idol","floor":4,"gold_loss":0},{"damage_healed":0,"gold_gain":0,"player_choice":"Grow","damage_taken":0,"max_hp_gain":0,"max_hp_loss":0,"event_name":"Living Wall","floor":5,"gold_loss":0,"cards_upgraded":["Bash"]},{"damage_healed":0,"gold_gain":0,"cards_transformed":["Strike_R"],"player_choice":"Transformed","damage_taken":0,"max_hp_gain":0,"max_hp_loss":0,"event_name":"Transmorgrifier","floor":7,"gold_loss":0,"cards_obtained":["Dual Wield"]}],"is_beta":false,"boss_relics":[],"items_purged_floors":[],"is_endless":false,"potions_floor_spawned":[6,8,14],"killed_by":"Hexaghost","ascension_level":11}}