{"host":"5n1fl7z5i1vf7jan","time":1612488942,"event":{"mods":["BaseMod","Minty Spire (QoL Compilation)","Quick Restart","Relic Stats"],"gold_per_floor":[117,117,117,137,155,155,170,170,220,249,264,277,277,277],"floor_reached":13,"language":"ENG","playtime":369,"items_purged":[],"score":170,"play_id":"84cc04bb-7be9-42a1-8e9e-557129c92b1a","local_time":"20210204173542","is_ascension_mode":true,"campfire_choices":[{"data":"Eruption","floor":6.0,"key":"SMITH"},{"floor":8,"key":"REST"}],"circlet_count":0,"master_deck":["AscendersBane","Strike_P","Strike_P","Strike_P","Defend_P","Defend_P","Defend_P","Defend_P","Eruption+1","Vigilance","BowlingBash","BattleHymn","SashWhip","CrushJoints","TalkToTheHand","Conclude","FlyingSleeves","FearNoEvil"],"relics":["PureWater","Ice Cream","Centennial Puzzle","Happy Flower","Lantern"],"acts_visited":["Exordium"],"potions_floor_usage":[7,11,13],"damage_taken":[{"damage":7.0,"enemies":"Small Slimes","floor":1.0,"turns":5.0},{"damage":7.0,"enemies":"Jaw Worm","floor":4.0,"turns":2.0},{"damage":0.0,"enemies":"Cultist","floor":5.0,"turns":2.0},{"damage":3,"enemies":"Exordium Thugs","floor":7,"turns":3},{"damage":12,"enemies":"3 Sentries","floor":10,"turns":4},{"damage":0,"enemies":"Large Slime","floor":11,"turns":2},{"damage":0,"enemies":"Blue Slaver","floor":12,"turns":3},{"damage":25,"enemies":"Lagavulin","floor":13,"turns":4}],"seed_played":"8978153553388325772","potions_obtained":[{"floor":5.0,"key":"SneckoOil"},{"floor":7,"key":"GamblersBrew"},{"floor":11,"key":"DistilledChaos"},{"floor":12,"key":"EssenceOfSteel"}],"is_trial":false,"path_per_floor":["M","?","?","M","M","R","M","R","T","E","M","M","E"],"character_chosen":"WATCHER","items_purchased":[],"campfire_rested":1,"item_purchase_floors":[],"current_hp_per_floor":[54,28,28,21,21,21,18,36,36,24,24,24,0,0],"gold":277,"neow_bonus":"ONE_RARE_RELIC","is_daily":false,"chose_seed":false,"campfire_upgraded":1,"win_rate":0.0,"timestamp":1612488942,"path_taken":["M","?","?","M","M","R","M","R","T","E","M","?","E"],"items_purchased_type":[],"build_version":"2020-12-22","purchased_purges":0,"victory":false,"max_hp_per_floor":[62,62,62,62,62,62,62,62,62,62,62,62,62,62],"relic_stats":{"Centennial Puzzle":[9],"Happy Flower":[4],"counters":[8,25],"obtain_stats":[{"Ice Cream":0,"Centennial Puzzle":2,"Lantern":10,"Happy Flower":9,"PureWater":0},{"Ice Cream":0,"Centennial Puzzle":1,"Lantern":5,"Happy Flower":4,"PureWater":0},{"Ice Cream":0,"Centennial Puzzle":5,"Lantern":16,"Happy Flower":12,"PureWater":0}]},"card_choices":[{"not_picked":["Crescendo","FlyingSleeves"],"picked":"BowlingBash","floor":1.0},{"not_picked":["Prostrate","FlyingSleeves"],"picked":"SashWhip","floor":4.0},{"not_picked":["FlyingSleeves","EmptyBody"],"picked":"CrushJoints","floor":5.0},{"not_picked":["PathToVictory","Fasting2"],"picked":"TalkToTheHand","floor":7},{"not_picked":["BattleHymn","Fasting2"],"picked":"Conclude","floor":10},{"not_picked":["Wireheading","SashWhip"],"picked":"FlyingSleeves","floor":11},{"not_picked":["Conclude","WindmillStrike"],"picked":"FearNoEvil","floor":12}],"player_experience":309518,"relics_obtained":[{"floor":9,"key":"Happy Flower"},{"floor":10,"key":"Lantern"}],"event_choices":[{"damage_healed":0.0,"max_hp_gain":0.0,"max_hp_loss":0.0,"gold_gain":0.0,"event_name":"Scrap Ooze","player_choice":"Success","floor":2.0,"gold_loss":0.0,"damage_taken":26.0,"relics_obtained":["Centennial Puzzle"]},{"damage_healed":0.0,"max_hp_gain":0.0,"max_hp_loss":0.0,"gold_gain":0.0,"cards_transformed":["Strike_P"],"event_name":"Transmorgrifier","player_choice":"Transformed","floor":3.0,"gold_loss":0.0,"damage_taken":0.0,"cards_obtained":["BattleHymn"]}],"is_beta":false,"boss_relics":[],"items_purged_floors":[],"is_endless":false,"potions_floor_spawned":[5,7,11,12],"killed_by":"Lagavulin","ascension_level":19}}