{"host":"h5acbxt0wmjo1kpm","time":1612522307,"event":{"mods":["2.2 Compatiblity","Act Like it!","AlwaysNeverKeys","Aspiration","Bard","Bartender","BaseMod","Better Third Choice","Colored Map","Downfall","Elementarium","Gensokyo","GifTheSpireLib","Hallownest","Marisa????????","Menagerie","Minty Spire (QoL Compilation)","Permanent Neow","Potionbrewer","Quick Restart","Relic Filter","Reliquary","Robot Space Explorer","RumiaBox-????????","Shade Mod","Spicy Shops","StSLib","Strawberry Spire","The Blackbeard","The Dragon Tamer","The Gatherer","The Hayseed","The Problem Sleuth","The Servant 0.9.4","Wandering Minibosses","Wide Potions"],"gold_per_floor":[99,110,124,109,109,109,109,94,217,234,234,255,255,327,362,492,492,492,537,89,102,102,133,133,133,50,83,83,96,419,419,442,562,562,362,380,394,193,133,164,164,164,164,195,195,113,13,37,52,52,52,92,46,46,46,46],"floor_reached":57,"language":"ENG","playtime":4240,"items_purged":["Shame"],"score":1462,"play_id":"2b5acd5a-3b18-47e1-bd94-463a0c0bca8f","local_time":"20210205025147","is_ascension_mode":true,"campfire_choices":[{"data":"bronze:Verify","floor":1,"key":"SMITH"},{"data":"Menagerie:MirarisWake","floor":6,"key":"SMITH"},{"data":"bronze:RecursiveStrike","floor":13,"key":"SMITH"},{"data":"bronze:TinkerersToolbox","floor":18,"key":"SMITH"},{"data":"Sucker Punch","floor":25,"key":"SMITH"},{"floor":28,"key":"RECALL"},{"data":"bronze:Break","floor":35,"key":"SMITH"},{"data":"Masterful Stab","floor":47,"key":"PURGE"},{"data":"bronze:FineTuning","floor":54,"key":"SMITH"}],"circlet_count":0,"master_deck":["bronze:Defend","bronze:Defend","bronze:Defend","bronze:Replicate","bronze:Goto","bronze:Verify+1","bronze:Frontload+1","bronze:Iterate","Menagerie:MirarisWake+1","bronze:RecursiveStrike+1","bronze:ChildClass","bronze:FineTuning+1","bronze:TinkerersToolbox+1","bronze:Repair+1","Terror","Sucker Punch+1","Blur","Backflip+1","bronze:FindAndReplace","bronze:Terminator","Acrobatics","bronze:Branch","bronze:Break+1","strawberrySpire:Rummage+1","bronze:InfiniteLoop+1","strawberrySpire:Plunge+1","bronze:Repulsor+1","Burst","strawberrySpire:Urgency+1","strawberrySpire:Urgency","Sucker Punch","Infinite Blades","strawberrySpire:Grapple","bronze:HardenedForm","Outmaneuver"],"relics":["bronze:BronzeCore","MagicDraw3","Golden Idol","GodSword7","aspiration:SilentSkillbook","Shuriken","GodSword1","ChaoDraw","Gremlin Horn","reliquary:Aerogel","wanderingMiniBosses:LockLocket","AddBug","downfall:HeartBlessingRed","downfall:HeartBlessingGreen","Shuriken","reliquary:Buckler","potionbrewer:Torch","ClockworkSouvenir","Peace Pipe","Hallownest:HeavyBlowRelic","strawberrySpire:BonfireDress","downfall:HeartBlessingBlue","potionbrewer:ToyAutogyro"],"acts_visited":["Menagerie:Menagerie","Hallownest:CityofTears","Hallownest:KingdomsEdge","TheEnding"],"potions_floor_usage":[9,16,21,23,50,52],"damage_taken":[{"damage":13,"enemies":"Menagerie:2_RABBITS","floor":2,"turns":5},{"damage":1,"enemies":"Menagerie:WhisperingWraith","floor":3,"turns":7},{"damage":0,"enemies":"downfall:FleeingMerchant","floor":4,"turns":4},{"damage":10,"enemies":"downfall:FleeingMerchant","floor":8,"turns":4},{"damage":2,"enemies":"Menagerie:StygianBoar","floor":9,"turns":5},{"damage":0,"enemies":"Menagerie:MeltingSalamander","floor":10,"turns":4},{"damage":0,"enemies":"Menagerie:BEAST_MAGE_AND_PROWLING_AMALGAM","floor":12,"turns":8},{"damage":5,"enemies":"Menagerie:KEEPER_AND_YOUNG_SUNEATER","floor":15,"turns":6},{"damage":9,"enemies":"WA_ARCHETYPE_RETAIN","floor":16,"turns":5},{"damage":20,"enemies":"Hallownest:Guard_and_Sentry","floor":19,"turns":6},{"damage":3,"enemies":"downfall:FleeingMerchant","floor":20,"turns":4},{"damage":2,"enemies":"Hallownest:3_Youths","floor":21,"turns":6},{"damage":14,"enemies":"Hallownest:eliteWatcherKnight","floor":23,"turns":9},{"damage":5,"enemies":"downfall:FleeingMerchant","floor":26,"turns":4},{"damage":0,"enemies":"Hallownest:Nosk","floor":27,"turns":4},{"damage":5,"enemies":"Hallownest:monsterMisterMushroom","floor":29,"turns":4},{"damage":0,"enemies":"Hallownest:Master_and_Novice","floor":30,"turns":5},{"damage":0,"enemies":"Hallownest:2_Flukemon","floor":32,"turns":4},{"damage":0,"enemies":"SI_MIRROR_ARCHETYPE","floor":33,"turns":5},{"damage":0,"enemies":"Hallownest:3_Siblings","floor":36,"turns":3},{"damage":15,"enemies":"Hallownest:2_Littles","floor":37,"turns":3},{"damage":0,"enemies":"downfall:FleeingMerchant","floor":38,"turns":2},{"damage":0,"enemies":"Hallownest:eliteHiveKnight","floor":40,"turns":3},{"damage":0,"enemies":"Hallownest:eliteCollector","floor":44,"turns":5},{"damage":4,"enemies":"Hallownest:Slobbering_and_Violent","floor":48,"turns":4},{"damage":0,"enemies":"Hallownest:Shield_Sturdy","floor":49,"turns":2},{"damage":25,"enemies":"DF_ARCHETYPE_ORBS","floor":50,"turns":5},{"damage":10,"enemies":"downfall:CharBossMerchant","floor":52,"turns":5},{"damage":23,"enemies":"downfall:NeowBoss","floor":55,"turns":8},{"damage":37,"enemies":"downfall:NeowBossFinal","floor":56,"turns":7}],"seed_played":"-6197494794160249641","potions_obtained":[{"floor":3,"key":"potionbrewer:NoxiousPotion"},{"floor":9,"key":"Dexterity Potion"},{"floor":15,"key":"LiquidMemories"},{"floor":21,"key":"potionbrewer:BlacksmithPotion"},{"floor":29,"key":"potionbrewer:QuicksilverPotion"},{"floor":30,"key":"PowerPotion"}],"is_trial":false,"path_per_floor":["R","M","M","$","?","R","T","$","M","M","?","M","R","T","M","B",null,"R","M","$","M","?","E","T","R","$","E","R","M","M","?","M","B",null,"R","M","M","$","?","E","T","?","$","E","?","$","R","M","M","B",null,"E","$","R","B","B",null],"character_chosen":"THE_AUTOMATON","items_purchased":["Shuriken","GodSword1","bronze:Terminator","bronze:Repulsor","reliquary:Buckler","potionbrewer:Torch","ClockworkSouvenir","Infinite Blades","Outmaneuver"],"campfire_rested":0,"item_purchase_floors":[20,20,26,38,38,38,38,46,53],"current_hp_per_floor":[70,57,56,56,56,56,56,46,44,44,44,44,44,44,39,30,65,65,45,52,60,60,56,56,56,61,65,65,65,65,65,65,65,65,65,65,60,60,67,67,67,67,67,72,72,72,82,82,82,67,82,72,72,72,59,32],"gold":46,"neow_bonus":"TRANSFORM_CARD","is_daily":false,"chose_seed":false,"campfire_upgraded":7,"win_rate":0.0,"timestamp":1612522307,"path_taken":["R","M","M","$","?","R","T","?","?","M","?","?","R","?","M","BOSS","R","M","$","M","?","E","T","R","$","E","R","?","?","?","M","BOSS","R","M","M","$","?","E","T","?","$","E","?","$","R","M","M","BOSS","E","$","R","BOSS","BOSS"],"items_purchased_type":["Relic","Relic","Card","Card","Relic","Relic","Relic","Card","Card"],"build_version":"2020-12-22","purchased_purges":1,"victory":true,"max_hp_per_floor":[70,70,70,70,70,70,70,70,70,70,65,65,65,65,65,65,65,65,65,65,65,65,65,65,65,65,65,65,65,65,65,65,65,65,65,65,65,65,72,72,72,72,72,72,72,72,82,82,82,82,82,82,82,82,82,82],"card_choices":[{"not_picked":["bronze:MaxOutput","bronze:FineTuning"],"picked":"bronze:Frontload","floor":2},{"not_picked":["bronze:OilSpill","bronze:Return"],"picked":"bronze:Constructor","floor":3},{"not_picked":["bronze:DarkDash","bronze:BuggyMess"],"picked":"bronze:Iterate","floor":4},{"not_picked":["bronze:OilSpill","bronze:Backtrace"],"picked":"bronze:RecursiveStrike","floor":8},{"not_picked":["bronze:WildBeam","bronze:BuggyMess","bronze:CutThrough"],"picked":"SKIP","floor":9},{"not_picked":["bronze:DigitalCarnage","bronze:CutThrough"],"picked":"bronze:ChildClass","floor":10},{"not_picked":["bronze:Deprecate","bronze:Frontload","bronze:ForLoop"],"picked":"SKIP","floor":12},{"not_picked":["bronze:Refactor","bronze:CutThrough"],"picked":"bronze:FineTuning","floor":15},{"not_picked":["bronze:SpaghettiCode","bronze:BurnOut"],"picked":"bronze:TinkerersToolbox","floor":16},{"not_picked":["bronze:Separator","Dash","bronze:Safeguard"],"picked":"bronze:Repair+1","floor":19},{"not_picked":["bronze:BuggyMess","Dodge and Roll","bronze:DigitalCarnage","bronze:OilSpill"],"picked":"SKIP","floor":20},{"not_picked":["Sucker Punch","bronze:BugBarrage","Caltrops"],"picked":"Terror","floor":21},{"not_picked":["Endless Agony+1","bronze:DelayedGuard+1","bronze:BronzeOrb"],"picked":"Backflip+1","floor":23},{"not_picked":["Noxious Fumes","bronze:ForLoop","strawberrySpire:Urgency"],"picked":"bronze:FindAndReplace","floor":26},{"not_picked":["bronze:ChildClass+1","Cloak And Dagger","Distraction"],"picked":"Acrobatics","floor":27},{"not_picked":["Bane","bronze:Separator","strawberrySpire:Trickbox"],"picked":"bronze:Branch","floor":29},{"not_picked":["Blade Dance","Deflect","Slice+1"],"picked":"strawberrySpire:SideSwipe","floor":30},{"not_picked":["Dagger Spray","Deadly Poison","strawberrySpire:Fastroyer","bronze:Safeguard"],"picked":"SKIP","floor":32},{"not_picked":["aspiration:Lunge","A Thousand Cuts","bronze:ShipIt"],"picked":"bronze:Break","floor":33},{"not_picked":["Dagger Spray+1","bronze:Branch","bronze:Frontload+1"],"picked":"strawberrySpire:Rummage+1","floor":36},{"not_picked":["bronze:DigitalCarnage","Backflip","bronze:Backtrace+1"],"picked":"bronze:InfiniteLoop","floor":37},{"not_picked":["bronze:Constructor","strawberrySpire:Fastroyer+1","bronze:DigitalCarnage"],"picked":"strawberrySpire:Plunge+1","floor":38},{"not_picked":["Sucker Punch+1","Deflect","bronze:ClassDefault+1"],"picked":"Burst","floor":40},{"not_picked":["PiercingWail+1","Endless Agony+1","bronze:Iterate"],"picked":"strawberrySpire:Urgency+1","floor":44},{"not_picked":["bronze:Frontload+1","Blade Dance+1","Outmaneuver"],"picked":"strawberrySpire:Grapple","floor":48},{"not_picked":["bronze:Branch","bronze:CloningBeam","bronze:Constructor+1","bronze:CutThrough"],"picked":"SKIP","floor":49},{"not_picked":["Deadly Poison","Sucker Punch","Terror"],"picked":"bronze:HardenedForm","floor":52}],"player_experience":2666293,"relics_obtained":[{"floor":7,"key":"MagicDraw3"},{"floor":14,"key":"GodSword7"},{"floor":23,"key":"ChaoDraw"},{"floor":24,"key":"Gremlin Horn"},{"floor":27,"key":"reliquary:Aerogel"},{"floor":30,"key":"wanderingMiniBosses:LockLocket"},{"floor":36,"key":"Shuriken"},{"floor":40,"key":"Peace Pipe"},{"floor":44,"key":"strawberrySpire:BonfireDress"},{"floor":52,"key":"potionbrewer:ToyAutogyro"}],"event_choices":[{"damage_healed":0,"gold_gain":0,"cards_transformed":["bronze:Strike"],"player_choice":"Grasp","damage_taken":0,"max_hp_gain":0,"max_hp_loss":0,"event_name":"Menagerie:MagesHand","floor":5,"gold_loss":0,"cards_obtained":["Menagerie:MirarisWake"]},{"damage_healed":0,"gold_gain":0,"player_choice":"Lose Max HP","damage_taken":0,"relics_obtained":["Golden Idol"],"max_hp_gain":0,"max_hp_loss":5,"event_name":"Golden Idol","floor":11,"gold_loss":0}],"is_beta":false,"boss_relics":[{"not_picked":["Calling Bell","Silver_Glasses"],"picked":"aspiration:SilentSkillbook"},{"not_picked":["SlaversCollar","bronze:PlatinumCore"],"picked":"AddBug"}],"items_purged_floors":[20],"is_endless":false,"potions_floor_spawned":[3,9,15,21,29,30,37,48,49],"ascension_level":2}}