{"host":"1qtz69m1v1299zsn","time":1612537295,"event":{"mods":["BaseMod","Colored Powertips","Downfall","Infinite Spire","Minty Spire (QoL Compilation)","Replay The Spire","StSLib"],"gold_per_floor":[112,122,122,132,132,132,7,7,56,68,99,117,130,140,140,236,236,250,265,17,17,17,49,49,65,89,89,105,105,105,125,125,125,125],"floor_reached":33,"language":"ENG","playtime":1166,"items_purged":["Strike_B","Defend_B"],"score":269,"play_id":"30dd33e9-248d-44a0-9aae-d7ad8f44370f","local_time":"20210205150135","is_ascension_mode":false,"campfire_choices":[{"data":"Loop","floor":6,"key":"SMITH"},{"floor":15,"key":"REST"},{"floor":24,"key":"REST"},{"data":"Defragment","floor":27,"key":"SMITH"},{"floor":32,"key":"REST"}],"circlet_count":0,"master_deck":["Strike_B+1","Defend_B","Defend_B","Zap","Dualcast","Electrodynamics","Leap","Loop+1","BasicCrystalCard","BasicCrystalCard","Crystallizer","Ball Lightning","Ball Lightning","FIFO Queue","Conserve Battery","Mirror Shield","Turbo+1","Conserve Battery+1","All For One+1","Glacier","Defragment+1","Shame","Electrodynamics","Melter","downfall:Bewildered","Ball Lightning+1"],"relics":["Cracked Core","Replay:Rubber Ducky","Dream Catcher","PreservedInsect","Astrolabe","Membership Card","infinitespire:Lychee Nut","Ginger","Lantern","sneckomod:BabySnecko"],"acts_visited":["Exordium","TheCity"],"potions_floor_usage":[12,16,18,31,33],"damage_taken":[{"damage":3,"enemies":"2 Louse","floor":1,"turns":2},{"damage":6,"enemies":"Jaw Worm","floor":2,"turns":4},{"damage":0,"enemies":"Small Slimes","floor":4,"turns":3},{"damage":11,"enemies":"Blue Slaver","floor":10,"turns":4},{"damage":21,"enemies":"Lagavulin","floor":11,"turns":6},{"damage":19,"enemies":"Large Slime","floor":12,"turns":4},{"damage":0,"enemies":"2 Fungi Beasts","floor":13,"turns":2},{"damage":2,"enemies":"Looter","floor":14,"turns":3},{"damage":12,"enemies":"Hexaghost","floor":16,"turns":7},{"damage":0,"enemies":"Spheric Guardian","floor":18,"turns":3},{"damage":16,"enemies":"3 Byrds","floor":19,"turns":4},{"damage":49,"enemies":"Slavers","floor":23,"turns":4},{"damage":0,"enemies":"Snecko","floor":25,"turns":5},{"damage":0,"enemies":"Cultist and Chosen","floor":28,"turns":7},{"damage":0,"enemies":"3 Cultists","floor":31,"turns":3},{"damage":76,"enemies":"Collector","floor":33,"turns":8}],"seed_played":"5551556363065404997","potions_obtained":[{"floor":1,"key":"EssenceOfDarkness"},{"floor":4,"key":"SkillPotion"},{"floor":16,"key":"FearPotion"},{"floor":23,"key":"DuplicationPotion"},{"floor":31,"key":"EssenceOfDarkness"}],"is_trial":false,"path_per_floor":["M","M","?","M","?","R","$","?","T","M","E","M","M","M","R","B",null,"M","M","$","?","?","E","R","M","T","R","M","?","?","M","R","B"],"character_chosen":"DEFECT","items_purchased":["BasicCrystalCard","Membership Card"],"campfire_rested":3,"item_purchase_floors":[7,20],"current_hp_per_floor":[72,66,66,66,66,66,66,66,66,55,34,15,15,13,35,23,75,75,59,59,59,56,10,26,32,32,32,38,29,29,34,50,0,0],"gold":125,"neow_bonus":"ONE_RANDOM_RARE_CARD","is_daily":false,"chose_seed":false,"campfire_upgraded":2,"win_rate":0.0,"timestamp":1612537295,"path_taken":["M","M","?","M","?","R","?","?","T","M","E","M","M","?","R","BOSS","M","M","$","?","?","E","R","M","T","R","M","?","?","M","R","BOSS"],"items_purchased_type":["Card","Relic"],"build_version":"2020-12-22","purchased_purges":2,"victory":false,"max_hp_per_floor":[75,75,75,75,75,75,75,75,75,75,75,75,75,75,75,75,75,75,75,75,75,56,56,56,56,56,56,56,56,56,56,56,56,56],"card_choices":[{"not_picked":["Turbo","BootSequence"],"picked":"Leap","floor":1},{"not_picked":["Panic Button","Glacier"],"picked":"Loop","floor":2},{"not_picked":["Blizzard","Redo"],"picked":"BasicCrystalCard","floor":4},{"not_picked":["Sweeping Beam","Ball Lightning"],"picked":"Crystallizer","floor":10},{"not_picked":["Beam Cell","Barrage"],"picked":"Ball Lightning","floor":11},{"not_picked":["ReplayRNGCard","Beam Cell"],"picked":"Ball Lightning","floor":12},{"not_picked":["Hologram","Fusion","Go for the Eyes"],"picked":"SKIP","floor":13},{"not_picked":["BasicCrystalCard","Cold Snap"],"picked":"FIFO Queue","floor":14},{"not_picked":["Sweeping Beam","Time Bomb"],"picked":"Conserve Battery","floor":15},{"not_picked":["ReplayRNGCard","Core Surge"],"picked":"Mirror Shield","floor":16},{"not_picked":["BasicCrystalCard","ReplayTheSpireMod:Repulse"],"picked":"Glacier","floor":18},{"not_picked":["Undo","Aggregate"],"picked":"Defragment","floor":19},{"not_picked":["Rebound","Conserve Battery","Turbo+1"],"picked":"SKIP","floor":23},{"not_picked":["Redo+1","Consume"],"picked":"Electrodynamics","floor":24},{"not_picked":["BasicCrystalCard","Heatsinks"],"picked":"Melter","floor":25},{"not_picked":["Compile Driver","Coolheaded+1","Turbo"],"picked":"SKIP","floor":28},{"not_picked":["Hologram","Coolheaded+1","BasicCrystalCard"],"picked":"SKIP","floor":31},{"not_picked":["Conserve Battery","Steam"],"picked":"Ball Lightning+1","floor":32}],"player_experience":57516,"relics_obtained":[{"floor":9,"key":"Dream Catcher"},{"floor":11,"key":"PreservedInsect"},{"floor":23,"key":"Ginger"},{"floor":26,"key":"Lantern"}],"event_choices":[{"damage_healed":0,"gold_gain":0,"player_choice":"Box","damage_taken":0,"relics_obtained":["Replay:Rubber Ducky"],"max_hp_gain":0,"max_hp_loss":0,"event_name":"Big Fish","floor":5,"gold_loss":0,"cards_obtained":["Regret"]},{"cards_removed":["Regret"],"damage_healed":0,"gold_gain":0,"player_choice":"Purged","damage_taken":0,"max_hp_gain":0,"max_hp_loss":0,"event_name":"Purifier","floor":8,"gold_loss":0},{"damage_healed":0,"gold_gain":0,"player_choice":"Ignored","damage_taken":0,"max_hp_gain":0,"max_hp_loss":0,"event_name":"Ghosts","floor":21,"gold_loss":0},{"damage_healed":0,"gold_gain":0,"player_choice":"Stole Relic","damage_taken":0,"relics_obtained":["infinitespire:Lychee Nut"],"max_hp_gain":0,"max_hp_loss":0,"event_name":"Addict","floor":22,"gold_loss":0,"cards_obtained":["Shame"]},{"damage_healed":0,"gold_gain":0,"player_choice":"Stopped","damage_taken":9,"max_hp_gain":0,"max_hp_loss":0,"event_name":"Cursed Tome","floor":29,"gold_loss":0}],"is_beta":false,"boss_relics":[{"not_picked":["SacredBark","Ectoplasm"],"picked":"Astrolabe"}],"items_purged_floors":[7,20],"is_endless":false,"potions_floor_spawned":[1,4,12,16,23,31],"killed_by":"Collector","ascension_level":0}}