{"host":"ziuk3578uvufujeg","time":1612503528,"event":{"mods":["BaseMod","Challenge The Spire","Colored Map","Downfall","Hermit","Minty Spire (QoL Compilation)","Quick Restart","Relic Stats","Replay The Spire","Spicy Shops","StSLib","The Blue Laboratory"],"gold_per_floor":[212,262,262,56,75,105,29,60,60,86,86,112,112,131,131,226,226,242,242,262,278,278,278,289,305,383,383,383],"floor_reached":27,"language":"ENG","playtime":2047,"items_purged":["Strike_R"],"score":277,"play_id":"749c9cf3-b4d5-46fb-bd49-bfb1f8001ebc","local_time":"20210205003848","is_ascension_mode":true,"campfire_choices":[{"floor":11,"key":"REST"},{"floor":13,"key":"REST"},{"floor":15,"key":"DIG"},{"floor":23,"key":"RECALL"}],"circlet_count":0,"master_deck":["Strike_R","Strike_R","Strike_R+1","Defend_R","Defend_R","Defend_R","Defend_R","Bash","Whirlwind+1","Run Through","Flex+1","Cleave","Shrug It Off","Headbutt","Flex","Thunderclap","Headbutt","Dropkick","Demon Form","CurseOfTheBell","Infernal Blade+1","Clothesline","Rage","ReplayTheSpireMod:LeadingStrike","Uppercut","Twin Strike"],"relics":["Burning Blood","Replay:Bottled Steam","Cauldron","Smiling Mask","Replay:Bottled Flurry","Potion Belt","Pet Ghost","ReplayTheSpireMod:Spearhead","Calling Bell","Blue Doll","Iron Hammer","Charon\u0027s Ashes","Replay:Ringing Soul"],"acts_visited":["Exordium","TheCity"],"potions_floor_usage":[6,8,8,10,16],"damage_taken":[{"damage":7,"enemies":"Jaw Worm","floor":1,"turns":3},{"damage":0,"enemies":"2 Louse","floor":5,"turns":1},{"damage":10,"enemies":"3 Sentries","floor":6,"turns":4},{"damage":30,"enemies":"Lagavulin","floor":8,"turns":4},{"damage":12,"enemies":"Gremlin Nob","floor":10,"turns":3},{"damage":11,"enemies":"Replay:BlueRogue","floor":12,"turns":4},{"damage":0,"enemies":"Cultist","floor":14,"turns":3},{"damage":77,"enemies":"Hexaghost","floor":16,"turns":12},{"damage":25,"enemies":"2 Thieves","floor":18,"turns":3},{"damage":15,"enemies":"Chosen","floor":20,"turns":5},{"damage":8,"enemies":"3 Cultists","floor":21,"turns":3},{"damage":40,"enemies":"Centurion and Healer","floor":24,"turns":4},{"damage":9,"enemies":"Chosen and Byrds","floor":25,"turns":5},{"damage":15,"enemies":"Snake Plant","floor":27,"turns":2}],"seed_played":"-4486117755809392502","potions_obtained":[{"floor":1,"key":"ColorlessPotion"},{"floor":2,"key":"Toxic Potion"},{"floor":2,"key":"blueLaboratory:NullPotion"},{"floor":7,"key":"blueLaboratory:BubblePotion"},{"floor":7,"key":"blueLaboratory:EnragingPotion"},{"floor":12,"key":"blueLaboratory:HorrorPotion"},{"floor":14,"key":"blueLaboratory:FrostheartPotion"},{"floor":20,"key":"Elixir"},{"floor":21,"key":"blueLaboratory:PhilterOfMotion"}],"is_trial":false,"path_per_floor":["M","?","?","$","M","E","$","E","T","E","R","E","R","M","R_BF","B",null,"M","?","M","M","?","R","M","M","T","M"],"character_chosen":"IRONCLAD","items_purchased":["Flex+1","Cleave","Cauldron"],"campfire_rested":2,"item_purchase_floors":[4,4,7],"current_hp_per_floor":[79,79,63,63,69,65,65,41,41,35,59,54,78,80,80,9,80,61,61,52,50,50,50,16,13,13,0,0],"gold":383,"neow_bonus":"HUNDRED_GOLD","is_daily":false,"chose_seed":false,"campfire_upgraded":0,"win_rate":0.0,"timestamp":1612503528,"path_taken":["M","?","?","$","M","E","?","E","T","E","R","E","R","?","R_BF","BOSS","M","?","M","M","?","R","M","?","T","M"],"items_purchased_type":["Card","Card","Relic"],"build_version":"2020-12-22","purchased_purges":1,"victory":false,"max_hp_per_floor":[80,80,80,80,80,80,80,80,80,80,80,80,80,80,80,80,80,80,80,80,80,80,80,80,80,80,80,80],"relic_stats":{"counters":[14,56],"Charon\u0027s Ashes":[96],"Smiling Mask":0,"obtain_stats":[{"Potion Belt":10,"Blue Doll":17,"Charon\u0027s Ashes":17,"Smiling Mask":8,"Burning Blood":0,"Pet Ghost":12,"Calling Bell":17,"Cauldron":7,"Replay:Ringing Soul":26,"ReplayTheSpireMod:Spearhead":15,"Iron Hammer":17,"Replay:Bottled Flurry":9,"Replay:Bottled Steam":6},{"Potion Belt":5,"Blue Doll":8,"Charon\u0027s Ashes":8,"Smiling Mask":4,"Burning Blood":0,"Pet Ghost":6,"Calling Bell":8,"Cauldron":3,"Replay:Ringing Soul":13,"ReplayTheSpireMod:Spearhead":7,"Iron Hammer":8,"Replay:Bottled Flurry":4,"Replay:Bottled Steam":3},{"Potion Belt":15,"Blue Doll":34,"Charon\u0027s Ashes":34,"Smiling Mask":12,"Burning Blood":0,"Pet Ghost":19,"Calling Bell":34,"Cauldron":8,"Replay:Ringing Soul":54,"ReplayTheSpireMod:Spearhead":22,"Iron Hammer":34,"Replay:Bottled Flurry":12,"Replay:Bottled Steam":8}],"Burning Blood":74},"card_choices":[{"not_picked":["Bloodletting","True Grit"],"picked":"Whirlwind","floor":1},{"not_picked":["Sword Boomerang","Havoc"],"picked":"Run Through","floor":2},{"not_picked":["Havoc","True Grit"],"picked":"Shrug It Off","floor":5},{"not_picked":["Havoc","Fiend Fire"],"picked":"Headbutt","floor":6},{"not_picked":["Blood for Blood","Headbutt"],"picked":"Flex","floor":8},{"not_picked":["ReplayTheSpireMod:LeadingStrike","Sentinel"],"picked":"Thunderclap","floor":10},{"not_picked":["Burning Pact","Flame Barrier"],"picked":"Headbutt","floor":12},{"not_picked":["Headbutt","Sword Boomerang"],"picked":"Dropkick","floor":14},{"not_picked":["Eclipse","Feed"],"picked":"Demon Form","floor":16},{"not_picked":["Defy Death+1","Body Slam"],"picked":"Infernal Blade","floor":18},{"not_picked":["Warcry","Shrug It Off"],"picked":"Clothesline","floor":20},{"not_picked":["ReplayTheSpireMod:Strike From Hell","Headbutt"],"picked":"Rage","floor":21},{"not_picked":["Hemogenesis","Clash"],"picked":"Uppercut","floor":24},{"not_picked":["ReplayTheSpireMod:Strike From Hell","Burning Pact"],"picked":"Twin Strike","floor":25}],"player_experience":147080,"relics_obtained":[{"floor":6,"key":"Replay:Bottled Steam"},{"floor":8,"key":"Smiling Mask"},{"floor":9,"key":"Replay:Bottled Flurry"},{"floor":10,"key":"Potion Belt"},{"floor":12,"key":"Pet Ghost"},{"floor":15,"key":"ReplayTheSpireMod:Spearhead"},{"floor":17,"key":"Blue Doll"},{"floor":17,"key":"Iron Hammer"},{"floor":17,"key":"Charon\u0027s Ashes"},{"floor":26,"key":"Replay:Ringing Soul"}],"event_choices":[{"damage_healed":0,"gold_gain":0,"player_choice":"Entered Light","damage_taken":16,"max_hp_gain":0,"max_hp_loss":0,"event_name":"Shining Light","floor":3,"gold_loss":0,"cards_upgraded":["Whirlwind","Strike_R"]},{"damage_healed":0,"gold_gain":0,"player_choice":"Upgraded","damage_taken":0,"max_hp_gain":0,"max_hp_loss":0,"event_name":"Upgrade Shrine","floor":19,"gold_loss":0,"cards_upgraded":["Infernal Blade"]},{"damage_healed":0,"gold_gain":0,"cards_transformed":["Strike_R"],"player_choice":"Transformed","damage_taken":0,"max_hp_gain":0,"max_hp_loss":0,"event_name":"Transmorgrifier","floor":22,"gold_loss":0,"cards_obtained":["ReplayTheSpireMod:LeadingStrike"]}],"is_beta":false,"boss_relics":[{"not_picked":["Abe\u0027s Treasure","Runic Pyramid"],"picked":"Calling Bell"}],"items_purged_floors":[4],"is_endless":false,"potions_floor_spawned":[1,12,14,20,21],"killed_by":"Snake Plant","ascension_level":3}}