{"host":"vld99k9l4elccfy8","time":1612505780,"event":{"mods":["AchievementEnabler","BaseMod","Bestiary","Block Reminder","Colored Map","Colored Powertips","Custom Start","Highlight Path","Minty Spire (QoL Compilation)","Permanent Neow","Rare Cards Sparkle"],"gold_per_floor":[117,117,117,117,134,134,144,144,197,230,245,257,257,271,271,368,368,378,378,378,378,391,408,408,65,89,99,23,37,84,84,84],"floor_reached":31,"language":"ENG","playtime":2287,"items_purged":[],"score":237,"play_id":"2743688e-a517-4b5e-84ac-2bbbe4d020c7","local_time":"20210204231620","is_ascension_mode":false,"campfire_choices":[{"floor":6.0,"key":"RECALL"},{"data":"Darkness","floor":8.0,"key":"SMITH"},{"floor":13.0,"key":"REST"},{"floor":15.0,"key":"REST"},{"floor":24,"key":"REST"}],"circlet_count":0,"master_deck":["Strike_B","Strike_B","Strike_B","Defend_B","Defend_B","Defend_B","Zap","Dualcast","Darkness+1","BootSequence","Redo+1","Compile Driver","Reinforced Body","Conserve Battery","Creative AI","Gash","Genetic Algorithm+1","Multi-Cast","Streamline+1","Streamline","Conserve Battery+1","Echo Form","Rainbow","Turbo","Melter","Double Energy","Double Energy"],"relics":["Cracked Core","StrikeDummy","Toy Ornithopter","Inserter","Enchiridion","War Paint","Regal Pillow"],"acts_visited":["TheCity"],"potions_floor_usage":[23,23],"damage_taken":[{"damage":3.0,"enemies":"2 Louse","floor":1.0,"turns":3.0},{"damage":0.0,"enemies":"Small Slimes","floor":5.0,"turns":2.0},{"damage":3.0,"enemies":"Jaw Worm","floor":7.0,"turns":3.0},{"damage":24.0,"enemies":"Gremlin Nob","floor":10.0,"turns":5.0},{"damage":0.0,"enemies":"Exordium Wildlife","floor":11.0,"turns":4.0},{"damage":12.0,"enemies":"3 Louse","floor":12.0,"turns":5.0},{"damage":2.0,"enemies":"Blue Slaver","floor":14.0,"turns":3.0},{"damage":48.0,"enemies":"Hexaghost","floor":16.0,"turns":9.0},{"damage":12.0,"enemies":"Shell Parasite","floor":18.0,"turns":6.0},{"damage":25.0,"enemies":"Spheric Guardian","floor":22.0,"turns":4.0},{"damage":9,"enemies":"Snake Plant","floor":23,"turns":5},{"damage":12,"enemies":"Chosen and Byrds","floor":27,"turns":5},{"damage":19,"enemies":"Sentry and Sphere","floor":29,"turns":4},{"damage":36,"enemies":"Shelled Parasite and Fungi","floor":31,"turns":6}],"seed_played":"2432630628053951298","potions_obtained":[{"floor":1.0,"key":"FairyPotion"},{"floor":11.0,"key":"BlessingOfTheForge"},{"floor":12.0,"key":"Explosive Potion"},{"floor":16.0,"key":"Block Potion"},{"floor":23,"key":"SpeedPotion"}],"is_trial":false,"path_per_floor":["M","?","?","?","M","R","M","R","T","E","M","M","R","M","R","B",null,"M","?","?","?","M","M","R","$","T","M","$","M","T","M"],"character_chosen":"DEFECT","items_purchased":["Echo Form","Rainbow","Turbo","Double Energy"],"campfire_rested":3,"item_purchase_floors":[25,25,25,28],"current_hp_per_floor":[72,72,60,60,60,60,57,57,57,33,33,21,43,41,63,15,75,63,63,49,33,8,9,33,33,33,21,21,2,2,0,0],"gold":84,"neow_bonus":"TRANSFORM_TWO_CARDS","is_daily":false,"chose_seed":false,"campfire_upgraded":1,"win_rate":0.0,"timestamp":1612505780,"path_taken":["M","?","?","?","M","R","M","R","T","E","M","M","R","?","R","BOSS","M","?","?","?","M","?","R","$","T","M","$","?","?","M"],"items_purchased_type":["Card","Card","Card","Card"],"build_version":"2020-12-22","purchased_purges":0,"victory":false,"max_hp_per_floor":[75,75,75,75,75,75,75,75,75,75,75,75,75,75,75,75,75,75,75,80,80,80,80,80,80,80,80,80,80,80,80,80],"card_choices":[{"not_picked":["Conserve Battery","Go for the Eyes"],"picked":"Redo","floor":1.0},{"not_picked":["Coolheaded","Cold Snap"],"picked":"Compile Driver","floor":5.0},{"not_picked":["Go for the Eyes","White Noise"],"picked":"Reinforced Body","floor":7.0},{"not_picked":["Capacitor","Rebound"],"picked":"Conserve Battery","floor":10.0},{"not_picked":["Coolheaded","Defragment"],"picked":"Creative AI","floor":11.0},{"not_picked":["Stack","Cold Snap"],"picked":"Gash","floor":12.0},{"not_picked":["Redo","Steam"],"picked":"Genetic Algorithm","floor":14.0},{"not_picked":["All For One","Core Surge"],"picked":"Multi-Cast","floor":16.0},{"not_picked":["Go for the Eyes","Leap+1"],"picked":"Streamline+1","floor":18.0},{"not_picked":["Barrage","Compile Driver"],"picked":"Streamline","floor":22.0},{"not_picked":["Reprogram","Streamline"],"picked":"Conserve Battery+1","floor":23},{"not_picked":["Hologram","Coolheaded"],"picked":"Melter","floor":27},{"not_picked":["White Noise","Barrage"],"picked":"Double Energy","floor":29}],"player_experience":383750,"relics_obtained":[{"floor":10.0,"key":"Toy Ornithopter"},{"floor":21.0,"key":"Enchiridion"},{"floor":26,"key":"War Paint"},{"floor":30,"key":"Regal Pillow"}],"event_choices":[{"damage_healed":0.0,"max_hp_gain":0.0,"max_hp_loss":0.0,"gold_gain":0.0,"event_name":"Golden Wing","player_choice":"Ignored","floor":2.0,"gold_loss":0.0,"damage_taken":0.0},{"damage_healed":0.0,"max_hp_gain":0.0,"max_hp_loss":0.0,"gold_gain":0.0,"event_name":"Scrap Ooze","player_choice":"Success","floor":3.0,"gold_loss":0.0,"damage_taken":12.0,"relics_obtained":["StrikeDummy"]},{"cards_removed":["Normality"],"damage_healed":0.0,"max_hp_gain":0.0,"max_hp_loss":0.0,"gold_gain":0.0,"event_name":"Living Wall","player_choice":"Forget","floor":4.0,"gold_loss":0.0,"damage_taken":0.0},{"damage_healed":0.0,"max_hp_gain":0.0,"max_hp_loss":0.0,"gold_gain":0.0,"event_name":"Ghosts","player_choice":"Ignored","floor":19.0,"gold_loss":0.0,"damage_taken":0.0},{"damage_healed":0.0,"max_hp_gain":5.0,"max_hp_loss":0.0,"gold_gain":0.0,"event_name":"Forgotten Altar","player_choice":"Shed Blood","floor":20.0,"gold_loss":0.0,"damage_taken":19.0},{"damage_healed":0.0,"max_hp_gain":0.0,"max_hp_loss":0.0,"gold_gain":0.0,"event_name":"Cursed Tome","player_choice":"Obtained Book","floor":21.0,"gold_loss":0.0,"damage_taken":16.0}],"is_beta":false,"boss_relics":[{"not_picked":["Velvet Choker","Black Star"],"picked":"Inserter"}],"items_purged_floors":[],"is_endless":false,"potions_floor_spawned":[1,11,12,16,22,23],"killed_by":"Shelled Parasite and Fungi","ascension_level":0}}