{"host":"9n6i2vl93jt4o42q","time":1612516600,"event":{"mods":["BaseMod","Minty Spire (QoL Compilation)","Relic Stats"],"gold_per_floor":[112,125,142,158,158,192,192,210,210,210,13,60,60,60,60,60,60],"floor_reached":16,"language":"ENG","playtime":1032,"items_purged":[],"score":200,"play_id":"1f981c0e-899c-4ac6-bcc7-3cd89c82da3a","local_time":"20210205101640","is_ascension_mode":true,"campfire_choices":[{"floor":7,"key":"REST"},{"floor":10,"key":"REST"},{"floor":15,"key":"REST"}],"circlet_count":0,"master_deck":["AscendersBane","Strike_G","Strike_G","Strike_G","Strike_G","Strike_G","Defend_G","Defend_G","Defend_G","Defend_G","Defend_G","Survivor","Neutralize+1","Deflect","Predator","Dagger Spray","PiercingWail","Heel Hook","Flying Knee","Finisher","Flash of Steel","Cloak And Dagger"],"relics":["Ring of the Snake","White Beast Statue","Toy Ornithopter","Tiny Chest","Art of War","Sundial"],"acts_visited":["Exordium"],"potions_floor_usage":[6,16],"damage_taken":[{"damage":1.0,"enemies":"Small Slimes","floor":1.0,"turns":3.0},{"damage":0.0,"enemies":"Cultist","floor":2.0,"turns":4.0},{"damage":0.0,"enemies":"2 Louse","floor":3.0,"turns":2.0},{"damage":5.0,"enemies":"Exordium Wildlife","floor":4.0,"turns":5.0},{"damage":47,"enemies":"3 Sentries","floor":6,"turns":13},{"damage":18,"enemies":"Gremlin Gang","floor":8,"turns":6},{"damage":32,"enemies":"Hexaghost","floor":16,"turns":12}],"seed_played":"1822185456290710898","potions_obtained":[{"floor":2.0,"key":"EssenceOfSteel"},{"floor":4.0,"key":"Weak Potion"},{"floor":6,"key":"EssenceOfSteel"},{"floor":8,"key":"Energy Potion"}],"is_trial":false,"path_per_floor":["M","M","M","M","?","E","R","M","T","R","$","T","?","$","R","B"],"character_chosen":"THE_SILENT","items_purchased":["Finisher","Flash of Steel","Cloak And Dagger"],"campfire_rested":3,"item_purchase_floors":[11,11,11],"current_hp_per_floor":[58,58,58,53,53,6,25,7,7,26,26,26,8,8,27,0,0],"gold":60,"neow_bonus":"UPGRADE_CARD","is_daily":false,"chose_seed":false,"campfire_upgraded":0,"win_rate":0.0,"timestamp":1612516600,"path_taken":["M","M","M","M","?","E","R","M","T","R","$","?","?","$","R","BOSS"],"items_purchased_type":["Card","Card","Card"],"build_version":"2020-12-22","purchased_purges":0,"victory":false,"max_hp_per_floor":[66,66,66,66,66,66,66,66,66,66,66,66,66,66,66,66,66],"relic_stats":{"counters":[7,45],"Sundial":[2],"Tiny Chest":0,"Art of War":[0],"obtain_stats":[{"Sundial":13,"Tiny Chest":9,"Art of War":12,"White Beast Statue":5,"Toy Ornithopter":6,"Ring of the Snake":0},{"Sundial":6,"Tiny Chest":6,"Art of War":6,"White Beast Statue":4,"Toy Ornithopter":5,"Ring of the Snake":0},{"Sundial":33,"Tiny Chest":33,"Art of War":33,"White Beast Statue":14,"Toy Ornithopter":27,"Ring of the Snake":0}],"Toy Ornithopter":5,"Ring of the Snake":[14]},"card_choices":[{"not_picked":["Bane","Quick Slash"],"picked":"Deflect","floor":1.0},{"not_picked":["Accuracy","Well Laid Plans"],"picked":"Predator","floor":2.0},{"not_picked":["Choke","Blade Dance"],"picked":"Dagger Spray","floor":3.0},{"not_picked":["Finisher","Outmaneuver"],"picked":"PiercingWail","floor":4.0},{"not_picked":["Deflect","Poisoned Stab"],"picked":"Heel Hook","floor":6},{"not_picked":["Deadly Poison","Deflect"],"picked":"Flying Knee","floor":8}],"player_experience":2463614,"relics_obtained":[{"floor":6,"key":"Toy Ornithopter"},{"floor":9,"key":"Tiny Chest"},{"floor":12,"key":"Art of War"}],"event_choices":[{"damage_healed":0.0,"max_hp_gain":0.0,"max_hp_loss":0.0,"gold_gain":0.0,"event_name":"WeMeetAgain","player_choice":"Gave Potion","floor":5.0,"gold_loss":0.0,"damage_taken":0.0,"relics_obtained":["White Beast Statue"]},{"damage_healed":0,"gold_gain":0,"player_choice":"Success","damage_taken":18,"relics_obtained":["Sundial"],"max_hp_gain":0,"max_hp_loss":0,"event_name":"Scrap Ooze","floor":13,"gold_loss":0}],"is_beta":false,"boss_relics":[],"items_purged_floors":[],"is_endless":false,"potions_floor_spawned":[2,4,6,8],"killed_by":"Hexaghost","ascension_level":20}}