{"host":"qheym18ww6mhskxf","time":1612542444,"event":{"mods":["100% Spire Juice","BaseMod","CapriCore","Friendly Minions","GungeonMod","KOR Keyword Fix","Kiyohime£¨?ýï£©","Minty Spire (QoL Compilation)","Prisma Mod","Quick Restart","RRrroohrrRGHHhhh!!","Rare Cards Sparkle","Shop Mod","Spicy Shops","StSLib","Td1madao Mod","The Dragon Tamer","Username Fix"],"gold_per_floor":[115,125,142,152,163,163,195,195,195,207,207,222,257,273,273,273,273],"floor_reached":16,"language":"KOR","playtime":423,"items_purged":[],"score":266,"play_id":"3d972f89-8dca-4979-ad6a-bf70d98f08ca","local_time":"20210206012724","daily_mods":["Time Dilation","DeadlyEvents","Elite Swarm"],"is_ascension_mode":true,"campfire_choices":[{"data":"PrismaMod:ChloeCheapAttack","floor":6.0,"key":"SMITH"},{"floor":8.0,"key":"REST"},{"data":"Cleave","floor":15.0,"key":"SMITH"}],"circlet_count":0,"master_deck":["Strike_R","Strike_R","Strike_R","Strike_R","Strike_R","Defend_R","Defend_R","Defend_R","Defend_R","Bash","PrismaMod:ChloeCheapAttack+1","Cleave+1","Anger","Twin Strike"],"relics":["Burning Blood","Pear","Bag of Marbles","Strawberry"],"acts_visited":["Exordium"],"potions_floor_usage":[16,16],"damage_taken":[{"damage":8.0,"enemies":"Jaw Worm","floor":1.0,"turns":4.0},{"damage":1.0,"enemies":"Cultist","floor":2.0,"turns":4.0},{"damage":5.0,"enemies":"Small Slimes","floor":3.0,"turns":5.0},{"damage":28.0,"enemies":"Exordium Wildlife","floor":4.0,"turns":4.0},{"damage":29.0,"enemies":"3 Louse","floor":5.0,"turns":4.0},{"damage":10.0,"enemies":"Lagavulin","floor":7.0,"turns":3.0},{"damage":5.0,"enemies":"Blue Slaver","floor":10.0,"turns":4.0},{"damage":26.0,"enemies":"Gremlin Gang","floor":12.0,"turns":5.0},{"damage":18.0,"enemies":"Gremlin Nob","floor":13.0,"turns":4.0},{"damage":1.0,"enemies":"Exordium Thugs","floor":14.0,"turns":2.0},{"damage":49,"enemies":"The Guardian","floor":16,"turns":6}],"seed_played":"2851944198134770035","potions_obtained":[{"floor":3.0,"key":"DistilledChaos"},{"floor":4.0,"key":"DistilledChaos"},{"floor":7.0,"key":"DuplicationPotion"},{"floor":13.0,"key":"SteroidPotion"}],"is_trial":true,"path_per_floor":["M","M","M","M","M","R","E","R","T","M","?","M","E","M","R","B"],"character_chosen":"IRONCLAD","items_purchased":[],"campfire_rested":1,"item_purchase_floors":[],"current_hp_per_floor":[70,75,76,54,31,31,37,64,64,65,70,50,45,50,50,1,1],"gold":273,"neow_bonus":"","is_daily":false,"chose_seed":false,"campfire_upgraded":2,"win_rate":0.0,"timestamp":1612542444,"path_taken":["M","M","M","M","M","R","E","R","T","M","?","?","?","M","R","BOSS"],"items_purchased_type":[],"build_version":"2020-12-22","purchased_purges":0,"victory":false,"max_hp_per_floor":[80,80,80,80,80,80,90,90,90,90,95,95,102,102,102,102,102],"card_choices":[{"not_picked":["PrismaMod:ChloeDiscardRecovery","PrismaMod:ChloeDemonicTutor","Clash"],"picked":"SKIP","floor":1.0},{"not_picked":["Thunderclap","Wild Strike","PrismaMod:ChloeDiscardRecovery"],"picked":"SKIP","floor":2.0},{"not_picked":["Fire Breathing","True Grit"],"picked":"PrismaMod:ChloeCheapAttack","floor":3.0},{"not_picked":["Perfected Strike","PrismaMod:ChloeCommonAOEAttack","Burning Pact"],"picked":"SKIP","floor":4.0},{"not_picked":["PrismaMod:ChloeCommonAOEAttack","Evolve","Hemokinesis"],"picked":"SKIP","floor":5.0},{"not_picked":["Berserk","PrismaMod:ChloeAnyUncommonTrace","PrismaMod:ChloeUnlimitedBladeWorks"],"picked":"SKIP","floor":7.0},{"not_picked":["Armaments","Wild Strike"],"picked":"Cleave","floor":10.0},{"not_picked":["Thunderclap","Bloodletting"],"picked":"Anger","floor":12.0},{"not_picked":["Reaper","PrismaMod:ChloeAnyUncommonTrace","PrismaMod:ChloeDoubleRelicSpeed"],"picked":"SKIP","floor":13.0},{"not_picked":["Havoc","Clash"],"picked":"Twin Strike","floor":14.0}],"player_experience":473912,"relics_obtained":[{"floor":7.0,"key":"Pear"},{"floor":9.0,"key":"Bag of Marbles"},{"floor":13.0,"key":"Strawberry"}],"event_choices":[{"damage_healed":0.0,"max_hp_gain":5.0,"max_hp_loss":0.0,"gold_gain":0.0,"event_name":"Big Fish","player_choice":"Donut","floor":11.0,"gold_loss":0.0,"damage_taken":0.0}],"is_beta":false,"boss_relics":[],"items_purged_floors":[],"is_endless":true,"potions_floor_spawned":[3,4,7,13],"killed_by":"The Guardian","ascension_level":9}}