{"host":"eaiphzh066bwqdh7","time":1612532365,"event":{"mods":["BaseMod","Better Note","Halation","Hubris","Minty Spire (QoL Compilation)","Reliquary","Replay The Spire","StSLib"],"gold_per_floor":[116,116,116,16,33,66,66,66,90,90,90,90,90,105,105,216,216,241,241,241,251,251,251],"floor_reached":22,"language":"ENG","playtime":499,"items_purged":["Defend_P"],"score":207,"play_id":"2614ef7f-1809-4d98-8d0b-01d098d39f43","local_time":"20210205083925","is_ascension_mode":true,"campfire_choices":[{"data":"Vigilance","floor":8,"key":"SMITH"},{"data":"Eruption","floor":10,"key":"SMITH"},{"data":"Prostrate","floor":12,"key":"SMITH"},{"data":"Defend_P","floor":15,"key":"SMITH"}],"circlet_count":0,"master_deck":["Strike_P","Strike_P","Strike_P","Strike_P","Defend_P","Defend_P+1","Eruption+1","Vigilance+1","Prostrate+1","Brilliance","PathToVictory+1"],"relics":["PureWater","halation:AfternoonTea","hubris:Towel","Ancient Tea Set","CeramicFish","Toxic Egg 2","hubris:Icosahedron"],"acts_visited":["Exordium","TheCity"],"potions_floor_usage":[5,6,18],"damage_taken":[{"damage":0,"enemies":"2 Louse","floor":1,"turns":1},{"damage":0,"enemies":"Jaw Worm","floor":5,"turns":2},{"damage":14,"enemies":"3 Sentries","floor":6,"turns":4},{"damage":0,"enemies":"Small Slimes","floor":14,"turns":2},{"damage":58,"enemies":"Slime Boss","floor":16,"turns":9},{"damage":6,"enemies":"Spheric Guardian","floor":18,"turns":3},{"damage":38,"enemies":"3 Byrds","floor":21,"turns":5},{"damage":27,"enemies":"Centurion and Healer","floor":22,"turns":6}],"seed_played":"974586908249027409","potions_obtained":[{"floor":1,"key":"Swift Potion"},{"floor":5,"key":"ColorlessPotion"},{"floor":16,"key":"Dexterity Potion"},{"floor":21,"key":"GamblersBrew"}],"is_trial":false,"path_per_floor":["M","?","?","$","M","E","$","R","T","R","?","R","T","M","R","B",null,"M","?","?","M","M"],"character_chosen":"WATCHER","items_purchased":["Prostrate"],"campfire_rested":0,"item_purchase_floors":[4],"current_hp_per_floor":[72,77,77,77,77,63,63,63,63,63,63,63,63,63,63,5,77,71,71,65,27,0,0],"gold":251,"neow_bonus":"RANDOM_COMMON_RELIC","is_daily":false,"chose_seed":false,"campfire_upgraded":4,"win_rate":0.0,"timestamp":1612532365,"path_taken":["M","?","?","$","M","E","$","R","T","R","?","R","?","M","R","BOSS","M","?","?","?","M"],"items_purchased_type":["Card"],"build_version":"2020-12-22","purchased_purges":1,"victory":false,"max_hp_per_floor":[72,77,77,77,77,77,77,77,77,77,77,77,77,77,77,77,77,77,77,77,77,77,77],"card_choices":[{"not_picked":["FearNoEvil","Adaptation","Fasting2"],"picked":"SKIP","floor":1},{"not_picked":["Replay:ManipulateFuture","Replay:Anticipation","MentalFortress"],"picked":"SKIP","floor":5},{"not_picked":["Wireheading","Adaptation","Tantrum"],"picked":"SKIP","floor":6},{"not_picked":["InnerPeace+1","Halt+1","Blasphemy+1"],"picked":"SKIP","floor":14},{"not_picked":["DeusExMachina+1","MasterReality"],"picked":"Brilliance","floor":16},{"not_picked":["DeceiveReality+1","Perseverance+1"],"picked":"PathToVictory+1","floor":18},{"not_picked":["BowlingBash","Fasting2","ClearTheMind+1"],"picked":"SKIP","floor":21}],"player_experience":259324,"relics_obtained":[{"floor":6,"key":"Ancient Tea Set"},{"floor":9,"key":"CeramicFish"},{"floor":13,"key":"Toxic Egg 2"}],"event_choices":[{"damage_healed":0,"gold_gain":0,"player_choice":"Donut","damage_taken":0,"max_hp_gain":5,"max_hp_loss":0,"event_name":"Big Fish","floor":2,"gold_loss":0},{"cards_removed":["Defend_P"],"damage_healed":0,"gold_gain":0,"player_choice":"Forget","damage_taken":0,"max_hp_gain":0,"max_hp_loss":0,"event_name":"Living Wall","floor":11,"gold_loss":0},{"damage_healed":0,"gold_gain":0,"player_choice":"","damage_taken":6,"max_hp_gain":0,"max_hp_loss":0,"event_name":"Knowing Skull","floor":20,"potions_obtained":[],"gold_loss":0,"cards_obtained":[]}],"is_beta":false,"boss_relics":[{"not_picked":["halation:CatFaceCupcake","halation:Prosthetics","hubris:GrandSneckoEye"]}],"items_purged_floors":[4],"is_endless":false,"potions_floor_spawned":[1,5,16,21],"killed_by":"Centurion and Healer","ascension_level":3}}