{"host":"k5yjj86hwv5qv2gx","time":1612563154,"event":{"mods":["BaseMod","BetterRewards","Minty Spire (QoL Compilation)","StSLib"],"gold_per_floor":[112,124,124,124,147,183,14,58,82,82,47,70,70,108,108,206,206,224,248,298,14,39,39,39],"floor_reached":23,"language":"ENG","playtime":856,"items_purged":[],"score":418,"play_id":"7bc1f994-c4d4-4876-a11f-efff043e9dfc","local_time":"20210205141234","is_ascension_mode":true,"campfire_choices":[{"floor":10,"key":"REST"},{"data":"Capacitor","floor":13,"key":"SMITH"},{"floor":15,"key":"RECALL"}],"circlet_count":0,"master_deck":["AscendersBane","Strike_B","Defend_B","Defend_B","Defend_B","Defend_B","Zap","Dualcast","Streamline+1","Cold Snap","Ball Lightning","Glacier","Capacitor+1","Go for the Eyes+1","Seek","Streamline+1","Sweeping Beam+1","Storm+1","Loop","Gash+1","Hologram+1"],"relics":["Cracked Core","Emotion Chip","Golden Idol","Tiny Chest","OrangePellets","Centennial Puzzle","Molten Egg 2","Astrolabe","Toxic Egg 2"],"acts_visited":["Exordium","TheCity"],"potions_floor_usage":[6,6,14,18,23],"damage_taken":[{"damage":7,"enemies":"Small Slimes","floor":1,"turns":4},{"damage":3,"enemies":"2 Louse","floor":2,"turns":2},{"damage":2,"enemies":"Jaw Worm","floor":5,"turns":2},{"damage":17,"enemies":"Lagavulin","floor":6,"turns":6},{"damage":15,"enemies":"3 Sentries","floor":8,"turns":7},{"damage":0,"enemies":"Large Slime","floor":12,"turns":5},{"damage":26,"enemies":"Gremlin Nob","floor":14,"turns":4},{"damage":17,"enemies":"The Guardian","floor":16,"turns":13},{"damage":2,"enemies":"3 Byrds","floor":18,"turns":3},{"damage":18,"enemies":"Chosen","floor":19,"turns":5},{"damage":11,"enemies":"Snecko","floor":22,"turns":4},{"damage":28,"enemies":"Centurion and Healer","floor":23,"turns":7}],"seed_played":"-5343299433316504097","potions_obtained":[{"floor":1,"key":"Weak Potion"},{"floor":5,"key":"SteroidPotion"},{"floor":12,"key":"Strength Potion"},{"floor":16,"key":"ColorlessPotion"},{"floor":18,"key":"Swift Potion"}],"is_trial":false,"path_per_floor":["M","M","?","?","M","E","$","E","T","R","?","M","R","E","R","B",null,"M","M","?","$","M","M"],"character_chosen":"DEFECT","items_purchased":["OrangePellets","Toxic Egg 2"],"campfire_rested":1,"item_purchase_floors":[7,21],"current_hp_per_floor":[57,54,54,54,52,35,35,20,20,37,51,51,51,25,25,8,46,44,26,26,26,15,0,0],"gold":39,"neow_bonus":"ONE_RARE_RELIC","is_daily":false,"chose_seed":false,"campfire_upgraded":1,"win_rate":0.0,"timestamp":1612563154,"path_taken":["M","M","?","?","M","E","$","E","T","R","?","M","R","E","R","BOSS","M","M","?","$","M","M"],"items_purchased_type":["Relic","Relic"],"build_version":"2020-12-22","purchased_purges":0,"victory":false,"max_hp_per_floor":[64,64,64,58,58,58,58,58,58,58,58,58,58,58,58,58,58,58,58,58,58,58,58,58],"card_choices":[{"not_picked":["Heatsinks","Turbo"],"picked":"Streamline","floor":1},{"not_picked":["Redo","Lockon","Stack"],"picked":"SKIP","floor":2},{"not_picked":["Ball Lightning","Force Field"],"picked":"Cold Snap","floor":5},{"not_picked":["Stack","Redo"],"picked":"Ball Lightning","floor":6},{"not_picked":["Conserve Battery","Leap"],"picked":"Glacier","floor":8},{"not_picked":["Double Energy","Meteor Strike"],"picked":"Capacitor","floor":12},{"not_picked":["Undo","Auto Shields"],"picked":"Go for the Eyes+1","floor":14},{"not_picked":["Thunder Strike+1","Fission"],"picked":"Seek","floor":16},{"not_picked":["Reinforced Body","Stack"],"picked":"Loop","floor":18},{"not_picked":["White Noise","Stack"],"picked":"Gash+1","floor":19},{"not_picked":["Melter+1","Reprogram+1"],"picked":"Hologram+1","floor":22}],"player_experience":1173946,"relics_obtained":[{"floor":6,"key":"Tiny Chest"},{"floor":8,"key":"Centennial Puzzle"},{"floor":14,"key":"Molten Egg 2"}],"event_choices":[{"damage_healed":0,"gold_gain":0,"player_choice":"Grow","damage_taken":0,"max_hp_gain":0,"max_hp_loss":0,"event_name":"Living Wall","floor":3,"gold_loss":0,"cards_upgraded":["Streamline"]},{"damage_healed":0,"gold_gain":0,"player_choice":"Lose Max HP","damage_taken":0,"relics_obtained":["Golden Idol"],"max_hp_gain":0,"max_hp_loss":6,"event_name":"Golden Idol","floor":4,"gold_loss":0},{"damage_healed":14,"gold_gain":0,"player_choice":"Healed","damage_taken":0,"max_hp_gain":0,"max_hp_loss":0,"event_name":"The Cleric","floor":11,"gold_loss":35},{"damage_healed":0,"gold_gain":50,"player_choice":"Stole From Cult","damage_taken":0,"max_hp_gain":0,"max_hp_loss":0,"event_name":"Nest","floor":20,"gold_loss":0}],"is_beta":false,"boss_relics":[{"not_picked":["Tiny House","Empty Cage"],"picked":"Astrolabe"}],"items_purged_floors":[],"is_endless":false,"potions_floor_spawned":[1,5,12,16,18],"killed_by":"Centurion and Healer","ascension_level":20}}