{"host":"y1oqg7uy0jc6f5mb","time":1612537853,"event":{"mods":["AchievementEnabler","BaseMod","Better Altar","Better Match","Better Note","Better Sensory Stone","Better Skull","Better Third Choice","BetterRewards","Colored Map","Colored Powertips","Downfall","Highlight Path","Ironclad Rager","Minty Spire (QoL Compilation)","Permanent Neow","Quick Restart","Relic Stats","Replay The Spire","Shop Mod","Smile Girya","StSLib"],"gold_per_floor":[119,130,149,324,24,24,52,70,70,85,102,102,102,118,118,216,216,227,242,242,257,8,8,8,8],"floor_reached":24,"language":"ENG","playtime":1513,"items_purged":["Doubt","Pain"],"score":275,"play_id":"17d4b5a4-1de0-42fe-8259-c994925b8b41","local_time":"20210205231053","is_ascension_mode":true,"campfire_choices":[{"data":"Eruption","floor":6.0,"key":"SMITH"},{"floor":12.0,"key":"REST"},{"data":"DeusExMachina","floor":15.0,"key":"SMITH"},{"floor":23.0,"key":"REST"}],"circlet_count":0,"master_deck":["Strike_P","Strike_P","Strike_P","Strike_P","Defend_P","Defend_P","Defend_P","Defend_P","Eruption+1","Swivel","Crescendo","Flash of Steel","DeusExMachina+1","Study","WheelKick","FearNoEvil","TalkToTheHand","Bash","Sanctity","Devotion","Halt+1","EmptyFist","Meditate","Fasting2","Replay:Anticipation"],"relics":["Pear","Ornamental Fan","Replay:M_SmolderingBlood","VioletLotus","WarpedTongs"],"acts_visited":["Exordium","TheCity"],"potions_floor_usage":[],"damage_taken":[{"damage":0.0,"enemies":"2 Louse","floor":1.0,"turns":2.0},{"damage":2.0,"enemies":"Jaw Worm","floor":2.0,"turns":3.0},{"damage":7.0,"enemies":"Cultist","floor":3.0,"turns":3.0},{"damage":20.0,"enemies":"Gremlin Nob","floor":7.0,"turns":4.0},{"damage":20.0,"enemies":"Lots of Slimes","floor":8.0,"turns":3.0},{"damage":0.0,"enemies":"Large Slime","floor":10.0,"turns":2.0},{"damage":6.0,"enemies":"Exordium Wildlife","floor":11.0,"turns":4.0},{"damage":7.0,"enemies":"Gremlin Gang","floor":14.0,"turns":4.0},{"damage":50.0,"enemies":"The Guardian","floor":16.0,"turns":10.0},{"damage":4.0,"enemies":"Chosen","floor":18.0,"turns":5.0},{"damage":18.0,"enemies":"2 Thieves","floor":19.0,"turns":2.0},{"damage":45.0,"enemies":"Snake Plant","floor":21.0,"turns":6.0},{"damage":20,"enemies":"Book of Stabbing","floor":24,"turns":2}],"seed_played":"858451929883292922","potions_obtained":[{"floor":1.0,"key":"CultistPotion"},{"floor":10.0,"key":"hexamod:SoulburnPotion"},{"floor":18.0,"key":"Death Potion"},{"floor":21.0,"key":"DuplicationPotion"}],"is_trial":false,"path_per_floor":["M","M","M","?","$","R","E","M","T","M","M","R","?","M","R","B",null,"M","M","?","M","$","R","E"],"character_chosen":"WATCHER","items_purchased":["Flash of Steel","DeusExMachina","Fasting2","Replay:Anticipation"],"campfire_rested":2,"item_purchase_floors":[5,5,22,22],"current_hp_per_floor":[79,77,70,70,70,70,60,40,40,40,34,60,60,53,53,3,68,64,46,46,1,1,27,7,7],"gold":8,"neow_bonus":"TEN_PERCENT_HP_BONUS","is_daily":false,"chose_seed":false,"campfire_upgraded":2,"win_rate":0.0,"timestamp":1612537853,"path_taken":["M","M","M","?","$","R","E","M","T","M","M","R","?","M","R","BOSS","M","M","?","M","$","R","E"],"items_purchased_type":["Card","Card","Card","Card"],"build_version":"2020-12-22","purchased_purges":2,"victory":false,"max_hp_per_floor":[79,79,79,79,79,79,89,89,89,89,89,89,89,89,89,89,89,89,89,89,89,89,89,89,89],"relic_stats":{"counters":[13,50],"Ornamental Fan":[72],"VioletLotus":[4],"obtain_stats":[{"Pear":7,"Ornamental Fan":9,"Replay:M_SmolderingBlood":13,"VioletLotus":17,"PureWater":0,"WarpedTongs":20},{"Pear":4,"Ornamental Fan":5,"Replay:M_SmolderingBlood":7,"VioletLotus":9,"PureWater":0,"WarpedTongs":11},{"Pear":12,"Ornamental Fan":15,"Replay:M_SmolderingBlood":21,"VioletLotus":35,"PureWater":0,"WarpedTongs":42}],"WarpedTongs":[8]},"card_choices":[{"not_picked":["Halt","Evaluate","PathToVictory"],"picked":"SKIP","floor":1.0},{"not_picked":["FlurryOfBlows","Replay:AtTheReady"],"picked":"Swivel","floor":2.0},{"not_picked":["BowlingBash","SashWhip"],"picked":"Crescendo","floor":3.0},{"not_picked":["DeusExMachina","ClearTheMind"],"picked":"Study","floor":7.0},{"not_picked":["CarveReality","Crescendo"],"picked":"WheelKick","floor":8.0},{"not_picked":["Replay:BluntJabs","PathToVictory"],"picked":"FearNoEvil","floor":10.0},{"not_picked":["ClearTheMind","Replay:AtTheReady"],"picked":"TalkToTheHand","floor":11.0},{"not_picked":["WreathOfFlame","Clash"],"picked":"Sanctity","floor":14.0},{"not_picked":["Brilliance","Bludgeon"],"picked":"Devotion","floor":16.0},{"not_picked":["Crescendo+1","Replay:AtTheReady"],"picked":"Halt+1","floor":18.0},{"not_picked":["FollowUp","Replay:AllIn"],"picked":"EmptyFist","floor":19.0},{"not_picked":["Headbutt","SandsOfTime"],"picked":"Meditate","floor":21.0}],"player_experience":371710,"relics_obtained":[{"floor":7.0,"key":"Pear"},{"floor":9.0,"key":"Ornamental Fan"}],"event_choices":[{"damage_healed":0.0,"max_hp_gain":0.0,"max_hp_loss":0.0,"gold_gain":175.0,"event_name":"betterThird:BetterSerpent","player_choice":"AGREE","floor":4.0,"gold_loss":0.0,"damage_taken":149.0},{"damage_healed":0.0,"max_hp_gain":0.0,"max_hp_loss":0.0,"gold_gain":0.0,"event_name":"Accursed Blacksmith","player_choice":"Rummage","floor":20.0,"gold_loss":0.0,"damage_taken":0.0,"relics_obtained":["WarpedTongs"],"cards_obtained":["Pain"]}],"is_beta":false,"boss_relics":[{"not_picked":["Fusion Hammer","Abe\u0027s Treasure"],"picked":"VioletLotus"}],"items_purged_floors":[5,22],"is_endless":false,"potions_floor_spawned":[1,10,18,21],"killed_by":"Book of Stabbing","ascension_level":5}}