{"host":"fuszjwm6fqgjjp4d","time":1612514562,"event":{"mods":["BaseMod","Bestiary","Colored Map","Minty Spire (QoL Compilation)","Permanent Neow","Relic Sorter","Relic Stats","StSLib"],"gold_per_floor":[110,120,120,131,131,131,131,131,158,174,218,232,266,291,291,386,386,400,379,394,309,142,142,183,183,235,270,270,270],"floor_reached":28,"language":"ENG","playtime":988,"items_purged":[],"score":586,"play_id":"d685d69f-c3e3-4ff6-b36f-68199c8c1bc8","local_time":"20210205024242","is_ascension_mode":true,"campfire_choices":[{"data":"Blade Dance","floor":6.0,"key":"SMITH"},{"data":"Blade Dance","floor":8.0,"key":"SMITH"},{"data":"Well Laid Plans","floor":15.0,"key":"SMITH"},{"data":"After Image","floor":23.0,"key":"SMITH"},{"floor":25.0,"key":"REST"}],"circlet_count":0,"master_deck":["AscendersBane","Strike_G","Strike_G","Strike_G","Strike_G","Strike_G","Defend_G","Defend_G","Defend_G+1","Defend_G","Defend_G","Survivor+1","Neutralize","Flash of Steel+1","Backflip","Blade Dance+1","Blade Dance+1","Quick Slash","Venomology","Well Laid Plans+1","Cloak And Dagger","Cloak And Dagger","After Image+1","Infinite Blades","Concentrate+1","Envenom","Deflect","Footwork+1","Blade Dance+1"],"relics":["Ring of the Snake","Golden Idol","Vajra","Centennial Puzzle","InkBottle","Black Star","Darkstone Periapt","Orrery","Mango","Bag of Preparation","War Paint","The Courier","Bottled Tornado"],"acts_visited":["Exordium","TheCity"],"potions_floor_usage":[28],"damage_taken":[{"damage":13.0,"enemies":"Jaw Worm","floor":1.0,"turns":8.0},{"damage":11.0,"enemies":"2 Louse","floor":2.0,"turns":4.0},{"damage":0.0,"enemies":"Small Slimes","floor":4.0,"turns":2.0},{"damage":3.0,"enemies":"Looter","floor":10.0,"turns":2.0},{"damage":2.0,"enemies":"Gremlin Nob","floor":11.0,"turns":3.0},{"damage":1.0,"enemies":"Exordium Thugs","floor":12.0,"turns":3.0},{"damage":0.0,"enemies":"3 Sentries","floor":13.0,"turns":5.0},{"damage":0.0,"enemies":"Lots of Slimes","floor":14.0,"turns":3.0},{"damage":19.0,"enemies":"Slime Boss","floor":16.0,"turns":6.0},{"damage":0.0,"enemies":"Spheric Guardian","floor":18.0,"turns":1.0},{"damage":12.0,"enemies":"2 Thieves","floor":19.0,"turns":4.0},{"damage":0.0,"enemies":"Centurion and Healer","floor":20.0,"turns":6.0},{"damage":35.0,"enemies":"Slavers","floor":24.0,"turns":7.0},{"damage":34.0,"enemies":"Gremlin Leader","floor":27.0,"turns":9.0},{"damage":4,"enemies":"Cultist and Chosen","floor":28,"turns":4}],"seed_played":"914235228122819216","potions_obtained":[{"floor":2.0,"key":"SpeedPotion"},{"floor":10.0,"key":"AttackPotion"},{"floor":11.0,"key":"Strength Potion"},{"floor":14.0,"key":"Swift Potion"},{"floor":19.0,"key":"Weak Potion"},{"floor":20.0,"key":"LiquidBronze"},{"floor":24.0,"key":"PowerPotion"}],"is_trial":false,"path_per_floor":["M","M","?","M","?","R","?","R","T","M","E","M","E","M","R","B",null,"M","M","M","?","$","R","E","R","T","E","M"],"character_chosen":"THE_SILENT","items_purchased":["Orrery"],"campfire_rested":1,"item_purchase_floors":[22],"current_hp_per_floor":[46,35,35,35,35,35,35,35,35,32,30,34,34,34,34,15,49,49,37,37,37,37,37,16,38,38,4,0,0],"gold":270,"neow_bonus":"RANDOM_COLORLESS","is_daily":false,"chose_seed":false,"campfire_upgraded":4,"win_rate":0.0,"timestamp":1612514562,"path_taken":["M","M","?","M","?","R","?","R","T","M","E","M","E","M","R","BOSS","M","M","M","?","$","R","E","R","T","E","M"],"items_purchased_type":["Relic"],"build_version":"2020-12-22","purchased_purges":0,"victory":false,"max_hp_per_floor":[66,66,66,66,60,60,60,60,60,60,60,60,60,60,60,60,60,60,60,60,60,60,60,74,74,74,74,74,74],"relic_stats":{"Darkstone Periapt":0,"Centennial Puzzle":[18],"counters":[15,67],"Golden Idol":78,"Black Star":2,"Bag of Preparation":[4],"War Paint":["Survivor","Defend_G"],"obtain_stats":[{"Darkstone Periapt":21,"Golden Idol":5,"Vajra":9,"Mango":24,"The Courier":27,"Bag of Preparation":24,"War Paint":26,"Bottled Tornado":27,"Centennial Puzzle":11,"Orrery":22,"Black Star":17,"InkBottle":13,"Ring of the Snake":0},{"Darkstone Periapt":12,"Golden Idol":3,"Vajra":3,"Mango":13,"The Courier":14,"Bag of Preparation":13,"War Paint":13,"Bottled Tornado":14,"Centennial Puzzle":5,"Orrery":12,"Black Star":9,"InkBottle":7,"Ring of the Snake":0},{"Darkstone Periapt":47,"Golden Idol":14,"Vajra":14,"Mango":54,"The Courier":63,"Bag of Preparation":54,"War Paint":54,"Bottled Tornado":63,"Centennial Puzzle":19,"Orrery":47,"Black Star":36,"InkBottle":27,"Ring of the Snake":0}],"InkBottle":[27],"Ring of the Snake":[30]},"card_choices":[{"not_picked":["Forethought","Bandage Up"],"picked":"Flash of Steel","floor":0.0},{"not_picked":["Dagger Spray","Prepared"],"picked":"Backflip","floor":1.0},{"not_picked":["Prepared","Tactician"],"picked":"Blade Dance","floor":2.0},{"not_picked":["Quick Slash","Deadly Poison"],"picked":"Blade Dance","floor":4.0},{"not_picked":["Endless Agony","Prepared"],"picked":"Quick Slash","floor":10.0},{"not_picked":["Poisoned Stab","Well Laid Plans"],"picked":"Venomology","floor":11.0},{"not_picked":["Deadly Poison","Acrobatics"],"picked":"Well Laid Plans","floor":12.0},{"not_picked":["Prepared","Backflip"],"picked":"Cloak And Dagger","floor":13.0},{"not_picked":["Bane","Noxious Fumes"],"picked":"Cloak And Dagger","floor":14.0},{"not_picked":["Storm of Steel","Corpse Explosion"],"picked":"After Image","floor":16.0},{"not_picked":["PiercingWail","Acrobatics","Endless Agony"],"picked":"SKIP","floor":18.0},{"not_picked":["Flechettes","Underhanded Strike","Dodge and Roll"],"picked":"SKIP","floor":19.0},{"not_picked":["Quick Slash","Underhanded Strike"],"picked":"Infinite Blades","floor":20.0},{"not_picked":["Poisoned Stab","Dagger Throw"],"picked":"Concentrate+1","floor":22.0},{"not_picked":["Dagger Throw","Masterful Stab"],"picked":"Envenom","floor":22.0},{"not_picked":["Caltrops+1","Reflex"],"picked":"Deflect","floor":22.0},{"not_picked":["Night Terror","Concentrate"],"picked":"Footwork+1","floor":24.0},{"not_picked":["Backflip","Underhanded Strike"],"picked":"Blade Dance+1","floor":27}],"player_experience":1443737,"relics_obtained":[{"floor":9.0,"key":"Vajra"},{"floor":11.0,"key":"Centennial Puzzle"},{"floor":13.0,"key":"InkBottle"},{"floor":24.0,"key":"Mango"},{"floor":24.0,"key":"Bag of Preparation"},{"floor":26.0,"key":"War Paint"},{"floor":27,"key":"The Courier"},{"floor":27,"key":"Bottled Tornado"}],"event_choices":[{"damage_healed":0.0,"max_hp_gain":0.0,"max_hp_loss":0.0,"gold_gain":0.0,"event_name":"Living Wall","player_choice":"Grow","floor":3.0,"gold_loss":0.0,"damage_taken":0.0,"cards_upgraded":["Flash of Steel"]},{"damage_healed":0.0,"max_hp_gain":0.0,"max_hp_loss":6.0,"gold_gain":0.0,"event_name":"Golden Idol","player_choice":"Lose Max HP","floor":5.0,"gold_loss":0.0,"damage_taken":0.0,"relics_obtained":["Golden Idol"]},{"damage_healed":0.0,"max_hp_gain":0.0,"max_hp_loss":0.0,"gold_gain":0.0,"event_name":"Scrap Ooze","player_choice":"Fled","floor":7.0,"gold_loss":0.0,"damage_taken":0.0},{"damage_healed":0.0,"max_hp_gain":0.0,"max_hp_loss":0.0,"gold_gain":0.0,"event_name":"Addict","player_choice":"Obtained Relic","floor":21.0,"gold_loss":85.0,"damage_taken":0.0,"relics_obtained":["Darkstone Periapt"]}],"is_beta":false,"boss_relics":[{"not_picked":["Philosopher\u0027s Stone","Calling Bell"],"picked":"Black Star"}],"items_purged_floors":[],"is_endless":false,"potions_floor_spawned":[2,10,11,14,19,20,24],"killed_by":"Cultist and Chosen","ascension_level":20}}