{"host":"fmegyk2zep2mz06j","time":1612554012,"event":{"mods":["BaseMod","Beaked The Cultist","Downfall","Fiend Mod","Hubris","Marisa????????","Minty Spire (QoL Compilation)","Onozuka Komachi Mod","READ ME - Guardian Mod","READ ME - Snecko Mod","StSLib","The Construct","The Cursed","The Disciple","The Dragon Tamer","The Judge","The Mystic","The Necromancer","The Runesmith","The Servant 0.9.4","thorton"],"gold_per_floor":[99,118,130,130,130,146,199,217,17,37,51,36,36,53,64,166,166,166,186,171,189,189,189,189],"floor_reached":22,"language":"ENG","playtime":1761,"items_purged":[],"score":205,"play_id":"0c0447b1-da01-4b74-b76d-85b9b708c28b","local_time":"20210205204012","is_ascension_mode":false,"campfire_choices":[{"floor":1,"key":"RECALL"},{"floor":9,"key":"REST"},{"data":"Slimebound:OozeBath","floor":13,"key":"SMITH"},{"data":"Slimebound:FirmFortitude","floor":18,"key":"SMITH"}],"circlet_count":0,"master_deck":["Slimebound:Strike_Slimebound","Slimebound:Strike_Slimebound","Slimebound:Strike_Slimebound","Slimebound:Tackle","Slimebound:Defend_Slimebound","Slimebound:Defend_Slimebound","Slimebound:Defend_Slimebound","Slimebound:Defend_Slimebound","Slimebound:Split+1","Slimebound:CorrosiveSpit","Enlightenment","Slimebound:SplitBruiser","Slimebound:LeechingTouch","Slimebound:PressTheAttack","Slimebound:HauntingLick","Slimebound:OozeBath+1","Slimebound:RallyTheTroops","Slimebound:FirmFortitude+1"],"relics":["Slimebound:AbsorbEndCombat","downfall:HeartBlessingRed","downfall:HeartBlessingBlue","SlaversCollar"],"acts_visited":["Exordium","TheCity"],"potions_floor_usage":[9,20],"damage_taken":[{"damage":0,"enemies":"Cultist","floor":2,"turns":4},{"damage":7,"enemies":"2 Louse","floor":3,"turns":3},{"damage":6,"enemies":"Jaw Worm","floor":6,"turns":3},{"damage":12,"enemies":"Blue Slaver","floor":8,"turns":3},{"damage":14,"enemies":"Lots of Slimes","floor":10,"turns":4},{"damage":0,"enemies":"3 Louse","floor":11,"turns":3},{"damage":8,"enemies":"downfall:FleeingMerchant","floor":12,"turns":4},{"damage":3,"enemies":"Large Slime","floor":14,"turns":3},{"damage":6,"enemies":"Red Slaver","floor":15,"turns":3},{"damage":20,"enemies":"SI_SHIV_ARCHETYPE","floor":16,"turns":6},{"damage":35,"enemies":"3 Byrds","floor":19,"turns":4},{"damage":3,"enemies":"downfall:FleeingMerchant","floor":20,"turns":4},{"damage":37,"enemies":"Shell Parasite","floor":21,"turns":5},{"damage":29,"enemies":"Centurion and Healer","floor":22,"turns":2}],"seed_played":"-2949286401161315963","potions_obtained":[{"floor":2,"key":"Weak Potion"},{"floor":6,"key":"Fruit Juice"},{"floor":10,"key":"EntropicBrew"},{"floor":14,"key":"CultistPotion"}],"is_trial":false,"path_per_floor":["R","M","M","?","?","M","T","M","R","M","M","$","R","M","M","B",null,"R","M","$","M","M"],"character_chosen":"SLIMEBOUND","items_purchased":[],"campfire_rested":1,"item_purchase_floors":[],"current_hp_per_floor":[65,65,58,63,63,59,59,51,85,75,79,77,77,78,78,66,85,85,54,57,26,0,0,0],"gold":189,"neow_bonus":"RANDOM_COLORLESS","is_daily":false,"chose_seed":false,"campfire_upgraded":2,"win_rate":0.0,"timestamp":1612554012,"path_taken":["R","M","M","?","?","M","T","M","R","M","M","?","R","M","M","BOSS","R","M","?","M","M"],"items_purchased_type":[],"build_version":"2020-12-22","purchased_purges":0,"victory":false,"max_hp_per_floor":[65,65,65,70,70,70,70,70,85,85,85,85,85,85,85,85,85,85,85,85,85,85,85,85],"card_choices":[{"not_picked":["Forethought","Madness"],"picked":"Enlightenment","floor":0},{"not_picked":["Slimebound:AcidTongue","Slimebound:RollThrough"],"picked":"Slimebound:SplitBruiser","floor":2},{"not_picked":["Slimebound:Chomp","Slimebound:GoopTackle"],"picked":"Slimebound:LeechingTouch","floor":3},{"not_picked":["Slimebound:SlimeSpikes","Slimebound:SplitBruiser"],"picked":"Slimebound:PressTheAttack","floor":6},{"not_picked":["Slimebound:ComboTackle","Slimebound:SplitMire"],"picked":"Slimebound:HauntingLick","floor":8},{"not_picked":["Slimebound:LeadByExample","Slimebound:DisruptingSlam"],"picked":"Slimebound:OozeBath","floor":10},{"not_picked":["Slimebound:PressTheAttack","Slimebound:SplitBruiser","Slimebound:GoopSpray"],"picked":"SKIP","floor":11},{"not_picked":["Slimebound:LeechingTouch","Slimebound:SlimeTap","Slimebound:FinishingTackle"],"picked":"SKIP","floor":12},{"not_picked":["Slimebound:LeechingTouch","Slimebound:HauntingLick"],"picked":"Slimebound:RallyTheTroops","floor":14},{"not_picked":["Slimebound:Prepare","Slimebound:HungryTackle","Slimebound:DivideAndConquer"],"picked":"SKIP","floor":15},{"not_picked":["Slimebound:RallyTheTroops","Slimebound:SlimeSlap"],"picked":"Slimebound:FirmFortitude","floor":16},{"not_picked":["Slimebound:LeechEnergy","Slimebound:SlimeBarrage","Slimebound:SlimeTap"],"picked":"SKIP","floor":19},{"not_picked":["Slimebound:FinishingTackle","Slimebound:SamplingLick","Slimebound:RollThrough"],"picked":"SKIP","floor":20},{"not_picked":["Slimebound:PressTheAttack","Slimebound:Prepare","Slimebound:MegaLick"],"picked":"SKIP","floor":21}],"player_experience":119245,"relics_obtained":[],"event_choices":[{"damage_healed":0,"gold_gain":0,"player_choice":"Donut","damage_taken":0,"max_hp_gain":5,"max_hp_loss":0,"event_name":"Big Fish","floor":4,"gold_loss":0}],"is_beta":false,"boss_relics":[{"not_picked":["Sozu","hubris:BlackHole"],"picked":"SlaversCollar"}],"items_purged_floors":[],"is_endless":false,"potions_floor_spawned":[2,6,10,14,16,21],"killed_by":"Centurion and Healer","ascension_level":0}}