{"host":"gg","time":1612509801,"event":{"mods":["BaseMod","Colored Map","Googly Eyes","Minty Spire (QoL Compilation)","Permanent Neow","Relic Stats","The IronCluck"],"gold_per_floor":[117,117,117,10,10,44,44,44,44],"floor_reached":8,"language":"ENG","playtime":280,"items_purged":[],"score":104,"play_id":"01a77161-ba92-48cc-8a95-b1610271d4ec","local_time":"20210204232321","is_ascension_mode":true,"campfire_choices":[{"data":"Eruption","floor":7,"key":"SMITH"}],"circlet_count":0,"master_deck":["AscendersBane","Strike_P","Strike_P","Strike_P+1","Strike_P","Defend_P","Defend_P","Defend_P","Defend_P+1","Eruption+1","Vigilance","CutThroughFate","BowlingBash","WaveOfTheHand"],"relics":["Velvet Choker","InkBottle"],"acts_visited":["Exordium"],"potions_floor_usage":[6,8,8],"damage_taken":[{"damage":4,"enemies":"Jaw Worm","floor":1,"turns":4},{"damage":4,"enemies":"Gremlin Nob","floor":6,"turns":3},{"damage":40,"enemies":"Lagavulin","floor":8,"turns":7}],"seed_played":"-4972775651257660260","potions_obtained":[{"floor":5,"key":"Swift Potion"},{"floor":6,"key":"SkillPotion"}],"is_trial":false,"path_per_floor":["M","?","?","$","?","E","R","E"],"character_chosen":"WATCHER","items_purchased":["BowlingBash","Block Potion"],"campfire_rested":0,"item_purchase_floors":[4,4],"current_hp_per_floor":[57,62,40,40,40,36,36,0,0],"gold":44,"neow_bonus":"BOSS_RELIC","is_daily":false,"chose_seed":false,"campfire_upgraded":1,"win_rate":0.0,"timestamp":1612509801,"path_taken":["M","?","?","?","?","E","R","E"],"items_purchased_type":["Card","Potion"],"build_version":"2020-12-18","purchased_purges":0,"victory":false,"max_hp_per_floor":[68,73,73,73,73,73,73,73,73],"relic_stats":{"counters":[3,14],"obtain_stats":[{"Velvet Choker":0,"PureWater":0,"InkBottle":6},{"Velvet Choker":0,"PureWater":0,"InkBottle":2},{"Velvet Choker":0,"PureWater":0,"InkBottle":7}],"InkBottle":[2]},"card_choices":[{"not_picked":["EmptyFist","Consecrate"],"picked":"CutThroughFate","floor":1},{"not_picked":["Weave","Sanctity"],"picked":"WaveOfTheHand","floor":6}],"player_experience":1294643,"relics_obtained":[{"floor":6,"key":"InkBottle"}],"event_choices":[{"damage_healed":0,"gold_gain":0,"player_choice":"Donut","damage_taken":0,"max_hp_gain":5,"max_hp_loss":0,"event_name":"Big Fish","floor":2,"gold_loss":0},{"damage_healed":0,"gold_gain":0,"player_choice":"Entered Light","damage_taken":22,"max_hp_gain":0,"max_hp_loss":0,"event_name":"Shining Light","floor":3,"gold_loss":0,"cards_upgraded":["Defend_P","Strike_P"]},{"damage_healed":0,"gold_gain":0,"player_choice":"Got Potions","damage_taken":0,"max_hp_gain":0,"max_hp_loss":0,"event_name":"Lab","floor":5,"gold_loss":0}],"is_beta":true,"boss_relics":[],"items_purged_floors":[],"is_endless":false,"potions_floor_spawned":[6],"killed_by":"Lagavulin","ascension_level":20}}