{"host":"l6elh4j9kblzg1qy","time":1612554939,"event":{"mods":["BaseMod","Downfall","Minty Spire (QoL Compilation)","Replay The Spire","StSLib"],"gold_per_floor":[199,219,229,229,229,23,36,36,61,72,72,82,82,0,0,14,30,131,131,31,50,66,81,98,98,123,135,135,151,164,183,83,95,113,216,216,216,231,246,82,82,82,82,82],"floor_reached":42,"language":"SPA","playtime":3819,"items_purged":[],"score":398,"play_id":"486db5aa-930f-4c5f-8775-9e348b8dbaec","local_time":"20210205205539","is_ascension_mode":false,"campfire_choices":[{"floor":1.0,"key":"RECALL"},{"data":"expansioncontent:StudyTheSpire","floor":8,"key":"SMITH"},{"floor":11,"key":"REST"},{"data":"bronze:HardenedForm","floor":13,"key":"SMITH"},{"data":"bronze:ClassDefault","floor":15,"key":"SMITH"},{"data":"bronze:RecursiveStrike","floor":20,"key":"SMITH"},{"floor":25,"key":"REST"},{"floor":32,"key":"REST"},{"data":"bronze:GetLatest","floor":37,"key":"SMITH"}],"circlet_count":0,"master_deck":["bronze:Strike","bronze:Strike","bronze:Strike","bronze:Strike","bronze:Defend","bronze:Defend","bronze:Defend","bronze:Defend","bronze:Replicate","bronze:Goto","bronze:ChosenStrike","expansioncontent:StudyTheSpire+1","bronze:HardenedForm+1","bronze:WhirlingStrike","bronze:Branch","bronze:ClassDefault+1","bronze:DigitalCarnage","bronze:GetLatest+1","bronze:RecursiveStrike+1","bronze:ForceShield","bronze:Shield","bronze:Overheat","bronze:Terminator","bronze:Separator+1","bronze:DelayedGuard","bronze:ChildClass+1","bronze:ItsAFeature+1","bronze:Repulsor+1","bronze:WildBeam+1","bronze:SpaghettiCode","bronze:Branch+1","bronze:WhirlingStrike","bronze:MaxOutput"],"relics":["bronze:BronzeCore","Honey Jar","downfall:HeartBlessingRed","Regal Pillow","downfall:HeartBlessingBlue","SlaversCollar","ReplayTheSpireMod:TigerMarble"],"acts_visited":["Exordium","TheCity","TheBeyond"],"potions_floor_usage":[18,18,33,34,34,35,35,35,35,35,42],"damage_taken":[{"damage":1,"enemies":"Cultist","floor":2,"turns":4},{"damage":1,"enemies":"Jaw Worm","floor":3,"turns":5},{"damage":0,"enemies":"downfall:FleeingMerchant","floor":6,"turns":4},{"damage":4,"enemies":"Small Slimes","floor":7,"turns":5},{"damage":17,"enemies":"Blue Slaver","floor":10,"turns":4},{"damage":1,"enemies":"2 Fungi Beasts","floor":12,"turns":4},{"damage":5,"enemies":"downfall:FleeingMerchant","floor":14,"turns":4},{"damage":2,"enemies":"Large Slime","floor":16,"turns":6},{"damage":13,"enemies":"Red Slaver","floor":17,"turns":2},{"damage":10,"enemies":"IC_STATUS_ARCHETYPE","floor":18,"turns":7},{"damage":2,"enemies":"Chosen","floor":21,"turns":3},{"damage":12,"enemies":"Shell Parasite","floor":22,"turns":3},{"damage":11,"enemies":"Sentry and Sphere","floor":23,"turns":3},{"damage":4,"enemies":"Cultist and Chosen","floor":24,"turns":6},{"damage":0,"enemies":"Centurion and Healer","floor":27,"turns":5},{"damage":23,"enemies":"Snake Plant","floor":29,"turns":4},{"damage":17,"enemies":"Shelled Parasite and Fungi","floor":30,"turns":6},{"damage":16,"enemies":"Cultist and Chosen","floor":31,"turns":7},{"damage":22,"enemies":"Snecko","floor":33,"turns":4},{"damage":16,"enemies":"Snake Plant","floor":34,"turns":5},{"damage":1,"enemies":"WA_ARCHETYPE_CALM","floor":35,"turns":5},{"damage":36,"enemies":"3 Darklings","floor":38,"turns":4},{"damage":1,"enemies":"Orb Walker","floor":39,"turns":2},{"damage":2,"enemies":"downfall:FleeingMerchant","floor":40,"turns":4},{"damage":81,"enemies":"Transient","floor":42,"turns":4}],"seed_played":"7305531501199022197","potions_obtained":[{"floor":10,"key":"Swift Potion"},{"floor":12,"key":"Languid Potion"},{"floor":16,"key":"hexamod:SoulburnPotion"},{"floor":17,"key":"EntropicBrew"},{"floor":18,"key":"hexamod:SoulburnPotion"},{"floor":23,"key":"SteroidPotion"},{"floor":24,"key":"SpeedPotion"},{"floor":29,"key":"ColorlessPotion"},{"floor":30,"key":"bronze:BurnAndBuffPotion"},{"floor":33,"key":"Dexterity Potion"},{"floor":38,"key":"Regen Potion"}],"is_trial":false,"path_per_floor":["R","M","M","PTL","PTL","$","M","R","T","M","R","M","R","$","R","M","M","B",null,"R","M","M","M","M","R","T","M","?","M","M","M","R","M","M","B",null,"R","M","M","$","?","M"],"character_chosen":"THE_AUTOMATON","items_purchased":["expansioncontent:StudyTheSpire","bronze:ClassDefault","ReplayTheSpireMod:TigerMarble"],"campfire_rested":3,"item_purchase_floors":[6,14,40],"current_hp_per_floor":[70,69,68,68,68,68,64,64,64,47,68,67,67,62,62,60,47,37,70,70,68,56,45,41,62,62,62,62,39,22,6,55,33,17,16,80,80,44,43,41,70,0,0,0],"gold":82,"neow_bonus":"HUNDRED_GOLD","is_daily":false,"chose_seed":false,"campfire_upgraded":5,"win_rate":0.0,"timestamp":1612554939,"path_taken":["R","M","M","PTL","PTL","$","M","R","T","M","R","M","R","$","R","M","M","BOSS","R","M","M","M","?","R","T","M","?","?","M","?","R","M","M","BOSS","R","M","?","$","?","M"],"items_purchased_type":["Card","Card","Relic"],"build_version":"2020-12-22","purchased_purges":0,"victory":false,"max_hp_per_floor":[70,70,70,70,70,70,70,70,70,70,70,70,70,70,70,70,70,70,70,70,70,70,70,70,70,70,70,70,70,70,70,80,80,80,80,80,80,80,80,80,70,70,70,70],"card_choices":[{"not_picked":["bronze:BitShift","bronze:ForLoop","bronze:BugBarrage"],"picked":"SKIP","floor":2},{"not_picked":["bronze:Deprecate","bronze:Separator"],"picked":"bronze:ChosenStrike","floor":3},{"not_picked":["bronze:Constructor","bronze:NullPointer","bronze:Overheat"],"picked":"SKIP","floor":6},{"not_picked":["bronze:Fortify","bronze:Invalidate"],"picked":"bronze:HardenedForm","floor":7},{"not_picked":["bronze:Iterate","bronze:NullPointer"],"picked":"bronze:WhirlingStrike","floor":10},{"not_picked":["bronze:OilSpill","bronze:FollowUp"],"picked":"bronze:Branch","floor":12},{"not_picked":["bronze:ChosenStrike","bronze:Branch"],"picked":"bronze:RecursiveStrike","floor":14},{"not_picked":["bronze:Repulsor","bronze:Constructor"],"picked":"bronze:DigitalCarnage","floor":16},{"not_picked":["bronze:OilSpill","bronze:Deprecate"],"picked":"bronze:GetLatest","floor":17},{"not_picked":["bronze:ShipIt","bronze:Break"],"picked":"bronze:RecursiveStrike","floor":18},{"not_picked":["bronze:DelayedSlice","bronze:Safeguard","bronze:Deprecate"],"picked":"bronze:ForceShield","floor":21},{"not_picked":["bronze:BitShift","bronze:Safeguard+1","bronze:Fortify"],"picked":"bronze:Shield","floor":22},{"not_picked":["bronze:CutThrough","bronze:ForceShield","bronze:Constructor"],"picked":"bronze:Overheat","floor":23},{"not_picked":["bronze:OilSpill","bronze:ForLoop","bronze:Invalidate"],"picked":"bronze:Terminator","floor":24},{"not_picked":["bronze:CloningBeam+1","bronze:Fortify","bronze:Frontload"],"picked":"bronze:Separator+1","floor":27},{"not_picked":["bronze:ClassDefault","bronze:ForceShield","bronze:Mutator"],"picked":"bronze:DelayedGuard","floor":29},{"not_picked":["bronze:Iterate+1","bronze:DelayedGuard","bronze:Shield"],"picked":"bronze:ChildClass+1","floor":30},{"not_picked":["bronze:ForceShield","bronze:ChildClass+1","bronze:Safeguard"],"picked":"bronze:ItsAFeature+1","floor":31},{"not_picked":["bronze:Branch","bronze:Iterate","bronze:DelayedGuard"],"picked":"bronze:Repulsor+1","floor":33},{"not_picked":["bronze:ChildClass","bronze:OilSpill+1","bronze:Allocate"],"picked":"bronze:WildBeam+1","floor":34},{"not_picked":["bronze:RecursiveStrike","bronze:ShipIt","bronze:BurnOut"],"picked":"bronze:SpaghettiCode","floor":35},{"not_picked":["bronze:DelayedGuard+1","bronze:ItsAFeature","bronze:BuggyMess"],"picked":"bronze:Branch+1","floor":38},{"not_picked":["bronze:BuggyMess","bronze:Deprecate+1","bronze:BitShift"],"picked":"bronze:WhirlingStrike","floor":39},{"not_picked":["bronze:ItsAFeature","bronze:Virus","bronze:CutThrough"],"picked":"bronze:MaxOutput","floor":40}],"player_experience":85695,"relics_obtained":[{"floor":26,"key":"Regal Pillow"}],"event_choices":[{"cards_removed":["bronze:RecursiveStrike"],"damage_healed":0,"gold_gain":0,"player_choice":"Card Removal","damage_taken":0,"max_hp_gain":0,"max_hp_loss":0,"event_name":"Wheel of Change","floor":28,"gold_loss":0}],"is_beta":false,"boss_relics":[{"not_picked":["bronze:PlatinumCore","Runic Dome"],"picked":"Honey Jar"},{"not_picked":["Tiny House","Calling Bell"],"picked":"SlaversCollar"}],"items_purged_floors":[],"is_endless":false,"potions_floor_spawned":[10,12,16,17,18,23,24,29,30,33,38],"killed_by":"Transient","ascension_level":0}}