{"host":"d85gwtocd8go8gx0","time":1612506897,"event":{"mods":["AchievementEnabler","BaseMod","Better Altar","Better Skull","Better Third Choice","Block Reminder","Colored Powertips","Curses Come First","Dark Map","Filter the Spire","Highlight Path","Minty Spire (QoL Compilation)","Permanent Neow","Quick Restart","Shop Mod","StSLib","SuperFastMode","UnlockEverythingMod"],"gold_per_floor":[111,76,10,26,38,38,70,83,163,177,211,211,246,256,256,329,329,346,356,6,15,38,72,91,91,91,125,137,176,231,243,255,351,363,401,14,14,34,52,52,72,72,142,154,154,154,179,37,37,37,37,37],"floor_reached":51,"language":"ENG","playtime":2439,"items_purged":["Strike_P","Writhe"],"score":1468,"play_id":"ded88acd-ebd0-4b32-a747-5c4597f1fa43","local_time":"20210204223457","is_ascension_mode":true,"campfire_choices":[{"floor":6.0,"key":"REST"},{"floor":15.0,"key":"REST"},{"floor":25.0,"key":"REST"},{"floor":28.0,"key":"REST"},{"floor":32.0,"key":"REST"},{"data":"BattleHymn","floor":40.0,"key":"SMITH"},{"data":"Vault","floor":42.0,"key":"SMITH"},{"data":"Vault","floor":45.0,"key":"SMITH"},{"floor":49.0,"key":"REST"}],"circlet_count":0,"master_deck":["AscendersBane","Strike_P","Strike_P","Strike_P","Defend_P","Defend_P","Defend_P","Defend_P","Eruption+1","Vigilance","Parasite","SashWhip","Wallop","CrushJoints","EmptyBody","TalkToTheHand","Consecrate+1","BattleHymn+1","EmptyFist","Crescendo","Vault+1","BowlingBash+1","FlurryOfBlows","Protect","DeceiveReality","EmptyBody+1","Consecrate+1","ClearTheMind","FollowUp+1","Vault+1","Consecrate+1","Sanctity","ReachHeaven+1","CutThroughFate+1","MentalFortress","Fasting2"],"relics":["HolyWater","Ice Cream","betterThird:SlimedRelic","Turnip","Gremlin Horn","Sozu","Boot","CloakClasp","MerchantsRug","Orichalcum","Shuriken","Lantern"],"acts_visited":["Exordium","TheCity","TheBeyond"],"potions_floor_usage":[],"damage_taken":[{"damage":20.0,"enemies":"Cultist","floor":1.0,"turns":6.0},{"damage":4.0,"enemies":"2 Louse","floor":4.0,"turns":3.0},{"damage":5.0,"enemies":"Small Slimes","floor":5.0,"turns":3.0},{"damage":0.0,"enemies":"Gremlin Nob","floor":7.0,"turns":3.0},{"damage":0.0,"enemies":"3 Louse","floor":8.0,"turns":2.0},{"damage":2.0,"enemies":"Exordium Wildlife","floor":10.0,"turns":5.0},{"damage":10.0,"enemies":"Lagavulin","floor":11.0,"turns":6.0},{"damage":0.0,"enemies":"3 Sentries","floor":13.0,"turns":2.0},{"damage":4.0,"enemies":"Large Slime","floor":14.0,"turns":3.0},{"damage":19.0,"enemies":"Slime Boss","floor":16.0,"turns":6.0},{"damage":11.0,"enemies":"Spheric Guardian","floor":18.0,"turns":4.0},{"damage":5.0,"enemies":"Shell Parasite","floor":19.0,"turns":6.0},{"damage":4.0,"enemies":"Centurion and Healer","floor":22.0,"turns":3.0},{"damage":21.0,"enemies":"Slavers","floor":23.0,"turns":5.0},{"damage":11.0,"enemies":"Chosen and Byrds","floor":24.0,"turns":4.0},{"damage":27.0,"enemies":"Shelled Parasite and Fungi","floor":27.0,"turns":4.0},{"damage":1.0,"enemies":"3 Cultists","floor":29.0,"turns":5.0},{"damage":24.0,"enemies":"Book of Stabbing","floor":30.0,"turns":6.0},{"damage":30.0,"enemies":"Automaton","floor":33.0,"turns":10.0},{"damage":0.0,"enemies":"3 Darklings","floor":35.0,"turns":5.0},{"damage":0.0,"enemies":"3 Shapes","floor":38.0,"turns":3.0},{"damage":8.0,"enemies":"Writhing Mass","floor":39.0,"turns":9.0},{"damage":0.0,"enemies":"3 Darklings","floor":41.0,"turns":3.0},{"damage":0.0,"enemies":"Maw","floor":44.0,"turns":5.0},{"damage":0.0,"enemies":"Mind Bloom Boss Battle","floor":47.0,"turns":5.0},{"damage":62.0,"enemies":"Awakened One","floor":50.0,"turns":13.0},{"damage":23,"enemies":"Time Eater","floor":51,"turns":4}],"seed_played":"7394957481380771391","potions_obtained":[{"floor":1.0,"key":"SpeedPotion"},{"floor":7.0,"key":"Dexterity Potion"},{"floor":16.0,"key":"Fire Potion"}],"is_trial":false,"path_per_floor":["M","?","?","M","M","R","E","M","T","M","E","?","E","M","R","B",null,"M","M","$","?","M","E","M","R","T","M","R","M","E","?","R","B",null,"M","$","?","M","M","R","M","R","T","M","R","?","?","$","R","B","B"],"character_chosen":"WATCHER","items_purchased":["Molten Egg 2","CloakClasp","MerchantsRug","Orichalcum","Fasting2","Shuriken","Lantern"],"campfire_rested":6,"item_purchase_floors":[20,36,36,48,48,48,48],"current_hp_per_floor":[41,58,47,43,38,58,58,58,58,56,46,26,26,24,44,27,58,49,46,46,46,44,25,16,36,36,11,31,32,10,10,30,2,52,54,54,54,56,50,50,52,52,52,54,54,54,56,56,68,6,0,0],"gold":37,"neow_bonus":"ONE_RARE_RELIC","is_daily":false,"chose_seed":false,"campfire_upgraded":3,"win_rate":0.0,"timestamp":1612506897,"path_taken":["M","?","?","M","M","R","E","M","T","M","E","?","E","M","R","BOSS","M","M","$","?","M","E","M","R","T","M","R","M","E","?","R","BOSS","M","$","?","M","M","R","M","R","T","?","R","?","?","$","R","BOSS","BOSS"],"items_purchased_type":["Relic","Relic","Relic","Relic","Card","Relic","Relic"],"build_version":"2020-12-22","purchased_purges":2,"victory":false,"max_hp_per_floor":[68,68,68,68,68,68,68,68,68,68,68,68,68,68,68,68,68,68,68,68,68,68,68,68,68,68,68,68,68,68,68,68,68,68,68,68,68,68,68,68,68,68,68,68,68,68,68,68,68,68,68,68],"card_choices":[{"not_picked":["EmptyBody","FlyingSleeves"],"picked":"SashWhip","floor":1.0},{"not_picked":["FollowUp","SpiritShield"],"picked":"Wallop","floor":4.0},{"not_picked":["ThirdEye","EmptyBody"],"picked":"CrushJoints","floor":5.0},{"not_picked":["Study","Nirvana"],"picked":"EmptyBody","floor":7.0},{"not_picked":["Study","ForeignInfluence"],"picked":"TalkToTheHand","floor":8.0},{"not_picked":["EmptyBody","ThirdEye"],"picked":"Consecrate","floor":10.0},{"not_picked":["Pray","Evaluate"],"picked":"BattleHymn","floor":11.0},{"not_picked":["BowlingBash","CrushJoints"],"picked":"EmptyFist","floor":13.0},{"not_picked":["BowlingBash","Consecrate"],"picked":"Crescendo","floor":14.0},{"not_picked":["Wish","Scrawl"],"picked":"Vault","floor":16.0},{"not_picked":["CarveReality","SashWhip+1"],"picked":"BowlingBash+1","floor":18.0},{"not_picked":["EmptyMind","JustLucky"],"picked":"FlurryOfBlows","floor":19.0},{"not_picked":["Adaptation","Prostrate"],"picked":"Protect","floor":22.0},{"not_picked":["Collect","Protect"],"picked":"DeceiveReality","floor":23.0},{"not_picked":["Indignation","Prostrate"],"picked":"EmptyBody+1","floor":24.0},{"not_picked":["ReachHeaven+1","Nirvana"],"picked":"Consecrate+1","floor":27.0},{"not_picked":["ThirdEye","JustLucky+1"],"picked":"ClearTheMind","floor":29.0},{"not_picked":["Pray","EmptyMind"],"picked":"FollowUp+1","floor":30.0},{"not_picked":["Omniscience","Scrawl"],"picked":"Vault","floor":33.0},{"not_picked":["SignatureMove+1","ClearTheMind"],"picked":"Consecrate+1","floor":35.0},{"not_picked":["CrushJoints+1","Halt"],"picked":"Sanctity","floor":38.0},{"not_picked":["BattleHymn","SashWhip+1"],"picked":"ReachHeaven+1","floor":39.0},{"not_picked":["Protect","CrushJoints+1","SashWhip+1"],"picked":"SKIP","floor":41.0},{"not_picked":["EmptyFist+1","Protect","CarveReality+1"],"picked":"CutThroughFate+1","floor":44.0},{"not_picked":["CrushJoints+1","InnerPeace","BowlingBash+1"],"picked":"MentalFortress","floor":47.0}],"player_experience":39744,"relics_obtained":[{"floor":7.0,"key":"Turnip"},{"floor":9.0,"key":"Gremlin Horn"},{"floor":11.0,"key":"PreservedInsect"},{"floor":13.0,"key":"Blood Vial"},{"floor":23.0,"key":"Boot"},{"floor":26.0,"key":"MawBank"},{"floor":30.0,"key":"The Courier"},{"floor":43.0,"key":"Question Card"},{"floor":47.0,"key":"Prayer Wheel"}],"event_choices":[{"damage_healed":17.0,"max_hp_gain":0.0,"max_hp_loss":0.0,"gold_gain":0.0,"event_name":"The Cleric","player_choice":"Healed","floor":2.0,"gold_loss":35.0,"damage_taken":0.0},{"damage_healed":0.0,"max_hp_gain":0.0,"max_hp_loss":0.0,"gold_gain":0.0,"event_name":"betterThird:BetterGoop","player_choice":"Slimed","floor":3.0,"gold_loss":66.0,"damage_taken":11.0},{"damage_healed":46.0,"max_hp_gain":0.0,"max_hp_loss":68.0,"gold_gain":0.0,"event_name":"betterThird:BetterShining","player_choice":"Upgrade","floor":12.0,"gold_loss":0.0,"damage_taken":20.0,"cards_upgraded":["Eruption","Consecrate"]},{"damage_healed":0.0,"max_hp_gain":0.0,"max_hp_loss":0.0,"gold_gain":0.0,"event_name":"The Mausoleum","player_choice":"Opened","floor":21.0,"gold_loss":0.0,"damage_taken":0.0,"relics_obtained":["CeramicFish"],"cards_obtained":["Writhe"]},{"damage_healed":0.0,"max_hp_gain":0.0,"max_hp_loss":0.0,"gold_gain":0.0,"event_name":"Cursed Tome","player_choice":"Ignored","floor":31.0,"gold_loss":0.0,"damage_taken":0.0},{"damage_healed":0.0,"max_hp_gain":0.0,"max_hp_loss":0.0,"gold_gain":0.0,"event_name":"Lab","player_choice":"Got Potions","floor":37.0,"gold_loss":0.0,"damage_taken":0.0},{"damage_healed":0.0,"max_hp_gain":0.0,"max_hp_loss":0.0,"gold_gain":0.0,"event_name":"Tomb of Lord Red Mask","player_choice":"Ignored","floor":46.0,"gold_loss":0.0,"damage_taken":0.0},{"damage_healed":0.0,"max_hp_gain":0.0,"max_hp_loss":0.0,"gold_gain":0.0,"event_name":"MindBloom","player_choice":"Fight","floor":47.0,"gold_loss":0.0,"damage_taken":0.0}],"is_beta":false,"boss_relics":[{"not_picked":["Calling Bell","SacredBark"],"picked":"Sozu"},{"not_picked":["VioletLotus","Tiny House"],"picked":"HolyWater"}],"items_purged_floors":[20,36],"is_endless":false,"potions_floor_spawned":[1,7,10,16,22,24,27,29,35,39,41],"killed_by":"Time Eater","ascension_level":20}}