{"host":"bg8va46pgqgvtzim","time":1612509602,"event":{"mods":["BaseMod","Minty Spire (QoL Compilation)","Quick Restart","StSLib","SuperFastMode"],"gold_per_floor":[112,112,124,135,145,160,177,177,209,209,50,65,65,77,87,103,129,141,141,160,160,255,255,273,273,286,300,316,109,208,208,233,233,233,23,23,23,34,60,70,70,80,113,113,113,215,215,232,232,245,260,280,296,312,312,312,343,357,381,430,464,475,475,493,342,362,378,390,390,390,390,390,1,31,31],"floor_reached":76,"language":"ZHS","playtime":4233,"items_purged":["Strike_G","Glass Knife","Iron Wave","Survivor+1","Predator+1"],"score":1688,"play_id":"695f4636-c7eb-4b30-85f3-2266c37e8162","local_time":"20210205152002","is_ascension_mode":true,"campfire_choices":[{"data":"Accuracy","floor":8.0,"key":"SMITH"},{"data":"Blade Dance","floor":10.0,"key":"SMITH"},{"data":"Prepared","floor":19.0,"key":"SMITH"},{"data":"Impatience","floor":21.0,"key":"SMITH"},{"data":"Well Laid Plans","floor":31.0,"key":"SMITH"},{"data":"Tools of the Trade","floor":33.0,"key":"SMITH"},{"data":"Predator","floor":37.0,"key":"SMITH"},{"data":"Neutralize","floor":45.0,"key":"SMITH"},{"floor":56.0,"key":"RECALL"},{"data":"After Image","floor":63.0,"key":"SMITH"},{"data":"Footwork","floor":69.0,"key":"SMITH"},{"floor":72,"key":"REST"}],"circlet_count":0,"master_deck":["Neutralize+1","Impatience+1","Footwork+1","Accuracy+1","Blade Dance+1","Prepared+1","Purity+1","Well Laid Plans+1","Doppelganger+1","Infinite Blades","Tools of the Trade+1","Setup+1","Backflip+1","Outmaneuver+1","Cloak And Dagger+1","Necronomicurse","Prepared+1","After Image+1","Terror+1","Phantasmal Killer+1","Blur+1","Blur+1","Acrobatics+1","Acrobatics+1","Calculated Gamble+1","Reflex+1","Panache","Deep Breath+1","Accuracy"],"relics":["Ring of the Snake","Bronze Scales","Toxic Egg 2","Ancient Tea Set","Pandora\u0027s Box","Necronomicon","Membership Card","Sundial","Centennial Puzzle","War Paint","ClockworkSouvenir","Question Card","HornCleat","Mummified Hand","SacredBark","Blood Vial","Tingsha","Toy Ornithopter","Art of War","Gambling Chip","Boot"],"acts_visited":["Exordium","TheCity","TheBeyond","TheEnding"],"potions_floor_usage":[75],"damage_taken":[{"damage":0.0,"enemies":"2 Louse","floor":1.0,"turns":4.0},{"damage":0.0,"enemies":"Cultist","floor":3.0,"turns":4.0},{"damage":1.0,"enemies":"Jaw Worm","floor":4.0,"turns":4.0},{"damage":0.0,"enemies":"Blue Slaver","floor":5.0,"turns":5.0},{"damage":0.0,"enemies":"Large Slime","floor":6.0,"turns":11.0},{"damage":5.0,"enemies":"Looter","floor":7.0,"turns":5.0},{"damage":30.0,"enemies":"Gremlin Nob","floor":9.0,"turns":4.0},{"damage":3.0,"enemies":"Gremlin Gang","floor":12.0,"turns":4.0},{"damage":0.0,"enemies":"2 Fungi Beasts","floor":14.0,"turns":3.0},{"damage":0.0,"enemies":"3 Louse","floor":15.0,"turns":3.0},{"damage":0.0,"enemies":"Exordium Thugs","floor":16.0,"turns":5.0},{"damage":0.0,"enemies":"2 Fungi Beasts","floor":18.0,"turns":3.0},{"damage":0.0,"enemies":"Large Slime","floor":20.0,"turns":5.0},{"damage":22.0,"enemies":"Slime Boss","floor":22.0,"turns":7.0},{"damage":2.0,"enemies":"Shell Parasite","floor":24.0,"turns":3.0},{"damage":0.0,"enemies":"3 Byrds","floor":26.0,"turns":3.0},{"damage":0.0,"enemies":"Cultist and Chosen","floor":27.0,"turns":4.0},{"damage":0.0,"enemies":"Centurion and Healer","floor":28.0,"turns":4.0},{"damage":3.0,"enemies":"Book of Stabbing","floor":32.0,"turns":4.0},{"damage":3.0,"enemies":"Chosen and Byrds","floor":38.0,"turns":3.0},{"damage":10.0,"enemies":"Slavers","floor":39.0,"turns":4.0},{"damage":0.0,"enemies":"3 Cultists","floor":40.0,"turns":4.0},{"damage":0.0,"enemies":"Shelled Parasite and Fungi","floor":42.0,"turns":3.0},{"damage":0.0,"enemies":"Gremlin Leader","floor":43.0,"turns":4.0},{"damage":0.0,"enemies":"Automaton","floor":46.0,"turns":4.0},{"damage":0.0,"enemies":"3 Shapes","floor":48.0,"turns":4.0},{"damage":0.0,"enemies":"Orb Walker","floor":50.0,"turns":2.0},{"damage":4.0,"enemies":"Spire Growth","floor":51.0,"turns":3.0},{"damage":0.0,"enemies":"Transient","floor":52.0,"turns":5.0},{"damage":0.0,"enemies":"3 Darklings","floor":53.0,"turns":4.0},{"damage":0.0,"enemies":"4 Shapes","floor":54.0,"turns":6.0},{"damage":0.0,"enemies":"Reptomancer","floor":57.0,"turns":4.0},{"damage":0.0,"enemies":"Sphere and 2 Shapes","floor":58.0,"turns":2.0},{"damage":0.0,"enemies":"2 Orb Walkers","floor":60.0,"turns":3.0},{"damage":0.0,"enemies":"Giant Head","floor":61.0,"turns":3.0},{"damage":0.0,"enemies":"Spire Growth","floor":62.0,"turns":2.0},{"damage":0.0,"enemies":"Writhing Mass","floor":64.0,"turns":3.0},{"damage":0.0,"enemies":"Transient","floor":66.0,"turns":3.0},{"damage":0.0,"enemies":"Jaw Worm Horde","floor":67.0,"turns":2.0},{"damage":0.0,"enemies":"Spire Growth","floor":68.0,"turns":3.0},{"damage":9,"enemies":"Time Eater","floor":70,"turns":6},{"damage":0,"enemies":"Shield and Spear","floor":74,"turns":3},{"damage":0,"enemies":"The Heart","floor":75,"turns":5}],"seed_played":"-7522982287548281319","potions_obtained":[{"floor":1.0,"key":"Energy Potion"},{"floor":3.0,"key":"GamblersBrew"},{"floor":9.0,"key":"FairyPotion"},{"floor":12.0,"key":"EntropicBrew"},{"floor":27.0,"key":"CunningPotion"},{"floor":64.0,"key":"Explosive Potion"}],"is_trial":false,"path_per_floor":["M","?","M","M","M","M","M","R","E","R","$","M","T","M","M","M","T","M","R","M","R","B",null,"M","?","M","M","M","$","?","R","E","R","T","$","T","R","M","E","M","$","M","E","?","R","B",null,"M","?","M","M","M","M","M","?","R","E","M","T","?","E","M","R","M","$","M","M","M","R","B",null,"R","$","E","B",null],"character_chosen":"THE_SILENT","items_purchased":["Purity","Membership Card","War Paint","ClockworkSouvenir","Art of War","Gambling Chip","Panache","Deep Breath+1","Accuracy"],"campfire_rested":1,"item_purchase_floors":[11,29,35,35,65,73,73,73,73],"current_hp_per_floor":[70,70,70,69,69,69,64,64,34,34,34,31,31,31,31,31,31,31,31,31,31,9,70,68,52,52,52,52,52,52,52,49,49,49,49,49,49,46,36,36,36,36,36,36,36,36,70,70,70,70,66,66,66,66,66,66,66,68,68,70,70,70,70,70,70,70,70,70,70,61,70,70,70,70,70],"gold":31,"neow_bonus":"RANDOM_COLORLESS","is_daily":false,"chose_seed":false,"campfire_upgraded":10,"win_rate":0.0,"timestamp":1612509602,"path_taken":["M","?","M","?","M","M","?","R","E","R","?","M","T","M","?","M","?","M","R","M","R","BOSS","M","?","M","M","M","$","?","R","E","R","?","?","T","R","M","E","M","$","M","E","?","R","BOSS","M","?","?","M","?","M","M","?","R","E","M","T","?","E","M","R","M","$","M","M","?","R","BOSS","R","$","E","BOSS"],"items_purchased_type":["Card","Relic","Relic","Relic","Relic","Relic","Card","Card","Card"],"build_version":"2020-12-22","purchased_purges":5,"victory":true,"max_hp_per_floor":[70,70,70,70,70,70,70,70,70,70,70,70,70,70,70,70,70,70,70,70,70,70,70,70,70,70,70,70,70,70,70,70,70,70,70,70,70,70,70,70,70,70,70,70,70,70,70,70,70,70,70,70,70,70,70,70,70,70,70,70,70,70,70,70,70,70,70,70,70,70,70,70,70,70,70],"card_choices":[{"not_picked":["Finesse","Good Instincts"],"picked":"Impatience","floor":0.0},{"not_picked":["Sucker Punch","Slice"],"picked":"Footwork","floor":1.0},{"not_picked":["Slice","Backflip","Prepared"],"picked":"SKIP","floor":3.0},{"not_picked":["Slice","Setup","PiercingWail"],"picked":"SKIP","floor":4.0},{"not_picked":["Slice","Tactician"],"picked":"Predator","floor":5.0},{"not_picked":["Doppelganger","Leg Sweep"],"picked":"Accuracy","floor":6.0},{"not_picked":["Backflip","PiercingWail"],"picked":"Blade Dance","floor":7.0},{"not_picked":["Burst","Dodge and Roll"],"picked":"Prepared","floor":9.0},{"not_picked":["Predator","Dodge and Roll","Riddle With Holes"],"picked":"SKIP","floor":12.0},{"not_picked":["Outmaneuver+1","Quick Slash","Leg Sweep+1"],"picked":"SKIP","floor":14.0},{"not_picked":["Quick Slash","Slice","Riddle With Holes"],"picked":"SKIP","floor":15.0},{"not_picked":["Sucker Punch","Dagger Throw"],"picked":"Well Laid Plans","floor":16.0},{"not_picked":["Dodge and Roll+1","Deadly Poison+1","Caltrops"],"picked":"SKIP","floor":18.0},{"not_picked":["Dagger Throw","Dagger Spray","Deadly Poison+1"],"picked":"SKIP","floor":20.0},{"not_picked":["Die Die Die","Bullet Time+1"],"picked":"Doppelganger+1","floor":22.0},{"not_picked":["Dagger Throw","All Out Attack"],"picked":"Cloak And Dagger+1","floor":24.0},{"not_picked":["Blur+1","Riddle With Holes+1"],"picked":"Prepared+1","floor":26.0},{"not_picked":["Deadly Poison+1","Poisoned Stab+1","Predator"],"picked":"SKIP","floor":27.0},{"not_picked":["Prepared+1","Cloak And Dagger+1"],"picked":"After Image","floor":28.0},{"not_picked":["Grand Finale","Bane+1","Dagger Spray"],"picked":"SKIP","floor":32.0},{"not_picked":["Sucker Punch","Bane","Masterful Stab+1","Dagger Throw"],"picked":"SKIP","floor":38.0},{"not_picked":["Well Laid Plans+1","Dash","Footwork","Leg Sweep+1"],"picked":"SKIP","floor":39.0},{"not_picked":["Flying Knee","Underhanded Strike+1","Bane+1","Dagger Throw"],"picked":"SKIP","floor":40.0},{"not_picked":["Dash+1","Outmaneuver+1","Accuracy+1"],"picked":"Terror+1","floor":42.0},{"not_picked":["Backflip+1","Escape Plan+1","Terror+1","Glass Knife"],"picked":"SKIP","floor":43.0},{"not_picked":["Burst+1","Envenom","Malaise+1"],"picked":"Phantasmal Killer+1","floor":46.0},{"not_picked":["Dodge and Roll+1","Underhanded Strike","Dagger Spray+1"],"picked":"Blur+1","floor":48.0},{"not_picked":["Infinite Blades+1","Choke+1","Quick Slash"],"picked":"Blur+1","floor":50.0},{"not_picked":["Outmaneuver+1","Prepared+1","Bane","Deflect+1"],"picked":"SKIP","floor":51.0},{"not_picked":["PiercingWail+1","Dash","Blade Dance+1"],"picked":"Acrobatics+1","floor":52.0},{"not_picked":["Storm of Steel+1","All Out Attack+1","Cloak And Dagger+1","Dagger Spray+1"],"picked":"SKIP","floor":53.0},{"not_picked":["Setup+1","Sucker Punch+1","Blur+1"],"picked":"Acrobatics+1","floor":54.0},{"not_picked":["Wraith Form v2","Outmaneuver+1","Corpse Explosion+1","Slice"],"picked":"SKIP","floor":57.0},{"not_picked":["Underhanded Strike","Sucker Punch+1","Quick Slash","Slice"],"picked":"SKIP","floor":58.0},{"not_picked":["Acrobatics+1","Corpse Explosion+1","Poisoned Stab+1"],"picked":"Calculated Gamble+1","floor":60.0},{"not_picked":["Cloak And Dagger+1","Blade Dance+1","PiercingWail+1","Backstab"],"picked":"SKIP","floor":61.0},{"not_picked":["Flying Knee+1","Sucker Punch+1","Slice+1","Endless Agony"],"picked":"SKIP","floor":62.0},{"not_picked":["Backstab+1","Leg Sweep+1","Bane","Choke+1"],"picked":"SKIP","floor":64.0},{"not_picked":["Flying Knee+1","Outmaneuver+1","Caltrops","Acrobatics+1"],"picked":"SKIP","floor":66.0},{"not_picked":["Sucker Punch","Endless Agony","Blade Dance+1","Backflip+1"],"picked":"SKIP","floor":67.0},{"not_picked":["Eviscerate","Dagger Throw","Bane"],"picked":"Reflex+1","floor":68.0},{"not_picked":["Noxious Fumes","Acrobatics+1","A Thousand Cuts","Dodge and Roll+1"],"picked":"SKIP","floor":74}],"player_experience":2385783,"relics_obtained":[{"floor":9.0,"key":"Bronze Scales"},{"floor":13.0,"key":"Toxic Egg 2"},{"floor":17.0,"key":"Ancient Tea Set"},{"floor":25.0,"key":"Necronomicon"},{"floor":32.0,"key":"Sundial"},{"floor":34.0,"key":"Centennial Puzzle"},{"floor":36.0,"key":"Question Card"},{"floor":39.0,"key":"HornCleat"},{"floor":43.0,"key":"Mummified Hand"},{"floor":57.0,"key":"Blood Vial"},{"floor":60.0,"key":"Tingsha"},{"floor":61.0,"key":"Toy Ornithopter"},{"floor":74,"key":"Boot"}],"event_choices":[{"cards_removed":["Strike_G"],"damage_healed":0.0,"max_hp_gain":0.0,"max_hp_loss":0.0,"gold_gain":0.0,"event_name":"NoteForYourself","player_choice":"Took Card","floor":2.0,"gold_loss":0.0,"damage_taken":0.0,"cards_obtained":["Iron Wave"]},{"damage_healed":0.0,"max_hp_gain":0.0,"max_hp_loss":0.0,"gold_gain":0.0,"event_name":"Cursed Tome","player_choice":"Obtained Book","floor":25.0,"gold_loss":0.0,"damage_taken":16.0},{"damage_healed":0.0,"max_hp_gain":0.0,"max_hp_loss":0.0,"gold_gain":99.0,"event_name":"Nest","player_choice":"Stole From Cult","floor":30.0,"gold_loss":0.0,"damage_taken":0.0},{"damage_healed":0.0,"max_hp_gain":0.0,"max_hp_loss":0.0,"gold_gain":0.0,"event_name":"Ghosts","player_choice":"Ignored","floor":44.0,"gold_loss":0.0,"damage_taken":0.0},{"cards_removed":["Deadly Poison"],"damage_healed":5.0,"max_hp_gain":0.0,"max_hp_loss":0.0,"gold_gain":0.0,"event_name":"Bonfire Elementals","player_choice":"Offered Common","floor":49.0,"gold_loss":0.0,"damage_taken":0.0},{"cards_removed":["Deadly Poison"],"damage_healed":5.0,"max_hp_gain":0.0,"max_hp_loss":0.0,"gold_gain":0.0,"event_name":"Bonfire Elementals","player_choice":"Offered Special","floor":49.0,"gold_loss":0.0,"damage_taken":0.0},{"cards_removed":["Leg Sweep"],"damage_healed":0.0,"max_hp_gain":0.0,"max_hp_loss":0.0,"gold_gain":0.0,"event_name":"Falling","player_choice":"Removed Skill","floor":55.0,"gold_loss":0.0,"damage_taken":0.0},{"damage_healed":0.0,"max_hp_gain":0.0,"max_hp_loss":0.0,"gold_gain":0.0,"event_name":"Mysterious Sphere","player_choice":"Fight","floor":60.0,"gold_loss":0.0,"damage_taken":0.0}],"is_beta":false,"boss_relics":[{"not_picked":["WristBlade","Snecko Eye"],"picked":"Pandora\u0027s Box"},{"not_picked":["Busted Crown","Sozu"],"picked":"SacredBark"}],"items_purged_floors":[11,29,35,65,73],"is_endless":false,"potions_floor_spawned":[1,3,9,12,15,16,22,24,27,38,42,46,50,52,53,57,64,68,74],"ascension_level":1}}