{"host":"jumrmhf584hajrnz","time":1612552829,"event":{"mods":["BaseMod","Duelist Mod","GifTheSpireLib","Minty Spire (QoL Compilation)","Quick Restart","StSLib"],"gold_per_floor":[145,145,163,111,111,111,129,158,181,196,196,225,13,32,32,109,109,127,138,138,151,151,179,179,113,137,137,137,137,164,184,184,258,258,274,292,292,308,308,308,312,312,312,336,316,286,286,261,261,171,156,156],"floor_reached":51,"language":"ENG","playtime":9150,"items_purged":[],"score":1531,"play_id":"adab8b65-14ce-4e73-bf7f-ffff0ae49274","local_time":"20210205202029","is_ascension_mode":true,"campfire_choices":[{"floor":6,"key":"RECALL"},{"floor":11,"key":"REST"},{"data":"theDuelist:PredaplantChlamydosundew","floor":15,"key":"SMITH"},{"floor":24,"key":"REST"},{"data":"theDuelist:RoseWitch","floor":29,"key":"SMITH"},{"floor":32,"key":"REST"},{"floor":40,"key":"REST"},{"floor":42,"key":"REST"},{"data":"1","floor":47,"key":"LIFT"},{"floor":49,"key":"REST"}],"circlet_count":0,"master_deck":["theDuelist:AngelTrumpeter","AscendersBane","theDuelist:CactusBouncer","theDuelist:CastleWalls","theDuelist:CastleWalls","theDuelist:DarkworldThorns+1","theDuelist:Inmato","theDuelist:JerryBeansMan","theDuelist:JerryBeansMan","theDuelist:Sparks","theDuelist:Sparks","theDuelist:MudragonSwamp+1","theDuelist:Kuribohrn+1","theDuelist:Inmato","theDuelist:Firegrass","theDuelist:LonefireBlossom","theDuelist:FluteKuriboh","theDuelist:BlackRoseDragon","theDuelist:PredaplantChlamydosundew+1","theDuelist:DarkworldThorns","theDuelist:KamionTimelord","theDuelist:VioletCrystal+1","theDuelist:TwilightRoseKnight","theDuelist:PredaplantChimerafflesia","theDuelist:VenomShot","theDuelist:RoseWitch+1","theDuelist:KamionTimelord","theDuelist:LordPoison+1","theDuelist:PredaplantFlytrap+1","theDuelist:SeedCannon","theDuelist:LordPoison+1","theDuelist:LordPoison","theDuelist:PredaplantFlytrap+1","theDuelist:CursedBill","theDuelist:PlantFoodChain","theDuelist:HammerShot","theDuelist:PreventRat+1","theDuelist:FeatherPho","theDuelist:JamBreeding+1"],"relics":["theDuelist:MillenniumPuzzle","theDuelist:CardPoolRelic","theDuelist:CardPoolBasicRelic","theDuelist:BoosterPackPoolRelic","theDuelist:CardPoolAddRelic","theDuelist:CardPoolMinusRelic","theDuelist:CardPoolSaveRelic","theDuelist:CardPoolOptionsRelic","NeowsBlessing","Anchor","Oddly Smooth Stone","Darkstone Periapt","Lee\u0027s Waffle","Sozu","Nilry\u0027s Codex","Snake Skull","Regal Pillow","Cables","Nunchaku","Velvet Choker","theDuelist:MillenniumScale","Red Skull","Bronze Scales","Girya"],"acts_visited":["Exordium","TheCity","TheBeyond"],"potions_floor_usage":[8,12,30,30],"damage_taken":[{"damage":0,"enemies":"Jaw Worm","floor":1,"turns":1},{"damage":0,"enemies":"Small Slimes","floor":3,"turns":1},{"damage":0,"enemies":"Cultist","floor":7,"turns":1},{"damage":11,"enemies":"Lagavulin","floor":8,"turns":8},{"damage":1,"enemies":"Large Slime","floor":10,"turns":6},{"damage":31,"enemies":"Gremlin Nob","floor":12,"turns":4},{"damage":3,"enemies":"Blue Slaver","floor":14,"turns":3},{"damage":44,"enemies":"Slime Boss","floor":16,"turns":6},{"damage":5,"enemies":"Shell Parasite","floor":18,"turns":4},{"damage":2,"enemies":"Spheric Guardian","floor":19,"turns":4},{"damage":2,"enemies":"Centurion and Healer","floor":21,"turns":4},{"damage":5,"enemies":"theDuelist:KaibaA2","floor":23,"turns":3},{"damage":2,"enemies":"Slavers","floor":30,"turns":4},{"damage":0,"enemies":"3 Cultists","floor":31,"turns":3},{"damage":57,"enemies":"Collector","floor":33,"turns":5},{"damage":0,"enemies":"3 Darklings","floor":35,"turns":3},{"damage":0,"enemies":"3 Shapes","floor":36,"turns":4},{"damage":29,"enemies":"3 Darklings","floor":38,"turns":4},{"damage":59,"enemies":"Giant Head","floor":41,"turns":7},{"damage":0,"enemies":"Nemesis","floor":44,"turns":5},{"damage":9,"enemies":"Mind Bloom Boss Battle","floor":45,"turns":4},{"damage":0,"enemies":"Maw","floor":46,"turns":5},{"damage":0,"enemies":"Transient","floor":48,"turns":6},{"damage":48,"enemies":"Donu and Deca","floor":50,"turns":7},{"damage":33,"enemies":"Time Eater","floor":51,"turns":4}],"seed_played":"-2836473746406773432","potions_obtained":[{"floor":1,"key":"theDuelist:LavaBottle"},{"floor":3,"key":"theDuelist:VampireVial"},{"floor":8,"key":"Fire Potion"},{"floor":14,"key":"Ancient Potion"},{"floor":16,"key":"theDuelist:VampireVial"}],"is_trial":false,"path_per_floor":["M","?","M","$","?","R","M","E","T","M","R","E","$","M","R","B",null,"M","M","?","M","$","E","R","?","T","T","?","R","E","M","R","B",null,"M","M","?","M","?","R","E","R","T","E","?","M","R","M","R","B","B"],"character_chosen":"THE_DUELIST","items_purchased":["theDuelist:Inmato","Lee\u0027s Waffle","theDuelist:PredaplantChlamydosundew"],"campfire_rested":6,"item_purchase_floors":[4,13,13],"current_hp_per_floor":[63,42,42,42,42,42,42,31,31,30,51,20,77,74,74,30,65,60,58,37,35,35,30,53,53,53,53,53,53,51,51,77,20,63,63,63,63,34,40,79,20,59,59,59,50,50,50,50,83,35,2,2],"gold":156,"neow_bonus":"THREE_ENEMY_KILL","is_daily":false,"chose_seed":false,"campfire_upgraded":2,"win_rate":0.0,"timestamp":1612552829,"path_taken":["M","?","M","$","?","R","M","E","T","M","R","E","$","M","R","BOSS","M","M","?","M","$","E","R","?","T","?","?","R","E","M","R","BOSS","M","?","?","M","?","R","E","R","T","E","?","?","R","M","R","BOSS","BOSS"],"items_purchased_type":["Card","Relic","Card"],"build_version":"2020-12-22","purchased_purges":0,"victory":false,"max_hp_per_floor":[70,70,70,70,70,70,70,70,70,70,70,70,77,77,77,77,77,77,77,77,77,77,77,77,77,77,77,77,77,77,77,77,77,77,77,77,77,77,83,83,83,83,83,83,83,83,83,83,83,83,83,83],"card_choices":[{"not_picked":["theDuelist:EvilswarmHeliotrope","theDuelist:GauntletWarrior","theDuelist:RainbowOverdragon","theDuelist:DestroyerGolem"],"picked":"theDuelist:MudragonSwamp","floor":1},{"not_picked":["theDuelist:GauntletWarrior","theDuelist:WormKing","theDuelist:CatapultZone","theDuelist:HarpieFeather"],"picked":"theDuelist:Kuribohrn","floor":3},{"not_picked":["theDuelist:JerryBeansMan","theDuelist:SuperSolarNutrient","theDuelist:CactusBouncer","theDuelist:WitchBlackRose"],"picked":"theDuelist:Firegrass","floor":7},{"not_picked":["theDuelist:JerryBeansMan","theDuelist:Firegrass","theDuelist:Invigoration","theDuelist:PredaplantChlamydosundew"],"picked":"theDuelist:LonefireBlossom","floor":8},{"not_picked":["theDuelist:GauntletWarrior","theDuelist:WormWarlord","theDuelist:BattleFootballer","theDuelist:GoldenApples"],"picked":"theDuelist:FluteKuriboh","floor":10},{"not_picked":["theDuelist:BlueRoseDragon","theDuelist:GreenGraveOni","theDuelist:GreyGreedOni","theDuelist:RedHeadedOni"],"picked":"theDuelist:BlackRoseDragon","floor":12},{"not_picked":["theDuelist:JerryBeansMan","theDuelist:WormApocalypse","theDuelist:CheerfulCoffin","theDuelist:LonefireBlossom"],"picked":"theDuelist:DarkworldThorns","floor":14},{"not_picked":["theDuelist:SeedCannon","theDuelist:HeartUnderdog","theDuelist:RoseArcher","theDuelist:PredaplantSarraceniant"],"picked":"theDuelist:KamionTimelord","floor":16},{"not_picked":["theDuelist:VenomShot+1","theDuelist:ThornMalice","theDuelist:WorldTree","theDuelist:CheerfulCoffin"],"picked":"theDuelist:VioletCrystal+1","floor":18},{"not_picked":["theDuelist:AcidTrapHole","theDuelist:BlueRoseDragon","theDuelist:WhiteRoseDragon","theDuelist:RagingMadPlants"],"picked":"theDuelist:TwilightRoseKnight","floor":19},{"not_picked":["theDuelist:KamionTimelord","theDuelist:HeartUnderdog"],"picked":"theDuelist:PredaplantChimerafflesia","floor":21},{"not_picked":["theDuelist:SangaEarth","theDuelist:RosePaladin+1"],"picked":"theDuelist:VenomShot","floor":23},{"not_picked":["theDuelist:CrystalRose","theDuelist:Reinforcements","theDuelist:PredaplantChlamydosundew","theDuelist:WitchBlackRose"],"picked":"theDuelist:LordPoison+1","floor":30},{"not_picked":["theDuelist:BotanicalLion","theDuelist:JerryBeansMan","theDuelist:Invigoration","theDuelist:Inmato"],"picked":"theDuelist:PredaplantFlytrap+1","floor":31},{"not_picked":["theDuelist:PlantFoodChain","theDuelist:KamionTimelord","theDuelist:RoseArcher","theDuelist:PredaplantChimerafflesia"],"picked":"theDuelist:SeedCannon","floor":33},{"not_picked":["theDuelist:KamionTimelord+1","theDuelist:RoseWitch","theDuelist:SangaEarth","theDuelist:RoseArcher"],"picked":"theDuelist:LordPoison+1","floor":35},{"not_picked":["theDuelist:PredaplantDrosophyllum+1","theDuelist:AngelTrumpeter","theDuelist:WitchBlackRose+1","theDuelist:PredaplantChimerafflesia"],"picked":"theDuelist:LordPoison","floor":36},{"not_picked":["theDuelist:JerryBeansMan","theDuelist:DarkworldThorns+1","theDuelist:LonefireBlossom+1","theDuelist:CheerfulCoffin+1"],"picked":"theDuelist:PredaplantFlytrap+1","floor":38},{"not_picked":["theDuelist:Reinforcements","theDuelist:BlossomBombardment+1","theDuelist:AcidTrapHole+1","theDuelist:BloomingDarkestRose+1"],"picked":"theDuelist:PlantFoodChain","floor":41},{"not_picked":["theDuelist:BattleOx","theDuelist:MillenniumGolem","theDuelist:RainbowOverdragon","theDuelist:AttackTheMoon"],"picked":"theDuelist:HammerShot","floor":44},{"not_picked":["theDuelist:BattleOx","theDuelist:GilfordLegend+1","theDuelist:PotDichotomy","theDuelist:BlackPendant"],"picked":"theDuelist:PreventRat+1","floor":45},{"not_picked":["theDuelist:DarklordSuperbia+1","theDuelist:BlueBloodedOni+1","theDuelist:WormBarses","theDuelist:FuryFire"],"picked":"theDuelist:FeatherPho","floor":46},{"not_picked":["theDuelist:MillenniumGolem","theDuelist:GolemSentry+1","theDuelist:Sangan","theDuelist:HeavyStorm"],"picked":"theDuelist:JamBreeding+1","floor":48}],"player_experience":1704137,"relics_obtained":[{"floor":8,"key":"Anchor"},{"floor":9,"key":"Oddly Smooth Stone"},{"floor":12,"key":"Darkstone Periapt"},{"floor":20,"key":"Nilry\u0027s Codex"},{"floor":23,"key":"Snake Skull"},{"floor":26,"key":"Regal Pillow"},{"floor":27,"key":"Cables"},{"floor":30,"key":"Nunchaku"},{"floor":41,"key":"Red Skull"},{"floor":44,"key":"Bronze Scales"},{"floor":45,"key":"Girya"}],"event_choices":[{"damage_healed":0,"gold_gain":0,"player_choice":"Entered Light","damage_taken":21,"max_hp_gain":0,"max_hp_loss":0,"event_name":"Shining Light","floor":2,"gold_loss":0,"cards_upgraded":["theDuelist:DarkworldThorns","theDuelist:MudragonSwamp"]},{"damage_healed":0,"gold_gain":0,"player_choice":"Upgraded","damage_taken":0,"max_hp_gain":0,"max_hp_loss":0,"event_name":"Upgrade Shrine","floor":5,"gold_loss":0,"cards_upgraded":["theDuelist:Kuribohrn"]},{"damage_healed":0,"gold_gain":0,"player_choice":"Obtained Book","damage_taken":21,"max_hp_gain":0,"max_hp_loss":0,"event_name":"Cursed Tome","floor":20,"gold_loss":0},{"damage_healed":0,"gold_gain":0,"player_choice":"Purchased Rose Witch for 66 Gold.","duelist":true,"damage_taken":0,"max_hp_gain":0,"max_hp_loss":0,"event_name":"Card Trader","floor":25,"gold_loss":0},{"damage_healed":0,"gold_gain":0,"player_choice":"Copied","damage_taken":0,"max_hp_gain":0,"max_hp_loss":0,"event_name":"Duplicator","floor":28,"gold_loss":0,"cards_obtained":["theDuelist:KamionTimelord"]},{"damage_healed":0,"gold_gain":0,"player_choice":"Ignored","damage_taken":0,"max_hp_gain":0,"max_hp_loss":0,"event_name":"Tomb of Lord Red Mask","floor":37,"gold_loss":0},{"damage_healed":0,"gold_gain":0,"player_choice":"Took item - Received: Millennium Scale","duelist":true,"damage_taken":0,"max_hp_gain":0,"max_hp_loss":0,"event_name":"Millennium Items","floor":39,"gold_loss":0},{"damage_healed":0,"gold_gain":0,"player_choice":"Fight","damage_taken":0,"max_hp_gain":0,"max_hp_loss":0,"event_name":"MindBloom","floor":45,"gold_loss":0}],"is_beta":false,"boss_relics":[{"not_picked":["Astrolabe","Busted Crown"],"picked":"Sozu"},{"not_picked":["theDuelist:MillenniumKey","SlaversCollar"],"picked":"Velvet Choker"}],"items_purged_floors":[],"is_endless":false,"potions_floor_spawned":[1,3,8,14,16,21,31,33,38,44,45,48],"killed_by":"Time Eater","ascension_level":20}}