{"host":"anox4050deqdcqoh","time":1612526056,"event":{"mods":["BaseMod","Colored Map","Highlight Path","Minty Spire (QoL Compilation)","Quick Restart","Rare Cards Sparkle","everything is the same but u backflip on backflip"],"gold_per_floor":[111,126,140,140,151,151,183,258,284,310,310,30,45,63,63,162,162,173,173,189,189,189,189,202,202,226,226,255,255,285,297,297,394,394,404,422,422,3,20,20,34,46,69,69,69,80,9,25,25,25,25],"floor_reached":50,"language":"ENG","playtime":2878,"items_purged":["Strike_R","Writhe"],"score":568,"play_id":"23ff0217-f12e-419a-bb44-ef9449d2848c","local_time":"20210205065416","is_ascension_mode":true,"campfire_choices":[{"data":"Bash","floor":6.0,"key":"SMITH"},{"data":"Iron Wave","floor":11.0,"key":"SMITH"},{"data":"Armaments","floor":15.0,"key":"SMITH"},{"data":"Berserk","floor":23.0,"key":"SMITH"},{"data":"Dual Wield","floor":25.0,"key":"SMITH"},{"floor":27.0,"key":"REST"},{"floor":29.0,"key":"REST"},{"floor":32.0,"key":"REST"},{"floor":40,"key":"REST"},{"data":"Heavy Blade","floor":44,"key":"SMITH"},{"data":"Power Through","floor":49,"key":"SMITH"}],"circlet_count":0,"master_deck":["Strike_R","Strike_R","Defend_R","Defend_R","Defend_R","Bash+1","Headbutt","Iron Wave+1","Rage","Power Through+1","Iron Wave","Armaments+1","Thunderclap","Dual Wield+1","Berserk+1","Pummel+1","Sword Boomerang+1","Inflame+1","Disarm","Inflame+1","Seeing Red","Burning Pact","Heavy Blade+1","Immolate","Sword Boomerang+1","Dark Embrace+1","Feel No Pain","Spot Weakness+1","Injury","Dramatic Entrance"],"relics":["Burning Blood","NeowsBlessing","Ancient Tea Set","Bag of Marbles","Vajra","Boot","Frozen Eye","Astrolabe","FaceOfCleric","Mummified Hand","Art of War","Blood Vial","Thread and Needle","Akabeko","Cursed Key","Gremlin Horn"],"acts_visited":["Exordium","TheCity","TheBeyond"],"potions_floor_usage":[33,41,46,46],"damage_taken":[{"damage":0.0,"enemies":"Jaw Worm","floor":1.0,"turns":1.0},{"damage":0.0,"enemies":"2 Louse","floor":2.0,"turns":1.0},{"damage":0.0,"enemies":"Small Slimes","floor":3.0,"turns":1.0},{"damage":0.0,"enemies":"Gremlin Gang","floor":5.0,"turns":2.0},{"damage":14.0,"enemies":"Gremlin Nob","floor":7.0,"turns":5.0},{"damage":15.0,"enemies":"3 Sentries","floor":10.0,"turns":7.0},{"damage":7.0,"enemies":"Exordium Thugs","floor":13.0,"turns":4.0},{"damage":2.0,"enemies":"2 Fungi Beasts","floor":14.0,"turns":3.0},{"damage":25.0,"enemies":"Hexaghost","floor":16.0,"turns":13.0},{"damage":33.0,"enemies":"2 Thieves","floor":18.0,"turns":4.0},{"damage":12.0,"enemies":"3 Byrds","floor":20.0,"turns":5.0},{"damage":25.0,"enemies":"Sentry and Sphere","floor":24.0,"turns":4.0},{"damage":26.0,"enemies":"Book of Stabbing","floor":28.0,"turns":4.0},{"damage":30.0,"enemies":"Gremlin Leader","floor":30.0,"turns":7.0},{"damage":0.0,"enemies":"Snake Plant","floor":31.0,"turns":1.0},{"damage":80,"enemies":"Automaton","floor":33,"turns":9},{"damage":3,"enemies":"3 Shapes","floor":35,"turns":3},{"damage":9,"enemies":"3 Darklings","floor":36,"turns":5},{"damage":65,"enemies":"Spire Growth","floor":39,"turns":5},{"damage":5,"enemies":"Transient","floor":41,"turns":5},{"damage":5,"enemies":"Maw","floor":42,"turns":7},{"damage":14,"enemies":"Writhing Mass","floor":46,"turns":4},{"damage":1,"enemies":"3 Darklings","floor":48,"turns":2},{"damage":64,"enemies":"Time Eater","floor":50,"turns":5}],"seed_played":"7292162549047956896","potions_obtained":[{"floor":1.0,"key":"EssenceOfSteel"},{"floor":2.0,"key":"Explosive Potion"},{"floor":10.0,"key":"Energy Potion"},{"floor":14.0,"key":"SkillPotion"},{"floor":16.0,"key":"ElixirPotion"},{"floor":28.0,"key":"BloodPotion"},{"floor":31.0,"key":"LiquidMemories"},{"floor":36,"key":"ColorlessPotion"},{"floor":41,"key":"ElixirPotion"},{"floor":42,"key":"AttackPotion"}],"is_trial":false,"path_per_floor":["M","M","M","?","M","R","E","?","T","E","R","$","M","M","R","B",null,"M","?","M","T","?","R","M","R","T","R","E","R","E","M","R","B",null,"M","M","?","$","M","R","M","M","T","R","?","M","$","M","R","B"],"character_chosen":"IRONCLAD","items_purchased":["Frozen Eye","Armaments","Gremlin Horn","Feel No Pain","LiquidBronze"],"campfire_rested":4,"item_purchase_floors":[12,12,38,38,47],"current_hp_per_floor":[80,80,80,77,80,80,72,61,61,52,52,52,51,55,55,36,80,53,53,48,48,48,48,30,30,30,54,37,61,40,49,74,20,86,87,85,84,84,26,51,55,59,59,59,59,54,54,62,62,0,0],"gold":25,"neow_bonus":"THREE_ENEMY_KILL","is_daily":false,"chose_seed":false,"campfire_upgraded":7,"win_rate":0.0,"timestamp":1612526056,"path_taken":["M","M","M","?","M","R","E","?","T","E","R","$","M","M","R","BOSS","M","?","?","?","?","R","M","R","T","R","E","R","E","M","R","BOSS","M","M","?","$","M","R","M","M","T","R","?","M","$","M","R","BOSS"],"items_purchased_type":["Relic","Card","Relic","Card","Potion"],"build_version":"2020-12-22","purchased_purges":2,"victory":false,"max_hp_per_floor":[80,80,80,80,80,80,80,80,80,80,80,80,80,80,80,80,80,80,80,81,81,81,81,82,82,82,82,83,83,84,85,85,86,86,87,88,84,84,85,85,86,87,87,87,87,88,88,89,89,89,89],"card_choices":[{"not_picked":["Blood for Blood","Perfected Strike"],"picked":"Headbutt","floor":1.0},{"not_picked":["Flex","True Grit"],"picked":"Iron Wave","floor":2.0},{"not_picked":["Metallicize","Armaments"],"picked":"Rage","floor":3.0},{"not_picked":["Sentinel","Headbutt","Wild Strike"],"picked":"SKIP","floor":5.0},{"not_picked":["Clash","Blood for Blood"],"picked":"Power Through","floor":7.0},{"not_picked":["Warcry","Dropkick"],"picked":"Iron Wave","floor":10.0},{"not_picked":["Whirlwind","Iron Wave"],"picked":"Thunderclap","floor":13.0},{"not_picked":["Fiend Fire","Fire Breathing"],"picked":"Dual Wield","floor":14.0},{"not_picked":["Bludgeon","Feed"],"picked":"Berserk","floor":16.0},{"not_picked":["Pommel Strike","Dark Embrace","Twin Strike"],"picked":"SKIP","floor":18.0},{"not_picked":["Seeing Red","Iron Wave"],"picked":"Disarm","floor":20.0},{"not_picked":["Rage","Whirlwind"],"picked":"Inflame+1","floor":24.0},{"not_picked":["Battle Trance","Thunderclap+1"],"picked":"Seeing Red","floor":28.0},{"not_picked":["Evolve","Immolate"],"picked":"Burning Pact","floor":30.0},{"not_picked":["Bloodletting","Body Slam"],"picked":"Heavy Blade","floor":31.0},{"not_picked":["Berserk","Brutality"],"picked":"Immolate","floor":33},{"not_picked":["Body Slam","Fire Breathing+1"],"picked":"Sword Boomerang+1","floor":35},{"not_picked":["Cleave+1","Shockwave"],"picked":"Dark Embrace+1","floor":36},{"not_picked":["Perfected Strike+1","Dual Wield","Feel No Pain"],"picked":"SKIP","floor":39},{"not_picked":["Armaments","Twin Strike","Hemokinesis"],"picked":"SKIP","floor":41},{"not_picked":["Rupture","Feel No Pain+1"],"picked":"Spot Weakness+1","floor":42},{"not_picked":["Magnetism","Transmutation"],"picked":"Dramatic Entrance","floor":45},{"not_picked":["Cleave+1","Havoc+1","Thunderclap"],"picked":"SKIP","floor":46},{"not_picked":["Dual Wield","Sword Boomerang","Armaments"],"picked":"SKIP","floor":48}],"player_experience":448667,"relics_obtained":[{"floor":7.0,"key":"Bag of Marbles"},{"floor":9.0,"key":"Vajra"},{"floor":10.0,"key":"Boot"},{"floor":21.0,"key":"Mummified Hand"},{"floor":26.0,"key":"Blood Vial"},{"floor":28.0,"key":"Thread and Needle"},{"floor":30.0,"key":"Akabeko"}],"event_choices":[{"damage_healed":0.0,"max_hp_gain":0.0,"max_hp_loss":0.0,"gold_gain":0.0,"event_name":"Scrap Ooze","player_choice":"Success","floor":4.0,"gold_loss":0.0,"damage_taken":3.0,"relics_obtained":["Ancient Tea Set"]},{"damage_healed":0.0,"max_hp_gain":0.0,"max_hp_loss":0.0,"gold_gain":75.0,"event_name":"World of Goop","player_choice":"Gather Gold","floor":8.0,"gold_loss":0.0,"damage_taken":11.0},{"damage_healed":0.0,"max_hp_gain":0.0,"max_hp_loss":0.0,"gold_gain":0.0,"event_name":"FaceTrader","player_choice":"Trade","floor":19.0,"gold_loss":0.0,"damage_taken":0.0,"relics_obtained":["FaceOfCleric"]},{"damage_healed":0.0,"max_hp_gain":0.0,"max_hp_loss":0.0,"gold_gain":0.0,"event_name":"The Mausoleum","player_choice":"Opened","floor":22.0,"gold_loss":0.0,"damage_taken":0.0,"relics_obtained":["Art of War"],"cards_obtained":["Writhe"]},{"damage_healed":0,"gold_gain":0,"player_choice":"Max HP","damage_taken":0,"max_hp_gain":0,"max_hp_loss":4,"event_name":"Winding Halls","floor":37,"gold_loss":0},{"damage_healed":0,"gold_gain":0,"player_choice":"Memory 1","damage_taken":0,"max_hp_gain":0,"max_hp_loss":0,"event_name":"SensoryStone","floor":45,"gold_loss":0}],"is_beta":false,"boss_relics":[{"not_picked":["Snecko Eye","Tiny House"],"picked":"Astrolabe"},{"not_picked":["Coffee Dripper","SlaversCollar"],"picked":"Cursed Key"}],"items_purged_floors":[12,38],"is_endless":false,"potions_floor_spawned":[1,2,10,14,16,28,31,36,41,42],"killed_by":"Time Eater","ascension_level":3}}