{"host":"gknpnudn4hog7rzv","time":1612551684,"event":{"mods":["BaseMod","BetterRewards","Downfall","Hermit","Minty Spire (QoL Compilation)","Robot Space Explorer","StSLib","The Bug Knight"],"gold_per_floor":[217,237,4,79,79,112,112,26,26,26,58,74,92,124,124,224,274,289,4,103,113,63,63,80,80,80,105,115,127,127,59,59,160,160,178,50,50,61,73,73,98,98,98],"floor_reached":42,"language":"ENG","playtime":1437,"items_purged":[],"score":565,"play_id":"6004b28c-34d8-4538-ae4b-f0cf250efa37","local_time":"20210205120124","is_ascension_mode":true,"campfire_choices":[{"data":"RobotSpaceExplorer:ScrapMissile","floor":7,"key":"SMITH"},{"floor":10,"key":"REST"},{"data":"RobotSpaceExplorer:StarDust","floor":15,"key":"SMITH"},{"data":"RobotSpaceExplorer:Probe","floor":23,"key":"SMITH"},{"data":"RobotSpaceExplorer:Comet","floor":25,"key":"SMITH"},{"floor":30,"key":"REST"},{"floor":32,"key":"REST"},{"floor":40,"key":"REST"}],"circlet_count":0,"master_deck":["RobotSpaceExplorer:Strike+1","RobotSpaceExplorer:Strike","RobotSpaceExplorer:Strike+1","RobotSpaceExplorer:Strike","RobotSpaceExplorer:Defend+1","RobotSpaceExplorer:Defend+1","RobotSpaceExplorer:Defend","RobotSpaceExplorer:Defend+1","RobotSpaceExplorer:Scan+1","RobotSpaceExplorer:MiniLasers+1","RobotSpaceExplorer:ScrapMissile+1","RobotSpaceExplorer:ScrapToss","RobotSpaceExplorer:StarDust+1","RobotSpaceExplorer:Probe+1","RobotSpaceExplorer:ScrapMissile","RobotSpaceExplorer:ChargingLaser","RobotSpaceExplorer:Smokescreen","RobotSpaceExplorer:ScrapMissile","RobotSpaceExplorer:MiniDrones","RobotSpaceExplorer:ImprovisedAttack+1","RobotSpaceExplorer:Comet+1","RobotSpaceExplorer:ShovelStrike","RobotSpaceExplorer:Pulsar","RobotSpaceExplorer:ScrapMissile","RobotSpaceExplorer:PowerGlove+1","RobotSpaceExplorer:Explosion","RobotSpaceExplorer:ScrapMissile+1","RobotSpaceExplorer:Pulsar","Parasite","RobotSpaceExplorer:PowerCollector+1","RobotSpaceExplorer:Comet"],"relics":["RobotSpaceExplorer:RoboCore","HollowMod:PaleOreRelic","Happy Flower","FossilizedHelix","War Paint","Dream Catcher","Tiny House","Frozen Egg 2","Potion Belt","Strawberry","RobotSpaceExplorer:SearchSpecs","Whetstone","InkBottle"],"acts_visited":["Exordium","TheCity","TheBeyond"],"potions_floor_usage":[2,6,6,13,16,24,27,28,38,39,41],"damage_taken":[{"damage":0,"enemies":"2 Louse","floor":1,"turns":2},{"damage":0,"enemies":"Jaw Worm","floor":2,"turns":4},{"damage":2,"enemies":"3 Sentries","floor":6,"turns":7},{"damage":0,"enemies":"Gremlin Nob","floor":11,"turns":3},{"damage":0,"enemies":"Small Slimes","floor":12,"turns":2},{"damage":0,"enemies":"3 Louse","floor":13,"turns":1},{"damage":0,"enemies":"Lagavulin","floor":14,"turns":5},{"damage":14,"enemies":"Slime Boss","floor":16,"turns":9},{"damage":4,"enemies":"Shell Parasite","floor":18,"turns":4},{"damage":0,"enemies":"3 Byrds","floor":21,"turns":5},{"damage":0,"enemies":"Centurion and Healer","floor":24,"turns":7},{"damage":32,"enemies":"Gremlin Leader","floor":27,"turns":4},{"damage":4,"enemies":"Snecko","floor":28,"turns":4},{"damage":21,"enemies":"3 Cultists","floor":29,"turns":5},{"damage":77,"enemies":"Automaton","floor":33,"turns":9},{"damage":0,"enemies":"Orb Walker","floor":35,"turns":2},{"damage":15,"enemies":"3 Shapes","floor":38,"turns":2},{"damage":26,"enemies":"Writhing Mass","floor":39,"turns":5},{"damage":79,"enemies":"Reptomancer","floor":41,"turns":5},{"damage":26,"enemies":"2 Orb Walkers","floor":42,"turns":3}],"seed_played":"-5416496196154948109","potions_obtained":[{"floor":1,"key":"LiquidMemories"},{"floor":2,"key":"Fire Potion"},{"floor":11,"key":"Explosive Potion"},{"floor":14,"key":"Explosive Potion"},{"floor":17,"key":"FairyPotion"},{"floor":21,"key":"Block Potion"},{"floor":24,"key":"PowerPotion"},{"floor":27,"key":"champ:CounterPotion"},{"floor":38,"key":"AttackPotion"},{"floor":39,"key":"FearPotion"}],"is_trial":false,"path_per_floor":["M","M","$","?","?","E","R","$","T","R","E","M","M","E","R","B",null,"M","$","?","M","?","R","M","R","T","E","M","M","R","$","R","B",null,"M","$","T","M","M","R","E","?"],"character_chosen":"RobotSpaceExplorer","items_purchased":["HollowMod:PaleOreRelic","LiquidMemories","RobotSpaceExplorer:StarDust","RobotSpaceExplorer:Probe","RobotSpaceExplorer:MiniDrones","Frozen Egg 2","RobotSpaceExplorer:PowerGlove+1","RobotSpaceExplorer:PlasmaFlask","RobotSpaceExplorer:Pulsar"],"campfire_rested":4,"item_purchase_floors":[3,3,8,8,19,19,31,36,36],"current_hp_per_floor":[75,75,75,64,49,47,47,47,47,69,69,69,69,69,69,55,80,76,76,76,76,76,76,76,76,76,51,47,26,52,52,78,1,87,87,87,87,72,46,72,26,0,0],"gold":98,"neow_bonus":"HUNDRED_GOLD","is_daily":false,"chose_seed":false,"campfire_upgraded":4,"win_rate":0.0,"timestamp":1612551684,"path_taken":["M","M","$","?","?","E","R","?","T","R","E","M","M","E","R","BOSS","M","$","?","M","?","R","M","R","T","E","M","M","R","$","R","BOSS","M","$","?","?","M","R","E","?"],"items_purchased_type":["Relic","Potion","Card","Card","Card","Relic","Card","Potion","Card"],"build_version":"2020-12-22","purchased_purges":0,"victory":false,"max_hp_per_floor":[75,75,75,75,75,75,75,75,75,75,75,75,75,75,75,75,80,80,80,80,80,80,80,80,80,80,87,87,87,87,87,87,87,87,87,87,87,87,87,87,87,87,87],"card_choices":[{"not_picked":["RobotSpaceExplorer:SlimeMissile","RobotSpaceExplorer:ExhaustFan"],"picked":"RobotSpaceExplorer:ScrapMissile","floor":1},{"not_picked":["RobotSpaceExplorer:ImprovisedAttack","RobotSpaceExplorer:Ammunition"],"picked":"RobotSpaceExplorer:ScrapToss","floor":2},{"not_picked":["RobotSpaceExplorer:Wormhole","RobotSpaceExplorer:SwiftStep","RobotSpaceExplorer:StunGrenade"],"picked":"SKIP","floor":6},{"not_picked":["RobotSpaceExplorer:Jetpack","RobotSpaceExplorer:DualCore","RobotSpaceExplorer:FreezingShield"],"picked":"SKIP","floor":11},{"not_picked":["RobotSpaceExplorer:Probe","RobotSpaceExplorer:DoubleBlock","RobotSpaceExplorer:SurgingShield"],"picked":"SKIP","floor":12},{"not_picked":["RobotSpaceExplorer:DoubleBlock","RobotSpaceExplorer:SurgingShield"],"picked":"RobotSpaceExplorer:ScrapMissile","floor":13},{"not_picked":["RobotSpaceExplorer:Fix","RobotSpaceExplorer:DroneSwarm","RobotSpaceExplorer:Electropulse"],"picked":"SKIP","floor":14},{"not_picked":["RobotSpaceExplorer:DroneSwarm","RobotSpaceExplorer:BlastShield"],"picked":"RobotSpaceExplorer:ChargingLaser","floor":16},{"not_picked":["RobotSpaceExplorer:MetalStrike","RobotSpaceExplorer:FreezingShield"],"picked":"RobotSpaceExplorer:Smokescreen","floor":17},{"not_picked":["RobotSpaceExplorer:DoubleBlock","RobotSpaceExplorer:Ammunition"],"picked":"RobotSpaceExplorer:ScrapMissile","floor":18},{"not_picked":["RobotSpaceExplorer:SurgingStrike","RobotSpaceExplorer:Ammunition+1"],"picked":"RobotSpaceExplorer:ImprovisedAttack+1","floor":21},{"not_picked":["RobotSpaceExplorer:GlueShot","RobotSpaceExplorer:DoubleBlock"],"picked":"RobotSpaceExplorer:Comet","floor":24},{"not_picked":["RobotSpaceExplorer:BlastShield","RobotSpaceExplorer:SurgingShield"],"picked":"RobotSpaceExplorer:ShovelStrike","floor":27},{"not_picked":["RobotSpaceExplorer:GlueShot","RobotSpaceExplorer:Ammunition+1"],"picked":"RobotSpaceExplorer:Pulsar","floor":28},{"not_picked":["RobotSpaceExplorer:Jetpack","RobotSpaceExplorer:SelfCleaning","RobotSpaceExplorer:Counterblock"],"picked":"SKIP","floor":29},{"not_picked":["RobotSpaceExplorer:FreezeRay+1","RobotSpaceExplorer:MiniBoosters+1"],"picked":"RobotSpaceExplorer:ScrapMissile","floor":30},{"not_picked":["RobotSpaceExplorer:TrailblazerForm+1","RobotSpaceExplorer:Scanner+1"],"picked":"RobotSpaceExplorer:Explosion","floor":33},{"not_picked":["RobotSpaceExplorer:Reload+1","RobotSpaceExplorer:SurgingShield+1"],"picked":"RobotSpaceExplorer:ScrapMissile+1","floor":35},{"not_picked":["RobotSpaceExplorer:FranticSearch","RobotSpaceExplorer:MiniBoosters+1","RobotSpaceExplorer:Counterblock"],"picked":"SKIP","floor":38},{"not_picked":["RobotSpaceExplorer:ShockKick","RobotSpaceExplorer:GlueSpray+1"],"picked":"RobotSpaceExplorer:PowerCollector+1","floor":39},{"not_picked":["RobotSpaceExplorer:ScrapToss+1","RobotSpaceExplorer:Pulsar"],"picked":"RobotSpaceExplorer:Comet","floor":40},{"not_picked":["RobotSpaceExplorer:SlimeMissile+1","RobotSpaceExplorer:StunGrenade+1","RobotSpaceExplorer:ShockKick"],"picked":"SKIP","floor":41}],"player_experience":374772,"relics_obtained":[{"floor":6,"key":"Happy Flower"},{"floor":9,"key":"FossilizedHelix"},{"floor":11,"key":"War Paint"},{"floor":14,"key":"Dream Catcher"},{"floor":26,"key":"Potion Belt"},{"floor":27,"key":"Strawberry"},{"floor":37,"key":"Whetstone"},{"floor":41,"key":"InkBottle"}],"event_choices":[{"damage_healed":0,"gold_gain":75,"player_choice":"Gather Gold","damage_taken":11,"max_hp_gain":0,"max_hp_loss":0,"event_name":"World of Goop","floor":4,"gold_loss":0},{"damage_healed":0,"gold_gain":0,"player_choice":"Entered Light","damage_taken":15,"max_hp_gain":0,"max_hp_loss":0,"event_name":"Shining Light","floor":5,"gold_loss":0,"cards_upgraded":["RobotSpaceExplorer:Defend","RobotSpaceExplorer:Strike"]},{"damage_healed":0,"gold_gain":99,"player_choice":"Stole From Cult","damage_taken":0,"max_hp_gain":0,"max_hp_loss":0,"event_name":"Nest","floor":20,"gold_loss":0},{"damage_healed":0,"gold_gain":0,"player_choice":"Bet on Murderer","damage_taken":0,"max_hp_gain":0,"max_hp_loss":0,"event_name":"The Joust","floor":22,"gold_loss":50},{"damage_healed":0,"gold_gain":0,"player_choice":"Fight","damage_taken":0,"max_hp_gain":0,"max_hp_loss":0,"event_name":"Mysterious Sphere","floor":42,"gold_loss":0}],"is_beta":false,"boss_relics":[{"not_picked":["Snecko Eye","Fusion Hammer"],"picked":"Tiny House"},{"not_picked":["Black Star","Velvet Choker"],"picked":"RobotSpaceExplorer:SearchSpecs"}],"items_purged_floors":[],"is_endless":false,"potions_floor_spawned":[1,2,11,14,21,24,27,38,39],"killed_by":"2 Orb Walkers","ascension_level":1}}