{"host":"jbmvtpvel2a8rbg6","time":1612549352,"event":{"mods":["Aspiration","BaseMod","Better Match","Better Sensory Stone","Better Skull","Conspire","Downfall","Energized Spire","GungeonMod","Hubris","Infinite Spire","Minty Spire (QoL Compilation)","RRrroohrrRGHHhhh!!","Reliquary","Replay The Spire","StSLib","Wandering Minibosses"],"gold_per_floor":[113,132,182,193,204,237,237,237,237],"floor_reached":8,"language":"ENG","playtime":939,"items_purged":[],"score":60,"play_id":"5a807e3f-adc0-45db-99b6-fab394f98e45","local_time":"20210205102232","is_ascension_mode":false,"campfire_choices":[],"circlet_count":0,"master_deck":["DemoMod:Strike_Huntress","DemoMod:Strike_Huntress","DemoMod:Strike_Huntress","DemoMod:Defend_Huntress","DemoMod:Defend_Huntress","DemoMod:Defend_Huntress","DemoMod:Defend_Huntress","DemoMod:Roll","DemoMod:ManualReload","DemoMod:RustySidearm","DemoMod:CrossBow","hubris:Strike_Merchant","Defend_B","DemoMod:SniperShot","DemoMod:Polaris","DemoMod:ChanceBullets"],"relics":["DemoMod:Dog","hubris:64BitClover","rorgmod:Ceramic Fish"],"acts_visited":["Exordium"],"potions_floor_usage":[4,8],"damage_taken":[{"damage":0,"enemies":"2 Louse","floor":1,"turns":2},{"damage":13,"enemies":"Jaw Worm","floor":2,"turns":7},{"damage":8,"enemies":"Small Slimes","floor":3,"turns":7},{"damage":8,"enemies":"conspire:2 RoseBushes","floor":4,"turns":7},{"damage":8,"enemies":"Blue Slaver","floor":5,"turns":7},{"damage":28,"enemies":"Replay:BlueRogue","floor":6,"turns":10},{"damage":20,"enemies":"Lagavulin","floor":8,"turns":5}],"seed_played":"2932648360357540704","potions_obtained":[{"floor":2,"key":"AttackPotion"},{"floor":4,"key":"champ:CounterPotion"}],"is_trial":false,"path_per_floor":["M","M","M","M","M","E","?","E"],"character_chosen":"HUNTRESS","items_purchased":[],"campfire_rested":0,"item_purchase_floors":[],"current_hp_per_floor":[70,57,49,41,33,5,5,0,0],"gold":237,"neow_bonus":"ONE_RARE_RELIC","is_daily":false,"chose_seed":false,"campfire_upgraded":0,"win_rate":0.0,"timestamp":1612549352,"path_taken":["M","M","M","M","M","E","?","E"],"items_purchased_type":[],"build_version":"2020-12-22","purchased_purges":0,"victory":false,"max_hp_per_floor":[70,70,70,70,70,70,70,70,70],"card_choices":[{"not_picked":["DemoMod:Unity","DemoMod:BattleInHaste"],"picked":"DemoMod:SniperShot","floor":1},{"not_picked":["DemoMod:HardPowerCard","DemoMod:Unmoved","DemoMod:PotionOfGunFriendShip"],"picked":"SKIP","floor":2},{"not_picked":["DemoMod:GunstockTap","DemoMod:FastSwitch"],"picked":"DemoMod:Polaris","floor":3},{"not_picked":["DemoMod:AC15","DemoMod:GunstockTap"],"picked":"DemoMod:ChanceBullets","floor":4},{"not_picked":["DemoMod:HardPowerCard","DemoMod:BoxingGlove","DemoMod:ThirdPartyController"],"picked":"SKIP","floor":5},{"not_picked":["DemoMod:GunstockTap","DemoMod:DirectionalPad","DemoMod:StickyCrossBow"],"picked":"SKIP","floor":6}],"player_experience":837807,"relics_obtained":[{"floor":6,"key":"rorgmod:Ceramic Fish"}],"event_choices":[{"damage_healed":0,"gold_gain":0,"player_choice":"Ignored","damage_taken":0,"max_hp_gain":0,"max_hp_loss":0,"event_name":"Golden Wing","floor":7,"gold_loss":0}],"is_beta":false,"boss_relics":[],"items_purged_floors":[],"is_endless":false,"potions_floor_spawned":[2,4],"killed_by":"Lagavulin","ascension_level":0}}