{"host":"eaiphzh066bwqdh7","time":1612489099,"event":{"mods":["BaseMod","Better Note","Halation","Hubris","Minty Spire (QoL Compilation)","Reliquary","Replay The Spire","StSLib"],"gold_per_floor":[115,80,90,90,90,90,107,123,148,148,173,173,173,173,173,173,173],"floor_reached":16,"language":"ENG","playtime":491,"items_purged":[],"score":113,"play_id":"972a7bc6-6791-4192-8c9b-85606e47d398","local_time":"20210204203819","is_ascension_mode":true,"campfire_choices":[{"data":"Mayhem","floor":6,"key":"SMITH"},{"floor":10,"key":"REST"},{"floor":12,"key":"REST"},{"floor":15,"key":"REST"}],"circlet_count":0,"master_deck":["Strike_P","Strike_P","Strike_P","Defend_P","Defend_P","Defend_P","Defend_P+1","Eruption","Vigilance","Mayhem+1","WaveOfTheHand+1","Pray"],"relics":["PureWater","Boot","Centennial Puzzle","Mummified Hand"],"acts_visited":["Exordium"],"potions_floor_usage":[16],"damage_taken":[{"damage":5,"enemies":"2 Louse","floor":1,"turns":3},{"damage":4,"enemies":"Small Slimes","floor":3,"turns":4},{"damage":2,"enemies":"Jaw Worm","floor":7,"turns":3},{"damage":10,"enemies":"Blue Slaver","floor":8,"turns":7},{"damage":58,"enemies":"3 Sentries","floor":11,"turns":15},{"damage":49,"enemies":"Hexaghost","floor":16,"turns":11}],"seed_played":"-4955841175619571103","potions_obtained":[{"floor":1,"key":"FearPotion"}],"is_trial":false,"path_per_floor":["M","?","M","?","?","R","M","M","T","R","E","R","?","T","R","B"],"character_chosen":"WATCHER","items_purchased":[],"campfire_rested":3,"item_purchase_floors":[],"current_hp_per_floor":[46,64,60,60,65,65,63,53,53,76,18,41,26,26,49,0,0],"gold":173,"neow_bonus":"RANDOM_COLORLESS_2","is_daily":false,"chose_seed":false,"campfire_upgraded":1,"win_rate":0.0,"timestamp":1612489099,"path_taken":["M","?","M","?","?","R","?","M","T","R","E","R","?","?","R","BOSS"],"items_purchased_type":[],"build_version":"2020-12-22","purchased_purges":0,"victory":false,"max_hp_per_floor":[72,72,72,72,77,77,77,77,77,77,77,77,77,77,77,77,77],"card_choices":[{"not_picked":["Apotheosis","Metamorphosis"],"picked":"Mayhem","floor":0},{"not_picked":["CrushJoints","Replay:Anticipation","Collect"],"picked":"SKIP","floor":1},{"not_picked":["InnerPeace","Replay:AtTheReady","Perseverance"],"picked":"SKIP","floor":3},{"not_picked":["Consecrate","BowlingBash","FollowUp"],"picked":"SKIP","floor":7},{"not_picked":["Nirvana","FlurryOfBlows","ClearTheMind"],"picked":"SKIP","floor":8},{"not_picked":["Halt","WreathOfFlame"],"picked":"Pray","floor":11}],"player_experience":253741,"relics_obtained":[{"floor":9,"key":"Boot"},{"floor":11,"key":"Centennial Puzzle"},{"floor":14,"key":"Mummified Hand"}],"event_choices":[{"damage_healed":18,"gold_gain":0,"player_choice":"Healed","damage_taken":0,"max_hp_gain":0,"max_hp_loss":0,"event_name":"The Cleric","floor":2,"gold_loss":35},{"damage_healed":0,"gold_gain":0,"cards_transformed":["Strike_P"],"player_choice":"Change","damage_taken":0,"max_hp_gain":0,"max_hp_loss":0,"event_name":"Living Wall","floor":4,"gold_loss":0,"cards_obtained":["WaveOfTheHand"]},{"damage_healed":0,"gold_gain":0,"player_choice":"Donut","damage_taken":0,"max_hp_gain":5,"max_hp_loss":0,"event_name":"Big Fish","floor":5,"gold_loss":0},{"damage_healed":0,"gold_gain":0,"player_choice":"Entered Light","damage_taken":15,"max_hp_gain":0,"max_hp_loss":0,"event_name":"Shining Light","floor":13,"gold_loss":0,"cards_upgraded":["WaveOfTheHand","Defend_P"]}],"is_beta":false,"boss_relics":[],"items_purged_floors":[],"is_endless":false,"potions_floor_spawned":[1],"killed_by":"Hexaghost","ascension_level":3}}