{"host":"dhlnk6yox2l1s6up","time":1612549625,"event":{"mods":["BaseMod","Bestiary","Colored Map","Highlight Path","Minty Spire (QoL Compilation)","Relic Stats","StSLib"],"gold_per_floor":[118,118,130,57,57,57,87,105,105,105,105,137,87,99,99,200,200,217,231,43,60,159,187,214,251,263,275,322,349,361,373,385,498,510,535,597,609,621,648,690,702,739,751,790,813,842,854,392,392,392,392,392,24,58,58],"floor_reached":56,"language":"ENG","playtime":4060,"items_purged":["Pain"],"score":1789,"play_id":"c6cebab2-e8eb-4495-8ff1-28830be31a93","local_time":"20210205122705","is_ascension_mode":true,"campfire_choices":[{"data":"Anger","floor":6.0,"key":"SMITH"},{"data":"Shrug It Off","floor":10.0,"key":"SMITH"},{"data":"Demon Form","floor":15.0,"key":"SMITH"},{"floor":27.0,"key":"REST"},{"floor":30.0,"key":"REST"},{"floor":32.0,"key":"REST"},{"floor":41.0,"key":"RECALL"},{"data":"Barricade","floor":49.0,"key":"SMITH"},{"data":"Shrug It Off","floor":52.0,"key":"SMITH"}],"circlet_count":0,"master_deck":["AscendersBane","Strike_R+1","Strike_R+1","Strike_R+1","Defend_R+1","Defend_R+1","Defend_R+1","Bash","Demon Form+1","Thunderclap+1","Shrug It Off+1","Twin Strike","Sword Boomerang","Seeing Red","Feed+1","Evolve+1","Shrug It Off+1","Iron Wave+1","Feel No Pain","Shrug It Off","Barricade+1","Metallicize","Immolate","Infernal Blade+1","Dark Embrace+1","Infernal Blade","Reaper+1","Seeing Red","Twin Strike+1","Ghostly Armor","Burning Pact+1"],"relics":["Burning Blood","Sundial","Red Skull","War Paint","Mark of Pain","ClockworkSouvenir","MawBank","Mango","Ginger","Blue Candle","Coffee Dripper","TungstenRod","Charon\u0027s Ashes","Oddly Smooth Stone","MealTicket","Orichalcum","WarpedTongs","Bag of Preparation","StrikeDummy","Whetstone","Toy Ornithopter"],"acts_visited":["Exordium","TheCity","TheBeyond","TheEnding"],"potions_floor_usage":[55,55],"damage_taken":[{"damage":2.0,"enemies":"2 Louse","floor":1.0,"turns":3.0},{"damage":8.0,"enemies":"Jaw Worm","floor":3.0,"turns":4.0},{"damage":40.0,"enemies":"Gremlin Nob","floor":7.0,"turns":5.0},{"damage":0.0,"enemies":"Small Slimes","floor":8.0,"turns":3.0},{"damage":10.0,"enemies":"3 Sentries","floor":12.0,"turns":5.0},{"damage":0.0,"enemies":"Exordium Wildlife","floor":14.0,"turns":1.0},{"damage":38.0,"enemies":"Slime Boss","floor":16.0,"turns":5.0},{"damage":30.0,"enemies":"2 Thieves","floor":18.0,"turns":5.0},{"damage":0.0,"enemies":"3 Byrds","floor":19.0,"turns":4.0},{"damage":18.0,"enemies":"Snake Plant","floor":21.0,"turns":4.0},{"damage":12.0,"enemies":"Slavers","floor":23.0,"turns":3.0},{"damage":16.0,"enemies":"Snecko","floor":24.0,"turns":4.0},{"damage":22.0,"enemies":"Book of Stabbing","floor":25.0,"turns":4.0},{"damage":28.0,"enemies":"Slavers","floor":28.0,"turns":6.0},{"damage":32.0,"enemies":"Shelled Parasite and Fungi","floor":29.0,"turns":6.0},{"damage":42.0,"enemies":"Automaton","floor":33.0,"turns":10.0},{"damage":5.0,"enemies":"3 Shapes","floor":35.0,"turns":6.0},{"damage":0.0,"enemies":"Mind Bloom Boss Battle","floor":36.0,"turns":10.0},{"damage":15.0,"enemies":"Orb Walker","floor":39.0,"turns":5.0},{"damage":47.0,"enemies":"Giant Head","floor":40.0,"turns":8.0},{"damage":44.0,"enemies":"Nemesis","floor":42.0,"turns":5.0},{"damage":23.0,"enemies":"Reptomancer","floor":44.0,"turns":9.0},{"damage":11.0,"enemies":"Maw","floor":45.0,"turns":8.0},{"damage":3.0,"enemies":"4 Shapes","floor":46.0,"turns":5.0},{"damage":51.0,"enemies":"Donu and Deca","floor":50.0,"turns":7.0},{"damage":101.0,"enemies":"Shield and Spear","floor":54.0,"turns":9.0},{"damage":2,"enemies":"The Heart","floor":55,"turns":9}],"seed_played":"3890653228904961371","potions_obtained":[{"floor":3.0,"key":"PowerPotion"},{"floor":8.0,"key":"SteroidPotion"},{"floor":12.0,"key":"SkillPotion"},{"floor":14.0,"key":"DuplicationPotion"},{"floor":18.0,"key":"HeartOfIron"},{"floor":23.0,"key":"PowerPotion"},{"floor":29.0,"key":"SkillPotion"},{"floor":33.0,"key":"BloodPotion"},{"floor":35.0,"key":"BlessingOfTheForge"},{"floor":39.0,"key":"DistilledChaos"},{"floor":44.0,"key":"SkillPotion"},{"floor":45.0,"key":"Strength Potion"},{"floor":54.0,"key":"Weak Potion"}],"is_trial":false,"path_per_floor":["M","?","M","$","?","R","E","M","T","R","?","E","?","M","R","B",null,"M","M","$","M","?","E","M","E","T","R","E","M","R","?","R","B",null,"M","?","?","T","M","E","R","E","T","E","M","M","?","$","R","B",null,"R","$","E","B",null],"character_chosen":"IRONCLAD","items_purchased":["Shrug It Off","Anger","Shrug It Off","ClockworkSouvenir","Bag of Preparation","StrikeDummy","Ancient Potion","LiquidMemories","Whetstone","Ghostly Armor"],"campfire_rested":3,"item_purchase_floors":[4,4,20,20,48,48,53,53,53,53],"current_hp_per_floor":[76,69,67,67,67,67,33,39,39,39,39,35,35,41,41,9,62,38,47,47,38,38,35,28,26,26,57,38,15,48,48,81,48,98,102,111,111,111,105,67,67,54,54,70,92,114,114,129,129,128,135,135,137,58,111],"gold":58,"neow_bonus":"TRANSFORM_CARD","is_daily":false,"chose_seed":false,"campfire_upgraded":5,"win_rate":0.0,"timestamp":1612549625,"path_taken":["M","?","M","$","?","R","E","M","T","R","?","E","?","M","R","BOSS","M","M","$","M","?","E","M","E","T","R","E","M","R","?","R","BOSS","M","?","?","?","M","E","R","E","T","E","?","M","?","$","R","BOSS","R","$","E","BOSS"],"items_purchased_type":["Card","Card","Card","Relic","Relic","Relic","Potion","Potion","Relic","Card"],"build_version":"2020-12-22","purchased_purges":1,"victory":true,"max_hp_per_floor":[80,80,80,80,80,80,80,80,80,80,80,80,80,80,80,80,80,80,83,83,86,86,89,92,106,106,106,109,112,112,112,112,115,115,118,121,121,121,124,127,127,127,127,127,130,133,133,133,133,137,137,137,137,141,141],"relic_stats":{"counters":[27,153],"Blue Candle":[0],"Charon\u0027s Ashes":[226],"Bag of Preparation":[6],"Ginger":[11],"Whetstone":["Feed","Reaper"],"War Paint":["Defend_R","Defend_R"],"Orichalcum":[24],"MawBank":300,"Burning Blood":162,"WarpedTongs":[22],"Sundial":[20],"MealTicket":17,"obtain_stats":[{"Blue Candle":28,"Oddly Smooth Stone":40,"Mango":25,"Charon\u0027s Ashes":38,"Bag of Preparation":48,"Ginger":26,"Whetstone":53,"War Paint":12,"Orichalcum":44,"MawBank":23,"Burning Blood":0,"ClockworkSouvenir":20,"WarpedTongs":47,"Sundial":7,"MealTicket":42,"Mark of Pain":17,"Coffee Dripper":34,"StrikeDummy":48,"Red Skull":9,"TungstenRod":36,"Toy Ornithopter":54},{"Blue Candle":14,"Oddly Smooth Stone":20,"Mango":13,"Charon\u0027s Ashes":18,"Bag of Preparation":24,"Ginger":13,"Whetstone":25,"War Paint":5,"Orichalcum":22,"MawBank":11,"Burning Blood":0,"ClockworkSouvenir":9,"WarpedTongs":24,"Sundial":3,"MealTicket":21,"Mark of Pain":7,"Coffee Dripper":16,"StrikeDummy":24,"Red Skull":4,"TungstenRod":18,"Toy Ornithopter":26},{"Blue Candle":56,"Oddly Smooth Stone":101,"Mango":50,"Charon\u0027s Ashes":88,"Bag of Preparation":128,"Ginger":50,"Whetstone":135,"War Paint":20,"Orichalcum":115,"MawBank":42,"Burning Blood":0,"ClockworkSouvenir":35,"WarpedTongs":128,"Sundial":12,"MealTicket":106,"Mark of Pain":26,"Coffee Dripper":72,"StrikeDummy":128,"Red Skull":15,"TungstenRod":88,"Toy Ornithopter":144}],"TungstenRod":41,"Toy Ornithopter":10},"card_choices":[{"not_picked":["Warcry","Feel No Pain"],"picked":"Thunderclap","floor":1.0},{"not_picked":["Flex","Hemokinesis","Feel No Pain"],"picked":"SKIP","floor":3.0},{"not_picked":["Iron Wave","Dark Embrace","Warcry"],"picked":"SKIP","floor":7.0},{"not_picked":["Dual Wield","Wild Strike"],"picked":"Twin Strike","floor":8.0},{"not_picked":["Headbutt","Havoc"],"picked":"Sword Boomerang","floor":12.0},{"not_picked":["Fire Breathing","Twin Strike"],"picked":"Seeing Red","floor":14.0},{"not_picked":["Brutality","Immolate"],"picked":"Feed","floor":16.0},{"not_picked":["Combust","True Grit"],"picked":"Evolve+1","floor":18.0},{"not_picked":["Sword Boomerang","Wild Strike","Armaments"],"picked":"SKIP","floor":19.0},{"not_picked":["Anger","Wild Strike"],"picked":"Iron Wave+1","floor":21.0},{"not_picked":["Dropkick+1","Sever Soul"],"picked":"Feel No Pain","floor":23.0},{"not_picked":["Headbutt","Evolve"],"picked":"Shrug It Off","floor":24.0},{"not_picked":["Double Tap","Anger"],"picked":"Barricade","floor":25.0},{"not_picked":["Headbutt","Clothesline","Dropkick"],"picked":"SKIP","floor":28.0},{"not_picked":["Warcry","Searing Blow"],"picked":"Metallicize","floor":29.0},{"not_picked":["Demon Form","Bludgeon"],"picked":"Immolate","floor":33.0},{"not_picked":["Twin Strike","Carnage+1"],"picked":"Infernal Blade+1","floor":35.0},{"not_picked":["Cleave+1","Clash+1"],"picked":"Dark Embrace+1","floor":36.0},{"not_picked":["Thunderclap+1","Cleave+1","Twin Strike"],"picked":"SKIP","floor":39.0},{"not_picked":["Inflame+1","Dropkick"],"picked":"Infernal Blade","floor":40.0},{"not_picked":["Warcry+1","Clothesline+1"],"picked":"Reaper","floor":42.0},{"not_picked":["Feel No Pain","Warcry+1"],"picked":"Seeing Red","floor":44.0},{"not_picked":["Flex","Havoc+1"],"picked":"Twin Strike+1","floor":45.0},{"not_picked":["Spot Weakness","Headbutt+1","Anger"],"picked":"SKIP","floor":46.0},{"not_picked":["Uppercut","Immolate"],"picked":"Burning Pact+1","floor":54.0}],"player_experience":6118361,"relics_obtained":[{"floor":7.0,"key":"Sundial"},{"floor":9.0,"key":"Red Skull"},{"floor":12.0,"key":"War Paint"},{"floor":23.0,"key":"MawBank"},{"floor":25.0,"key":"Mango"},{"floor":26.0,"key":"Ginger"},{"floor":28.0,"key":"Blue Candle"},{"floor":36.0,"key":"TungstenRod"},{"floor":38.0,"key":"Charon\u0027s Ashes"},{"floor":40.0,"key":"Oddly Smooth Stone"},{"floor":42.0,"key":"MealTicket"},{"floor":44.0,"key":"Orichalcum"},{"floor":54.0,"key":"Toy Ornithopter"}],"event_choices":[{"cards_removed":["Defend_R"],"damage_healed":0.0,"max_hp_gain":0.0,"max_hp_loss":0.0,"gold_gain":0.0,"event_name":"Golden Wing","player_choice":"Card Removal","floor":2.0,"gold_loss":0.0,"damage_taken":7.0},{"damage_healed":0.0,"max_hp_gain":0.0,"max_hp_loss":0.0,"gold_gain":0.0,"event_name":"Living Wall","player_choice":"Grow","floor":5.0,"gold_loss":0.0,"damage_taken":0.0,"cards_upgraded":["Thunderclap"]},{"damage_healed":0.0,"max_hp_gain":0.0,"max_hp_loss":0.0,"gold_gain":0.0,"event_name":"Liars Game","player_choice":"Ignored","floor":11.0,"gold_loss":0.0,"damage_taken":0.0},{"cards_removed":["Anger"],"damage_healed":0.0,"max_hp_gain":0.0,"max_hp_loss":0.0,"gold_gain":0.0,"event_name":"The Cleric","player_choice":"Card Removal","floor":13.0,"gold_loss":50.0,"damage_taken":0.0},{"damage_healed":0.0,"max_hp_gain":0.0,"max_hp_loss":0.0,"gold_gain":99.0,"event_name":"Nest","player_choice":"Stole From Cult","floor":22.0,"gold_loss":0.0,"damage_taken":0.0},{"damage_healed":0.0,"max_hp_gain":0.0,"max_hp_loss":0.0,"gold_gain":0.0,"event_name":"Back to Basics","player_choice":"Simplicity","floor":31.0,"gold_loss":0.0,"damage_taken":0.0,"cards_upgraded":["Strike_R","Strike_R","Strike_R","Strike_R","Defend_R"]},{"damage_healed":0.0,"max_hp_gain":0.0,"max_hp_loss":0.0,"gold_gain":0.0,"event_name":"MindBloom","player_choice":"Fight","floor":36.0,"gold_loss":0.0,"damage_taken":0.0},{"cards_removed":["Strike_R"],"damage_healed":0.0,"max_hp_gain":0.0,"max_hp_loss":0.0,"gold_gain":0.0,"event_name":"Falling","player_choice":"Removed Attack","floor":37.0,"gold_loss":0.0,"damage_taken":0.0},{"damage_healed":0.0,"max_hp_gain":0.0,"max_hp_loss":0.0,"gold_gain":0.0,"event_name":"Accursed Blacksmith","player_choice":"Rummage","floor":47.0,"gold_loss":0.0,"damage_taken":0.0,"relics_obtained":["WarpedTongs"],"cards_obtained":["Pain"]}],"is_beta":false,"boss_relics":[{"not_picked":["Fusion Hammer","Pandora\u0027s Box"],"picked":"Mark of Pain"},{"not_picked":["Velvet Choker","Tiny House"],"picked":"Coffee Dripper"}],"items_purged_floors":[48],"is_endless":false,"potions_floor_spawned":[3,8,12,14,18,23,29,33,35,39,44,45,54],"ascension_level":10}}