{"host":"80x1ozqd5wpd4nvo","time":1612557843,"event":{"mods":["2.2 Compatiblity","Aspiration","BaseMod","Better Altar","Better Match","Better Note","Better Sensory Stone","Better Skull","Better Third Choice","BetterRewards","CCEM2","Card Forge","Custom Start","DNKmod","Dark Map","Defuse TimeMaze Blight","Dota2Spire","Energized Spire","Friendly Minions","GifTheSpireLib","Hubris","Infinite Spire","Jedi Mod","Minty Spire (QoL Compilation)","MostiFishMod","Permanent Neow","Poor People Problems","Quick Restart","Reliquary","Shop Mod","Spicy Shops","StS++","StSLib","The Blue Laboratory","??????REMEMod"],"gold_per_floor":[1218,680,680,690,706,706,733,744,767,767,786,819,832,832,832,933,933,946,946,539,539,550,579,579,597,597,610,610,627,637,668,668,763,763,773,773,773,786,147,147,147,147,147,160,160,179,207,307,307,307,307,307,32,58,58],"floor_reached":56,"language":"ENG","playtime":2523,"items_purged":["Strike_G","Strike_G","Defend_G"],"score":1658,"play_id":"1b80872d-2cab-48c6-8aff-aa850e37733b","local_time":"20210205214403","is_ascension_mode":true,"campfire_choices":[{"data":"Neutralize","floor":6,"key":"SMITH"},{"floor":15,"key":"REST"},{"data":"Prepared","floor":24,"key":"SMITH"},{"data":"MostiFishMod:LethalBlade","floor":32,"key":"SMITH"},{"data":"MostiFishMod:GrandStart","floor":40,"key":"SMITH"},{"data":"infinitespire:Collect","floor":42,"key":"SMITH"},{"floor":49,"key":"RECALL"},{"data":"infinitespire:SevenWalls","floor":52,"key":"SMITH"}],"circlet_count":0,"master_deck":["Strike_G","Strike_G","Defend_G+1","Defend_G+1","Defend_G","Survivor","Neutralize+1","Sadistic Nature","StSpp:Dive+1","jedi:brewingpoison","Backflip","Reflex","Crippling Poison","MostiFishMod:InvigoratingSolution","Well Laid Plans","PiercingWail","Deflect","MostiFishMod:Dislodge","Prepared+1","Riddle With Holes","Caltrops","jedi:collectorvenom+1","Outmaneuver","Acrobatics","MostiFishMod:LethalBlade+1","Flechettes","Escape Plan","MostiFishMod:GrandStart+1","infinitespire:Collect+1","jedi:poisonivy","jedi:forcepull","Finesse","infinitespire:SevenWalls+1","StSpp:StrikeFirst+1"],"relics":["Ring of the Snake","Hammer of Thor","Seething Fire","Anvil of the Gods","REME_ComplimentaryCards","DaveBox","aspiration:Nostalgia","PureWater","ShadowXiaoBlade","SynthV:TestCard","Torii","OrangePellets","reliquary:SharkskinSheath","Juzu Bracelet","Orichalcum","Vajra","SynthV:C4","reliquary:TridentHead","Sling","Regal Pillow","Smiling Mask","hubris:RunicObelisk","ChiXiaoBlade","hubris:EmptyBottle","Dota2Spire:AghanimScepter","HandDrill","hubris:TenFootPole","CCEMRelics:WhiteRose","Ornamental Fan","Dota2Spire:DivineRapier","MostiFishMod:AdaptiveDefenses","reliquary:FeatherDuster"],"acts_visited":["Exordium","TheCity","TheBeyond","TheEnding"],"potions_floor_usage":[11,16,18,23,29,50,50,55,55],"damage_taken":[{"damage":0,"enemies":"2 Louse","floor":1,"turns":2},{"damage":0,"enemies":"Jaw Worm","floor":4,"turns":2},{"damage":0,"enemies":"Cultist","floor":5,"turns":2},{"damage":0,"enemies":"3 Sentries","floor":7,"turns":4},{"damage":0,"enemies":"Gremlin Gang","floor":8,"turns":2},{"damage":0,"enemies":"Blue Slaver","floor":11,"turns":2},{"damage":1,"enemies":"Gremlin Nob","floor":12,"turns":3},{"damage":0,"enemies":"Looter","floor":13,"turns":2},{"damage":0,"enemies":"Hexaghost","floor":16,"turns":5},{"damage":0,"enemies":"3 Byrds","floor":18,"turns":3},{"damage":0,"enemies":"2 Thieves","floor":22,"turns":3},{"damage":7,"enemies":"Gremlin Leader","floor":23,"turns":3},{"damage":0,"enemies":"Centurion and Healer","floor":25,"turns":3},{"damage":0,"enemies":"Snecko","floor":27,"turns":2},{"damage":0,"enemies":"Snake Plant","floor":29,"turns":1},{"damage":0,"enemies":"Centurion and Healer","floor":30,"turns":3},{"damage":0,"enemies":"Book of Stabbing","floor":31,"turns":2},{"damage":0,"enemies":"Automaton","floor":33,"turns":5},{"damage":0,"enemies":"3 Darklings","floor":35,"turns":3},{"damage":3,"enemies":"3 Shapes","floor":38,"turns":2},{"damage":0,"enemies":"Maw","floor":44,"turns":4},{"damage":0,"enemies":"Jaw Worm Horde","floor":46,"turns":1},{"damage":0,"enemies":"Giant Head","floor":47,"turns":2},{"damage":0,"enemies":"infinitespire:Three Voidlings","floor":48,"turns":1},{"damage":0,"enemies":"Nightmare_Alpha","floor":48,"turns":4},{"damage":46,"enemies":"infinitespire:MassOfShapes","floor":50,"turns":5},{"damage":0,"enemies":"Shield and Spear","floor":54,"turns":1},{"damage":78,"enemies":"The Heart","floor":55,"turns":5}],"seed_played":"2043434086705833521","potions_obtained":[{"floor":7,"key":"Fire Potion"},{"floor":8,"key":"DuplicationPotion"},{"floor":11,"key":"Energy Potion"},{"floor":12,"key":"blueLaboratory:LouseDecoction"},{"floor":16,"key":"blueLaboratory:FruitPunch"},{"floor":18,"key":"jedi:mysterypotion"},{"floor":23,"key":"ColorlessPotion"},{"floor":27,"key":"Fire Potion"},{"floor":29,"key":"blueLaboratory:TrueEctoplasm"}],"is_trial":false,"path_per_floor":["M","$","?","M","M","R","E","M","T","?","M","E","M","?","R","B",null,"M","?","$","?","M","E","R","M","T","M","?","M","M","E","R","B",null,"M","AVR","?","M","$","R","?","R","T","M","?","M","E","?","R","B",null,"R","$","E","B",null],"character_chosen":"THE_SILENT","items_purchased":["Torii","OrangePellets","jedi:brewingpoison","reliquary:TridentHead","Sling","Riddle With Holes","hubris:EmptyBottle","Dota2Spire:AghanimScepter","jedi:poisonivy","HandDrill","Regen Potion","MostiFishMod:AdaptiveDefenses"],"campfire_rested":1,"item_purchase_floors":[2,2,2,20,20,20,39,39,39,39,53,53],"current_hp_per_floor":[100,100,100,100,100,100,100,100,100,100,100,99,99,22,52,52,100,100,100,97,97,97,90,90,90,90,90,90,90,90,90,90,90,97,97,97,92,89,89,89,74,74,74,74,74,74,74,74,74,32,96,96,96,96,42],"gold":58,"neow_bonus":"NOSTALGIA","is_daily":false,"chose_seed":false,"campfire_upgraded":6,"win_rate":0.0,"timestamp":1612557843,"path_taken":["M","$","?","M","M","R","E","M","T","?","M","E","M","?","R","BOSS","M","?","$","?","M","E","R","M","T","M","?","M","M","E","R","BOSS","M","AVR","?","M","$","R","?","R","T","M","?","M","E","?","R","BOSS","R","$","E","BOSS"],"items_purchased_type":["Relic","Relic","Card","Relic","Relic","Card","Relic","Relic","Card","Relic","Potion","Relic"],"build_version":"2020-12-22","purchased_purges":3,"victory":true,"max_hp_per_floor":[100,100,100,100,100,100,100,100,100,100,100,100,100,100,100,100,100,100,100,97,97,97,97,97,97,97,97,97,97,97,97,97,97,97,97,97,92,92,92,92,92,92,92,92,92,92,92,92,92,96,96,96,96,96,96],"card_choices":[{"not_picked":["Bane","Acrobatics"],"picked":"StSpp:Dive","floor":1},{"not_picked":["Quick Slash","StSpp:FiercePoison","jedi:pocketpoison","jedi:studyshivs"],"picked":"Backflip","floor":4},{"not_picked":["Underhanded Strike","Blade Dance","Dagger Throw","Outmaneuver"],"picked":"Reflex","floor":5},{"not_picked":["hubris:Counter","MostiFishMod:PerfectParry","StSpp:Landslide","Dash"],"picked":"Crippling Poison","floor":7},{"not_picked":["Choke","Outmaneuver","Backflip","Quick Slash"],"picked":"MostiFishMod:InvigoratingSolution","floor":8},{"not_picked":["Blur","Poisoned Stab","Setup","Flying Knee"],"picked":"Well Laid Plans","floor":11},{"not_picked":["StSpp:SpareBlade","jedi:pocketpoison","Dagger Throw","Slice"],"picked":"PiercingWail","floor":12},{"not_picked":["Well Laid Plans","Blade Dance","Bane","Storm of Steel"],"picked":"Deflect","floor":13},{"not_picked":["MostiFishMod:WinterMarkForm","Unload","MostiFishMod:ShivMaster","StSpp:AbandonFlesh"],"picked":"MostiFishMod:Dislodge","floor":16},{"not_picked":["Backflip+1","hubris:Sniper","Catalyst","Quick Slash+1"],"picked":"Prepared","floor":18},{"not_picked":["Footwork","Escape Plan","Doppelganger","Deadly Poison"],"picked":"jedi:collectorvenom+1","floor":22},{"not_picked":["Concentrate","StSpp:PoisonousPunch","hubris:TrickCloak","Sucker Punch+1"],"picked":"Acrobatics","floor":23},{"not_picked":["StSpp:Dive+1","Blade Dance","REME_ShadowStrike","jedi:acidrain"],"picked":"jedi:collectorvenom+1","floor":25},{"not_picked":["Bane+1","All Out Attack","Flying Knee+1","Deadly Poison+1"],"picked":"Outmaneuver","floor":27},{"not_picked":["Bouncing Flask","Glass Knife","jedi:pocketpoison","Blade Dance"],"picked":"Flechettes","floor":29},{"not_picked":["jedi:collectorvenom+1","Dash","Bouncing Flask","Dodge and Roll"],"picked":"Escape Plan","floor":30},{"not_picked":["StSpp:CorrosivePoison","Dash","StSpp:PoisonousPunch","jedi:collectorvenom+1","Quick Slash"],"picked":"SKIP","floor":31},{"not_picked":["StSpp:CorrosivePoison","Dash","StSpp:PoisonousPunch","jedi:collectorvenom+1","Quick Slash"],"picked":"SKIP","floor":31},{"not_picked":["MostiFishMod:Dislodge","jedi:brewingpoison","jedi:studypoison","MostiFishMod:Neurotoxin"],"picked":"MostiFishMod:GrandStart","floor":33},{"not_picked":["Skewer","Acrobatics","Crippling Poison","Dagger Throw"],"picked":"jedi:collectorvenom+1","floor":35},{"not_picked":["Bane+1","Flying Knee","Dodge and Roll","Calculated Gamble"],"picked":"jedi:collectorvenom+1","floor":38},{"not_picked":["Dagger Spray+1","Slice","Bane","MostiFishMod:PoisonShield+1"],"picked":"jedi:collectorvenom+1","floor":44},{"not_picked":["Mind Blast","REME_PuzzleBox","Discovery","Apotheosis"],"picked":"jedi:forcepull","floor":45},{"not_picked":["REME_ShortnessOfBreath","Madness","Discovery","jedi:forcepull"],"picked":"Finesse","floor":45},{"not_picked":["Well Laid Plans+1","Finisher+1","jedi:pocketpoison+1","Quick Slash+1"],"picked":"jedi:collectorvenom+1","floor":46},{"not_picked":["Endless Agony","Acrobatics+1","Deflect+1","Dagger Throw+1"],"picked":"jedi:collectorvenom+1","floor":47},{"not_picked":["infinitespire:DeathsTouch","infinitespire:FutureSight"],"picked":"infinitespire:SevenWalls","floor":48},{"not_picked":["Crippling Poison","Dagger Throw","MostiFishMod:InvigoratingSolution","REME_GrazeFinale"],"picked":"jedi:collectorvenom+1","floor":48},{"not_picked":["jedi:collectorvenom+1","Deflect","Concentrate","Sucker Punch"],"picked":"StSpp:StrikeFirst+1","floor":54}],"player_experience":293575,"relics_obtained":[{"floor":1,"key":"SynthV:TestCard"},{"floor":7,"key":"reliquary:SharkskinSheath"},{"floor":9,"key":"Juzu Bracelet"},{"floor":12,"key":"Orichalcum"},{"floor":23,"key":"Regal Pillow"},{"floor":31,"key":"Smiling Mask"},{"floor":43,"key":"CCEMRelics:WhiteRose"},{"floor":47,"key":"Ornamental Fan"},{"floor":48,"key":"Dota2Spire:DivineRapier"},{"floor":54,"key":"reliquary:FeatherDuster"}],"event_choices":[{"damage_healed":0,"gold_gain":0,"player_choice":"Grow","damage_taken":0,"max_hp_gain":0,"max_hp_loss":0,"event_name":"Living Wall","floor":3,"gold_loss":0,"cards_upgraded":["StSpp:Dive"]},{"damage_healed":0,"gold_gain":0,"player_choice":"RE RE UP UP ","damage_taken":85,"relics_obtained":["Vajra","SynthV:C4"],"max_hp_gain":0,"max_hp_loss":0,"event_name":"betterSkull:BetterSkull","floor":14,"gold_loss":0,"cards_upgraded":["Defend_G","Defend_G"]},{"cards_removed":["Strike_G"],"damage_healed":0,"gold_gain":0,"player_choice":"Give","damage_taken":0,"max_hp_gain":0,"max_hp_loss":0,"event_name":"betterNote:BetterNote","floor":19,"gold_loss":0,"cards_obtained":["None"]},{"damage_healed":0,"gold_gain":0,"player_choice":"Read","damage_taken":0,"max_hp_gain":0,"max_hp_loss":0,"event_name":"The Library","floor":21,"gold_loss":0,"cards_obtained":["Caltrops"]},{"damage_healed":0,"gold_gain":0,"cards_transformed":["Strike_G","Defend_G"],"player_choice":"Became Test Subject","damage_taken":0,"max_hp_gain":0,"max_hp_loss":0,"event_name":"Drug Dealer","floor":28,"gold_loss":0,"cards_obtained":["Acrobatics","MostiFishMod:LethalBlade"]},{"damage_healed":0,"gold_gain":0,"player_choice":"Max HP","damage_taken":0,"max_hp_gain":0,"max_hp_loss":5,"event_name":"Winding Halls","floor":37,"gold_loss":0},{"damage_healed":0,"gold_gain":3,"player_choice":"1","damage_taken":0,"max_hp_gain":0,"max_hp_loss":0,"event_name":"betterStone:BetterStone","floor":45,"gold_loss":0}],"is_beta":false,"boss_relics":[{"not_picked":["aspiration:SecretTechniqueScroll","MoonlightInvasionPlan","aspiration:RunicSpoon"]},{"not_picked":["EE1DDrone","Transparent"],"picked":"hubris:RunicObelisk"}],"items_purged_floors":[20,20,53],"is_endless":false,"potions_floor_spawned":[7,8,11,12,16,18,23,27,29,38,46,47],"ascension_level":1}}