{"host":"usru02jcpe2a942d","time":1612494011,"event":{"mods":["ATMod(°¢èªMod)","Act Like it!","BaseMod","Better Note","Better Vampires","Challenge The Spire","Colored Powertips","Friendly Minions","GifTheSpireLib","Highlight Path","Hubris","Infinite Spire","Jedi Mod","Minty Spire (QoL Compilation)","MostiFishMod","Pale of the Ancients","Quick Restart","Relic Stats","RumiaBox-Â¶Ã×æ«µÄÉñÃØºÐ×Ó","StSLib","Yohane!","[IsaacMod]ÒÔÈö¼âËþ","noobMod","¡¾ÒÅÎï¿¨ÅÆ¡¿REMEMod","óô»ðÖ¸ÄÏ"],"gold_per_floor":[114,114,114,130,147,147,147],"floor_reached":6,"language":"ZHS","playtime":366,"items_purged":[],"score":36,"play_id":"011eda27-9d83-418b-9e5a-917f94801252","local_time":"20210205110011","is_ascension_mode":false,"campfire_choices":[],"circlet_count":0,"master_deck":["Yohane:Strike_Grey","Yohane:Strike_Grey","Yohane:Strike_Grey","Yohane:Strike_Grey","Yohane:Defend_Grey","Yohane:Defend_Grey","Yohane:Defend_Grey","Yohane:Defend_Grey","Yohane:Little_Demon_Lily","Yohane:Well_Laid_Ambush","AT_FamilyPortrait","Yohane:Debut","infinitespire:NeuralNetwork","Yohane:Ice_Cream_Assault"],"relics":["Yohane:AngelWings","DaveBox","ice","REME_ComplimentaryCards","AT_ATBox","HushsDoor","OriginationStaff","NineVolt","SynthV:TestCard","infinitespire:FocusingShard"],"acts_visited":["Exordium"],"potions_floor_usage":[],"damage_taken":[{"damage":11,"enemies":"Jaw Worm","floor":1,"turns":3},{"damage":15,"enemies":"Small Slimes","floor":4,"turns":3},{"damage":5,"enemies":"2 Louse","floor":5,"turns":2},{"damage":8,"enemies":"Lagavulin","floor":6,"turns":5}],"seed_played":"8090668911488078857","potions_obtained":[{"floor":4,"key":"BlessingOfTheForge"},{"floor":5,"key":"jedi:wingpotion"}],"is_trial":false,"path_per_floor":["M","?","?","M","M","E"],"character_chosen":"FallenAngel","items_purchased":[],"campfire_rested":0,"item_purchase_floors":[],"current_hp_per_floor":[55,40,40,25,20,12,12],"gold":147,"neow_bonus":"TEN_PERCENT_HP_BONUS","is_daily":false,"chose_seed":false,"campfire_upgraded":0,"win_rate":0.0,"timestamp":1612494011,"path_taken":["M","?","?","M","M","E"],"items_purchased_type":[],"build_version":"2020-12-22","purchased_purges":0,"victory":false,"max_hp_per_floor":[66,66,66,66,66,66,66],"relic_stats":{"counters":[4,13],"obtain_stats":[{"KeepersGift":0,"AT_ATBox":0,"SynthV:TestCard":1,"DaveBox":0,"NineVolt":0,"infinitespire:FocusingShard":3,"ice":0,"OriginationStaff":0,"Yohane:AngelWings":0,"HushsDoor":0,"REME_ComplimentaryCards":0},{"KeepersGift":0,"AT_ATBox":0,"SynthV:TestCard":1,"DaveBox":0,"NineVolt":0,"infinitespire:FocusingShard":1,"ice":0,"OriginationStaff":0,"Yohane:AngelWings":0,"HushsDoor":0,"REME_ComplimentaryCards":0},{"KeepersGift":0,"AT_ATBox":0,"SynthV:TestCard":3,"DaveBox":0,"NineVolt":0,"infinitespire:FocusingShard":3,"ice":0,"OriginationStaff":0,"Yohane:AngelWings":0,"HushsDoor":0,"REME_ComplimentaryCards":0}]},"card_choices":[{"not_picked":["Bomb","Yohane:Little_Demon_Ruby"],"picked":"Yohane:Debut","floor":1},{"not_picked":["infinitespire:FinalStrike","infinitespire:Punishment"],"picked":"infinitespire:NeuralNetwork","floor":2},{"not_picked":["Yohane:Runaway_Umbrella","Yohane:Misfortune","Yohane:Grace_Under_Fire","Yohane:Lust"],"picked":"Yohane:Ice_Cream_Assault","floor":4},{"not_picked":["Yohane:Hell_Zone","Yohane:My_Mai_Tonight","Yohane:Fallen_Dragon_Phoenix_Hold","Yohane:Energy_Change","Yohane:Introspection"],"picked":"SKIP","floor":5}],"player_experience":238488,"relics_obtained":[{"floor":1,"key":"SynthV:TestCard"},{"floor":3,"key":"infinitespire:FocusingShard"}],"event_choices":[],"is_beta":false,"boss_relics":[],"items_purged_floors":[],"is_endless":false,"potions_floor_spawned":[4,5],"killed_by":"Lagavulin","ascension_level":0}}