{"host":"fj5i6t4nkss7815d","time":1612484435,"event":{"mods":["AchievementEnabler","BaseMod","Minty Spire (QoL Compilation)","Quick Restart","Relic Stats"],"gold_per_floor":[114,264,264,278,295,322,6,6,6],"floor_reached":8,"language":"ENG","playtime":213,"items_purged":["Doubt"],"score":109,"play_id":"4d25085a-b4f1-4ba5-8c79-ad98595d89af","local_time":"20210204162035","is_ascension_mode":true,"campfire_choices":[],"circlet_count":0,"master_deck":["AscendersBane","Strike_B","Strike_B","Strike_B","Strike_B","Defend_B","Defend_B","Defend_B","Defend_B","Zap","Dualcast","Ball Lightning","Melter","Leap+1"],"relics":["Cracked Core","NeowsBlessing","The Courier","Toxic Egg 2"],"acts_visited":["Exordium"],"potions_floor_usage":[6,6],"damage_taken":[{"damage":0.0,"enemies":"Jaw Worm","floor":1.0,"turns":1.0},{"damage":0.0,"enemies":"Cultist","floor":4.0,"turns":1.0},{"damage":0.0,"enemies":"Small Slimes","floor":5.0,"turns":1.0},{"damage":35,"enemies":"3 Sentries","floor":6,"turns":8},{"damage":5,"enemies":"Gremlin Nob","floor":8,"turns":3}],"seed_played":"-4377096400074045516","potions_obtained":[{"floor":3.0,"key":"Dexterity Potion"},{"floor":3.0,"key":"SneckoOil"},{"floor":4.0,"key":"DistilledChaos"}],"is_trial":false,"path_per_floor":["M","?","?","M","M","E","$","E"],"character_chosen":"DEFECT","items_purchased":["Toxic Egg 2","Leap+1"],"campfire_rested":0,"item_purchase_floors":[7,7],"current_hp_per_floor":[64,64,64,64,64,29,29,24,24],"gold":6,"neow_bonus":"THREE_ENEMY_KILL","is_daily":false,"chose_seed":false,"campfire_upgraded":0,"win_rate":0.0,"timestamp":1612484435,"path_taken":["M","?","?","?","M","E","$","E"],"items_purchased_type":["Relic","Card"],"build_version":"2020-12-22","purchased_purges":1,"victory":false,"max_hp_per_floor":[71,71,71,71,71,71,71,71,71],"relic_stats":{"counters":[5,14],"obtain_stats":[{"NeowsBlessing":0,"The Courier":6,"Toxic Egg 2":7,"Cracked Core":0},{"NeowsBlessing":0,"The Courier":4,"Toxic Egg 2":4,"Cracked Core":0},{"NeowsBlessing":0,"The Courier":11,"Toxic Egg 2":11,"Cracked Core":0}]},"card_choices":[{"not_picked":["Turbo","Rebound","Cold Snap"],"picked":"SKIP","floor":1.0},{"not_picked":["Compile Driver","Turbo"],"picked":"Ball Lightning","floor":4.0},{"not_picked":["Coolheaded","Steam","Compile Driver"],"picked":"SKIP","floor":5.0},{"not_picked":["Steam Power","Stack"],"picked":"Melter","floor":6}],"player_experience":1018508,"relics_obtained":[{"floor":6,"key":"The Courier"}],"event_choices":[{"damage_healed":0.0,"max_hp_gain":0.0,"max_hp_loss":0.0,"gold_gain":150.0,"event_name":"Liars Game","player_choice":"AGREE","floor":2.0,"gold_loss":0.0,"damage_taken":0.0,"cards_obtained":["Doubt"]},{"damage_healed":0.0,"max_hp_gain":0.0,"max_hp_loss":0.0,"gold_gain":0.0,"event_name":"Lab","player_choice":"Got Potions","floor":3.0,"gold_loss":0.0,"damage_taken":0.0}],"is_beta":false,"boss_relics":[],"items_purged_floors":[7],"is_endless":false,"potions_floor_spawned":[4],"killed_by":"Gremlin Nob","ascension_level":19}}