{"host":"tyeg9214rgutn7tb","time":1612560776,"event":{"mods":["BaseMod","Colored Map","Custom Start","Downfall","Minty Spire (QoL Compilation)","StSLib"],"gold_per_floor":[99,117,117,135,148,48,101,136,153,168,68,84,109,209,220,292,292,292,302,321,321,333,353,353,402,428,441,441,453,353,453,471,545,545,545,545,395,395,413,447,447,447,472,482,134,145,145,177,189,189,189,218,55,55,55,55],"floor_reached":57,"language":"ENG","playtime":3428,"items_purged":[],"score":2692,"play_id":"de48e920-7cd3-4fd6-bfbf-06c2af008561","local_time":"20210205223256","daily_mods":["SealedDeck","Hoarder","Heirloom"],"is_ascension_mode":true,"campfire_choices":[{"floor":1,"key":"RECALL"},{"data":"Guardian:PrismaticBeam","floor":6,"key":"SMITH"},{"data":"Guardian:PrismaticBeam","floor":11,"key":"SMITH"},{"data":"Guardian:ChargeUp","floor":18,"key":"SMITH"},{"floor":30,"key":"REST"},{"data":"Guardian:ChargeUp","floor":35,"key":"SMITH"},{"data":"Guardian:StasisEngine","floor":42,"key":"SMITH"},{"data":"Guardian:ChargeUp","floor":47,"key":"SMITH"},{"data":"Guardian:PolyBeam","floor":54,"key":"SMITH"}],"circlet_count":0,"master_deck":["AscendersBane","Guardian:VentSteam","Guardian:VentSteam","Guardian:VentSteam","Guardian:PiercingHide","Guardian:PiercingHide","Guardian:PiercingHide","Guardian:ChargeUp+1","Guardian:ChargeUp+1","Guardian:ChargeUp+1","Guardian:PolyBeam+1","Guardian:PolyBeam+1","Guardian:PolyBeam","Guardian:PiercingHide","Guardian:PiercingHide","Guardian:PiercingHide","Guardian:PiercingHide","Guardian:PiercingHide","Guardian:PiercingHide","Guardian:PiercingHide","Guardian:PiercingHide","Guardian:PiercingHide","Guardian:PrismaticBeam+1","Guardian:PrismaticBeam+1","Guardian:PrismaticBeam+1","Guardian:CrystalBeam","Guardian:CrystalBeam","Guardian:CrystalBeam","downfall:Icky","downfall:Icky","Guardian:StasisEngine+1","Guardian:StasisEngine","Guardian:StasisEngine","Guardian:Suspension","Guardian:Suspension","Guardian:Suspension","Guardian:Gem_White","Guardian:Gem_White","Guardian:Gem_White"],"relics":["Guardian:ModeShifterPlus","Pocketwatch","downfall:HeartBlessingRed","Whetstone","Regal Pillow","downfall:HeartBlessingGreen","Vajra","Dream Catcher","Guardian:DefensiveModeMoreBlock","downfall:HeartBlessingBlue","Thread and Needle","Blue Candle","Philosopher\u0027s Stone","bronze:DonusWashers","Pantograph","Eternal Feather","Mummified Hand","Incense Burner","champ:DeflectingBracers","Slimebound:PreparedRelic","bronze:DecasWashers","Bag of Preparation"],"acts_visited":["Exordium","TheCity","TheBeyond","TheEnding"],"potions_floor_usage":[56,56],"damage_taken":[{"damage":0,"enemies":"Small Slimes","floor":2,"turns":3},{"damage":0,"enemies":"Cultist","floor":4,"turns":3},{"damage":2,"enemies":"Jaw Worm","floor":5,"turns":4},{"damage":13,"enemies":"Lagavulin","floor":8,"turns":6},{"damage":0,"enemies":"Exordium Wildlife","floor":9,"turns":3},{"damage":0,"enemies":"3 Louse","floor":10,"turns":3},{"damage":4,"enemies":"Large Slime","floor":12,"turns":2},{"damage":0,"enemies":"3 Sentries","floor":13,"turns":4},{"damage":0,"enemies":"3 Louse","floor":15,"turns":3},{"damage":17,"enemies":"IC_STATUS_ARCHETYPE","floor":16,"turns":4},{"damage":0,"enemies":"Spheric Guardian","floor":19,"turns":3},{"damage":0,"enemies":"3 Byrds","floor":20,"turns":3},{"damage":3,"enemies":"Centurion and Healer","floor":22,"turns":3},{"damage":0,"enemies":"Snake Plant","floor":23,"turns":3},{"damage":0,"enemies":"Book of Stabbing","floor":26,"turns":3},{"damage":0,"enemies":"Sentry and Sphere","floor":27,"turns":3},{"damage":0,"enemies":"Snecko","floor":29,"turns":3},{"damage":0,"enemies":"Colosseum Nobs","floor":31,"turns":3},{"damage":0,"enemies":"Cultist and Chosen","floor":32,"turns":4},{"damage":15,"enemies":"DF_ARCHETYPE_CLAW","floor":33,"turns":9},{"damage":0,"enemies":"downfall:FleeingMerchant","floor":37,"turns":4},{"damage":0,"enemies":"3 Darklings","floor":39,"turns":4},{"damage":1,"enemies":"Nemesis","floor":40,"turns":7},{"damage":0,"enemies":"Nemesis","floor":43,"turns":4},{"damage":0,"enemies":"Orb Walker","floor":44,"turns":2},{"damage":0,"enemies":"Spire Growth","floor":46,"turns":4},{"damage":0,"enemies":"Giant Head","floor":48,"turns":4},{"damage":0,"enemies":"Maw","floor":49,"turns":4},{"damage":12,"enemies":"SI_POISON_ARCHETYPE","floor":50,"turns":8},{"damage":1,"enemies":"downfall:CharBossMerchant","floor":52,"turns":6},{"damage":10,"enemies":"downfall:NeowBoss","floor":55,"turns":8},{"damage":15,"enemies":"downfall:NeowBossFinal","floor":56,"turns":8}],"seed_played":"8838378482476938893","potions_obtained":[{"floor":2,"key":"SteroidPotion"},{"floor":5,"key":"FearPotion"},{"floor":19,"key":"Dexterity Potion"},{"floor":22,"key":"Regen Potion"},{"floor":40,"key":"ColorlessPotion"}],"is_trial":true,"path_per_floor":["R","M","?","M","M","R","T","E","M","M","R","M","E","?","M","B",null,"R","M","M","?","M","M","T","T","E","M","?","M","R","?","M","B",null,"R","?","?","?","M","E","T","R","?","M","$","M","R","E","M","B",null,"E","$","R","B","B",null],"character_chosen":"GUARDIAN","items_purchased":["bronze:DonusWashers","Pantograph","Guardian:Suspension","champ:DeflectingBracers","Bag of Preparation"],"campfire_rested":1,"item_purchase_floors":[37,37,45,45,53],"current_hp_per_floor":[65,65,65,65,63,63,63,50,50,50,50,46,46,46,46,29,61,61,61,61,41,38,38,38,38,38,38,38,38,87,87,87,72,83,83,83,83,83,83,82,82,87,87,87,87,87,87,87,87,75,84,83,83,87,77,72],"gold":55,"neow_bonus":"","is_daily":false,"chose_seed":false,"campfire_upgraded":7,"win_rate":0.0,"timestamp":1612560776,"path_taken":["R","M","?","M","M","R","T","E","?","M","R","M","E","?","M","BOSS","R","M","M","?","M","M","T","?","E","M","?","M","R","?","M","BOSS","R","?","?","?","M","E","T","R","?","M","?","?","R","E","M","BOSS","E","$","R","BOSS","BOSS"],"items_purchased_type":["Relic","Relic","Card","Relic","Relic"],"build_version":"2020-12-22","purchased_purges":0,"victory":true,"max_hp_per_floor":[72,72,72,72,72,72,72,72,72,72,72,72,72,72,72,72,72,72,72,72,77,77,77,77,77,77,77,77,77,87,87,87,87,87,87,87,87,87,87,87,87,87,87,87,87,87,87,87,87,87,87,87,87,87,87,87],"card_choices":[{"not_picked":["Guardian:Preprogram","Guardian:EvasiveProtocol","Guardian:DecasProtection"],"picked":"SKIP","floor":2},{"not_picked":["Guardian:Harden","Guardian:PiercingHide","Guardian:WalkerClaw"],"picked":"SKIP","floor":4},{"not_picked":["Guardian:BronzeArmor","Guardian:Clone","Guardian:Gem_Lightblue"],"picked":"SKIP","floor":5},{"not_picked":["Guardian:EvasiveProtocol","Guardian:Gem_Yellow","Guardian:TemporalStrike"],"picked":"SKIP","floor":8},{"not_picked":["Guardian:WalkerClaw","Guardian:Orbwalk"],"picked":"Guardian:Gem_Cyan","floor":9},{"not_picked":["Guardian:Suspension","Guardian:BronzeOrb"],"picked":"Guardian:Gem_Blue","floor":10},{"not_picked":["Guardian:Recover","Guardian:Orbwalk"],"picked":"Guardian:CrystalBeam","floor":12},{"not_picked":["Guardian:Gem_Green","Guardian:SentryBeam","Guardian:HyperBeam_Guardian"],"picked":"SKIP","floor":13},{"not_picked":["Guardian:ChargeCore","Guardian:PrimingBeam","Guardian:WalkerClaw"],"picked":"SKIP","floor":15},{"not_picked":["Guardian:CompilePackage","Guardian:StasisEngine"],"picked":"Guardian:Gem_Orange","floor":16},{"not_picked":["Guardian:Gem_Red","Guardian:PrimingBeam","Guardian:PolyBeam"],"picked":"SKIP","floor":19},{"not_picked":["Guardian:Suspension","Guardian:Recover"],"picked":"Guardian:Gem_Purple","floor":20},{"not_picked":["Guardian:FastForward","Guardian:DecasProtection","Guardian:Suspension"],"picked":"SKIP","floor":22},{"not_picked":["Guardian:TimeBomb+1","Guardian:VentSteam","Guardian:Suspension+1"],"picked":"SKIP","floor":23},{"not_picked":["Guardian:CrystalBeam","Guardian:ShieldSpikes"],"picked":"Guardian:Gem_Purple","floor":26},{"not_picked":["Guardian:RefractedBeam+1","Guardian:TemporalShield","Guardian:PiercingHide"],"picked":"SKIP","floor":27},{"not_picked":["Guardian:PolyBeam","Guardian:Gem_Lightblue","Guardian:Suspension"],"picked":"SKIP","floor":29},{"not_picked":["Guardian:ConstructionForm","Guardian:RefractedBeam"],"picked":"Guardian:Gem_Fragmented","floor":31},{"not_picked":["Guardian:PiercingHide","Guardian:Gem_Green","Guardian:PrismaticBarrier"],"picked":"SKIP","floor":32},{"not_picked":["Guardian:TimeSifter","Guardian:CompilePackage"],"picked":"Guardian:StasisEngine","floor":33},{"not_picked":["Guardian:ShieldCharger","Guardian:StasisField","Guardian:SentryBeam"],"picked":"SKIP","floor":37},{"not_picked":["Guardian:PolyBeam","Guardian:Gem_Purple","Guardian:Suspension+1"],"picked":"SKIP","floor":39},{"not_picked":["Guardian:RollAttack","Guardian:Recover","Guardian:Gem_Crimson"],"picked":"SKIP","floor":40},{"not_picked":["Guardian:Gem_Green","Guardian:Gem_Crimson"],"picked":"Guardian:Gem_Cyan","floor":43},{"not_picked":["Guardian:RefractedBeam+1","Guardian:Gem_Red","Guardian:Planning"],"picked":"SKIP","floor":44},{"not_picked":["Guardian:TemporalShield+1","Guardian:Gem_Yellow","Guardian:CrystalBeam"],"picked":"SKIP","floor":46},{"not_picked":["Guardian:PiercingHide","Guardian:TimeSifter","Guardian:WalkerClaw"],"picked":"SKIP","floor":48},{"not_picked":["Guardian:PiercingHide","Guardian:Gem_Green","Guardian:Suspension"],"picked":"SKIP","floor":49},{"not_picked":["Guardian:Gem_Cyan","Guardian:StasisField"],"picked":"Guardian:Gem_White","floor":52}],"player_experience":726574,"relics_obtained":[{"floor":7,"key":"Whetstone"},{"floor":8,"key":"Regal Pillow"},{"floor":13,"key":"Vajra"},{"floor":25,"key":"Dream Catcher"},{"floor":26,"key":"Guardian:DefensiveModeMoreBlock"},{"floor":31,"key":"Thread and Needle"},{"floor":31,"key":"Blue Candle"},{"floor":40,"key":"Eternal Feather"},{"floor":41,"key":"Mummified Hand"},{"floor":43,"key":"Incense Burner"},{"floor":48,"key":"Slimebound:PreparedRelic"},{"floor":52,"key":"bronze:DecasWashers"}],"event_choices":[],"is_beta":false,"boss_relics":[{"not_picked":["Empty Cage","Runic Pyramid"],"picked":"Guardian:ModeShifterPlus"},{"not_picked":["Coffee Dripper","Black Star"],"picked":"Philosopher\u0027s Stone"}],"items_purged_floors":[],"is_endless":false,"potions_floor_spawned":[2,5,13,15,19,22,27,31,39,40,43,49,52],"ascension_level":20}}