{"host":"oiw60b5ins9fyx34","time":1612525586,"event":{"mods":["BaseMod","Colored Map","Colored Powertips","Minty Spire (QoL Compilation)","Permanent Neow","Quick Restart","Rare Cards Sparkle","Relic Stats","StSLib","The Cursed"],"gold_per_floor":[116,128,128,56,131,131,159,159,159,159,171,171,503,184,184,282,282,299,214,240,17,17,51,51,81,81,81,91,122,148,168,168,273,273,287,337,158,380,435,435,455,483,530,530,543,577,596,85,85,85,85,85,45,73,73,73],"floor_reached":55,"language":"JPN","playtime":2612,"items_purged":["Strike_R","Strike_R","Strike_R"],"score":1039,"play_id":"aa53e444-71ef-45ec-bebf-47eaf05fe49e","local_time":"20210205204626","is_ascension_mode":true,"campfire_choices":[{"data":"Bash","floor":6,"key":"SMITH"},{"data":"Clothesline","floor":8,"key":"SMITH"},{"floor":15,"key":"REST"},{"data":"Immolate","floor":24,"key":"SMITH"},{"data":"Offering","floor":27,"key":"SMITH"},{"data":"Seeing Red","floor":32,"key":"SMITH"},{"data":"Double Tap","floor":40,"key":"SMITH"},{"floor":49,"key":"RECALL"},{"data":"Inflame","floor":52,"key":"SMITH"}],"circlet_count":0,"master_deck":["Strike_R","Defend_R","Defend_R","Defend_R","Defend_R","Bash+1","Anger+1","Iron Wave","Clothesline+1","Headbutt","Shrug It Off","Second Wind+1","Immolate+1","Offering+1","Whirlwind","Disarm","Clothesline","Bloodletting+1","Seeing Red+1","Wild Strike","Wild Strike+1","Double Tap+1","Rupture+1","Shrug It Off+1","Rage","Power Through","Clothesline+1","Wild Strike+1","Bandage Up","Dark Shackles","PanicButton","Impervious","Second Wind+1","Second Wind+1","Inflame+1","Hemokinesis","Seeing Red"],"relics":["Burning Blood","Pocketwatch","Mercury Hourglass","Bronze Scales","Bird Faced Urn","Old Coin","Shuriken","Runic Pyramid","Vajra","Oddly Smooth Stone","Strange Spoon","Bag of Preparation","Thread and Needle","Red Mask","Magic Flower","Philosopher\u0027s Stone","Champion Belt","Girya","TungstenRod","Happy Flower","Akabeko","Lee\u0027s Waffle","PreservedInsect","HornCleat"],"acts_visited":["Exordium","TheCity","TheBeyond","TheEnding"],"potions_floor_usage":[39,39,55,55],"damage_taken":[{"damage":14,"enemies":"Jaw Worm","floor":1,"turns":5},{"damage":0,"enemies":"2 Louse","floor":2,"turns":2},{"damage":12,"enemies":"Gremlin Nob","floor":7,"turns":3},{"damage":7,"enemies":"Small Slimes","floor":11,"turns":2},{"damage":10,"enemies":"Lagavulin","floor":13,"turns":5},{"damage":13,"enemies":"The Guardian","floor":16,"turns":8},{"damage":6,"enemies":"3 Byrds","floor":18,"turns":3},{"damage":27,"enemies":"Slavers","floor":23,"turns":4},{"damage":16,"enemies":"Book of Stabbing","floor":25,"turns":6},{"damage":9,"enemies":"Shell Parasite","floor":28,"turns":2},{"damage":0,"enemies":"Masked Bandits","floor":29,"turns":1},{"damage":3,"enemies":"Slavers","floor":30,"turns":1},{"damage":9,"enemies":"Centurion and Healer","floor":31,"turns":4},{"damage":12,"enemies":"Collector","floor":33,"turns":5},{"damage":8,"enemies":"Orb Walker","floor":35,"turns":2},{"damage":14,"enemies":"Mind Bloom Boss Battle","floor":36,"turns":3},{"damage":17,"enemies":"2 Orb Walkers","floor":39,"turns":2},{"damage":6,"enemies":"3 Darklings","floor":41,"turns":1},{"damage":28,"enemies":"Giant Head","floor":42,"turns":6},{"damage":37,"enemies":"4 Shapes","floor":45,"turns":4},{"damage":0,"enemies":"Reptomancer","floor":46,"turns":5},{"damage":3,"enemies":"Transient","floor":47,"turns":5},{"damage":62,"enemies":"Awakened One","floor":50,"turns":13},{"damage":7,"enemies":"Shield and Spear","floor":54,"turns":3},{"damage":89,"enemies":"The Heart","floor":55,"turns":11}],"seed_played":"3668352518905211411","potions_obtained":[{"floor":7,"key":"Energy Potion"},{"floor":11,"key":"ElixirPotion"},{"floor":23,"key":"EssenceOfSteel"},{"floor":35,"key":"DuplicationPotion"},{"floor":39,"key":"Regen Potion"},{"floor":42,"key":"BlessingOfTheForge"}],"is_trial":false,"path_per_floor":["M","M","?","$","?","R","E","R","T","?","M","?","E","$","R","B",null,"M","?","T","$","?","E","R","E","T","R","M","?","E","M","R","B",null,"M","?","$","?","?","R","M","E","T","?","M","E","M","$","R","B",null,"R","$","E","B"],"character_chosen":"IRONCLAD","items_purchased":["Clothesline","Headbutt","Shuriken","Strange Spoon","Disarm","Rage","Inflame","Lee\u0027s Waffle","PreservedInsect","Hemokinesis"],"campfire_rested":1,"item_purchase_floors":[4,4,14,21,21,37,48,48,48,53],"current_hp_per_floor":[64,70,63,63,52,52,46,46,46,39,38,24,20,20,41,34,72,72,72,72,72,72,51,51,41,41,41,38,44,47,47,47,44,72,72,67,67,67,59,59,62,46,46,37,18,36,51,79,79,43,79,79,79,79,0,0],"gold":73,"neow_bonus":"ONE_RARE_RELIC","is_daily":false,"chose_seed":false,"campfire_upgraded":7,"win_rate":0.0,"timestamp":1612525586,"path_taken":["M","M","?","$","?","R","E","R","T","?","M","?","E","$","R","BOSS","M","?","?","$","?","E","R","E","T","R","M","?","E","M","R","BOSS","M","?","$","?","?","R","M","E","T","?","M","E","M","$","R","BOSS","R","$","E","BOSS"],"items_purchased_type":["Card","Card","Relic","Relic","Card","Card","Card","Relic","Relic","Card"],"build_version":"2020-12-22","purchased_purges":3,"victory":false,"max_hp_per_floor":[72,72,72,72,72,72,72,72,72,72,72,72,72,72,72,72,72,72,72,72,72,72,72,72,72,72,72,72,72,72,72,72,72,72,72,72,72,72,72,72,72,72,72,72,72,72,72,79,79,79,79,79,79,79,79,79],"relic_stats":{"Lee\u0027s Waffle":28,"Happy Flower":[13],"counters":[25,106],"Magic Flower":[50],"PreservedInsect":68,"Bag of Preparation":[34],"Burning Blood":177,"Mercury Hourglass":[380],"Strange Spoon":[25],"Shuriken":[35],"Bronze Scales":[370],"Bird Faced Urn":[24],"Champion Belt":[9],"obtain_stats":[{"Girya":39,"Lee\u0027s Waffle":48,"Happy Flower":43,"Vajra":19,"Oddly Smooth Stone":20,"Magic Flower":30,"Thread and Needle":25,"PreservedInsect":48,"Bag of Preparation":23,"Burning Blood":0,"Akabeko":46,"Mercury Hourglass":3,"Old Coin":13,"Strange Spoon":21,"HornCleat":54,"Shuriken":14,"Bronze Scales":7,"Bird Faced Urn":9,"Philosopher\u0027s Stone":34,"Red Mask":29,"Champion Belt":36,"TungstenRod":42,"Pocketwatch":0,"Runic Pyramid":17},{"Girya":17,"Lee\u0027s Waffle":22,"Happy Flower":19,"Vajra":7,"Oddly Smooth Stone":7,"Magic Flower":12,"Thread and Needle":9,"PreservedInsect":22,"Bag of Preparation":8,"Burning Blood":0,"Akabeko":21,"Mercury Hourglass":2,"Old Coin":5,"Strange Spoon":7,"HornCleat":24,"Shuriken":5,"Bronze Scales":3,"Bird Faced Urn":3,"Philosopher\u0027s Stone":14,"Red Mask":11,"Champion Belt":16,"TungstenRod":19,"Pocketwatch":0,"Runic Pyramid":6},{"Girya":58,"Lee\u0027s Waffle":79,"Happy Flower":65,"Vajra":28,"Oddly Smooth Stone":28,"Magic Flower":42,"Thread and Needle":38,"PreservedInsect":79,"Bag of Preparation":32,"Burning Blood":0,"Akabeko":74,"Mercury Hourglass":7,"Old Coin":17,"Strange Spoon":28,"HornCleat":95,"Shuriken":17,"Bronze Scales":10,"Bird Faced Urn":10,"Philosopher\u0027s Stone":51,"Red Mask":41,"Champion Belt":56,"TungstenRod":65,"Pocketwatch":0,"Runic Pyramid":25}],"TungstenRod":57,"Pocketwatch":[61]},"card_choices":[{"not_picked":["Body Slam","Heavy Blade"],"picked":"Anger","floor":1},{"not_picked":["Headbutt","True Grit"],"picked":"Iron Wave","floor":2},{"not_picked":["Rampage","True Grit"],"picked":"Shrug It Off","floor":7},{"not_picked":["Feel No Pain","True Grit"],"picked":"Second Wind","floor":11},{"not_picked":["Iron Wave","Sword Boomerang"],"picked":"Immolate","floor":13},{"not_picked":["Berserk","Fiend Fire"],"picked":"Offering","floor":16},{"not_picked":["Sword Boomerang","Cleave"],"picked":"Whirlwind","floor":18},{"not_picked":["Sever Soul+1","Hemokinesis"],"picked":"Clothesline","floor":23},{"not_picked":["Twin Strike","Headbutt","Warcry"],"picked":"SKIP","floor":25},{"not_picked":["Clothesline","Cleave"],"picked":"Bloodletting+1","floor":28},{"not_picked":["Second Wind+1","Armaments"],"picked":"Seeing Red","floor":29},{"not_picked":["Heavy Blade","Clash+1"],"picked":"Wild Strike","floor":30},{"not_picked":["True Grit","Flex+1"],"picked":"Wild Strike+1","floor":31},{"not_picked":["Exhume","Demon Form"],"picked":"Double Tap","floor":33},{"not_picked":["Perfected Strike","Cleave"],"picked":"Rupture+1","floor":35},{"not_picked":["Searing Blow+1","Clash"],"picked":"Shrug It Off+1","floor":36},{"not_picked":["Feel No Pain+1","Cleave+1"],"picked":"Power Through","floor":39},{"not_picked":["Thunderclap","Sword Boomerang"],"picked":"Clothesline+1","floor":41},{"not_picked":["Anger","Twin Strike"],"picked":"Wild Strike+1","floor":42},{"not_picked":["Discovery","Deep Breath"],"picked":"Bandage Up","floor":44},{"not_picked":["Mind Blast","Dramatic Entrance"],"picked":"Dark Shackles","floor":44},{"not_picked":["Swift Strike","Jack Of All Trades"],"picked":"PanicButton","floor":44},{"not_picked":["Clash","Clothesline+1"],"picked":"Impervious","floor":45},{"not_picked":["Warcry","Barricade"],"picked":"Second Wind+1","floor":46},{"not_picked":["Sword Boomerang+1","Twin Strike+1"],"picked":"Second Wind+1","floor":47},{"not_picked":["Cleave","Heavy Blade"],"picked":"Seeing Red","floor":54}],"player_experience":696193,"relics_obtained":[{"floor":7,"key":"Bronze Scales"},{"floor":9,"key":"Bird Faced Urn"},{"floor":13,"key":"Old Coin"},{"floor":20,"key":"Oddly Smooth Stone"},{"floor":23,"key":"Bag of Preparation"},{"floor":25,"key":"Thread and Needle"},{"floor":29,"key":"Red Mask"},{"floor":30,"key":"Magic Flower"},{"floor":36,"key":"Champion Belt"},{"floor":39,"key":"Girya"},{"floor":42,"key":"TungstenRod"},{"floor":43,"key":"Happy Flower"},{"floor":46,"key":"Akabeko"},{"floor":54,"key":"HornCleat"}],"event_choices":[{"damage_healed":0,"gold_gain":0,"player_choice":"Success","damage_taken":7,"relics_obtained":["Mercury Hourglass"],"max_hp_gain":0,"max_hp_loss":0,"event_name":"Scrap Ooze","floor":3,"gold_loss":0},{"damage_healed":0,"gold_gain":75,"player_choice":"Gather Gold","damage_taken":11,"max_hp_gain":0,"max_hp_loss":0,"event_name":"World of Goop","floor":5,"gold_loss":0},{"cards_removed":["Strike_R"],"damage_healed":0,"gold_gain":0,"player_choice":"Card Removal","damage_taken":7,"max_hp_gain":0,"max_hp_loss":0,"event_name":"Golden Wing","floor":10,"gold_loss":0},{"damage_healed":0,"gold_gain":0,"player_choice":"Entered Light","damage_taken":14,"max_hp_gain":0,"max_hp_loss":0,"event_name":"Shining Light","floor":12,"gold_loss":0,"cards_upgraded":["Anger","Second Wind"]},{"damage_healed":0,"gold_gain":0,"player_choice":"Obtained Relic","damage_taken":0,"relics_obtained":["Vajra"],"max_hp_gain":0,"max_hp_loss":0,"event_name":"Addict","floor":19,"gold_loss":85},{"damage_healed":0,"gold_gain":0,"player_choice":"Ignored","damage_taken":0,"max_hp_gain":0,"max_hp_loss":0,"event_name":"Vampires","floor":22,"gold_loss":0},{"damage_healed":0,"gold_gain":0,"player_choice":"Fought Bandits","damage_taken":0,"max_hp_gain":0,"max_hp_loss":0,"event_name":"Masked Bandits","floor":29,"gold_loss":0},{"damage_healed":0,"gold_gain":0,"player_choice":"Fight","damage_taken":0,"max_hp_gain":0,"max_hp_loss":0,"event_name":"MindBloom","floor":36,"gold_loss":0},{"damage_healed":0,"gold_gain":222,"player_choice":"Wore Mask","damage_taken":0,"max_hp_gain":0,"max_hp_loss":0,"event_name":"Tomb of Lord Red Mask","floor":38,"gold_loss":0},{"damage_healed":0,"gold_gain":0,"player_choice":"Fight","damage_taken":0,"max_hp_gain":0,"max_hp_loss":0,"event_name":"Mysterious Sphere","floor":39,"gold_loss":0},{"damage_healed":0,"gold_gain":0,"player_choice":"Memory 3","damage_taken":10,"max_hp_gain":0,"max_hp_loss":0,"event_name":"SensoryStone","floor":44,"gold_loss":0}],"is_beta":false,"boss_relics":[{"not_picked":["Black Blood","Tiny House"],"picked":"Runic Pyramid"},{"not_picked":["Runic Cube","Coffee Dripper"],"picked":"Philosopher\u0027s Stone"}],"items_purged_floors":[14,37,48],"is_endless":false,"potions_floor_spawned":[7,11,23,28,35,39,42],"killed_by":"The Heart","ascension_level":3}}