{"host":"0rxdudjy6rylha1k","time":1612542632,"event":{"mods":["Aspiration","BaseMod","Colored Map","Colored Powertips","Downfall","Highlight Path","Hubris","Minty Spire (QoL Compilation)","StSLib"],"gold_per_floor":[99,99,99,99,199,33,57,69,93,115,27,24,36,33,56,171,183,195,223,235,247,279,276,334,246,277,318,230,21,53,53,68,165,165,165,180,190,201,201,201,281,281,281,281,128,128,128,128,143,143,143,143,143,143],"floor_reached":52,"language":"ENG","playtime":5112,"items_purged":[],"score":729,"play_id":"8f85ac24-81fa-4069-8c2d-346014f843b5","local_time":"20210205093032","is_ascension_mode":true,"campfire_choices":[{"floor":1.0,"key":"RECALL"},{"data":"bronze:Return","floor":8.0,"key":"SMITH"},{"data":"bronze:Repair","floor":11.0,"key":"SMITH"},{"data":"bronze:Flail","floor":18.0,"key":"SMITH"},{"data":"bronze:Replicate","floor":25.0,"key":"SMITH"},{"data":"Limit Break","floor":40,"key":"SMITH"},{"data":"bronze:Verify","floor":43,"key":"SMITH"},{"data":"Fire Breathing","floor":46,"key":"SMITH"},{"data":"Searing Blow+1","floor":47,"key":"SMITH"}],"circlet_count":0,"master_deck":["bronze:Strike","bronze:Strike","bronze:Strike","bronze:Defend","bronze:Defend","bronze:Defend","bronze:Defend","bronze:Replicate+1","bronze:Goto","bronze:BugBarrage","bronze:Repair+1","bronze:Return+1","bronze:WildBeam","bronze:Frontload","bronze:MaxOutput","bronze:FollowUp","bronze:Flail+1","bronze:DelayedSlice+1","bronze:Repair+1","bronze:Repair+1","Limit Break+1","Searing Blow+3","Fire Breathing+1","Uppercut+1","Fire Breathing+1","bronze:Verify+1","Intimidate+1","bronze:Optimize+1"],"relics":["bronze:BronzeCore","downfall:HeartsMalice","Potion Belt","Medical Kit","MawBank","downfall:HeartBlessingRed","aspiration:IroncladSkillbook","downfall:HeartBlessingBlue","aspiration:ArtOfWarUpgrade","downfall:HeartBlessingGreen","WingedGreaves","Bag of Marbles","Orichalcum","aspiration:PoetsPen_weak","Frozen Egg 2","Pen Nib","Chemical X"],"acts_visited":["Exordium","TheCity","TheBeyond","TheEnding"],"potions_floor_usage":[38,50,50],"damage_taken":[{"damage":0.0,"enemies":"2 Louse","floor":2.0,"turns":1.0},{"damage":0.0,"enemies":"Small Slimes","floor":3.0,"turns":1.0},{"damage":0.0,"enemies":"downfall:LadyInBlue","floor":5.0,"turns":1.0},{"damage":0.0,"enemies":"downfall:FleeingMerchant","floor":6.0,"turns":4.0},{"damage":4.0,"enemies":"Cultist","floor":9.0,"turns":4.0},{"damage":12.0,"enemies":"Exordium Thugs","floor":10.0,"turns":5.0},{"damage":1.0,"enemies":"downfall:FleeingMerchant","floor":12.0,"turns":4.0},{"damage":0.0,"enemies":"downfall:FleeingMerchant","floor":14.0,"turns":4.0},{"damage":5.0,"enemies":"Blue Slaver","floor":15.0,"turns":4.0},{"damage":18.0,"enemies":"WA_ARCHETYPE_RETAIN","floor":16.0,"turns":8.0},{"damage":0.0,"enemies":"3 Byrds","floor":19.0,"turns":3.0},{"damage":2.0,"enemies":"Spheric Guardian","floor":22.0,"turns":3.0},{"damage":0.0,"enemies":"downfall:FleeingMerchant","floor":23.0,"turns":4.0},{"damage":14.0,"enemies":"Snecko","floor":26.0,"turns":6.0},{"damage":0.0,"enemies":"Gremlin Leader","floor":27.0,"turns":5.0},{"damage":0.0,"enemies":"downfall:FleeingMerchant","floor":29.0,"turns":4.0},{"damage":18.0,"enemies":"Book of Stabbing","floor":30.0,"turns":4.0},{"damage":4.0,"enemies":"Cultist and Chosen","floor":32.0,"turns":5.0},{"damage":38.0,"enemies":"SI_MIRROR_ARCHETYPE","floor":33.0,"turns":7.0},{"damage":5.0,"enemies":"Orb Walker","floor":36.0,"turns":3.0},{"damage":5.0,"enemies":"3 Darklings","floor":37.0,"turns":2.0},{"damage":8,"enemies":"Maw","floor":38,"turns":5},{"damage":14,"enemies":"Jaw Worm Horde","floor":49,"turns":3},{"damage":54,"enemies":"IC_BLOCK_ARCHETYPE","floor":50,"turns":7},{"damage":137,"enemies":"downfall:CharBossMerchant","floor":52,"turns":6}],"seed_played":"8029499992746816456","potions_obtained":[{"floor":5.0,"key":"DistilledChaos"},{"floor":5.0,"key":"SkillPotion"},{"floor":5.0,"key":"DuplicationPotion"},{"floor":9.0,"key":"DistilledChaos"},{"floor":15.0,"key":"SteroidPotion"},{"floor":16.0,"key":"DuplicationPotion"},{"floor":19.0,"key":"SteroidPotion"},{"floor":26.0,"key":"Explosive Potion"},{"floor":27.0,"key":"ColorlessPotion"},{"floor":33.0,"key":"Fire Potion"},{"floor":37.0,"key":"Strength Potion"},{"floor":38,"key":"EssenceOfSteel"}],"is_trial":false,"path_per_floor":["R","M","M","?","?","$","T","R","M","M","R","$","?","$","M","B",null,"R","M","?","?","M","$","T","R","M","E","R","$","E","?","M","B",null,"R","M","M","M","?","R","T","?","R","R","$","R","R","?","M","B",null,"E"],"character_chosen":"THE_AUTOMATON","items_purchased":["Medical Kit","Fire Breathing","WingedGreaves","Bag of Marbles","Strength Potion","Chemical X"],"campfire_rested":0,"item_purchase_floors":[6,29,29,29,29,45],"current_hp_per_floor":[70,70,70,70,70,70,70,70,66,61,61,69,74,75,70,61,75,75,75,75,75,75,75,75,85,80,85,85,85,81,85,85,67,85,85,85,84,81,81,81,81,81,81,81,81,81,81,81,81,61,85,0,0,0],"gold":143,"neow_bonus":"THREE_ENEMY_KILL","is_daily":false,"chose_seed":false,"campfire_upgraded":8,"win_rate":0.0,"timestamp":1612542632,"path_taken":["R","M","M","?","?","$","T","R","M","?","R","?","?","$","M","BOSS","R","M","?","?","?","$","T","R","M","E","R","$","E","?","M","BOSS","R","M","M","?","?","R","T","?","R","R","?","R","R","?","M","BOSS","E"],"items_purchased_type":["Relic","Card","Relic","Relic","Potion","Relic"],"build_version":"2020-12-22","purchased_purges":0,"victory":false,"max_hp_per_floor":[70,70,70,70,70,70,70,70,70,70,70,70,75,75,75,75,75,75,75,75,75,75,75,75,85,85,85,85,85,85,85,85,85,85,85,85,85,85,85,85,85,85,85,85,85,85,85,85,85,85,85,85,85,85],"card_choices":[{"not_picked":["bronze:Allocate","bronze:BitShift"],"picked":"bronze:BugBarrage","floor":2.0},{"not_picked":["bronze:Philosophize","bronze:BronzeArmor"],"picked":"bronze:Repair","floor":3.0},{"not_picked":["bronze:DelayedSlice","bronze:Constructor"],"picked":"bronze:ForLoop","floor":5.0},{"not_picked":["bronze:NullPointer","bronze:Terminator"],"picked":"bronze:Return","floor":6.0},{"not_picked":["bronze:BitShift","bronze:DigitalCarnage"],"picked":"bronze:WildBeam","floor":9.0},{"not_picked":["bronze:NullPointer","bronze:FineTuning"],"picked":"bronze:Frontload","floor":10.0},{"not_picked":["bronze:CutThrough","bronze:SpaghettiCode"],"picked":"bronze:MaxOutput","floor":12.0},{"not_picked":["bronze:Turbo","bronze:CutThrough"],"picked":"bronze:FollowUp","floor":14.0},{"not_picked":["bronze:BronzeArmor","bronze:Turbo"],"picked":"bronze:Flail","floor":15.0},{"not_picked":["bronze:Deprecate","Wild Strike","bronze:Philosophize"],"picked":"bronze:DelayedSlice+1","floor":19.0},{"not_picked":["bronze:DelayedGuard","Dropkick+1","Carnage"],"picked":"bronze:Repair+1","floor":22.0},{"not_picked":["Sever Soul","bronze:WhirlingStrike","Second Wind","Havoc"],"picked":"SKIP","floor":23.0},{"not_picked":["bronze:BitShift","Havoc","Sword Boomerang"],"picked":"Limit Break","floor":26.0},{"not_picked":["Shrug It Off","bronze:Overload","Sentinel"],"picked":"Searing Blow+1","floor":27.0},{"not_picked":["bronze:ForceShield","Heavy Blade","Battle Trance+1","Warcry+1"],"picked":"SKIP","floor":29.0},{"not_picked":["True Grit","bronze:Hardcode","bronze:GetLatest"],"picked":"Uppercut+1","floor":30.0},{"not_picked":["Clash+1","bronze:Invalidate+1","bronze:Overheat"],"picked":"Fire Breathing+1","floor":32.0},{"not_picked":["Brutality","Offering","Limit Break"],"picked":"bronze:Verify","floor":33.0},{"not_picked":["Blood for Blood+1","bronze:Terminator","bronze:Separator","bronze:BugBarrage"],"picked":"SKIP","floor":36.0},{"not_picked":["bronze:Invalidate+1","Twin Strike","Fire Breathing"],"picked":"Intimidate+1","floor":37.0},{"not_picked":["bronze:Frontload+1","bronze:Return","bronze:Backtrace+1"],"picked":"bronze:Optimize+1","floor":38},{"not_picked":["Headbutt+1","bronze:WhirlingStrike","hubris:CleavingFinish+1","Pommel Strike+1"],"picked":"SKIP","floor":49}],"player_experience":2814109,"relics_obtained":[{"floor":5.0,"key":"Potion Belt"},{"floor":7.0,"key":"MawBank"},{"floor":27.0,"key":"Art of War"},{"floor":30.0,"key":"Orichalcum"},{"floor":41,"key":"Frozen Egg 2"},{"floor":42,"key":"Pen Nib"}],"event_choices":[{"damage_healed":0.0,"max_hp_gain":5.0,"max_hp_loss":0.0,"gold_gain":0.0,"event_name":"Big Fish","player_choice":"Donut","floor":13.0,"gold_loss":0.0,"damage_taken":0.0},{"cards_removed":["bronze:ForLoop"],"damage_healed":4.0,"max_hp_gain":0.0,"max_hp_loss":0.0,"gold_gain":0.0,"event_name":"Bonfire Elementals","player_choice":"Offered Uncommon","floor":31.0,"gold_loss":0.0,"damage_taken":0.0},{"cards_removed":["bronze:Strike"],"damage_healed":0,"gold_gain":0,"player_choice":"Removed Attack","damage_taken":0,"max_hp_gain":0,"max_hp_loss":0,"event_name":"Falling","floor":39,"gold_loss":0}],"is_beta":false,"boss_relics":[{"not_picked":["Philosopher\u0027s Stone","Calling Bell"],"picked":"aspiration:IroncladSkillbook"},{"not_picked":["Coffee Dripper","Snecko Eye"],"picked":"aspiration:PoetsPen_weak"}],"items_purged_floors":[],"is_endless":false,"potions_floor_spawned":[9,15,16,19,26,27,33,37,38],"killed_by":"downfall:CharBossMerchant","ascension_level":1}}