{"host":"2g68u5ewu4bp0ui7","time":1612552489,"event":{"mods":["AchievementEnabler","BaseMod","Best Route Mod","Block Reminder","Colored Map","Colored Powertips","Highlight Path","Minty Spire (QoL Compilation)","Quick Restart","Shop Mod","SuperFastMode","everything is the same but u backflip on backflip","slay the spire mod where everything is the same but ironclad has a cowboy hat"],"gold_per_floor":[111,111,111,123,139,169,188,204,254,254,286,305,405,325,325,421,421,437,452,452,477,402,402,419,419,490,490,490,507,507,527,527,626,626,641,136,136,147,162,162,37,259,259,274,274,291,323,339,339,339,339],"floor_reached":50,"language":"ENG","playtime":3979,"items_purged":["Defend_R","Armaments+1","Strike_R"],"score":509,"play_id":"a4e2986a-0d36-422b-b7a0-bf0ce853776b","local_time":"20210205211449","is_ascension_mode":false,"campfire_choices":[{"data":"Whirlwind","floor":15,"key":"SMITH"},{"data":"Rampage","floor":23,"key":"SMITH"},{"data":"Inflame","floor":25,"key":"SMITH"},{"data":"Cleave","floor":27,"key":"SMITH"},{"data":"Shockwave","floor":32,"key":"SMITH"},{"data":"Apotheosis","floor":40,"key":"SMITH"},{"floor":45,"key":"REST"},{"floor":49,"key":"REST"}],"circlet_count":0,"master_deck":["Strike_R","Strike_R","Strike_R","Strike_R+1","Defend_R","Defend_R","Defend_R","Bash+1","Twin Strike+1","Cleave+1","Shockwave+1","Rampage+1","Shrug It Off","Whirlwind+1","Inflame+1","Shrug It Off+1","Apotheosis+1","Parasite","Parasite"],"relics":["Burning Blood","Orichalcum","Meat on the Bone","Strawberry","Self Forming Clay","Centennial Puzzle","Runic Dome","Red Mask","Kunai","Blood Vial","MutagenicStrength","Black Star","Shuriken","Juzu Bracelet","Whetstone","Art of War"],"acts_visited":["Exordium","TheCity","TheBeyond"],"potions_floor_usage":[6,16,16,33,33,47,50,50],"damage_taken":[{"damage":5,"enemies":"2 Louse","floor":1,"turns":5},{"damage":3,"enemies":"Jaw Worm","floor":4,"turns":3},{"damage":0,"enemies":"Cultist","floor":5,"turns":3},{"damage":26,"enemies":"Lagavulin","floor":6,"turns":6},{"damage":5,"enemies":"Looter","floor":7,"turns":4},{"damage":3,"enemies":"3 Louse","floor":8,"turns":3},{"damage":19,"enemies":"3 Sentries","floor":11,"turns":8},{"damage":10,"enemies":"Red Slaver","floor":12,"turns":4},{"damage":39,"enemies":"Slime Boss","floor":16,"turns":11},{"damage":15,"enemies":"2 Thieves","floor":18,"turns":4},{"damage":0,"enemies":"3 Byrds","floor":19,"turns":3},{"damage":0,"enemies":"Masked Bandits","floor":21,"turns":2},{"damage":19,"enemies":"Snake Plant","floor":24,"turns":4},{"damage":5,"enemies":"Snecko","floor":29,"turns":4},{"damage":2,"enemies":"Cultist and Chosen","floor":31,"turns":5},{"damage":50,"enemies":"Automaton","floor":33,"turns":10},{"damage":19,"enemies":"Orb Walker","floor":35,"turns":4},{"damage":20,"enemies":"3 Shapes","floor":38,"turns":2},{"damage":31,"enemies":"Writhing Mass","floor":39,"turns":4},{"damage":24,"enemies":"Sphere and 2 Shapes","floor":44,"turns":5},{"damage":33,"enemies":"Maw","floor":46,"turns":8},{"damage":51,"enemies":"Reptomancer","floor":47,"turns":8},{"damage":18,"enemies":"Writhing Mass","floor":48,"turns":5},{"damage":69,"enemies":"Awakened One","floor":50,"turns":7}],"seed_played":"1320806802384302341","potions_obtained":[{"floor":5,"key":"LiquidBronze"},{"floor":6,"key":"SpeedPotion"},{"floor":11,"key":"FearPotion"},{"floor":18,"key":"SpeedPotion"},{"floor":19,"key":"Weak Potion"},{"floor":29,"key":"Dexterity Potion"},{"floor":37,"key":"EssenceOfSteel"},{"floor":37,"key":"DuplicationPotion"},{"floor":47,"key":"Fire Potion"}],"is_trial":false,"path_per_floor":["M","?","?","M","M","E","M","M","T","?","E","M","?","$","R","B",null,"M","M","?","?","$","R","M","R","T","R","T","M","?","M","R","B",null,"M","$","?","M","M","R","$","?","T","M","R","M","E","M","R","B"],"character_chosen":"IRONCLAD","items_purchased":["Inflame","Apotheosis","Shuriken"],"campfire_rested":2,"item_purchase_floors":[14,36,36],"current_hp_per_floor":[80,80,80,80,80,60,61,64,71,64,51,59,59,59,59,38,87,78,84,84,87,87,87,74,74,74,74,74,77,77,83,83,53,87,74,74,74,62,51,51,51,51,51,47,73,60,29,31,57,0,0],"gold":339,"neow_bonus":"RANDOM_COMMON_RELIC","is_daily":false,"chose_seed":false,"campfire_upgraded":6,"win_rate":0.0,"timestamp":1612552489,"path_taken":["M","?","?","M","M","E","M","?","T","?","E","M","?","$","R","BOSS","M","M","?","?","?","R","M","R","T","R","?","?","?","M","R","BOSS","M","$","?","?","M","R","$","?","T","M","R","M","E","M","R","BOSS"],"items_purchased_type":["Card","Card","Relic"],"build_version":"2020-12-22","purchased_purges":3,"victory":false,"max_hp_per_floor":[80,80,80,80,80,80,80,80,87,87,87,87,87,87,87,87,87,87,87,87,87,87,87,87,87,87,87,87,87,87,87,87,87,87,87,87,87,87,87,87,87,87,87,87,87,87,87,87,87,87,87],"card_choices":[{"not_picked":["Blood for Blood","Clash"],"picked":"Twin Strike","floor":1},{"not_picked":["Perfected Strike","Combust"],"picked":"Cleave","floor":4},{"not_picked":["Thunderclap","Dark Embrace","Warcry"],"picked":"SKIP","floor":5},{"not_picked":["Power Through","Rupture"],"picked":"Shockwave","floor":6},{"not_picked":["Carnage","Bloodletting"],"picked":"Rampage","floor":7},{"not_picked":["Sword Boomerang","Corruption"],"picked":"Shrug It Off","floor":8},{"not_picked":["Headbutt","Thunderclap"],"picked":"Whirlwind","floor":11},{"not_picked":["Warcry","Thunderclap","Cleave"],"picked":"SKIP","floor":12},{"not_picked":["Clash+1","Wild Strike+1"],"picked":"Shrug It Off+1","floor":18},{"not_picked":["Sever Soul","Perfected Strike","Shrug It Off"],"picked":"SKIP","floor":19},{"not_picked":["Heavy Blade","Clash","Whirlwind"],"picked":"SKIP","floor":24},{"not_picked":["Sword Boomerang","Intimidate","Havoc+1"],"picked":"SKIP","floor":29},{"not_picked":["Ghostly Armor","Clash+1","Searing Blow"],"picked":"SKIP","floor":31},{"not_picked":["Rage","Havoc+1"],"picked":"Armaments+1","floor":35},{"not_picked":["Burning Pact","Pummel","Havoc+1"],"picked":"SKIP","floor":38},{"not_picked":["Disarm+1","Intimidate","Anger+1"],"picked":"SKIP","floor":39},{"not_picked":["Heavy Blade+1","Thunderclap+1","Power Through"],"picked":"SKIP","floor":44},{"not_picked":["Whirlwind+1","Infernal Blade+1","Havoc+1"],"picked":"SKIP","floor":46},{"not_picked":["Uppercut","Battle Trance","Rage"],"picked":"SKIP","floor":47},{"not_picked":["Fiend Fire","Evolve+1","Shrug It Off"],"picked":"SKIP","floor":48}],"player_experience":76804,"relics_obtained":[{"floor":6,"key":"Meat on the Bone"},{"floor":9,"key":"Strawberry"},{"floor":11,"key":"Centennial Puzzle"},{"floor":21,"key":"Red Mask"},{"floor":26,"key":"Kunai"},{"floor":28,"key":"Blood Vial"},{"floor":43,"key":"Juzu Bracelet"},{"floor":47,"key":"Whetstone"},{"floor":47,"key":"Art of War"}],"event_choices":[{"damage_healed":0,"gold_gain":0,"player_choice":"Ignored","damage_taken":0,"max_hp_gain":0,"max_hp_loss":0,"event_name":"Liars Game","floor":2,"gold_loss":0},{"damage_healed":0,"gold_gain":0,"player_choice":"Upgraded","damage_taken":0,"max_hp_gain":0,"max_hp_loss":0,"event_name":"Upgrade Shrine","floor":3,"gold_loss":0,"cards_upgraded":["Twin Strike"]},{"damage_healed":0,"gold_gain":0,"player_choice":"Success","damage_taken":7,"relics_obtained":["Self Forming Clay"],"max_hp_gain":0,"max_hp_loss":0,"event_name":"Scrap Ooze","floor":10,"gold_loss":0},{"damage_healed":0,"gold_gain":100,"player_choice":"Pray","damage_taken":0,"max_hp_gain":0,"max_hp_loss":0,"event_name":"Golden Shrine","floor":13,"gold_loss":0},{"damage_healed":0,"gold_gain":0,"player_choice":"Ignored","damage_taken":0,"max_hp_gain":0,"max_hp_loss":0,"event_name":"Ghosts","floor":20,"gold_loss":0},{"damage_healed":0,"gold_gain":0,"player_choice":"Fought Bandits","damage_taken":0,"max_hp_gain":0,"max_hp_loss":0,"event_name":"Masked Bandits","floor":21,"gold_loss":0},{"damage_healed":0,"gold_gain":0,"player_choice":"Inject Mutagens","damage_taken":0,"relics_obtained":["MutagenicStrength"],"max_hp_gain":0,"max_hp_loss":0,"event_name":"Drug Dealer","floor":30,"gold_loss":0},{"damage_healed":0,"gold_gain":0,"player_choice":"Got Potions","damage_taken":0,"max_hp_gain":0,"max_hp_loss":0,"event_name":"Lab","floor":37,"gold_loss":0},{"damage_healed":0,"gold_gain":222,"player_choice":"Wore Mask","damage_taken":0,"max_hp_gain":0,"max_hp_loss":0,"event_name":"Tomb of Lord Red Mask","floor":42,"gold_loss":0}],"is_beta":false,"boss_relics":[{"not_picked":["Coffee Dripper","Sozu"],"picked":"Runic Dome"},{"not_picked":["Calling Bell","Runic Pyramid"],"picked":"Black Star"}],"items_purged_floors":[22,36,41],"is_endless":false,"potions_floor_spawned":[5,6,8,11,18,19,29,39,46,47],"killed_by":"Awakened One","ascension_level":0}}