{"host":"ih7ofq2zpufcoifs","time":1612493593,"event":{"mods":["BaseMod","Colored Map","Minty Spire (QoL Compilation)"],"gold_per_floor":[111,127,138,155,155,155,169,201,224,299,299,224,224,238,238,312,312,322,339,339,339],"floor_reached":20,"language":"ENG","playtime":1709,"items_purged":[],"score":352,"play_id":"76b9a044-1fb5-4228-a17e-c7c00a599e5d","local_time":"20210205125313","is_ascension_mode":true,"campfire_choices":[{"data":"Masterful Stab","floor":6.0,"key":"SMITH"},{"floor":11.0,"key":"REST"},{"data":"Footwork","floor":13.0,"key":"SMITH"},{"data":"Burst","floor":15.0,"key":"SMITH"}],"circlet_count":0,"master_deck":["AscendersBane","Strike_G","Strike_G","Strike_G","Strike_G","Defend_G","Defend_G","Defend_G","Defend_G","Defend_G","Survivor","Neutralize","Footwork+1","Masterful Stab+1","Footwork","Endless Agony","Underhanded Strike","Burst+1","PiercingWail","Corpse Explosion","Caltrops","Noxious Fumes"],"relics":["Ring of the Snake","The Courier","Sozu"],"acts_visited":["Exordium","TheCity"],"potions_floor_usage":[],"damage_taken":[{"damage":1.0,"enemies":"Small Slimes","floor":1.0,"turns":6.0},{"damage":0.0,"enemies":"2 Louse","floor":2.0,"turns":4.0},{"damage":6.0,"enemies":"Cultist","floor":3.0,"turns":3.0},{"damage":6.0,"enemies":"Looter","floor":4.0,"turns":3.0},{"damage":7.0,"enemies":"3 Louse","floor":7.0,"turns":4.0},{"damage":30.0,"enemies":"Gremlin Nob","floor":8.0,"turns":4.0},{"damage":2.0,"enemies":"Large Slime","floor":14.0,"turns":8.0},{"damage":27.0,"enemies":"The Guardian","floor":16.0,"turns":23.0},{"damage":27.0,"enemies":"Chosen","floor":18.0,"turns":8.0},{"damage":17.0,"enemies":"Shell Parasite","floor":19.0,"turns":7.0},{"damage":22,"enemies":"Shelled Parasite and Fungi","floor":20,"turns":4}],"seed_played":"590602501314859365","potions_obtained":[{"floor":2.0,"key":"SneckoOil"},{"floor":3.0,"key":"EssenceOfSteel"},{"floor":8.0,"key":"SneckoOil"},{"floor":16.0,"key":"LiquidMemories"}],"is_trial":false,"path_per_floor":["M","M","M","M","?","R","M","E","T","?","R","?","R","M","R","B",null,"M","M","M"],"character_chosen":"THE_SILENT","items_purchased":[],"campfire_rested":1,"item_purchase_floors":[],"current_hp_per_floor":[64,64,58,52,57,57,50,20,20,9,32,32,32,30,30,3,59,32,15,0,0],"gold":339,"neow_bonus":"TEN_PERCENT_HP_BONUS","is_daily":false,"chose_seed":false,"campfire_upgraded":3,"win_rate":0.0,"timestamp":1612493593,"path_taken":["M","M","M","M","?","R","M","E","T","?","R","?","R","M","R","BOSS","M","M","M"],"items_purchased_type":[],"build_version":"2020-12-22","purchased_purges":0,"victory":false,"max_hp_per_floor":[72,72,72,72,77,77,77,77,77,77,77,77,77,77,77,77,77,77,77,77,77],"card_choices":[{"not_picked":["Slice","Dagger Throw"],"picked":"Footwork","floor":1.0},{"not_picked":["Dodge and Roll","Acrobatics"],"picked":"Masterful Stab","floor":2.0},{"not_picked":["Outmaneuver","Cloak And Dagger"],"picked":"Footwork","floor":3.0},{"not_picked":["Footwork","Escape Plan"],"picked":"Endless Agony","floor":4.0},{"not_picked":["Outmaneuver","Bane"],"picked":"Underhanded Strike","floor":7.0},{"not_picked":["Bane","Poisoned Stab"],"picked":"Burst","floor":8.0},{"not_picked":["Backflip","Bane"],"picked":"PiercingWail","floor":14.0},{"not_picked":["Unload","Venomology"],"picked":"Corpse Explosion","floor":16.0},{"not_picked":["Dodge and Roll","Outmaneuver"],"picked":"Caltrops","floor":18.0},{"not_picked":["Sucker Punch","Outmaneuver"],"picked":"Noxious Fumes","floor":19.0}],"player_experience":517716,"relics_obtained":[{"floor":8.0,"key":"The Courier"}],"event_choices":[{"damage_healed":0.0,"max_hp_gain":5.0,"max_hp_loss":0.0,"gold_gain":0.0,"event_name":"Big Fish","player_choice":"Donut","floor":5.0,"gold_loss":0.0,"damage_taken":0.0},{"damage_healed":0.0,"max_hp_gain":0.0,"max_hp_loss":0.0,"gold_gain":75.0,"event_name":"World of Goop","player_choice":"Gather Gold","floor":10.0,"gold_loss":0.0,"damage_taken":11.0},{"cards_removed":["Strike_G"],"damage_healed":0.0,"max_hp_gain":0.0,"max_hp_loss":0.0,"gold_gain":0.0,"event_name":"The Cleric","player_choice":"Card Removal","floor":12.0,"gold_loss":75.0,"damage_taken":0.0}],"is_beta":false,"boss_relics":[{"not_picked":["Astrolabe","Tiny House"],"picked":"Sozu"}],"items_purged_floors":[],"is_endless":false,"potions_floor_spawned":[2,3,8,16,18,19],"killed_by":"Shelled Parasite and Fungi","ascension_level":20}}