{"host":"56xwnffi6e9z5l58","time":1612541670,"event":{"mods":["Aspiration","BaseMod","Better Match","Better Note","Better Sensory Stone","BetterRewards","Colored Map","Colored Powertips","Conspire","Downfall","GifTheSpireLib","Hermit","Highlight Path","Hubris","Infinite Spire","Key Reminder","Minty Spire (QoL Compilation)","Permanent Neow","Quick Restart","Rare Cards Sparkle","Replay The Spire","StSLib","Stuff the Spire","SuperFastMode","Unceasing Turn Reminder"],"gold_per_floor":[0,18,37,52,68,68,68,87,108,108,149,175,172,204,234,246,246],"floor_reached":16,"language":"ENG","playtime":463,"items_purged":[],"score":113,"play_id":"98651fd5-8bf1-4f17-821a-c51e8462c240","local_time":"20210206001430","is_ascension_mode":true,"campfire_choices":[{"floor":1,"key":"DIG"},{"data":"hermit:Scavenge","floor":6,"key":"SMITH"},{"data":"hermit:CursedWeapon","floor":10,"key":"SMITH"}],"circlet_count":0,"master_deck":["hermit:Strike_Hermit","hermit:Strike_Hermit","hermit:Strike_Hermit","hermit:Defend_Hermit","hermit:Defend_Hermit","hermit:Defend_Hermit","hermit:Snapshot","hermit:Covet","hermit:Malice","hermit:Scavenge+1","hermit:Grudge","hermit:CursedWeapon+1","hermit:FullyLoaded","hermit:Glare","hermit:Reprieve","hermit:Roughhouse","hermit:ItchyTrigger","hermit:PistolWhip"],"relics":["hermit:Momento","hubris:Teleporter","Onion Ring","MawBank","keyreminder:keyreminder"],"acts_visited":["Exordium"],"potions_floor_usage":[11,16,16,16],"damage_taken":[{"damage":1,"enemies":"Cultist","floor":2,"turns":3},{"damage":0,"enemies":"Small Slimes","floor":3,"turns":4},{"damage":1,"enemies":"2 Louse","floor":4,"turns":3},{"damage":19,"enemies":"Exordium Thugs","floor":5,"turns":5},{"damage":0,"enemies":"2 Fungi Beasts","floor":8,"turns":2},{"damage":7,"enemies":"Blue Slaver","floor":9,"turns":3},{"damage":11,"enemies":"3 Sentries","floor":11,"turns":7},{"damage":15,"enemies":"Red Slaver","floor":12,"turns":2},{"damage":7,"enemies":"downfall:FleeingMerchant","floor":13,"turns":4},{"damage":6,"enemies":"2 Fungi Beasts","floor":14,"turns":3},{"damage":2,"enemies":"Exordium Wildlife","floor":15,"turns":3},{"damage":19,"enemies":"DF_ARCHETYPE_STREAMLINE","floor":16,"turns":3}],"seed_played":"-748370261291214947","potions_obtained":[{"floor":2,"key":"FearPotion"},{"floor":8,"key":"PowerPotion"},{"floor":12,"key":"Reflective Coating"},{"floor":14,"key":"Ancient Potion"}],"is_trial":false,"path_per_floor":["R_BF","M","M","M","M","R","T","M","M","R","E","M","$","M","M","B"],"character_chosen":"HERMIT","items_purchased":[],"campfire_rested":0,"item_purchase_floors":[],"current_hp_per_floor":[75,74,74,73,54,54,54,54,47,47,36,21,18,16,14,0,0],"gold":246,"neow_bonus":"REMOVE_TWO","is_daily":false,"chose_seed":false,"campfire_upgraded":2,"win_rate":0.0,"timestamp":1612541670,"path_taken":["R_BF","M","M","?","M","R","T","M","?","R","E","M","$","M","M","BOSS"],"items_purchased_type":[],"build_version":"2020-12-22","purchased_purges":0,"victory":false,"max_hp_per_floor":[75,75,75,75,75,75,75,75,75,75,75,75,75,75,75,75,75],"card_choices":[{"not_picked":["hermit:Feint","hermit:SprayPray"],"picked":"hermit:Malice","floor":2},{"not_picked":["hermit:Glare","hermit:Malice"],"picked":"hermit:Scavenge","floor":3},{"not_picked":["hermit:Showdown","hermit:Desperado","hermit:Coalescence"],"picked":"SKIP","floor":4},{"not_picked":["hermit:Snipe","hermit:Coalescence"],"picked":"hermit:Grudge","floor":5},{"not_picked":["hermit:Coalescence","hermit:TakeCover"],"picked":"hermit:CursedWeapon","floor":8},{"not_picked":["hermit:HighCaliber","hermit:Desperado"],"picked":"hermit:FullyLoaded","floor":9},{"not_picked":["hermit:Snipe","hermit:NoHoldsBarred"],"picked":"hermit:Glare","floor":11},{"not_picked":["hermit:Dive","hermit:WideOpen"],"picked":"hermit:Reprieve","floor":12},{"not_picked":["hermit:Glare","hermit:Roulette"],"picked":"hermit:Roughhouse","floor":13},{"not_picked":["hermit:LowProfile","hermit:Misfire"],"picked":"hermit:ItchyTrigger","floor":14},{"not_picked":["hermit:CalledShot","hermit:WideOpen"],"picked":"hermit:PistolWhip","floor":15}],"player_experience":1016322,"relics_obtained":[{"floor":1,"key":"hubris:Teleporter"},{"floor":7,"key":"Onion Ring"},{"floor":11,"key":"MawBank"}],"event_choices":[],"is_beta":false,"boss_relics":[],"items_purged_floors":[],"is_endless":false,"potions_floor_spawned":[2,8,12,14,15],"killed_by":"DF_ARCHETYPE_STREAMLINE","ascension_level":1}}