{"host":"d52brwsy6af8zvaq","time":1612560562,"event":{"mods":["AchievementEnabler","BaseMod","Bestiary","Highlight Path","Minty Spire (QoL Compilation)","Quick Restart","Relic Stats","ojb\u0027s Better Paths Mod"],"gold_per_floor":[113,123,198,198,216,216,245,80,80,90,101,101,101,128,128,128,128],"floor_reached":16,"language":"ENG","playtime":1669,"items_purged":["Strike_B"],"score":220,"play_id":"a052cc52-90db-4e33-95dc-f6d2a79f6324","local_time":"20210205142922","is_ascension_mode":true,"campfire_choices":[{"data":"Zap","floor":6,"key":"SMITH"},{"data":"Loop","floor":12,"key":"SMITH"},{"floor":15,"key":"REST"}],"circlet_count":0,"master_deck":["AscendersBane","Strike_B","Strike_B","Defend_B","Defend_B","Defend_B","Defend_B","Zap+1","Dualcast","FTL","Chill+1","Sweeping Beam","Self Repair","Coolheaded","Doom and Gloom","BootSequence","Loop+1","Conserve Battery"],"relics":["Cracked Core","Symbiotic Virus","Vajra","Kunai"],"acts_visited":["Exordium"],"potions_floor_usage":[],"damage_taken":[{"damage":1,"enemies":"2 Louse","floor":1,"turns":2},{"damage":0,"enemies":"Small Slimes","floor":2,"turns":4},{"damage":2,"enemies":"Jaw Worm","floor":5,"turns":3},{"damage":34,"enemies":"Lagavulin","floor":7,"turns":8},{"damage":3,"enemies":"Blue Slaver","floor":10,"turns":3},{"damage":0,"enemies":"Large Slime","floor":11,"turns":3},{"damage":22,"enemies":"3 Sentries","floor":14,"turns":10},{"damage":35,"enemies":"Slime Boss","floor":16,"turns":6}],"seed_played":"-7032178489061365533","potions_obtained":[{"floor":1,"key":"Dexterity Potion"},{"floor":2,"key":"GamblersBrew"}],"is_trial":false,"path_per_floor":["M","M","?","?","M","R","E","$","T","M","M","R","?","E","R","B"],"character_chosen":"DEFECT","items_purchased":["Doom and Gloom"],"campfire_rested":1,"item_purchase_floors":[8],"current_hp_per_floor":[63,63,52,52,50,50,23,23,23,20,27,27,27,12,33,0,0],"gold":128,"neow_bonus":"TRANSFORM_CARD","is_daily":false,"chose_seed":false,"campfire_upgraded":2,"win_rate":0.0,"timestamp":1612560562,"path_taken":["M","M","?","?","M","R","E","$","T","M","M","R","?","E","R","BOSS"],"items_purchased_type":["Card"],"build_version":"2020-12-22","purchased_purges":1,"victory":false,"max_hp_per_floor":[71,71,71,71,71,71,71,71,71,71,71,71,71,71,71,71,71],"relic_stats":{"counters":[8,39],"Kunai":[1],"obtain_stats":[{"Vajra":9,"Kunai":14,"Cracked Core":0,"Symbiotic Virus":7},{"Vajra":4,"Kunai":7,"Cracked Core":0,"Symbiotic Virus":4},{"Vajra":17,"Kunai":33,"Cracked Core":0,"Symbiotic Virus":17}]},"card_choices":[{"not_picked":["Hologram","Steam Power"],"picked":"Chill","floor":1},{"not_picked":["Darkness","Go for the Eyes"],"picked":"Sweeping Beam","floor":2},{"not_picked":["Beam Cell","Go for the Eyes"],"picked":"Self Repair","floor":5},{"not_picked":["Sweeping Beam","Double Energy"],"picked":"Coolheaded","floor":7},{"not_picked":["Redo","Hologram"],"picked":"BootSequence","floor":10},{"not_picked":["Hologram","Reboot"],"picked":"Loop","floor":11},{"not_picked":["Rebound","Lockon"],"picked":"Conserve Battery","floor":14}],"player_experience":2154637,"relics_obtained":[{"floor":7,"key":"Symbiotic Virus"},{"floor":9,"key":"Vajra"},{"floor":14,"key":"Kunai"}],"event_choices":[{"damage_healed":0,"gold_gain":75,"player_choice":"Gather Gold","damage_taken":11,"max_hp_gain":0,"max_hp_loss":0,"event_name":"World of Goop","floor":3,"gold_loss":0},{"damage_healed":0,"gold_gain":0,"player_choice":"Ignored","damage_taken":0,"max_hp_gain":0,"max_hp_loss":0,"event_name":"Shining Light","floor":4,"gold_loss":0},{"damage_healed":0,"gold_gain":0,"player_choice":"Grow","damage_taken":0,"max_hp_gain":0,"max_hp_loss":0,"event_name":"Living Wall","floor":13,"gold_loss":0,"cards_upgraded":["Chill"]}],"is_beta":false,"boss_relics":[],"items_purged_floors":[8],"is_endless":false,"potions_floor_spawned":[1,2,11],"killed_by":"Slime Boss","ascension_level":20}}