{"host":"i70yit5z0kpl303k","time":1612552590,"event":{"mods":["2.2 Compatiblity","Act Like it!","BaseMod","BetterRewards","Downfall","Gensokyo","Infinite Spire","Ironclad Rager","Koishi","Marked Mod","Minty Spire (QoL Compilation)","Relic Stats","Replay The Spire","StSLib","The Marked","thorton"],"gold_per_floor":[109,129,129,69,69,99,116,144,167,204,222,258,288,323,323,441,441,451,451],"floor_reached":18,"language":"ENG","playtime":799,"items_purged":[],"score":238,"play_id":"43f04131-a8cf-4e2c-8043-a5646c77fb53","local_time":"20210205111630","is_ascension_mode":true,"campfire_choices":[{"data":"Amnesia","floor":15,"key":"PURGE"}],"circlet_count":0,"master_deck":["Strike_R","Strike_R","Strike_R","Strike_R+1","Strike_R","Defend_R","Defend_R","Defend_R","Defend_R","Bash","Shrug It Off","Perfected Strike","Metallicize+1","Demonic Infusion","Perfected Strike","Pommel Strike","Intimidate","Warcry","Wild Strike","Clash","Evolve","Brutality"],"relics":["Burning Blood","infinitespire:Lucky Rock","ReplayTheSpireMod:Ring of Addiction","ReplayTheSpireMod:Ring of Exchange","Potion Belt","Toy Ornithopter","Replay:Baseball","Dream Catcher","Replay:Bandana","Turnip","Omamori","Odd Mushroom","Nunchaku","Honey Jar"],"acts_visited":["Exordium","TheCity"],"potions_floor_usage":[6,6,10,12,12,16],"damage_taken":[{"damage":6,"enemies":"Cultist","floor":1,"turns":3},{"damage":4,"enemies":"Jaw Worm","floor":2,"turns":3},{"damage":27,"enemies":"Gremlin Nob","floor":6,"turns":5},{"damage":0,"enemies":"Small Slimes","floor":7,"turns":3},{"damage":14,"enemies":"3 Sentries","floor":8,"turns":7},{"damage":23,"enemies":"Replay:BlueRogue","floor":10,"turns":6},{"damage":9,"enemies":"2 Fungi Beasts","floor":11,"turns":2},{"damage":17,"enemies":"Lagavulin","floor":12,"turns":5},{"damage":2,"enemies":"The Mushroom Lair","floor":13,"turns":4},{"damage":4,"enemies":"Gremlin Nob","floor":14,"turns":3},{"damage":28,"enemies":"Slime Boss","floor":16,"turns":5},{"damage":77,"enemies":"3 Byrds","floor":18,"turns":6}],"seed_played":"-5921937508547363965","potions_obtained":[{"floor":1,"key":"BlessingOfTheForge"},{"floor":5,"key":"SkillPotion"},{"floor":5,"key":"Adrenaline Potion"},{"floor":5,"key":"ColorlessPotion"},{"floor":6,"key":"GamblersBrew"},{"floor":8,"key":"PowerPotion"},{"floor":11,"key":"FearPotion"}],"is_trial":false,"path_per_floor":["M","M","?","$","?","E","M","E","T","E","M","E","?","E","R","B",null,"M"],"character_chosen":"IRONCLAD","items_purchased":["Metallicize+1"],"campfire_rested":0,"item_purchase_floors":[4],"current_hp_per_floor":[80,80,77,77,77,59,65,57,57,45,42,41,45,47,47,30,76,0,0],"gold":451,"neow_bonus":"RANDOM_EVENT","is_daily":false,"chose_seed":false,"campfire_upgraded":0,"win_rate":0.0,"timestamp":1612552590,"path_taken":["M","M","?","$","?","E","M","E","T","E","M","E","?","E","R","BOSS","M"],"items_purchased_type":["Card"],"build_version":"2020-12-22","purchased_purges":0,"victory":false,"max_hp_per_floor":[80,80,80,80,80,80,80,80,80,78,78,78,78,78,78,76,76,76,76],"relic_stats":{"Dream Catcher":0,"Nunchaku":[2],"counters":[12,52],"Turnip":[0],"obtain_stats":[{"Potion Belt":5,"ReplayTheSpireMod:Ring of Exchange":5,"ReplayTheSpireMod:Ring of Addiction":5,"Omamori":12,"infinitespire:Lucky Rock":3,"Odd Mushroom":13,"Burning Blood":0,"Replay:Baseball":6,"Dream Catcher":8,"Replay:Bandana":9,"Nunchaku":14,"Honey Jar":17,"Turnip":10,"Toy Ornithopter":5},{"Potion Belt":2,"ReplayTheSpireMod:Ring of Exchange":2,"ReplayTheSpireMod:Ring of Addiction":2,"Omamori":8,"infinitespire:Lucky Rock":2,"Odd Mushroom":9,"Burning Blood":0,"Replay:Baseball":3,"Dream Catcher":5,"Replay:Bandana":5,"Nunchaku":10,"Honey Jar":11,"Turnip":6,"Toy Ornithopter":2},{"Potion Belt":6,"ReplayTheSpireMod:Ring of Exchange":6,"ReplayTheSpireMod:Ring of Addiction":6,"Omamori":34,"infinitespire:Lucky Rock":6,"Odd Mushroom":38,"Burning Blood":0,"Replay:Baseball":11,"Dream Catcher":21,"Replay:Bandana":21,"Nunchaku":41,"Honey Jar":46,"Turnip":27,"Toy Ornithopter":6}],"Burning Blood":64,"Toy Ornithopter":23},"card_choices":[{"not_picked":["ReplayTheSpireMod:Stacked","Bloodletting"],"picked":"Shrug It Off","floor":1},{"not_picked":["Warcry","Dropkick"],"picked":"Perfected Strike","floor":2},{"not_picked":["Headbutt","infinitespire:OneForAll"],"picked":"Demonic Infusion","floor":6},{"not_picked":["Anger","ReplayTheSpireMod:Strike From Hell"],"picked":"Perfected Strike","floor":7},{"not_picked":["Run Through","Reckless Charge"],"picked":"Pommel Strike","floor":8},{"not_picked":["Dark Embrace","Replay:Undeath\u0027s Touch"],"picked":"Intimidate","floor":10},{"not_picked":["Shrug It Off","Burning Pact"],"picked":"Warcry","floor":11},{"not_picked":["Dual Wield","Dark Embrace"],"picked":"Wild Strike","floor":12},{"not_picked":["Iron Wave","Combust"],"picked":"Clash","floor":13},{"not_picked":["Second Wind","Rupture"],"picked":"Evolve","floor":14},{"not_picked":["Bludgeon","Hemogenesis"],"picked":"Brutality","floor":16}],"player_experience":244513,"relics_obtained":[{"floor":5,"key":"ReplayTheSpireMod:Ring of Addiction"},{"floor":5,"key":"ReplayTheSpireMod:Ring of Exchange"},{"floor":5,"key":"Potion Belt"},{"floor":5,"key":"Toy Ornithopter"},{"floor":6,"key":"Replay:Baseball"},{"floor":8,"key":"Dream Catcher"},{"floor":9,"key":"Replay:Bandana"},{"floor":10,"key":"Turnip"},{"floor":12,"key":"Omamori"},{"floor":13,"key":"Odd Mushroom"},{"floor":14,"key":"Nunchaku"}],"event_choices":[{"damage_healed":0,"gold_gain":0,"player_choice":"Success","damage_taken":3,"relics_obtained":["infinitespire:Lucky Rock"],"max_hp_gain":0,"max_hp_loss":0,"event_name":"Scrap Ooze","floor":3,"gold_loss":0},{"damage_healed":0,"gold_gain":0,"player_choice":"Fought Mushrooms","damage_taken":0,"max_hp_gain":0,"max_hp_loss":0,"event_name":"Mushrooms","floor":13,"gold_loss":0}],"is_beta":false,"boss_relics":[{"not_picked":["ReplayTheSpireMod:DimensionalGlitch","Kintsugi"],"picked":"Honey Jar"}],"items_purged_floors":[],"is_endless":false,"potions_floor_spawned":[1,6,8,11],"killed_by":"3 Byrds","ascension_level":4}}