{"host":"yx5rao87132cy5xq","time":1612486108,"event":{"mods":["2.2 Compatiblity","AchievementEnabler","BaseMod","Bestiary","Colored Map","Colored Powertips","Minty Spire (QoL Compilation)","Quick Restart","Relic Stats","Slay-I","SuperFastMode"],"gold_per_floor":[210,269,285,285,297,297,17,32,83,110,110,135,147,161,161,235,235,211,136,136,29,119,119,119,147,174,189,189,189],"floor_reached":28,"language":"ENG","playtime":2005,"items_purged":["Strike_R"],"score":455,"play_id":"7ae44cfc-72b8-4020-8fae-5f752c9959f3","local_time":"20210205014828","is_ascension_mode":true,"campfire_choices":[{"data":"Iron Wave","floor":6.0,"key":"SMITH"},{"data":"Whirlwind","floor":11.0,"key":"SMITH"},{"floor":15,"key":"REST"},{"floor":23,"key":"REST"}],"circlet_count":0,"master_deck":["AscendersBane","Strike_R","Strike_R","Strike_R","Defend_R","Defend_R","Defend_R","Defend_R","Bash","Blood for Blood","Wild Strike+1","Iron Wave+1","Barricade","Whirlwind+1","True Grit","Shockwave","Feed","Flame Barrier","J.A.X.","Spot Weakness","Flex","Double Tap"],"relics":["Burning Blood","Membership Card","Regal Pillow","Lantern","Tiny Chest","White Beast Statue","Mark of Pain","PreservedInsect","StoneCalendar","Du-Vu Doll","Blood Vial"],"acts_visited":["Exordium","TheCity"],"potions_floor_usage":[16,25,27,28,28],"damage_taken":[{"damage":5.0,"enemies":"2 Louse","floor":1.0,"turns":4.0},{"damage":7.0,"enemies":"Small Slimes","floor":3.0,"turns":4.0},{"damage":1.0,"enemies":"Cultist","floor":5.0,"turns":3.0},{"damage":5.0,"enemies":"Looter","floor":8.0,"turns":3.0},{"damage":38.0,"enemies":"3 Sentries","floor":10.0,"turns":9.0},{"damage":22.0,"enemies":"Gremlin Nob","floor":12.0,"turns":4.0},{"damage":16,"enemies":"Blue Slaver","floor":13,"turns":3},{"damage":4,"enemies":"2 Fungi Beasts","floor":14,"turns":3},{"damage":44,"enemies":"Slime Boss","floor":16,"turns":8},{"damage":27,"enemies":"2 Thieves","floor":18,"turns":4},{"damage":48,"enemies":"Gremlin Leader","floor":25,"turns":6},{"damage":3,"enemies":"Chosen","floor":27,"turns":2},{"damage":33,"enemies":"Book of Stabbing","floor":28,"turns":3}],"seed_played":"-8859828469296822497","potions_obtained":[{"floor":3.0,"key":"SteroidPotion"},{"floor":8.0,"key":"CultistPotion"},{"floor":16,"key":"GamblersBrew"},{"floor":25,"key":"EssenceOfSteel"},{"floor":27,"key":"Strength Potion"}],"is_trial":false,"path_per_floor":["M","?","M","?","M","R","$","M","T","E","R","E","M","M","R","B",null,"M","?","?","$","?","R","T","E","T","M","E"],"character_chosen":"IRONCLAD","items_purchased":["Membership Card","Regal Pillow","PreservedInsect","Spot Weakness"],"campfire_rested":2,"item_purchase_floors":[7,7,21,21],"current_hp_per_floor":[69,69,68,68,73,73,73,74,74,42,42,26,16,18,55,17,61,40,40,40,40,28,65,65,23,23,28,0,0],"gold":189,"neow_bonus":"HUNDRED_GOLD","is_daily":false,"chose_seed":false,"campfire_upgraded":2,"win_rate":0.0,"timestamp":1612486108,"path_taken":["M","?","M","?","M","R","$","M","T","E","R","E","M","M","R","BOSS","M","?","?","$","?","R","?","E","T","M","E"],"items_purchased_type":["Relic","Relic","Relic","Card"],"build_version":"2020-12-22","purchased_purges":1,"victory":false,"max_hp_per_floor":[75,75,75,75,75,75,75,75,75,75,75,75,75,75,75,75,75,75,75,75,75,75,75,75,75,75,75,75,75],"relic_stats":{"Blood Vial":4,"Regal Pillow":30,"counters":[13,56],"Tiny Chest":1,"StoneCalendar":[0],"PreservedInsect":88,"obtain_stats":[{"Du-Vu Doll":25,"Blood Vial":26,"Regal Pillow":7,"Lantern":9,"Tiny Chest":10,"StoneCalendar":24,"Mark of Pain":17,"PreservedInsect":21,"Membership Card":7,"Burning Blood":0,"White Beast Statue":12},{"Du-Vu Doll":11,"Blood Vial":11,"Regal Pillow":3,"Lantern":4,"Tiny Chest":5,"StoneCalendar":10,"Mark of Pain":9,"PreservedInsect":10,"Membership Card":3,"Burning Blood":0,"White Beast Statue":6},{"Du-Vu Doll":51,"Blood Vial":51,"Regal Pillow":11,"Lantern":14,"Tiny Chest":23,"StoneCalendar":45,"Mark of Pain":41,"PreservedInsect":45,"Membership Card":11,"Burning Blood":0,"White Beast Statue":27}],"Burning Blood":72},"card_choices":[{"not_picked":["Thunderclap","Havoc"],"picked":"Blood for Blood","floor":1.0},{"not_picked":["Body Slam","Havoc"],"picked":"Wild Strike","floor":3.0},{"not_picked":["Twin Strike","Pommel Strike"],"picked":"Iron Wave","floor":5.0},{"not_picked":["Havoc","True Grit"],"picked":"Barricade","floor":8.0},{"not_picked":["Feel No Pain","Seeing Red"],"picked":"Whirlwind","floor":10.0},{"not_picked":["Perfected Strike","Warcry"],"picked":"True Grit","floor":12.0},{"not_picked":["Exhume","Clash","Clothesline"],"picked":"SKIP","floor":13},{"not_picked":["Blood for Blood","Entrench"],"picked":"Shockwave","floor":14},{"not_picked":["Limit Break","Bludgeon"],"picked":"Feed","floor":16},{"not_picked":["Thunderclap","Clash"],"picked":"Flame Barrier","floor":18},{"not_picked":["Rampage","Body Slam"],"picked":"Flex","floor":25},{"not_picked":["Cleave","Dual Wield"],"picked":"Double Tap","floor":27}],"player_experience":989230,"relics_obtained":[{"floor":9.0,"key":"Lantern"},{"floor":10.0,"key":"Tiny Chest"},{"floor":12.0,"key":"White Beast Statue"},{"floor":24,"key":"StoneCalendar"},{"floor":25,"key":"Du-Vu Doll"},{"floor":26,"key":"Blood Vial"}],"event_choices":[{"damage_healed":0.0,"max_hp_gain":0.0,"max_hp_loss":0.0,"gold_gain":59.0,"event_name":"Golden Wing","player_choice":"Gained Gold","floor":2.0,"gold_loss":0.0,"damage_taken":0.0},{"damage_healed":0.0,"max_hp_gain":0.0,"max_hp_loss":0.0,"gold_gain":0.0,"event_name":"Living Wall","player_choice":"Grow","floor":4.0,"gold_loss":0.0,"damage_taken":0.0,"cards_upgraded":["Wild Strike"]},{"cards_removed":["Strike_R"],"damage_healed":0,"gold_gain":0,"player_choice":"Gave Gold","damage_taken":0,"max_hp_gain":0,"max_hp_loss":0,"event_name":"Beggar","floor":19,"gold_loss":75},{"damage_healed":0,"gold_gain":0,"player_choice":"Obtain J.A.X.","damage_taken":0,"max_hp_gain":0,"max_hp_loss":0,"event_name":"Drug Dealer","floor":20,"gold_loss":0,"cards_obtained":["J.A.X."]},{"damage_healed":0,"gold_gain":90,"player_choice":"GOLD ","damage_taken":12,"max_hp_gain":0,"max_hp_loss":0,"event_name":"Knowing Skull","floor":22,"potions_obtained":[],"gold_loss":0,"cards_obtained":[]}],"is_beta":false,"boss_relics":[{"not_picked":["Astrolabe","Coffee Dripper"],"picked":"Mark of Pain"}],"items_purged_floors":[7],"is_endless":false,"potions_floor_spawned":[3,8,10,13,14,16,18,25,27],"killed_by":"Book of Stabbing","ascension_level":17}}