{"host":"rtw1tnr74gozsrw1","time":1612547157,"event":{"mods":["BaseMod","Colored Map","Colored Powertips","Highlight Path","Minty Spire (QoL Compilation)","StSLib","The Jungle"],"gold_per_floor":[114,114,39,39,39,73,73,87,87,87,97,97,97,117,117,117,117],"floor_reached":16,"language":"ENG","playtime":339,"items_purged":["Strike_R"],"score":123,"play_id":"e483bf35-da01-42ed-a77a-1a361720de55","local_time":"20210205184557","is_ascension_mode":false,"campfire_choices":[{"data":"Flame Barrier","floor":7,"key":"SMITH"},{"data":"Bash","floor":10,"key":"SMITH"},{"data":"Brutality","floor":12,"key":"SMITH"},{"data":"Shrug It Off","floor":15,"key":"SMITH"}],"circlet_count":0,"master_deck":["Strike_R","Strike_R","Strike_R","Strike_R","Defend_R","Defend_R","Defend_R","Defend_R","Bash+1","Flame Barrier+1","Brutality+1","Shrug It Off+1"],"relics":["Burning Blood","NeowsBlessing","Kunai","Singing Bowl"],"acts_visited":["Exordium"],"potions_floor_usage":[],"damage_taken":[{"damage":0,"enemies":"Jaw Worm","floor":1,"turns":1},{"damage":0,"enemies":"Lagavulin","floor":6,"turns":1},{"damage":0,"enemies":"2 Louse","floor":8,"turns":2},{"damage":2,"enemies":"Small Slimes","floor":11,"turns":4},{"damage":22,"enemies":"Blue Slaver","floor":14,"turns":5},{"damage":66,"enemies":"Hexaghost","floor":16,"turns":12}],"seed_played":"-7777025339989040396","potions_obtained":[{"floor":1,"key":"CultistPotion"}],"is_trial":false,"path_per_floor":["M","?","$","?","?","E","R","M","T","R","M","R","?","M","R","B"],"character_chosen":"IRONCLAD","items_purchased":[],"campfire_rested":0,"item_purchase_floors":[],"current_hp_per_floor":[80,80,80,80,80,80,80,80,80,80,82,82,82,66,66,0,0],"gold":117,"neow_bonus":"THREE_ENEMY_KILL","is_daily":false,"chose_seed":false,"campfire_upgraded":4,"win_rate":0.0,"timestamp":1612547157,"path_taken":["M","?","$","?","?","E","R","M","T","R","M","R","?","M","R","BOSS"],"items_purchased_type":[],"build_version":"2020-12-22","purchased_purges":1,"victory":false,"max_hp_per_floor":[80,80,80,80,80,80,80,80,80,80,82,82,82,82,82,82,82],"card_choices":[{"not_picked":["Hemokinesis","Shrug It Off"],"picked":"Flame Barrier","floor":1},{"not_picked":["Iron Wave","Clothesline"],"picked":"Brutality","floor":6},{"not_picked":["Thunderclap","Body Slam","Iron Wave"],"picked":"SKIP","floor":8},{"not_picked":["Havoc","Sentinel","True Grit"],"picked":"Singing Bowl","floor":11},{"not_picked":["Pommel Strike","Perfected Strike"],"picked":"Shrug It Off","floor":14}],"player_experience":107798,"relics_obtained":[{"floor":6,"key":"Kunai"},{"floor":9,"key":"Singing Bowl"}],"event_choices":[{"damage_healed":0,"gold_gain":0,"player_choice":"Ignored","damage_taken":0,"max_hp_gain":0,"max_hp_loss":0,"event_name":"Liars Game","floor":2,"gold_loss":0},{"damage_healed":0,"gold_gain":0,"player_choice":"Ignored","damage_taken":0,"max_hp_gain":0,"max_hp_loss":0,"event_name":"Golden Idol","floor":4,"gold_loss":0},{"damage_healed":0,"gold_gain":0,"player_choice":"Ignored","damage_taken":0,"max_hp_gain":0,"max_hp_loss":0,"event_name":"Shining Light","floor":5,"gold_loss":0},{"damage_healed":0,"gold_gain":0,"player_choice":"Fled","damage_taken":0,"max_hp_gain":0,"max_hp_loss":0,"event_name":"Scrap Ooze","floor":13,"gold_loss":0}],"is_beta":false,"boss_relics":[],"items_purged_floors":[3],"is_endless":false,"potions_floor_spawned":[1],"killed_by":"Hexaghost","ascension_level":0}}