{"host":"onjcd8pn3ar4eq0z","time":1612507621,"event":{"mods":["2.2 Compatiblity","AchievementEnabler","Act Like it!","BaseMod","Bestiary","Better Third Choice","BetterRewards","ChefMod","Colored Map","Colored Powertips","Conspire","Downfall","Elementarium","Friendly Minions","Gensokyo","GifTheSpireLib","Gremlin Mod","Hallownest","Hermit","Highlight Path","Hubris","Infinite Spire","Jorbs\u0027s Wanderer Trilogy","Koishi","Lobotomy","LobotomyExtend","Marisa????????","Mimic Mod","Minty Spire (QoL Compilation)","Pale of the Ancients","Potionbrewer","Practice Mode","Relic Sorter","Reliquary","Remilia??????","Replay The Spire","Shop Mod","Spicy Shops","StSLib","Synergy Search","The Administrix","The Animator","The Blue Laboratory","The Bug Knight","The Cursed","The Disciple","The Jungle","The Mystic","The Necromancer","The Runesmith","The Sage","The Servant 0.9.4","TheBandit","Wandering Minibosses","Yohane!","Yuyuko"],"gold_per_floor":[99,122,135,235,251,88,88,122,39,39,86,105,105,123,161,266,266,166,191,202,230,249,249,249,284,284,294,305,333,348,348,361,361,361],"floor_reached":33,"language":"ENG","playtime":10502,"items_purged":[],"score":333,"play_id":"5c21c915-84d6-474d-a50f-f90b085aaed2","local_time":"20210205004701","is_ascension_mode":false,"campfire_choices":[{"floor":1,"key":"DIG"},{"data":"animator:Aqua","floor":10,"key":"SMITH"},{"data":"animator:Darkness","floor":18,"key":"SMITH"},{"floor":26,"key":"REST"}],"circlet_count":0,"master_deck":["animator:Strike_Konosuba","animator:Defend_Konosuba","animator:Strike","animator:Strike","animator:Strike","animator:Defend","animator:Defend","animator:Defend","animator:Kazuma","animator:Aqua+1","animator:Megumin+18","animator:Verdia","animator:Sloth+1","animator:Darkness+1","animator:Pride","animator:Urushihara+1","animator:SakuraMatou+1","animator:Alexander","animator:Gluttony","animator:RoryMercury","animator:Vanir","animator:Bozes","animator:YunYun","animator:PandorasActor+1","animator:Mitsurugi","animator:YaoHaDucy+1","animator:Caster","infinitespire:FutureSight","Replay:Fractal Strike","animator:Cocytus","animator:Berserker","animator:PandorasActor","animator:PandorasActor","Insight"],"relics":["animator:LivingPicture","animator:TheMissingPiece","HollowMod:LifeEnderRelic","LetterFromLob","animator:WornHelmet","reliquary:Aerogel","Mark of Pain","downfall:HeartBlessingBlue","Gaze_r","Moonlight_r","conspire:DecoderRing","Replay:Baseball"],"acts_visited":["Exordium","TheCity"],"potions_floor_usage":[8,22,25,33,33,33],"damage_taken":[{"damage":6,"enemies":"Small Slimes","floor":2,"turns":6},{"damage":19,"enemies":"infinitespire:Voidling","floor":3,"turns":6},{"damage":0,"enemies":"Cultist","floor":5,"turns":5},{"damage":0,"enemies":"downfall:FleeingMerchant","floor":6,"turns":4},{"damage":6,"enemies":"Lagavulin","floor":8,"turns":6},{"damage":3,"enemies":"downfall:FleeingMerchant","floor":9,"turns":4},{"damage":0,"enemies":"HollowMod:MossKnight","floor":11,"turns":9},{"damage":15,"enemies":"Lots of Slimes","floor":12,"turns":3},{"damage":5,"enemies":"Large Slime","floor":14,"turns":7},{"damage":10,"enemies":"Blue Slaver","floor":15,"turns":3},{"damage":10,"enemies":"SI_SHIV_ARCHETYPE","floor":16,"turns":5},{"damage":15,"enemies":"Shell Parasite","floor":19,"turns":5},{"damage":0,"enemies":"3 Byrds","floor":20,"turns":3},{"damage":0,"enemies":"Centurion and Healer","floor":21,"turns":3},{"damage":5,"enemies":"Snecko","floor":22,"turns":4},{"damage":0,"enemies":"3 Cultists","floor":24,"turns":4},{"damage":19,"enemies":"conspire:MimicChest","floor":25,"turns":5},{"damage":13,"enemies":"3 Cultists","floor":27,"turns":3},{"damage":8,"enemies":"Centurion and Healer","floor":28,"turns":4},{"damage":15,"enemies":"Book of Stabbing","floor":29,"turns":5},{"damage":15,"enemies":"Snecko","floor":30,"turns":4},{"damage":0,"enemies":"Chosen and Byrds","floor":32,"turns":4},{"damage":38,"enemies":"DF_ARCHETYPE_CLAW","floor":33,"turns":6}],"seed_played":"-2038572736707781528","potions_obtained":[{"floor":2,"key":"Fire Potion"},{"floor":8,"key":"Elixir"},{"floor":11,"key":"potionbrewer:CleansingPotion"},{"floor":12,"key":"PowerPotion"},{"floor":14,"key":"potionbrewer:CleansingPotion"},{"floor":22,"key":"blueLaboratory:AbyssPotion"},{"floor":27,"key":"potionbrewer:AcidPotion"},{"floor":28,"key":"Strength Potion"},{"floor":30,"key":"blueLaboratory:EmptyBottle"}],"is_trial":false,"path_per_floor":["R_BF","M","M","?","M","$","T","E","$","R","E","M","?","M","M","B",null,"R","M","M","M","M","AVR","MIM","?","R","M","M","E","M","?","M","B"],"character_chosen":"THE_ANIMATOR","items_purchased":["animator:Pride","animator:Urushihara","animator:Gluttony"],"campfire_rested":1,"item_purchase_floors":[6,6,9],"current_hp_per_floor":[72,68,70,70,72,72,72,68,67,67,70,56,56,59,56,55,77,87,75,81,87,85,85,35,24,50,43,38,33,25,25,31,0,0],"gold":361,"neow_bonus":"TEN_PERCENT_HP_BONUS","is_daily":false,"chose_seed":false,"campfire_upgraded":2,"win_rate":0.0,"timestamp":1612507621,"path_taken":["R_BF","M","M","?","?","?","T","E","$","R","E","M","?","?","M","BOSS","R","M","M","M","M","AVR","MIM","?","R","?","M","E","?","?","M","BOSS"],"items_purchased_type":["Card","Card","Card"],"build_version":"2020-12-22","purchased_purges":0,"victory":false,"max_hp_per_floor":[72,72,73,73,73,73,73,73,73,73,73,74,74,75,75,77,77,87,87,87,87,87,87,87,88,88,88,88,88,88,88,88,88,88],"card_choices":[{"not_picked":["animator:Illya","animator:Demiurge"],"picked":"animator:Megumin","floor":2},{"not_picked":["animator:Caster","animator:RinTohsaka"],"picked":"animator:Verdia","floor":3},{"not_picked":["animator:LeleiLaLalena","animator:Genos"],"picked":"animator:Sloth","floor":5},{"not_picked":["animator:Chris","animator:Eris"],"picked":"animator:Darkness","floor":6},{"not_picked":["animator:Kuribayashi","animator:TukaLunaMarceau"],"picked":"animator:SakuraMatou","floor":8},{"not_picked":["animator:LeleiLaLalena","animator:WinryRockbell"],"picked":"animator:Alexander","floor":9},{"not_picked":["animator:Darkness","animator:MumenRider"],"picked":"animator:RoryMercury","floor":11},{"not_picked":["animator:Verdia","animator:Megumin"],"picked":"animator:Vanir","floor":12},{"not_picked":["animator:Sloth","animator:Genos"],"picked":"animator:Bozes","floor":14},{"not_picked":["animator:SakuraMatou","animator:Melzalgald"],"picked":"animator:YunYun","floor":15},{"not_picked":["animator:Boros","animator:Ainz"],"picked":"animator:Eris","floor":16},{"not_picked":["animator:Bozes","animator:Priestess"],"picked":"animator:PandorasActor+1","floor":19},{"not_picked":["animator:Vanir","animator:YunYun"],"picked":"animator:Mitsurugi","floor":20},{"not_picked":["animator:Illya","animator:Cocytus+1"],"picked":"animator:YaoHaDucy+1","floor":21},{"not_picked":["animator:Greed","animator:Lancer+1"],"picked":"animator:Caster","floor":22},{"not_picked":["animator:MumenRider","animator:Tatsumaki"],"picked":"animator:Cocytus","floor":25},{"not_picked":["animator:TukaLunaMarceau","animator:YunYun"],"picked":"animator:Berserker","floor":27},{"not_picked":["animator:Demiurge","animator:Cocytus"],"picked":"animator:PandorasActor","floor":28},{"not_picked":["animator:Lancer","animator:Tatsumaki+1","animator:Kuribayashi"],"picked":"SKIP","floor":29},{"not_picked":["animator:Alexander","animator:ElricEdward"],"picked":"animator:PandorasActor","floor":30},{"not_picked":["animator:RoryMercury","animator:Alexander"],"picked":"animator:Megumin","floor":32}],"player_experience":423477,"relics_obtained":[{"floor":1,"key":"HollowMod:LifeEnderRelic"},{"floor":2,"key":"LetterFromLob"},{"floor":8,"key":"animator:WornHelmet"},{"floor":11,"key":"reliquary:Aerogel"},{"floor":25,"key":"conspire:DecoderRing"},{"floor":29,"key":"Replay:Baseball"}],"event_choices":[{"damage_healed":0,"gold_gain":0,"player_choice":"Forge","damage_taken":0,"max_hp_gain":0,"max_hp_loss":0,"event_name":"Accursed Blacksmith","floor":13,"gold_loss":0,"cards_upgraded":["animator:Sloth"]},{"damage_healed":0,"gold_gain":0,"player_choice":"Insight","damage_taken":0,"max_hp_gain":0,"max_hp_loss":0,"event_name":"betterThird:BetterWriting","floor":31,"gold_loss":0,"cards_obtained":["Insight"]}],"is_beta":false,"boss_relics":[{"not_picked":["SlaversCollar","Ring of Chaos"],"picked":"Mark of Pain"}],"items_purged_floors":[],"is_endless":false,"potions_floor_spawned":[2,8,11,12,14,22,24,27,28,30],"killed_by":"DF_ARCHETYPE_CLAW","ascension_level":0}}