{"host":"gopu3kmfaoww0llm","time":1612539472,"event":{"mods":["AchievementEnabler","BaseMod","Colored Powertips","DeckTracker","Minty Spire (QoL Compilation)","Quick Restart","StSLib","SuperFastMode"],"gold_per_floor":[114,114,129,144,69,103,103,138,187,187,187,202,202,219,219,290,290,329,71,83,83,101,101,158,198,225,225,260,260,260],"floor_reached":29,"language":"KOR","playtime":545,"items_purged":["Strike_P","Strike_P"],"score":510,"play_id":"8f706463-0677-488d-989f-c756e552a338","local_time":"20210206003752","is_ascension_mode":true,"campfire_choices":[{"floor":7.0,"key":"RECALL"},{"floor":10.0,"key":"REST"},{"data":"Ragnarok","floor":13.0,"key":"SMITH"},{"floor":15.0,"key":"REST"},{"floor":23.0,"key":"REST"},{"floor":27.0,"key":"REST"}],"circlet_count":0,"master_deck":["AscendersBane","Strike_P","Defend_P","Defend_P","Defend_P","Eruption+1","Vigilance","FlurryOfBlows","EmptyFist","Ragnarok+1","Wish","Crescendo+1","Study","Fasting2+1","Adaptation+1","Writhe","ClearTheMind+1"],"relics":["PureWater","Gremlin Horn","Juzu Bracelet","Toy Ornithopter","Philosopher\u0027s Stone","Orrery","Anchor","Lantern","Bag of Marbles"],"acts_visited":["Exordium","TheCity"],"potions_floor_usage":[29,29],"damage_taken":[{"damage":3.0,"enemies":"2 Louse","floor":1.0,"turns":3.0},{"damage":0.0,"enemies":"Jaw Worm","floor":3.0,"turns":4.0},{"damage":0.0,"enemies":"Cultist","floor":4.0,"turns":3.0},{"damage":19.0,"enemies":"Lagavulin","floor":6.0,"turns":5.0},{"damage":41.0,"enemies":"Gremlin Nob","floor":8.0,"turns":4.0},{"damage":0.0,"enemies":"3 Louse","floor":12.0,"turns":2.0},{"damage":0.0,"enemies":"Exordium Wildlife","floor":14.0,"turns":2.0},{"damage":42.0,"enemies":"Hexaghost","floor":16.0,"turns":8.0},{"damage":30.0,"enemies":"2 Thieves","floor":18.0,"turns":3.0},{"damage":9.0,"enemies":"Shell Parasite","floor":20.0,"turns":2.0},{"damage":0.0,"enemies":"Cultist and Chosen","floor":22.0,"turns":3.0},{"damage":30.0,"enemies":"Gremlin Leader","floor":24.0,"turns":5.0},{"damage":14.0,"enemies":"Centurion and Healer","floor":25.0,"turns":3.0},{"damage":6.0,"enemies":"Snecko","floor":28.0,"turns":3.0},{"damage":52,"enemies":"Slavers","floor":29,"turns":4}],"seed_played":"-1952596449189353313","potions_obtained":[{"floor":1.0,"key":"Regen Potion"},{"floor":3.0,"key":"SteroidPotion"},{"floor":8.0,"key":"Ancient Potion"},{"floor":20.0,"key":"FairyPotion"},{"floor":28.0,"key":"Block Potion"}],"is_trial":false,"path_per_floor":["M","?","M","M","$","E","R","E","T","R","?","M","R","M","R","B",null,"M","$","M","?","M","R","E","M","T","R","M","E"],"character_chosen":"WATCHER","items_purchased":["Orrery"],"campfire_rested":4,"item_purchase_floors":[19],"current_hp_per_floor":[58,51,51,51,51,32,32,3,3,23,23,23,23,23,43,1,51,21,21,12,12,12,32,2,20,20,40,34,0,0],"gold":260,"neow_bonus":"UPGRADE_CARD","is_daily":false,"chose_seed":false,"campfire_upgraded":1,"win_rate":0.0,"timestamp":1612539472,"path_taken":["M","?","M","M","$","E","R","E","T","R","?","M","R","M","R","BOSS","M","$","M","?","M","R","E","M","T","R","M","E"],"items_purchased_type":["Relic"],"build_version":"2020-12-22","purchased_purges":2,"victory":false,"max_hp_per_floor":[68,68,68,68,68,68,68,68,68,68,68,68,68,68,68,68,68,68,68,68,68,68,68,68,68,68,68,68,68,68],"card_choices":[{"not_picked":["ForeignInfluence","EmptyMind","Crescendo"],"picked":"SKIP","floor":1.0},{"not_picked":["EmptyBody","ThirdEye","Evaluate"],"picked":"SKIP","floor":3.0},{"not_picked":["ClearTheMind","Weave","Pray"],"picked":"SKIP","floor":4.0},{"not_picked":["SashWhip","WaveOfTheHand"],"picked":"FlurryOfBlows","floor":6.0},{"not_picked":["DeceiveReality","DevaForm"],"picked":"EmptyFist","floor":8.0},{"not_picked":["SashWhip","SandsOfTime","Fasting2"],"picked":"SKIP","floor":12.0},{"not_picked":["BattleHymn","FollowUp","CutThroughFate"],"picked":"SKIP","floor":14.0},{"not_picked":["SpiritShield","Blasphemy"],"picked":"Wish","floor":16.0},{"not_picked":["EmptyBody","JustLucky"],"picked":"Crescendo+1","floor":18.0},{"not_picked":["Wish","Fasting2"],"picked":"Study","floor":19.0},{"not_picked":["Sanctity","Consecrate"],"picked":"Fasting2+1","floor":19.0},{"not_picked":["EmptyBody","WreathOfFlame"],"picked":"Adaptation+1","floor":20.0},{"not_picked":["CutThroughFate","Worship"],"picked":"ClearTheMind+1","floor":22.0},{"not_picked":["FlurryOfBlows","Crescendo","PathToVictory"],"picked":"SKIP","floor":24.0},{"not_picked":["WheelKick","Nirvana","Protect"],"picked":"SKIP","floor":25.0},{"not_picked":["FlurryOfBlows","EmptyFist","SashWhip"],"picked":"SKIP","floor":28.0}],"player_experience":2906053,"relics_obtained":[{"floor":6.0,"key":"Gremlin Horn"},{"floor":8.0,"key":"Juzu Bracelet"},{"floor":9.0,"key":"Toy Ornithopter"},{"floor":24.0,"key":"Lantern"},{"floor":26.0,"key":"Bag of Marbles"}],"event_choices":[{"cards_removed":["Defend_P"],"damage_healed":0.0,"max_hp_gain":0.0,"max_hp_loss":0.0,"gold_gain":0.0,"event_name":"Golden Wing","player_choice":"Card Removal","floor":2.0,"gold_loss":0.0,"damage_taken":7.0},{"damage_healed":0.0,"max_hp_gain":0.0,"max_hp_loss":0.0,"gold_gain":0.0,"cards_transformed":["Strike_P"],"event_name":"Living Wall","player_choice":"Change","floor":11.0,"gold_loss":0.0,"damage_taken":0.0,"cards_obtained":["Ragnarok"]},{"damage_healed":0.0,"max_hp_gain":0.0,"max_hp_loss":0.0,"gold_gain":0.0,"event_name":"The Mausoleum","player_choice":"Opened","floor":21.0,"gold_loss":0.0,"damage_taken":0.0,"relics_obtained":["Anchor"],"cards_obtained":["Writhe"]}],"is_beta":false,"boss_relics":[{"not_picked":["Astrolabe","Coffee Dripper"],"picked":"Philosopher\u0027s Stone"}],"items_purged_floors":[5,19],"is_endless":false,"potions_floor_spawned":[1,3,8,20,22,24,28],"killed_by":"Slavers","ascension_level":20}}