{"host":"a3wpq7kyokchzawk","time":1612565792,"event":{"mods":["BaseMod","Colored Map","Highlight Path","Minty Spire (QoL Compilation)","Permanent Neow","Potion Indicator Mod","Relic Stats","Weighted Paths"],"gold_per_floor":[15,32,32,42,60,60,95,95,121,121,86,139,155,180,180,259,259,276,14,14,14,33,67,67,67],"floor_reached":24,"language":"ENG","playtime":2699,"items_purged":[],"score":448,"play_id":"16299d1a-4fe1-463f-8a0a-cbae35b81c9d","local_time":"20210205205632","is_ascension_mode":true,"campfire_choices":[{"data":"Skewer","floor":6.0,"key":"SMITH"},{"floor":8.0,"key":"REST"},{"data":"Neutralize","floor":10.0,"key":"SMITH"},{"data":"Corpse Explosion","floor":15.0,"key":"SMITH"}],"circlet_count":0,"master_deck":["AscendersBane","Strike_G","Strike_G","Strike_G","Strike_G","Defend_G","Defend_G","Defend_G","Defend_G","Defend_G","Survivor","Neutralize+1","Corpse Explosion+1","Flechettes","PiercingWail","Tools of the Trade","Skewer+1","Footwork","Footwork","PiercingWail","Envenom","Calculated Gamble+1"],"relics":["Ring of the Snake","Toy Ornithopter","Strawberry","Oddly Smooth Stone","Snake Skull","Philosopher\u0027s Stone","Meat on the Bone","Bottled Lightning"],"acts_visited":["Exordium","TheCity"],"potions_floor_usage":[],"damage_taken":[{"damage":0.0,"enemies":"2 Louse","floor":1.0,"turns":2.0},{"damage":2.0,"enemies":"Jaw Worm","floor":2.0,"turns":5.0},{"damage":0.0,"enemies":"Cultist","floor":4.0,"turns":4.0},{"damage":0.0,"enemies":"2 Fungi Beasts","floor":5.0,"turns":2.0},{"damage":53.0,"enemies":"Gremlin Nob","floor":7.0,"turns":6.0},{"damage":1.0,"enemies":"Exordium Thugs","floor":13.0,"turns":5.0},{"damage":16.0,"enemies":"Lagavulin","floor":14.0,"turns":7.0},{"damage":31.0,"enemies":"Hexaghost","floor":16.0,"turns":11.0},{"damage":27.0,"enemies":"Shell Parasite","floor":18.0,"turns":10.0},{"damage":6.0,"enemies":"Chosen","floor":22.0,"turns":5.0},{"damage":36.0,"enemies":"Book of Stabbing","floor":23.0,"turns":7.0},{"damage":28,"enemies":"Sentry and Sphere","floor":24,"turns":5}],"seed_played":"-7451141122187489634","potions_obtained":[{"floor":7.0,"key":"FearPotion"},{"floor":13.0,"key":"DistilledChaos"},{"floor":16.0,"key":"SneckoOil"}],"is_trial":false,"path_per_floor":["M","M","?","M","M","R","E","R","T","R","?","T","M","E","R","B",null,"M","$","?","$","M","E","M"],"character_chosen":"THE_SILENT","items_purchased":["Meat on the Bone"],"campfire_rested":1,"item_purchase_floors":[19],"current_hp_per_floor":[59,57,57,57,57,57,4,23,30,30,48,48,52,41,41,10,57,30,30,30,30,41,17,0,0],"gold":67,"neow_bonus":"THREE_RARE_CARDS","is_daily":false,"chose_seed":false,"campfire_upgraded":3,"win_rate":0.0,"timestamp":1612565792,"path_taken":["M","M","?","M","M","R","E","R","T","R","?","?","M","E","R","BOSS","M","?","?","$","M","E","M"],"items_purchased_type":["Relic"],"build_version":"2020-12-22","purchased_purges":0,"victory":false,"max_hp_per_floor":[66,66,66,66,66,66,66,66,73,73,73,73,73,73,73,73,73,73,73,73,73,73,73,73,73],"relic_stats":{"counters":[12,69],"Snake Skull":[36],"obtain_stats":[{"Strawberry":9,"Oddly Smooth Stone":12,"Philosopher\u0027s Stone":17,"Snake Skull":14,"Bottled Lightning":23,"Toy Ornithopter":7,"Ring of the Snake":0,"Meat on the Bone":19},{"Strawberry":5,"Oddly Smooth Stone":5,"Philosopher\u0027s Stone":8,"Snake Skull":7,"Bottled Lightning":11,"Toy Ornithopter":5,"Ring of the Snake":0,"Meat on the Bone":9},{"Strawberry":19,"Oddly Smooth Stone":19,"Philosopher\u0027s Stone":42,"Snake Skull":31,"Bottled Lightning":64,"Toy Ornithopter":19,"Ring of the Snake":0,"Meat on the Bone":52}],"Toy Ornithopter":15,"Ring of the Snake":[24],"Meat on the Bone":24},"card_choices":[{"not_picked":["Envenom","Venomology"],"picked":"Corpse Explosion","floor":0.0},{"not_picked":["Bane","PiercingWail"],"picked":"Flechettes","floor":1.0},{"not_picked":["Accuracy","Slice"],"picked":"PiercingWail","floor":2.0},{"not_picked":["Dagger Throw","Bane"],"picked":"Skewer","floor":4.0},{"not_picked":["Calculated Gamble","Dodge and Roll"],"picked":"Footwork","floor":5.0},{"not_picked":["Distraction","Caltrops"],"picked":"Footwork","floor":7.0},{"not_picked":["Poisoned Stab","Outmaneuver"],"picked":"PiercingWail","floor":13.0},{"not_picked":["Dagger Throw","Sucker Punch","PiercingWail"],"picked":"SKIP","floor":14.0},{"not_picked":["Phantasmal Killer","Unload"],"picked":"Envenom","floor":16.0},{"not_picked":["Choke","Underhanded Strike","Poisoned Stab"],"picked":"SKIP","floor":18.0},{"not_picked":["Flying Knee","Deflect"],"picked":"Calculated Gamble+1","floor":22.0},{"not_picked":["Concentrate","Deadly Poison","Heel Hook"],"picked":"SKIP","floor":23.0}],"player_experience":2631215,"relics_obtained":[{"floor":7.0,"key":"Toy Ornithopter"},{"floor":9.0,"key":"Strawberry"},{"floor":12.0,"key":"Oddly Smooth Stone"},{"floor":14.0,"key":"Snake Skull"},{"floor":23.0,"key":"Bottled Lightning"}],"event_choices":[{"damage_healed":0.0,"max_hp_gain":0.0,"max_hp_loss":0.0,"gold_gain":0.0,"cards_transformed":["Strike_G"],"event_name":"Living Wall","player_choice":"Change","floor":3.0,"gold_loss":0.0,"damage_taken":0.0,"cards_obtained":["Tools of the Trade"]},{"damage_healed":18.0,"max_hp_gain":0.0,"max_hp_loss":0.0,"gold_gain":0.0,"event_name":"The Cleric","player_choice":"Healed","floor":11.0,"gold_loss":35.0,"damage_taken":0.0}],"is_beta":false,"boss_relics":[{"not_picked":["Sozu","Tiny House"],"picked":"Philosopher\u0027s Stone"}],"items_purged_floors":[],"is_endless":false,"potions_floor_spawned":[7,13,16],"killed_by":"Sentry and Sphere","ascension_level":20}}