{"host":"jgium6uphs5jqstm","time":1612484803,"event":{"mods":["AchievementEnabler","BaseMod","Minty Spire (QoL Compilation)"],"gold_per_floor":[113,128,141,153,153,153,165,180,206,226,238,294,369,349,349,447,447,464,482,501,114,114,114,146,71,71,170,181,215,215,315,315,412,412,428,278,298,309,328,328,341,341,365,365,365],"floor_reached":44,"language":"ENG","playtime":1925,"items_purged":["Strike_R","Strike_R"],"score":666,"play_id":"697fb725-6d4d-431b-846f-95b092274549","local_time":"20210204152643","is_ascension_mode":true,"campfire_choices":[{"data":"Pummel","floor":6,"key":"SMITH"},{"floor":15,"key":"REST"},{"floor":23,"key":"REST"},{"floor":30,"key":"REST"},{"floor":32,"key":"REST"},{"floor":40,"key":"REST"}],"circlet_count":0,"master_deck":["AscendersBane","Strike_R","Strike_R","Defend_R+1","Defend_R+1","Defend_R","Defend_R","Bash+1","Armaments+1","Impervious","Pummel+1","Thunderclap","Rampage+1","Immolate","Whirlwind","Pommel Strike","Limit Break","Cleave","Clothesline+1","Pummel","Clothesline+1","Body Slam+1","Iron Wave+1","Shrug It Off+1","Uppercut","Deep Breath","Bash","Shame"],"relics":["Burning Blood","Art of War","Lantern","Busted Crown","Lizard Tail","Enchiridion","War Paint","Mercury Hourglass","Dream Catcher","Cursed Key","Whetstone"],"acts_visited":["Exordium","TheCity","TheBeyond"],"potions_floor_usage":[8,16,24,33,37],"damage_taken":[{"damage":1,"enemies":"Cultist","floor":1,"turns":3},{"damage":8,"enemies":"2 Louse","floor":2,"turns":4},{"damage":4,"enemies":"Small Slimes","floor":3,"turns":3},{"damage":2,"enemies":"2 Fungi Beasts","floor":4,"turns":5},{"damage":8,"enemies":"3 Louse","floor":7,"turns":4},{"damage":20,"enemies":"Gremlin Gang","floor":8,"turns":6},{"damage":8,"enemies":"Blue Slaver","floor":10,"turns":4},{"damage":11,"enemies":"Looter","floor":11,"turns":3},{"damage":20,"enemies":"Gremlin Nob","floor":12,"turns":4},{"damage":50,"enemies":"Hexaghost","floor":16,"turns":10},{"damage":25,"enemies":"Shell Parasite","floor":18,"turns":4},{"damage":0,"enemies":"Chosen","floor":19,"turns":3},{"damage":18,"enemies":"Snecko","floor":20,"turns":4},{"damage":21,"enemies":"Slavers","floor":24,"turns":3},{"damage":2,"enemies":"3 Cultists","floor":28,"turns":3},{"damage":22,"enemies":"Gremlin Leader","floor":29,"turns":4},{"damage":55,"enemies":"Champ","floor":33,"turns":10},{"damage":17,"enemies":"Orb Walker","floor":35,"turns":3},{"damage":22,"enemies":"3 Darklings","floor":37,"turns":4},{"damage":12,"enemies":"Transient","floor":38,"turns":5},{"damage":49,"enemies":"Spire Growth","floor":39,"turns":5},{"damage":43,"enemies":"4 Shapes","floor":41,"turns":4},{"damage":18,"enemies":"Writhing Mass","floor":44,"turns":1}],"seed_played":"2661904389631308760","potions_obtained":[{"floor":7,"key":"Weak Potion"},{"floor":8,"key":"LiquidBronze"},{"floor":12,"key":"Fire Potion"},{"floor":18,"key":"SmokeBomb"},{"floor":19,"key":"DuplicationPotion"},{"floor":29,"key":"Strength Potion"},{"floor":35,"key":"Dexterity Potion"},{"floor":39,"key":"Swift Potion"}],"is_trial":false,"path_per_floor":["M","M","M","M","?","R","M","M","T","M","M","?","?","?","R","B",null,"M","M","M","$","?","R","E","?","T","?","M","E","R","?","R","B",null,"M","$","M","M","M","R","M","?","T","M"],"character_chosen":"IRONCLAD","items_purchased":["Lizard Tail","Block Potion"],"campfire_rested":5,"item_purchase_floors":[21,36],"current_hp_per_floor":[77,75,77,80,80,80,78,64,64,62,57,43,32,32,56,12,63,44,50,38,38,22,46,31,31,31,31,35,19,43,43,67,18,65,54,54,38,32,29,53,16,16,16,0,0],"gold":365,"neow_bonus":"UPGRADE_CARD","is_daily":false,"chose_seed":false,"campfire_upgraded":1,"win_rate":0.0,"timestamp":1612484803,"path_taken":["M","M","M","M","?","R","?","M","T","M","M","?","?","?","R","BOSS","M","?","?","$","?","R","E","?","T","?","M","E","R","?","R","BOSS","M","$","M","M","M","R","?","?","T","M"],"items_purchased_type":["Relic","Potion"],"build_version":"2020-12-22","purchased_purges":2,"victory":false,"max_hp_per_floor":[80,80,80,80,80,80,80,80,80,80,80,80,80,80,80,80,80,80,80,80,80,80,80,80,80,80,80,80,80,80,80,80,80,80,80,80,80,80,80,80,80,80,80,80,80],"card_choices":[{"not_picked":["Shrug It Off","Havoc"],"picked":"Armaments","floor":1},{"not_picked":["Clothesline","Perfected Strike"],"picked":"Impervious","floor":2},{"not_picked":["Rupture","Clash"],"picked":"Pummel","floor":3},{"not_picked":["Inflame","Havoc"],"picked":"Thunderclap","floor":4},{"not_picked":["Flex","Sword Boomerang","Power Through"],"picked":"SKIP","floor":7},{"not_picked":["Disarm","Anger"],"picked":"Rampage","floor":8},{"not_picked":["Dropkick","Sword Boomerang"],"picked":"Immolate","floor":10},{"not_picked":["Dual Wield","Thunderclap"],"picked":"Whirlwind","floor":11},{"not_picked":["Battle Trance","Heavy Blade"],"picked":"Pommel Strike","floor":12},{"not_picked":["Brutality","Feed"],"picked":"Limit Break","floor":16},{"not_picked":[],"picked":"Cleave","floor":18},{"not_picked":[],"picked":"Clothesline+1","floor":19},{"not_picked":[],"picked":"Pummel","floor":20},{"not_picked":["Dropkick"],"picked":"SKIP","floor":24},{"not_picked":["Rupture+1"],"picked":"SKIP","floor":28},{"not_picked":["Twin Strike"],"picked":"SKIP","floor":29},{"not_picked":[],"picked":"Clothesline+1","floor":32},{"not_picked":[],"picked":"Body Slam+1","floor":35},{"not_picked":[],"picked":"Iron Wave","floor":37},{"not_picked":[],"picked":"Shrug It Off+1","floor":38},{"not_picked":[],"picked":"Uppercut","floor":39},{"not_picked":["Combust"],"picked":"SKIP","floor":41}],"player_experience":298058,"relics_obtained":[{"floor":9,"key":"Art of War"},{"floor":12,"key":"Lantern"},{"floor":22,"key":"Enchiridion"},{"floor":24,"key":"War Paint"},{"floor":26,"key":"Mercury Hourglass"},{"floor":29,"key":"Dream Catcher"},{"floor":43,"key":"Whetstone"}],"event_choices":[{"damage_healed":0,"gold_gain":0,"player_choice":"Upgraded","damage_taken":0,"max_hp_gain":0,"max_hp_loss":0,"event_name":"Upgrade Shrine","floor":5,"gold_loss":0,"cards_upgraded":["Armaments"]},{"damage_healed":0,"gold_gain":0,"player_choice":"Searched \u00271\u0027 times","damage_taken":0,"max_hp_gain":0,"max_hp_loss":0,"event_name":"Dead Adventurer","floor":12,"gold_loss":0},{"damage_healed":0,"gold_gain":75,"player_choice":"Gather Gold","damage_taken":11,"max_hp_gain":0,"max_hp_loss":0,"event_name":"World of Goop","floor":13,"gold_loss":0},{"damage_healed":0,"gold_gain":0,"player_choice":"Bought 1 Potion","damage_taken":0,"max_hp_gain":0,"max_hp_loss":0,"event_name":"The Woman in Blue","floor":14,"gold_loss":0},{"damage_healed":0,"gold_gain":0,"player_choice":"Obtained Book","damage_taken":16,"max_hp_gain":0,"max_hp_loss":0,"event_name":"Cursed Tome","floor":22,"gold_loss":0},{"cards_removed":["Strike_R"],"damage_healed":0,"gold_gain":0,"player_choice":"Gave Gold","damage_taken":0,"max_hp_gain":0,"max_hp_loss":0,"event_name":"Beggar","floor":25,"gold_loss":75},{"damage_healed":0,"gold_gain":99,"player_choice":"Stole From Cult","damage_taken":0,"max_hp_gain":0,"max_hp_loss":0,"event_name":"Nest","floor":27,"gold_loss":0},{"damage_healed":0,"gold_gain":100,"player_choice":"Pray","damage_taken":0,"max_hp_gain":0,"max_hp_loss":0,"event_name":"Golden Shrine","floor":31,"gold_loss":0},{"damage_healed":0,"gold_gain":0,"player_choice":"2 cards matched","damage_taken":0,"max_hp_gain":0,"max_hp_loss":0,"event_name":"Match and Keep!","floor":42,"gold_loss":0,"cards_obtained":["Deep Breath","Bash"]}],"is_beta":false,"boss_relics":[{"not_picked":["Velvet Choker","Runic Pyramid"],"picked":"Busted Crown"},{"not_picked":["Philosopher\u0027s Stone","Fusion Hammer"],"picked":"Cursed Key"}],"items_purged_floors":[21,36],"is_endless":false,"potions_floor_spawned":[7,8,12,18,19,29,35,39],"killed_by":"Writhing Mass","ascension_level":10}}