{"host":"eemx8njkng76fu5x","time":1612522155,"event":{"mods":["2.2 Compatiblity","BaseMod","Colored Map","Downfall","Minty Spire (QoL Compilation)","Permanent Neow","StSLib","Unceasing Turn Reminder","Unknown Chances"],"gold_per_floor":[99,116,134,144,163,63,63,63,63,76,76,87,32,63,74,149,149,49,60,7,7,24,24,97,122,132,132,32,17,17,35,49,126,126,126,143,3,3,3,28,55,155,174,174,190,51,51,69,81,81,81,115,115,115,115,115],"floor_reached":57,"language":"ENG","playtime":3224,"items_purged":["Guardian:ChargeCore","Guardian:ChargeUp"],"score":1938,"play_id":"17599655-3353-48f4-8f08-c19db2918f1a","local_time":"20210205184915","is_ascension_mode":true,"campfire_choices":[{"floor":1.0,"key":"RECALL"},{"data":"Guardian:BodySlam","floor":6.0,"key":"SMITH"},{"data":"Guardian:TwinSlam","floor":8.0,"key":"SMITH"},{"floor":11.0,"key":"REST"},{"data":"Guardian:StasisEngine","floor":18.0,"key":"SMITH"},{"data":"Guardian:TimeCapacitor","floor":23.0,"key":"SMITH"},{"data":"Guardian:SentryBeam","floor":28,"key":"SMITH"},{"data":"Guardian:SentryBeam","floor":30,"key":"SMITH"},{"data":"Guardian:SentryBeam","floor":35,"key":"SMITH"},{"data":"Guardian:PrismaticBarrier","floor":44,"key":"SMITH"},{"data":"Guardian:FloatingOrbs","floor":47,"key":"SMITH"},{"data":"Guardian:SentryBeam","floor":54,"key":"SMITH"}],"circlet_count":0,"master_deck":["AscendersBane","Guardian:Defend_Guardian","Guardian:Defend_Guardian","Guardian:Defend_Guardian","Guardian:Defend_Guardian","Guardian:CurlUp","Guardian:TwinSlam+1","Guardian:BodySlam+1","Guardian:SentryBeam+1","Guardian:TemporalStrike","Guardian:SentryBeam+1","Guardian:RevengeProtocol","Guardian:StasisEngine+1","Guardian:TemporalShield","Guardian:SentryBeam+1","Guardian:TimeCapacitor+1","Guardian:StasisStrike","Guardian:StasisStrike","Guardian:SentryBeam+1","Guardian:SpikerProtocol","Guardian:FloatingOrbs+1","Guardian:ShieldSpikes","Guardian:PrismaticBarrier+1","Guardian:EvasiveProtocol","Guardian:BronzeOrb","Guardian:TemporalShield"],"relics":["Guardian:ModeShifter","Ice Cream","downfall:HeartBlessingRed","Meat on the Bone","Sozu","downfall:HeartBlessingGreen","Mercury Hourglass","Happy Flower","downfall:HeartBlessingBlue","expansioncontent:StudyCardRelic","Kunai","TheAbacus","Thread and Needle","Omamori","Ornamental Fan"],"acts_visited":["Exordium","TheCity","TheBeyond","TheEnding"],"potions_floor_usage":[33],"damage_taken":[{"damage":4.0,"enemies":"Cultist","floor":2.0,"turns":5.0},{"damage":6.0,"enemies":"Jaw Worm","floor":3.0,"turns":5.0},{"damage":10.0,"enemies":"Small Slimes","floor":4.0,"turns":4.0},{"damage":5.0,"enemies":"3 Louse","floor":5.0,"turns":4.0},{"damage":0.0,"enemies":"Large Slime","floor":10.0,"turns":6.0},{"damage":5.0,"enemies":"Gremlin Gang","floor":12.0,"turns":4.0},{"damage":0.0,"enemies":"downfall:FleeingMerchant","floor":13.0,"turns":4.0},{"damage":2.0,"enemies":"Lagavulin","floor":14.0,"turns":4.0},{"damage":8.0,"enemies":"Large Slime","floor":15.0,"turns":5.0},{"damage":7.0,"enemies":"SI_SHIV_ARCHETYPE","floor":16.0,"turns":7.0},{"damage":6.0,"enemies":"Shell Parasite","floor":19.0,"turns":5.0},{"damage":0.0,"enemies":"downfall:FleeingMerchant","floor":20.0,"turns":4.0},{"damage":4.0,"enemies":"3 Cultists","floor":22.0,"turns":5.0},{"damage":33,"enemies":"Slavers","floor":25,"turns":4},{"damage":11,"enemies":"Sentry and Sphere","floor":26,"turns":4},{"damage":0,"enemies":"downfall:FleeingMerchant","floor":29,"turns":4},{"damage":8,"enemies":"Centurion and Healer","floor":31,"turns":5},{"damage":17,"enemies":"Snake Plant","floor":32,"turns":4},{"damage":2,"enemies":"WA_ARCHETYPE_CALM","floor":33,"turns":9},{"damage":10,"enemies":"3 Shapes","floor":36,"turns":3},{"damage":13,"enemies":"downfall:FleeingMerchant","floor":37,"turns":3},{"damage":0,"enemies":"downfall:FleeingMerchant","floor":40,"turns":5},{"damage":12,"enemies":"3 Darklings","floor":43,"turns":5},{"damage":12,"enemies":"Writhing Mass","floor":45,"turns":6},{"damage":9,"enemies":"Jaw Worm Horde","floor":48,"turns":6},{"damage":0,"enemies":"Maw","floor":49,"turns":6},{"damage":0,"enemies":"IC_BLOCK_ARCHETYPE","floor":50,"turns":7},{"damage":0,"enemies":"downfall:CharBossMerchant","floor":52,"turns":10},{"damage":0,"enemies":"downfall:NeowBoss","floor":55,"turns":14},{"damage":4,"enemies":"downfall:NeowBossFinal","floor":56,"turns":12}],"seed_played":"9218571323943017099","potions_obtained":[{"floor":2.0,"key":"hexamod:SoulburnPotion"},{"floor":4.0,"key":"Energy Potion"},{"floor":12.0,"key":"Guardian:StasisDiscoveryPotion"},{"floor":15.0,"key":"champ:CounterPotion"}],"is_trial":false,"path_per_floor":["R","M","M","M","M","R","T","R","?","M","R","M","$","E","M","B",null,"R","M","$","?","M","R","T","E","M","?","R","$","R","M","M","B",null,"R","M","$","?","?","?","T","?","M","R","M","$","R","M","M","B",null,"E","$","R","B","B",null],"character_chosen":"GUARDIAN","items_purchased":["Guardian:SentryBeam","Guardian:TimeCapacitor","Kunai","TheAbacus","Guardian:EvasiveProtocol"],"campfire_rested":1,"item_purchase_floors":[13,20,37,37,46],"current_hp_per_floor":[65,61,55,45,40,40,40,40,40,40,59,54,54,52,44,37,58,58,52,52,52,48,48,48,27,28,28,38,38,38,42,37,47,68,68,58,45,45,45,45,45,45,45,45,45,45,45,48,48,48,68,68,68,68,68,64],"gold":115,"neow_bonus":"ONE_RARE_RELIC","is_daily":false,"chose_seed":false,"campfire_upgraded":10,"win_rate":0.0,"timestamp":1612522155,"path_taken":["R","M","M","M","M","R","T","R","?","M","R","M","?","E","M","BOSS","R","M","$","?","M","R","T","E","M","?","R","?","R","M","M","BOSS","R","M","$","?","?","?","T","?","M","R","M","$","R","M","M","BOSS","E","$","R","BOSS","BOSS"],"items_purchased_type":["Card","Card","Relic","Relic","Card"],"build_version":"2020-12-22","purchased_purges":2,"victory":true,"max_hp_per_floor":[65,65,65,65,65,65,65,65,65,65,65,65,65,65,65,65,65,65,65,65,65,65,65,65,65,65,65,75,75,75,75,75,75,75,75,75,75,75,75,75,75,75,75,75,75,75,75,75,75,75,75,75,75,75,75,75],"card_choices":[{"not_picked":["Guardian:Clone","Guardian:Gem_Lightblue"],"picked":"Guardian:BodySlam","floor":2.0},{"not_picked":["Guardian:Reroute","Guardian:BronzeOrb"],"picked":"Guardian:Gem_Purple","floor":3.0},{"not_picked":["Guardian:Gem_Lightblue","Guardian:Gem_Red"],"picked":"Guardian:Gem_White","floor":4.0},{"not_picked":["Guardian:Gem_Green","Guardian:Gem_Lightblue"],"picked":"Guardian:ChargeUp","floor":5.0},{"not_picked":["Guardian:PolyBeam","Guardian:Emergency"],"picked":"Guardian:SentryBeam","floor":10.0},{"not_picked":["Guardian:Gem_Cyan","Guardian:Reroute"],"picked":"Guardian:ChargeCore","floor":12.0},{"not_picked":["Guardian:Reroute","Guardian:Gem_Cyan"],"picked":"Guardian:TemporalStrike","floor":13.0},{"not_picked":["Guardian:Gem_Green","Guardian:TemporalStrike"],"picked":"Guardian:RevengeProtocol","floor":14.0},{"not_picked":["Guardian:Gem_Green","Guardian:DonusPower"],"picked":"Guardian:Gem_Cyan","floor":15.0},{"not_picked":["Guardian:StasisField","Guardian:Gem_Orange"],"picked":"Guardian:StasisEngine","floor":16.0},{"not_picked":["Guardian:TimeBomb","Guardian:EvasiveProtocol"],"picked":"Guardian:TemporalShield","floor":19.0},{"not_picked":["Guardian:Gem_Blue","Guardian:TemporalStrike"],"picked":"Guardian:SentryBeam","floor":20.0},{"not_picked":["Guardian:PiercingHide","Guardian:Preprogram"],"picked":"Guardian:SentryBeam","floor":22.0},{"not_picked":["Guardian:ShieldCharger","Guardian:Preprogram","Guardian:PrismaticBeam+1"],"picked":"SKIP","floor":25},{"not_picked":["Guardian:TemporalStrike+1","Guardian:Gem_Fragmented","Guardian:Gem_Cyan"],"picked":"SKIP","floor":26},{"not_picked":["Guardian:ChargeCore","Guardian:PrimingBeam","Guardian:StasisStrike"],"picked":"SKIP","floor":29},{"not_picked":["Guardian:ChargeCore","Guardian:ShieldCharger","Guardian:TemporalStrike+1"],"picked":"SKIP","floor":31},{"not_picked":["Guardian:MultiBeam","Guardian:Gem_Blue"],"picked":"Guardian:SpikerProtocol","floor":32},{"not_picked":["Guardian:ShieldCharger","Guardian:TimeCapacitor"],"picked":"Guardian:FloatingOrbs","floor":36},{"not_picked":["Guardian:Preprogram","Guardian:PiercingHide"],"picked":"Guardian:ShieldSpikes","floor":37},{"not_picked":["Guardian:SentryBeam","Guardian:BronzeArmor"],"picked":"Guardian:PrismaticBarrier","floor":43},{"not_picked":["Guardian:VentSteam","Guardian:EvasiveProtocol+1"],"picked":"Guardian:Gem_Orange","floor":45},{"not_picked":["Guardian:PrimingBeam","Guardian:MultiBeam"],"picked":"Guardian:Gem_Cyan","floor":48},{"not_picked":["Guardian:Emergency+1","Guardian:Gem_Lightblue"],"picked":"Guardian:BronzeOrb","floor":49},{"not_picked":["Guardian:Gem_Lightblue","Guardian:ShieldCharger"],"picked":"Guardian:TemporalShield","floor":52}],"player_experience":562170,"relics_obtained":[{"floor":14.0,"key":"Meat on the Bone"},{"floor":24.0,"key":"Mercury Hourglass"},{"floor":25,"key":"Happy Flower"},{"floor":40,"key":"Thread and Needle"},{"floor":41,"key":"Omamori"},{"floor":52,"key":"Ornamental Fan"}],"event_choices":[{"damage_healed":0.0,"max_hp_gain":0.0,"max_hp_loss":0.0,"gold_gain":0.0,"cards_transformed":["Guardian:Strike_Guardian","Guardian:Strike_Guardian"],"event_name":"Drug Dealer","player_choice":"Became Test Subject","floor":21.0,"gold_loss":0.0,"damage_taken":0.0,"cards_obtained":["Guardian:StasisStrike","Guardian:StasisStrike"]},{"cards_removed":["Guardian:Strike_Guardian"],"damage_healed":0,"gold_gain":0,"player_choice":"Removed Attack","damage_taken":0,"max_hp_gain":0,"max_hp_loss":0,"event_name":"Falling","floor":39,"gold_loss":0}],"is_beta":false,"boss_relics":[{"not_picked":["Guardian:ModeShifterPlus","Black Star"],"picked":"Sozu"},{"not_picked":["SlaversCollar","Cursed Key"],"picked":"expansioncontent:StudyCardRelic"}],"items_purged_floors":[37,46],"is_endless":false,"potions_floor_spawned":[2,4,12,15,22,25,31,36,40,45,48],"ascension_level":14}}