{"host":"chv1qanoipyt46jc","time":1612503326,"event":{"mods":["2.2 Compatiblity","AchievementEnabler","BaseMod","BetterRewards","CapriCore","Card Filter","Evolution","Gold Saver","Grow up Mod","Minty Spire (QoL Compilation)","Rare Cards Sparkle","Relic Filter","Remove Card Discount Mod","Reorder Act Four","StSLib","The Poker Player"],"gold_per_floor":[702,702,702,702,716,716,735,791,791,810,828,841,874,890,890,990,990,1009,1009,1028,1024,1036,1036,1036,1065,1065,1078,1104,1104,1138,1151,1151,1250,1250,1270,1290,1339,1353,1371,1371,1380,1711,1756,1767,1767,1794,1794,1806,1806,1806,1806,1800,1800,1826,1826],"floor_reached":56,"language":"ENG","playtime":1211,"items_purged":["PokerPlayerMod:Diamond1","PokerPlayerMod:Diamond2","PokerPlayerMod:Diamond3","PokerPlayerMod:Spade1","PokerPlayerMod:Spade2","PokerPlayerMod:Spade3","PokerPlayerMod:Club1","PokerPlayerMod:Club2","PokerPlayerMod:SpadeStrike","PokerPlayerMod:BadJoker","PokerPlayerMod:Mulligan","PokerPlayerMod:Trickery","PokerPlayerMod:Diamond3","PokerPlayerMod:Diamond4","PokerPlayerMod:Diamond5","PokerPlayerMod:Spade4","PokerPlayerMod:Spade4","PokerPlayerMod:Club6","PokerPlayerMod:Diamond8","Madness","Madness","PokerPlayerMod:Raise"],"score":1866,"play_id":"6dbb7ac0-bd50-4c53-ace8-f260a43e1798","local_time":"20210204233526","is_ascension_mode":false,"metric_token":1042,"campfire_choices":[{"data":"PokerPlayerMod:Club9","floor":6,"key":"SMITH"},{"data":"PokerPlayerMod:Club8","floor":15,"key":"SMITH"},{"data":"PokerPlayerMod:Club9","floor":24,"key":"SMITH"},{"data":"PokerPlayerMod:Club8","floor":29,"key":"SMITH"},{"floor":32,"key":"RECALL"},{"data":"PokerPlayerMod:Club9","floor":40,"key":"SMITH"},{"data":"PokerPlayerMod:Club8","floor":45,"key":"SMITH"},{"data":"PokerPlayerMod:Club9","floor":47,"key":"SMITH"},{"data":"PokerPlayerMod:Spade9","floor":49,"key":"SMITH"},{"floor":53,"key":"DIG"}],"circlet_count":0,"master_deck":["PokerPlayerMod:Club10+","PokerPlayerMod:Club10+","PokerPlayerMod:Club10+","PokerPlayerMod:Spade10+","PokerPlayerMod:Club10+","PokerPlayerMod:Club10+","PokerPlayerMod:ClubShade+1"],"relics":["PokerPlayerMod:DeckCase","EVO:Axolotl","Frozen Egg 2","Orrery","MealTicket","Shovel","White Beast Statue","SlaversCollar","CeramicFish","Anchor","Boot","Darkstone Periapt","Coffee Dripper","Mango","Old Coin","Blood Vial","Bottled Tornado","Pear"],"acts_visited":["Exordium","TheCity","TheBeyond","TheEnding"],"potions_floor_usage":[0],"damage_taken":[{"damage":0,"enemies":"Small Slimes","floor":1,"turns":1},{"damage":0,"enemies":"2 Louse","floor":5,"turns":1},{"damage":0,"enemies":"Jaw Worm","floor":7,"turns":1},{"damage":5,"enemies":"Lagavulin Event","floor":8,"turns":3},{"damage":0,"enemies":"2 Fungi Beasts","floor":10,"turns":1},{"damage":0,"enemies":"Red Slaver","floor":11,"turns":1},{"damage":0,"enemies":"3 Louse","floor":12,"turns":1},{"damage":0,"enemies":"3 Sentries","floor":13,"turns":1},{"damage":0,"enemies":"Large Slime","floor":14,"turns":2},{"damage":0,"enemies":"Slime Boss","floor":16,"turns":3},{"damage":0,"enemies":"Spheric Guardian","floor":18,"turns":2},{"damage":0,"enemies":"Chosen","floor":20,"turns":2},{"damage":0,"enemies":"3 Cultists","floor":22,"turns":1},{"damage":0,"enemies":"Book of Stabbing","floor":25,"turns":2},{"damage":0,"enemies":"Cultist and Chosen","floor":27,"turns":2},{"damage":0,"enemies":"Slavers","floor":28,"turns":1},{"damage":0,"enemies":"Gremlin Leader","floor":30,"turns":2},{"damage":0,"enemies":"Centurion and Healer","floor":31,"turns":2},{"damage":0,"enemies":"Champ","floor":33,"turns":4},{"damage":0,"enemies":"3 Shapes","floor":35,"turns":1},{"damage":0,"enemies":"3 Darklings","floor":36,"turns":1},{"damage":0,"enemies":"2 Orb Walkers","floor":37,"turns":1},{"damage":0,"enemies":"Maw","floor":38,"turns":3},{"damage":0,"enemies":"Giant Head","floor":42,"turns":5},{"damage":0,"enemies":"Writhing Mass","floor":44,"turns":2},{"damage":0,"enemies":"3 Darklings","floor":46,"turns":1},{"damage":0,"enemies":"Sphere and 2 Shapes","floor":48,"turns":1},{"damage":2,"enemies":"Time Eater","floor":50,"turns":5},{"damage":0,"enemies":"Shield and Spear","floor":54,"turns":2},{"damage":1,"enemies":"The Heart","floor":55,"turns":5}],"seed_played":"4724472967332630543","potions_obtained":[{"floor":5,"key":"Block Potion"},{"floor":10,"key":"Explosive Potion"},{"floor":12,"key":"Strength Potion"},{"floor":13,"key":"Ancient Potion"}],"is_trial":false,"path_per_floor":["M","?","?","$","M","R","M","?","T","M","M","M","E","M","R","B",null,"M","?","M","$","M","?","R","E","T","M","E","R","E","M","R","B",null,"M","M","?","M","?","R","?","E","T","M","R","M","R","M","R","B",null,"$","R","E","B",null],"character_chosen":"THE_POKER_PLAYER","items_purchased":["Frozen Egg 2","PokerPlayerMod:Diamond9","PokerPlayerMod:Diamond7","Orrery","Fruit Juice"],"campfire_rested":0,"item_purchase_floors":[0,0,0,0,0],"current_hp_per_floor":[46,40,50,75,85,95,105,110,120,130,140,150,160,170,180,190,240,250,202,212,237,247,262,272,282,292,302,312,322,332,342,352,362,415,425,435,459,469,420,430,440,450,460,472,482,494,504,516,526,536,599,609,619,639,648],"gold":1826,"neow_bonus":"","is_daily":false,"chose_seed":false,"campfire_upgraded":8,"win_rate":0.0,"timestamp":1612503326,"path_taken":["M","?","?","$","M","R","M","?","T","M","M","M","E","M","R","BOSS","M","?","M","$","M","?","R","E","T","M","E","R","E","M","R","BOSS","M","M","?","M","?","R","?","E","T","M","R","M","R","?","R","BOSS","$","R","E","BOSS"],"items_purchased_type":["Relic","Card","Card","Relic","Potion"],"build_version":"2020-12-22","purchased_purges":22,"victory":true,"max_hp_per_floor":[80,90,100,110,120,130,140,150,160,170,180,190,200,210,220,230,240,250,265,275,285,295,305,315,325,335,345,355,365,375,385,395,405,415,425,435,459,469,479,489,499,509,519,529,539,549,559,569,579,589,599,609,619,639,649],"card_choices":[{"not_picked":["PokerPlayerMod:Spade2","PokerPlayerMod:Diamond2"],"picked":"PokerPlayerMod:Club8","floor":0},{"not_picked":["PokerPlayerMod:Spade3","PokerPlayerMod:Club2"],"picked":"PokerPlayerMod:Diamond3","floor":0},{"not_picked":["PokerPlayerMod:Diamond3","PokerPlayerMod:CardPrinter+1"],"picked":"PokerPlayerMod:Spade4","floor":0},{"not_picked":["PokerPlayerMod:Spade1","PokerPlayerMod:Spade2"],"picked":"PokerPlayerMod:Trickery","floor":0},{"not_picked":["PokerPlayerMod:Spade3","PokerPlayerMod:Spade4"],"picked":"PokerPlayerMod:Club7","floor":0},{"not_picked":["PokerPlayerMod:Trickery","PokerPlayerMod:Diamond2"],"picked":"PokerPlayerMod:Club6","floor":1},{"not_picked":["PokerPlayerMod:RoyalStrike","PokerPlayerMod:Diamond4"],"picked":"PokerPlayerMod:Spade9","floor":5},{"not_picked":["PokerPlayerMod:CloakAndDiamond","PokerPlayerMod:ClubStrike","PokerPlayerMod:Spade1"],"picked":"SKIP","floor":7},{"not_picked":["PokerPlayerMod:MagicTrick","PokerPlayerMod:SecondChance"],"picked":"PokerPlayerMod:Raise","floor":10},{"not_picked":["PokerPlayerMod:Club2","PokerPlayerMod:Heart2","PokerPlayerMod:HeartStrike"],"picked":"SKIP","floor":11},{"not_picked":["PokerPlayerMod:Diamond1","PokerPlayerMod:Spade5","PokerPlayerMod:Configure"],"picked":"SKIP","floor":12},{"not_picked":["PokerPlayerMod:SecretDealer","PokerPlayerMod:Spade3","PokerPlayerMod:Fold"],"picked":"SKIP","floor":13},{"not_picked":["PokerPlayerMod:Spade5","PokerPlayerMod:MagicTrick","PokerPlayerMod:RiskyBet"],"picked":"SKIP","floor":14},{"not_picked":["PokerPlayerMod:Spade3","PokerPlayerMod:SecondChance+1","PokerPlayerMod:Diamond1"],"picked":"SKIP","floor":18},{"not_picked":["PokerPlayerMod:ClubStrike","PokerPlayerMod:Diamond2","PokerPlayerMod:Heart4"],"picked":"SKIP","floor":20},{"not_picked":["PokerPlayerMod:MagicTrick","PokerPlayerMod:Spade1"],"picked":"PokerPlayerMod:Club8","floor":22},{"not_picked":["PokerPlayerMod:Configure","PokerPlayerMod:Diamond4","PokerPlayerMod:DartThrow"],"picked":"SKIP","floor":25},{"not_picked":["PokerPlayerMod:Diamond2","PokerPlayerMod:ClubsClub","PokerPlayerMod:Diamond3"],"picked":"SKIP","floor":27},{"not_picked":["PokerPlayerMod:RiskyBet","PokerPlayerMod:Diamond1","PokerPlayerMod:Spade1"],"picked":"SKIP","floor":28},{"not_picked":["PokerPlayerMod:Heart1","PokerPlayerMod:JackOfSpades","PokerPlayerMod:DartThrow"],"picked":"SKIP","floor":30},{"not_picked":["PokerPlayerMod:Diamond1","PokerPlayerMod:Sharpen+1","PokerPlayerMod:Spade2"],"picked":"SKIP","floor":31},{"not_picked":["PokerPlayerMod:HotShotCut+1","PokerPlayerMod:CardPrinter+1","PokerPlayerMod:Diamond4"],"picked":"SKIP","floor":35},{"not_picked":["PokerPlayerMod:Spade5","PokerPlayerMod:Diamond6","PokerPlayerMod:Diamond2"],"picked":"SKIP","floor":36},{"not_picked":["PokerPlayerMod:Club4","PokerPlayerMod:Diamond8","PokerPlayerMod:Spade4"],"picked":"SKIP","floor":38},{"not_picked":["PokerPlayerMod:Heart3","PokerPlayerMod:Spade4","PokerPlayerMod:Diamond10+"],"picked":"SKIP","floor":42},{"not_picked":["PokerPlayerMod:Spade1","PokerPlayerMod:DamnStraight+1","PokerPlayerMod:Spade4"],"picked":"SKIP","floor":44},{"not_picked":["PokerPlayerMod:ClubsClub","PokerPlayerMod:Harden+1"],"picked":"PokerPlayerMod:ClubShade+1","floor":46},{"not_picked":["PokerPlayerMod:Spade3","PokerPlayerMod:Heart4","PokerPlayerMod:Sharpen+1"],"picked":"SKIP","floor":48},{"not_picked":["PokerPlayerMod:Spade9","PokerPlayerMod:JackOfSpades+1","PokerPlayerMod:Heart4"],"picked":"SKIP","floor":54}],"player_experience":357390,"relics_obtained":[{"floor":8,"key":"Shovel"},{"floor":13,"key":"White Beast Statue"},{"floor":25,"key":"CeramicFish"},{"floor":26,"key":"Anchor"},{"floor":28,"key":"Boot"},{"floor":30,"key":"Darkstone Periapt"},{"floor":37,"key":"Mango"},{"floor":42,"key":"Old Coin"},{"floor":43,"key":"Blood Vial"},{"floor":53,"key":"Bottled Tornado"},{"floor":54,"key":"Pear"}],"event_choices":[{"damage_healed":0,"gold_gain":0,"player_choice":"Entered Light","damage_taken":16,"max_hp_gain":0,"max_hp_loss":0,"event_name":"Shining Light","floor":2,"gold_loss":0,"cards_upgraded":["PokerPlayerMod:Club8","PokerPlayerMod:Diamond8"]},{"cards_removed":["PokerPlayerMod:Heart2"],"damage_healed":0,"gold_gain":0,"player_choice":"Trade","damage_taken":0,"max_hp_gain":0,"max_hp_loss":0,"event_name":"PokerPlayerMod:ExordiumClub","floor":3,"gold_loss":0,"cards_obtained":["PokerPlayerMod:Club9"]},{"damage_healed":0,"gold_gain":0,"player_choice":"Searched \u00272\u0027 times","damage_taken":0,"max_hp_gain":0,"max_hp_loss":0,"event_name":"Dead Adventurer","floor":8,"gold_loss":0},{"damage_healed":0,"gold_gain":0,"player_choice":"Shed Blood","damage_taken":63,"max_hp_gain":5,"max_hp_loss":0,"event_name":"Forgotten Altar","floor":19,"gold_loss":0},{"cards_removed":["PokerPlayerMod:Diamond9"],"damage_healed":5,"gold_gain":0,"player_choice":"Offered Special","damage_taken":0,"max_hp_gain":0,"max_hp_loss":0,"event_name":"Bonfire Elementals","floor":23,"gold_loss":0},{"damage_healed":0,"gold_gain":0,"player_choice":"Fight","damage_taken":0,"max_hp_gain":0,"max_hp_loss":0,"event_name":"Mysterious Sphere","floor":37,"gold_loss":0},{"damage_healed":0,"gold_gain":0,"player_choice":"Embrace Madness","damage_taken":59,"max_hp_gain":0,"max_hp_loss":0,"event_name":"Winding Halls","floor":39,"gold_loss":0,"cards_obtained":["Madness","Madness"]},{"damage_healed":0,"gold_gain":0,"player_choice":"Copied","damage_taken":0,"max_hp_gain":0,"max_hp_loss":0,"event_name":"Duplicator","floor":41,"gold_loss":0,"cards_obtained":["PokerPlayerMod:Club10"]}],"is_beta":false,"boss_relics":[{"not_picked":["Sozu","Astrolabe"],"picked":"SlaversCollar"},{"not_picked":["PokerPlayerMod:AceCard","Empty Cage"],"picked":"Coffee Dripper"}],"items_purged_floors":[0,0,0,0,0,0,0,0,0,0,0,0,0,0,0,0,0,21,21,52,52,52],"is_endless":false,"potions_floor_spawned":[5,10,12,13,14,16,18,20,22,25,27,28,30,31,33,35,36,37,38,42,44,46,48,54],"ascension_level":0}}