{"host":"x205naxbihvu3p76","time":1612534583,"event":{"mods":["AchievementEnabler","BaseMod","Minty Spire (QoL Compilation)","StSLib","SuperFastMode"],"gold_per_floor":[110,35,35,35,35,62,62,92,92,92,63,73,93,110,110,187,187,197,216,216],"floor_reached":19,"language":"KOR","playtime":225,"items_purged":[],"score":431,"play_id":"6cfe30c7-0587-4658-a4e7-2a8ff1217891","local_time":"20210205231623","is_ascension_mode":true,"campfire_choices":[{"data":"Perfected Strike","floor":7,"key":"SMITH"},{"data":"Offering","floor":15,"key":"SMITH"}],"circlet_count":0,"master_deck":["AscendersBane","Strike_R","Strike_R","Strike_R+1","Strike_R","Strike_R","Defend_R+1","Bash","Perfected Strike+1","Limit Break","Offering+1","Flex","Perfected Strike+1","Double Tap"],"relics":["Burning Blood","NeowsBlessing","Mango","Molten Egg 2","Lizard Tail","Coffee Dripper"],"acts_visited":["Exordium","TheCity"],"potions_floor_usage":[16],"damage_taken":[{"damage":0,"enemies":"2 Louse","floor":1,"turns":1},{"damage":0,"enemies":"Lagavulin","floor":6,"turns":1},{"damage":0,"enemies":"Gremlin Nob","floor":8,"turns":1},{"damage":4,"enemies":"Jaw Worm","floor":12,"turns":2},{"damage":0,"enemies":"Small Slimes","floor":13,"turns":2},{"damage":13,"enemies":"3 Louse","floor":14,"turns":2},{"damage":56,"enemies":"Hexaghost","floor":16,"turns":7},{"damage":31,"enemies":"2 Thieves","floor":18,"turns":3},{"damage":30,"enemies":"3 Byrds","floor":19,"turns":4}],"seed_played":"-3605739425347117342","potions_obtained":[{"floor":6,"key":"EssenceOfSteel"},{"floor":13,"key":"Explosive Potion"},{"floor":16,"key":"Fire Potion"}],"is_trial":false,"path_per_floor":["M","?","?","?","?","E","R","E","T","?","$","M","M","M","R","B",null,"M","M"],"character_chosen":"IRONCLAD","items_purchased":["Flex"],"campfire_rested":0,"item_purchase_floors":[11],"current_hp_per_floor":[74,74,67,67,72,92,92,94,94,66,66,68,74,67,67,17,75,50,26,26],"gold":216,"neow_bonus":"THREE_ENEMY_KILL","is_daily":false,"chose_seed":false,"campfire_upgraded":2,"win_rate":0.0,"timestamp":1612534583,"path_taken":["M","?","?","?","?","E","R","E","T","?","?","M","M","M","R","BOSS","M","M"],"items_purchased_type":["Card"],"build_version":"2020-12-22","purchased_purges":0,"victory":false,"max_hp_per_floor":[75,75,75,75,80,94,94,94,94,94,94,94,94,94,94,94,94,94,94,94],"card_choices":[{"not_picked":["Armaments","Warcry"],"picked":"Perfected Strike","floor":1},{"not_picked":["Headbutt","Cleave","Iron Wave"],"picked":"SKIP","floor":6},{"not_picked":["Headbutt+1","Uppercut+1"],"picked":"Offering","floor":8},{"not_picked":["Flame Barrier","Pommel Strike+1"],"picked":"Perfected Strike+1","floor":12},{"not_picked":["Headbutt+1","Infernal Blade","Armaments"],"picked":"SKIP","floor":13},{"not_picked":["Anger+1","Entrench","Havoc"],"picked":"SKIP","floor":14},{"not_picked":["Barricade","Bludgeon+1"],"picked":"Double Tap","floor":16},{"not_picked":["Headbutt+1","Body Slam+1","Iron Wave+1"],"picked":"SKIP","floor":18},{"not_picked":["Evolve","Second Wind","Iron Wave+1"],"picked":"SKIP","floor":19}],"player_experience":1027551,"relics_obtained":[{"floor":6,"key":"Mango"},{"floor":8,"key":"Molten Egg 2"},{"floor":9,"key":"Lizard Tail"}],"event_choices":[{"cards_removed":["Defend_R"],"damage_healed":0,"gold_gain":0,"player_choice":"Card Removal","damage_taken":0,"max_hp_gain":0,"max_hp_loss":0,"event_name":"The Cleric","floor":2,"gold_loss":75},{"cards_removed":["Defend_R"],"damage_healed":0,"gold_gain":0,"player_choice":"Card Removal","damage_taken":7,"max_hp_gain":0,"max_hp_loss":0,"event_name":"Golden Wing","floor":3,"gold_loss":0},{"damage_healed":0,"gold_gain":0,"cards_transformed":["Defend_R"],"player_choice":"Change","damage_taken":0,"max_hp_gain":0,"max_hp_loss":0,"event_name":"Living Wall","floor":4,"gold_loss":0,"cards_obtained":["Limit Break"]},{"damage_healed":0,"gold_gain":0,"player_choice":"Donut","damage_taken":0,"max_hp_gain":5,"max_hp_loss":0,"event_name":"Big Fish","floor":5,"gold_loss":0},{"damage_healed":0,"gold_gain":0,"player_choice":"Entered Light","damage_taken":28,"max_hp_gain":0,"max_hp_loss":0,"event_name":"Shining Light","floor":10,"gold_loss":0,"cards_upgraded":["Strike_R","Defend_R"]}],"is_beta":false,"boss_relics":[{"not_picked":["Runic Pyramid","Tiny House"],"picked":"Coffee Dripper"}],"items_purged_floors":[],"is_endless":false,"potions_floor_spawned":[6,13,16],"killed_by":"3 Byrds","ascension_level":18}}