{"host":"6gl4z8x6qhx9xtfj","time":1612536088,"event":{"mods":["2.2 Compatiblity","A Penny For Your Troubles","AchievementEnabler","BaseMod","Bestiary","BetterRewards","Colored Map","Colored Powertips","Evolution","Minty Spire (QoL Compilation)","Permanent Neow","Quick Restart","Relic Stats","Spicy Shops","StSLib","SuperFastMode","Treasure Hunter"],"gold_per_floor":[144,158,175,195,210,237,237,270,297,308,342,342,373,373,373,472,472,492,492,417,7,7,32,49,64,64,92,105,136,136,169,169,271,271,286,299,354,364,364,394,394,424,424,456,476,491,491,501,501,502],"floor_reached":51,"language":"RUS","playtime":1995,"items_purged":["Strike_R","Defend_R"],"score":1307,"play_id":"5202288a-66b9-431f-b239-9613cee63161","local_time":"20210205174128","is_ascension_mode":true,"campfire_choices":[{"data":"Limit Break","floor":7,"key":"SMITH"},{"data":"Heavy Blade","floor":12,"key":"SMITH"},{"floor":15,"key":"REST"},{"data":"1","floor":30,"key":"LIFT"},{"data":"2","floor":32,"key":"LIFT"},{"data":"3","floor":41,"key":"LIFT"},{"data":"Demon Form","floor":49,"key":"SMITH"}],"circlet_count":0,"master_deck":["Wild Strike","Strike_R","Strike_R","Defend_R","Defend_R","Defend_R","Bash","Metallicize+1","Twin Strike","Heavy Blade+1","Demon Form+1","Flame Barrier+1","TH:CursedSword","Limit Break+1","Inflame","Pommel Strike","Iron Wave","Feed","Spot Weakness","Cleave+1","TH:Mimic","Pommel Strike+1","Shockwave+1","Disarm+1","Pummel+1"],"relics":["Burning Blood","EVO:Axolotl","Matryoshka","Toy Ornithopter","Kunai","Boot","Pen Nib","Darkstone Periapt","Busted Crown","Dream Catcher","Shuriken","MutagenicStrength","Bag of Marbles","Happy Flower","Girya","Sundial","Pear","FossilizedHelix","Coffee Dripper","Charon\u0027s Ashes","Strawberry","Question Card","TungstenRod","Shovel"],"acts_visited":["Exordium","TheCity","TheBeyond"],"potions_floor_usage":[6,6,10,23,25,50,50],"damage_taken":[{"damage":1,"enemies":"Cultist","floor":1,"turns":3},{"damage":9,"enemies":"Small Slimes","floor":2,"turns":4},{"damage":2,"enemies":"2 Louse","floor":3,"turns":2},{"damage":11,"enemies":"Blue Slaver","floor":4,"turns":5},{"damage":9,"enemies":"Large Slime","floor":5,"turns":4},{"damage":0,"enemies":"Gremlin Nob","floor":6,"turns":3},{"damage":34,"enemies":"3 Sentries","floor":8,"turns":9},{"damage":6,"enemies":"Looter","floor":10,"turns":2},{"damage":15,"enemies":"Lagavulin","floor":11,"turns":7},{"damage":33,"enemies":"3 Sentries","floor":13,"turns":6},{"damage":0,"enemies":"Slime Boss","floor":16,"turns":7},{"damage":2,"enemies":"Chosen","floor":18,"turns":4},{"damage":34,"enemies":"Slavers","floor":23,"turns":3},{"damage":0,"enemies":"Spheric Guardian","floor":24,"turns":2},{"damage":0,"enemies":"Snecko","floor":25,"turns":2},{"damage":9,"enemies":"Book of Stabbing","floor":27,"turns":4},{"damage":0,"enemies":"Snake Plant","floor":28,"turns":2},{"damage":15,"enemies":"Slavers","floor":29,"turns":2},{"damage":27,"enemies":"Gremlin Leader","floor":31,"turns":5},{"damage":21,"enemies":"Collector","floor":33,"turns":6},{"damage":0,"enemies":"3 Darklings","floor":35,"turns":4},{"damage":12,"enemies":"3 Shapes","floor":36,"turns":3},{"damage":22,"enemies":"2 Orb Walkers","floor":37,"turns":3},{"damage":0,"enemies":"Maw","floor":38,"turns":4},{"damage":32,"enemies":"Reptomancer","floor":40,"turns":5},{"damage":3,"enemies":"Giant Head","floor":42,"turns":5},{"damage":9,"enemies":"Nemesis","floor":44,"turns":5},{"damage":5,"enemies":"4 Shapes","floor":45,"turns":4},{"damage":10,"enemies":"Jaw Worm Horde","floor":46,"turns":3},{"damage":5,"enemies":"Maw","floor":48,"turns":6},{"damage":18,"enemies":"Donu and Deca","floor":50,"turns":4}],"seed_played":"-3493318486587730749","potions_obtained":[{"floor":3,"key":"DistilledChaos"},{"floor":4,"key":"LiquidMemories"},{"floor":6,"key":"Dexterity Potion"},{"floor":8,"key":"SneckoOil"},{"floor":11,"key":"LiquidMemories"},{"floor":13,"key":"Energy Potion"},{"floor":25,"key":"Fruit Juice"},{"floor":29,"key":"Dexterity Potion"},{"floor":40,"key":"BlessingOfTheForge"}],"is_trial":false,"path_per_floor":["M","M","M","M","M","E","R","E","T","M","E","R","E","?","R","B",null,"M","?","?","$","?","E","M","M","T","E","M","E","R","E","R","B",null,"M","M","?","M","?","E","R","E","T","E","M","M","?","M","R","B",null],"character_chosen":"IRONCLAD","items_purchased":["Metallicize","Spot Weakness","Shuriken"],"campfire_rested":1,"item_purchase_floors":[0,21,21],"current_hp_per_floor":[80,77,80,75,72,78,78,50,50,55,46,46,19,3,27,33,80,83,83,83,83,83,55,61,77,77,74,80,84,84,63,63,48,101,101,95,79,85,85,66,66,72,72,69,70,69,69,70,70,71],"gold":502,"neow_bonus":"","is_daily":false,"chose_seed":false,"campfire_upgraded":3,"win_rate":0.0,"timestamp":1612536088,"path_taken":["M","M","M","?","M","E","R","E","T","M","E","R","E","?","R","BOSS","M","?","?","$","?","E","?","M","T","E","M","E","R","E","R","BOSS","M","M","?","M","?","E","R","E","T","E","M","M","?","M","R","BOSS"],"items_purchased_type":["Card","Card","Relic"],"build_version":"2020-12-22","purchased_purges":2,"victory":true,"max_hp_per_floor":[80,80,80,80,80,80,80,80,80,80,80,80,80,80,80,80,80,83,83,83,83,83,83,83,88,88,88,88,101,101,101,101,101,101,101,101,101,101,101,108,108,111,111,111,111,114,108,108,108,111],"relic_stats":{"Darkstone Periapt":0,"Happy Flower":[21],"counters":[44,195],"Pen Nib":[14],"Charon\u0027s Ashes":[46],"Boot":[8],"Question Card":26,"Burning Blood":175,"Dream Catcher":0,"Busted Crown":86,"Shovel":0,"Shuriken":[15],"Sundial":[4],"Kunai":[17],"obtain_stats":[{"Darkstone Periapt":13,"Singing Bowl":12,"EVO:Axolotl":0,"Boot":9,"Burning Blood":0,"Dream Catcher":19,"Matryoshka":6,"Shovel":44,"Sundial":27,"Strawberry":40,"Toolbox":11,"Fusion Hammer":17,"Kunai":9,"Potion Belt":9,"Girya":26,"Pear":29,"Happy Flower":26,"Pen Nib":11,"Charon\u0027s Ashes":37,"Question Card":7,"Busted Crown":17,"Shuriken":21,"MutagenicStrength":22,"Mark of Pain":0,"Bag of Marbles":23,"Coffee Dripper":34,"StrikeDummy":10,"Toy Ornithopter":8,"FossilizedHelix":31,"TungstenRod":43},{"Darkstone Periapt":23,"Singing Bowl":7,"EVO:Axolotl":0,"Boot":20,"Burning Blood":0,"Dream Catcher":25,"Matryoshka":19,"Shovel":40,"Sundial":29,"Strawberry":38,"Toolbox":7,"Fusion Hammer":10,"Kunai":20,"Potion Belt":6,"Girya":28,"Pear":31,"Happy Flower":28,"Pen Nib":22,"Charon\u0027s Ashes":36,"Question Card":5,"Busted Crown":24,"Shuriken":25,"MutagenicStrength":25,"Mark of Pain":0,"Bag of Marbles":26,"Coffee Dripper":33,"StrikeDummy":7,"Toy Ornithopter":20,"FossilizedHelix":32,"TungstenRod":39},{"Darkstone Periapt":112,"Singing Bowl":33,"EVO:Axolotl":0,"Boot":97,"Burning Blood":0,"Dream Catcher":123,"Matryoshka":88,"Shovel":178,"Sundial":134,"Strawberry":168,"Toolbox":33,"Fusion Hammer":56,"Kunai":97,"Potion Belt":23,"Girya":130,"Pear":138,"Happy Flower":130,"Pen Nib":106,"Charon\u0027s Ashes":159,"Question Card":20,"Busted Crown":119,"Shuriken":123,"MutagenicStrength":123,"Mark of Pain":0,"Bag of Marbles":126,"Coffee Dripper":149,"StrikeDummy":33,"Toy Ornithopter":97,"FossilizedHelix":143,"TungstenRod":173}],"Toy Ornithopter":20,"TungstenRod":8},"card_choices":[{"not_picked":["Wild Strike","Rupture"],"picked":"Twin Strike","floor":1},{"not_picked":["Havoc","Rampage"],"picked":"Heavy Blade","floor":2},{"not_picked":["Body Slam","Sword Boomerang","Second Wind"],"picked":"SKIP","floor":3},{"not_picked":["Power Through","Warcry"],"picked":"Demon Form","floor":4},{"not_picked":["Anger","Fire Breathing"],"picked":"Flame Barrier","floor":5},{"not_picked":["TH:DeckOfManyThings"],"picked":"TH:CursedSword","floor":6},{"not_picked":["Infernal Blade","Warcry"],"picked":"Limit Break","floor":6},{"not_picked":["Blood for Blood","Armaments"],"picked":"Inflame","floor":8},{"not_picked":["TH:ElvenBoots","TH:TreasureMap"],"picked":"SKIP","floor":8},{"not_picked":["TH:CopperCoins","TH:DeckOfManyThings"],"picked":"SKIP","floor":9},{"not_picked":["True Grit","Cleave"],"picked":"Pommel Strike","floor":10},{"not_picked":["TH:ElvenBoots","TH:Mimic"],"picked":"SKIP","floor":11},{"not_picked":["Armaments","Burning Pact","Anger"],"picked":"SKIP","floor":11},{"not_picked":["Evolve","Inflame"],"picked":"Iron Wave","floor":13},{"not_picked":["TH:ArmorSpikes","TH:Mimic"],"picked":"SKIP","floor":13},{"not_picked":["Immolate","Demon Form"],"picked":"Feed","floor":16},{"not_picked":["Perfected Strike"],"picked":"SKIP","floor":18},{"not_picked":["TH:BikiniMail"],"picked":"SKIP","floor":23},{"not_picked":["Wild Strike"],"picked":"SKIP","floor":23},{"not_picked":[],"picked":"Cleave+1","floor":24},{"not_picked":["Sword Boomerang"],"picked":"SKIP","floor":25},{"not_picked":["TH:BikiniMail"],"picked":"SKIP","floor":26},{"not_picked":["TH:DeckOfManyThings"],"picked":"SKIP","floor":27},{"not_picked":["Sword Boomerang"],"picked":"SKIP","floor":27},{"not_picked":["Feel No Pain"],"picked":"SKIP","floor":28},{"not_picked":["TH:EnergyPotion"],"picked":"SKIP","floor":29},{"not_picked":["Ghostly Armor+1"],"picked":"SKIP","floor":29},{"not_picked":[],"picked":"TH:Mimic","floor":31},{"not_picked":["Impervious"],"picked":"SKIP","floor":31},{"not_picked":[],"picked":"Pommel Strike+1","floor":35},{"not_picked":["Perfected Strike+1"],"picked":"SKIP","floor":36},{"not_picked":["Twin Strike+1"],"picked":"SKIP","floor":38},{"not_picked":[],"picked":"Shockwave+1","floor":40},{"not_picked":["TH:ArmorSpikes"],"picked":"SKIP","floor":40},{"not_picked":["TH:CopperCoins"],"picked":"SKIP","floor":42},{"not_picked":["Seeing Red+1"],"picked":"SKIP","floor":42},{"not_picked":["TH:CopperCoins"],"picked":"SKIP","floor":43},{"not_picked":["TH:ArmorSpikes"],"picked":"SKIP","floor":44},{"not_picked":["Dropkick","Second Wind+1"],"picked":"SKIP","floor":44},{"not_picked":["Headbutt+1"],"picked":"Disarm+1","floor":45},{"not_picked":["Clothesline+1"],"picked":"Pummel+1","floor":46},{"not_picked":["Entrench+1","Twin Strike+1"],"picked":"SKIP","floor":48}],"player_experience":138608,"relics_obtained":[{"floor":6,"key":"Matryoshka"},{"floor":8,"key":"Toy Ornithopter"},{"floor":9,"key":"Kunai"},{"floor":9,"key":"Boot"},{"floor":11,"key":"Pen Nib"},{"floor":13,"key":"Darkstone Periapt"},{"floor":23,"key":"Bag of Marbles"},{"floor":26,"key":"Happy Flower"},{"floor":26,"key":"Girya"},{"floor":27,"key":"Sundial"},{"floor":29,"key":"Pear"},{"floor":31,"key":"FossilizedHelix"},{"floor":37,"key":"Charon\u0027s Ashes"},{"floor":40,"key":"Strawberry"},{"floor":42,"key":"Question Card"},{"floor":43,"key":"TungstenRod"},{"floor":44,"key":"Shovel"}],"event_choices":[{"damage_healed":0,"gold_gain":0,"player_choice":"Entered Light","damage_taken":16,"max_hp_gain":0,"max_hp_loss":0,"event_name":"Shining Light","floor":14,"gold_loss":0,"cards_upgraded":["Metallicize","Flame Barrier"]},{"damage_healed":0,"gold_gain":0,"player_choice":"Opened","damage_taken":0,"relics_obtained":["Dream Catcher"],"max_hp_gain":0,"max_hp_loss":0,"event_name":"The Mausoleum","floor":19,"gold_loss":0},{"cards_removed":["Strike_R"],"damage_healed":0,"gold_gain":0,"player_choice":"Gave Gold","damage_taken":0,"max_hp_gain":0,"max_hp_loss":0,"event_name":"Beggar","floor":20,"gold_loss":75},{"damage_healed":0,"gold_gain":0,"player_choice":"Inject Mutagens","damage_taken":0,"relics_obtained":["MutagenicStrength"],"max_hp_gain":0,"max_hp_loss":0,"event_name":"Drug Dealer","floor":22,"gold_loss":0},{"damage_healed":0,"gold_gain":0,"player_choice":"Fight","damage_taken":0,"max_hp_gain":0,"max_hp_loss":0,"event_name":"Mysterious Sphere","floor":37,"gold_loss":0},{"damage_healed":0,"gold_gain":0,"player_choice":"Memory 1","damage_taken":0,"max_hp_gain":0,"max_hp_loss":0,"event_name":"SensoryStone","floor":39,"gold_loss":0},{"damage_healed":0,"gold_gain":0,"player_choice":"Max HP","damage_taken":0,"max_hp_gain":0,"max_hp_loss":6,"event_name":"Winding Halls","floor":47,"gold_loss":0}],"is_beta":false,"boss_relics":[{"not_picked":["Tiny House","Sozu"],"picked":"Busted Crown"},{"not_picked":["Fusion Hammer","Mark of Pain"],"picked":"Coffee Dripper"}],"items_purged_floors":[0,21],"is_endless":false,"potions_floor_spawned":[3,4,6,8,11,13,16,18,25,29,31,33,35,37,40,46],"ascension_level":2}}