{"host":"sian7qp8a9pc9xwd","time":1612553805,"event":{"mods":["BaseMod","Minty Spire (QoL Compilation)","StSLib","SuperFastMode"],"gold_per_floor":[118,393,404,579,591,622,248,267,293,368,141,141,166,186,186,285,285,296,221,237,237,257,257,285,297,309,337,382,408,420,446,458,565,577,599,120,134,145,20,53,72,105,105,105,105,122,172,0,0,0],"floor_reached":51,"language":"ENG","playtime":3470,"items_purged":["Regret","Doubt","Eruption+1"],"score":966,"play_id":"0e4b4b49-dd60-4395-b169-3dd81fae141d","local_time":"20210205143645","is_ascension_mode":true,"campfire_choices":[{"data":"Devotion","floor":12.0,"key":"SMITH"},{"data":"CutThroughFate","floor":15.0,"key":"SMITH"},{"floor":23.0,"key":"REST"},{"floor":30.0,"key":"REST"},{"floor":32.0,"key":"REST"},{"floor":44,"key":"REST"},{"floor":49,"key":"REST"}],"circlet_count":0,"master_deck":["Strike_P+1","Strike_P+1","Strike_P+1","Strike_P+1","Defend_P+1","Defend_P+1","Defend_P+1","Vigilance","CutThroughFate+1","Evaluate+1","Brilliance+1","FlurryOfBlows+1","Devotion+1","Prostrate+1","Pray+1","LessonLearned+1","DeceiveReality+1","FollowUp+1","DeceiveReality+1","Brilliance+1","Vault","FlurryOfBlows+1","Master of Strategy+1","Worship+1","Prostrate","CutThroughFate","CutThroughFate+1","Brilliance","Thinking Ahead","Evaluate+1"],"relics":["PureWater","NeowsBlessing","Bag of Preparation","Damaru","Lantern","Odd Mushroom","Black Star","Juzu Bracelet","MawBank","Mummified Hand","Prayer Wheel","Bag of Marbles","Fusion Hammer","Ice Cream","Vajra","Regal Pillow","Gremlin Horn","Happy Flower","Meat on the Bone","Du-Vu Doll","Red Mask"],"acts_visited":["Exordium","TheCity","TheBeyond"],"potions_floor_usage":[50],"damage_taken":[{"damage":0.0,"enemies":"2 Louse","floor":1.0,"turns":1.0},{"damage":0.0,"enemies":"Cultist","floor":3.0,"turns":1.0},{"damage":0.0,"enemies":"Small Slimes","floor":5.0,"turns":1.0},{"damage":14.0,"enemies":"3 Sentries","floor":6.0,"turns":5.0},{"damage":5.0,"enemies":"2 Fungi Beasts","floor":8.0,"turns":2.0},{"damage":17.0,"enemies":"The Mushroom Lair","floor":13.0,"turns":3.0},{"damage":6.0,"enemies":"Large Slime","floor":14.0,"turns":5.0},{"damage":0.0,"enemies":"Slime Boss","floor":16.0,"turns":3.0},{"damage":18.0,"enemies":"Chosen","floor":18.0,"turns":6.0},{"damage":26.0,"enemies":"Shell Parasite","floor":20.0,"turns":6.0},{"damage":0.0,"enemies":"Shelled Parasite and Fungi","floor":22.0,"turns":3.0},{"damage":41.0,"enemies":"Slavers","floor":24.0,"turns":5.0},{"damage":8.0,"enemies":"3 Cultists","floor":27.0,"turns":3.0},{"damage":3.0,"enemies":"Book of Stabbing","floor":28.0,"turns":3.0},{"damage":0.0,"enemies":"Centurion and Healer","floor":29.0,"turns":3.0},{"damage":2.0,"enemies":"Snake Plant","floor":31.0,"turns":3.0},{"damage":11.0,"enemies":"Champ","floor":33.0,"turns":8.0},{"damage":5.0,"enemies":"3 Darklings","floor":35.0,"turns":7.0},{"damage":0.0,"enemies":"3 Shapes","floor":37.0,"turns":3.0},{"damage":1.0,"enemies":"Writhing Mass","floor":38.0,"turns":4.0},{"damage":0,"enemies":"Giant Head","floor":40,"turns":5},{"damage":0,"enemies":"Jaw Worm Horde","floor":41,"turns":2},{"damage":0,"enemies":"Reptomancer","floor":42,"turns":3},{"damage":7,"enemies":"Maw","floor":46,"turns":3},{"damage":5,"enemies":"Mind Bloom Boss Battle","floor":47,"turns":3},{"damage":0,"enemies":"Awakened One","floor":50,"turns":5}],"seed_played":"8022523660179315531","potions_obtained":[{"floor":1.0,"key":"SkillPotion"},{"floor":6.0,"key":"SpeedPotion"},{"floor":8.0,"key":"SpeedPotion"},{"floor":13.0,"key":"Regen Potion"},{"floor":24.0,"key":"Swift Potion"},{"floor":35.0,"key":"DuplicationPotion"},{"floor":46,"key":"Strength Potion"}],"is_trial":false,"path_per_floor":["M","?","M","?","M","E","$","M","T","?","$","R","?","M","R","B",null,"M","?","M","?","M","R","E","?","T","M","E","M","R","M","R","B",null,"M","$","M","M","$","E","M","E","T","R","?","M","?","?","R","B",null],"character_chosen":"WATCHER","items_purchased":["FlurryOfBlows","Damaru","FairyPotion","Devotion","Prostrate","Ice Cream","Master of Strategy"],"campfire_rested":5,"item_purchase_floors":[7,7,7,11,11,36,36],"current_hp_per_floor":[72,72,72,72,72,58,58,53,53,42,42,42,25,19,19,19,72,54,54,28,28,28,49,22,22,22,14,11,11,32,30,51,40,72,67,67,67,66,66,66,66,66,66,72,62,55,50,50,72,72],"gold":0,"neow_bonus":"THREE_ENEMY_KILL","is_daily":false,"chose_seed":false,"campfire_upgraded":2,"win_rate":0.0,"timestamp":1612553805,"path_taken":["M","?","?","?","M","E","$","M","T","?","$","R","?","M","R","BOSS","M","?","M","?","M","R","E","?","T","M","E","M","R","M","R","BOSS","M","$","M","M","$","E","M","E","T","R","?","M","?","?","R","BOSS"],"items_purchased_type":["Card","Relic","Potion","Card","Card","Relic","Card"],"build_version":"2020-12-22","purchased_purges":3,"victory":true,"max_hp_per_floor":[72,72,72,72,72,72,72,72,72,72,72,72,72,72,72,72,72,72,72,72,72,72,72,72,72,72,72,72,72,72,72,72,72,72,72,72,72,72,72,72,72,72,72,72,72,72,72,72,72,72],"card_choices":[{"not_picked":["Study","FlurryOfBlows"],"picked":"CutThroughFate","floor":1.0},{"not_picked":["PathToVictory","Wallop","Swivel"],"picked":"SKIP","floor":3.0},{"not_picked":["LikeWater","Collect"],"picked":"Evaluate","floor":5.0},{"not_picked":["Indignation","Evaluate"],"picked":"Brilliance","floor":6.0},{"not_picked":["Crescendo","SashWhip","Fasting2"],"picked":"SKIP","floor":8.0},{"not_picked":["ClearTheMind","EmptyFist"],"picked":"Pray","floor":14.0},{"not_picked":["DeusExMachina","Devotion"],"picked":"LessonLearned","floor":16.0},{"not_picked":["JustLucky","BowlingBash+1","Consecrate"],"picked":"SKIP","floor":18.0},{"not_picked":["Evaluate","CarveReality","SashWhip"],"picked":"SKIP","floor":20.0},{"not_picked":["Collect","Scrawl"],"picked":"DeceiveReality+1","floor":22.0},{"not_picked":["Scrawl","ClearTheMind"],"picked":"FollowUp+1","floor":24.0},{"not_picked":["FollowUp","ThirdEye+1","Vengeance"],"picked":"SKIP","floor":27.0},{"not_picked":["Study","ReachHeaven","WheelKick"],"picked":"SKIP","floor":28.0},{"not_picked":["CrushJoints+1","JustLucky"],"picked":"DeceiveReality+1","floor":29.0},{"not_picked":["ClearTheMind","EmptyFist","Collect"],"picked":"SKIP","floor":29.0},{"not_picked":["Conclude","WindmillStrike"],"picked":"Brilliance","floor":31.0},{"not_picked":["FearNoEvil","EmptyFist+1","EmptyBody"],"picked":"SKIP","floor":31.0},{"not_picked":["Devotion","ConjureBlade"],"picked":"Vault","floor":33.0},{"not_picked":["SashWhip+1","Fasting2"],"picked":"FlurryOfBlows+1","floor":35.0},{"not_picked":["Protect+1","Crescendo+1","PathToVictory"],"picked":"SKIP","floor":35.0},{"not_picked":["Conclude+1","FlyingSleeves"],"picked":"Worship+1","floor":37.0},{"not_picked":["EmptyBody","FearNoEvil+1","Fasting2"],"picked":"SKIP","floor":37.0},{"not_picked":["FollowUp","CarveReality+1"],"picked":"Prostrate","floor":38.0},{"not_picked":["FollowUp+1","Conclude","Consecrate+1"],"picked":"SKIP","floor":38.0},{"not_picked":["BowlingBash","PathToVictory","Indignation+1"],"picked":"SKIP","floor":40},{"not_picked":["EmptyBody","Prostrate"],"picked":"CutThroughFate","floor":41},{"not_picked":["MasterReality","EmptyFist"],"picked":"CutThroughFate+1","floor":41},{"not_picked":["ThirdEye+1","FearNoEvil+1"],"picked":"Brilliance","floor":42},{"not_picked":["Forethought","Chrysalis"],"picked":"Thinking Ahead","floor":45},{"not_picked":["CarveReality","FlurryOfBlows+1"],"picked":"Evaluate+1","floor":46},{"not_picked":["Protect","Consecrate","BattleHymn+1"],"picked":"SKIP","floor":46}],"player_experience":916306,"relics_obtained":[{"floor":6.0,"key":"Bag of Preparation"},{"floor":9.0,"key":"Lantern"},{"floor":13.0,"key":"Odd Mushroom"},{"floor":24.0,"key":"Juzu Bracelet"},{"floor":24.0,"key":"MawBank"},{"floor":26.0,"key":"Mummified Hand"},{"floor":28.0,"key":"Prayer Wheel"},{"floor":28.0,"key":"Bag of Marbles"},{"floor":40,"key":"Vajra"},{"floor":40,"key":"Regal Pillow"},{"floor":42,"key":"Gremlin Horn"},{"floor":42,"key":"Happy Flower"},{"floor":43,"key":"Meat on the Bone"},{"floor":47,"key":"Du-Vu Doll"}],"event_choices":[{"damage_healed":0.0,"max_hp_gain":0.0,"max_hp_loss":0.0,"gold_gain":275.0,"event_name":"Golden Shrine","player_choice":"Desecrate","floor":2.0,"gold_loss":0.0,"damage_taken":0.0,"cards_obtained":["Regret"]},{"damage_healed":0.0,"max_hp_gain":0.0,"max_hp_loss":0.0,"gold_gain":175.0,"event_name":"Liars Game","player_choice":"AGREE","floor":4.0,"gold_loss":0.0,"damage_taken":0.0,"cards_obtained":["Doubt"]},{"damage_healed":0.0,"max_hp_gain":0.0,"max_hp_loss":0.0,"gold_gain":75.0,"event_name":"World of Goop","player_choice":"Gather Gold","floor":10.0,"gold_loss":0.0,"damage_taken":11.0},{"damage_healed":0.0,"max_hp_gain":0.0,"max_hp_loss":0.0,"gold_gain":0.0,"event_name":"Mushrooms","player_choice":"Fought Mushrooms","floor":13.0,"gold_loss":0.0,"damage_taken":0.0},{"cards_removed":["Defend_P"],"damage_healed":0.0,"max_hp_gain":0.0,"max_hp_loss":0.0,"gold_gain":0.0,"event_name":"Beggar","player_choice":"Gave Gold","floor":19.0,"gold_loss":75.0,"damage_taken":0.0},{"damage_healed":0.0,"max_hp_gain":0.0,"max_hp_loss":0.0,"gold_gain":0.0,"event_name":"Vampires","player_choice":"Ignored","floor":21.0,"gold_loss":0.0,"damage_taken":0.0},{"damage_healed":0.0,"max_hp_gain":0.0,"max_hp_loss":0.0,"gold_gain":0.0,"event_name":"Back to Basics","player_choice":"Simplicity","floor":25.0,"gold_loss":0.0,"damage_taken":0.0,"cards_upgraded":["Strike_P","Strike_P","Strike_P","Strike_P","Defend_P","Defend_P"]},{"damage_healed":0,"gold_gain":0,"player_choice":"Memory 3","damage_taken":10,"max_hp_gain":0,"max_hp_loss":0,"event_name":"SensoryStone","floor":45,"gold_loss":0},{"damage_healed":0,"gold_gain":0,"player_choice":"Fight","damage_taken":0,"max_hp_gain":0,"max_hp_loss":0,"event_name":"MindBloom","floor":47,"gold_loss":0},{"damage_healed":0,"gold_gain":0,"player_choice":"Paid","damage_taken":0,"relics_obtained":["Red Mask"],"max_hp_gain":0,"max_hp_loss":0,"event_name":"Tomb of Lord Red Mask","floor":48,"gold_loss":172}],"is_beta":false,"boss_relics":[{"not_picked":["Coffee Dripper","SlaversCollar"],"picked":"Black Star"},{"not_picked":["Velvet Choker","Calling Bell"],"picked":"Fusion Hammer"}],"items_purged_floors":[7,11,39],"is_endless":false,"potions_floor_spawned":[1,6,8,13,16,18,20,22,24,35,42,46,47],"ascension_level":1}}