{"host":"p7cjtxxrilhp4dw7","time":1612556235,"event":{"mods":["BaseMod","Block Reminder","Colored Map","Curses Come First","Highlight Path","Minty Spire (QoL Compilation)","Replay The Spire","StSLib","The Hierophant"],"gold_per_floor":[138,161,161,161,176,146,146,92,117,117,67,71,71,120,120,248,248,279,330,270,270,270,352,379,379,404,404,480,480,383,457,457,535,535,586,651,301,387,420,452,452,449,474,533,533,533,533,233,233,189],"floor_reached":51,"language":"ENG","playtime":7042,"items_purged":["Doubt","hierophant:MintersHammer+1"],"score":1177,"play_id":"12103b09-67a1-4dda-8b1a-e3f448462ae0","local_time":"20210205131715","daily_mods":["Specialized","Blue Cards","Elite Swarm"],"is_ascension_mode":false,"campfire_choices":[{"floor":7,"key":"REST"},{"data":"hierophant:DivineIntervention","floor":10,"key":"SMITH"},{"floor":13,"key":"REST"},{"data":"hierophant:Remorse","floor":15,"key":"SMITH"},{"data":"hierophant:Kindle","floor":15,"key":"SMITH"},{"floor":25,"key":"REST"},{"data":"hierophant:MintersHammer","floor":27,"key":"SMITH"},{"data":"hierophant:Punish","floor":27,"key":"SMITH"},{"floor":32,"key":"REST"},{"data":"hierophant:AuricBeam","floor":41,"key":"SMITH"},{"data":"hierophant:Anathema","floor":41,"key":"SMITH"},{"data":"hierophant:Anathema","floor":49,"key":"SMITH"},{"data":"hierophant:CursedGold","floor":49,"key":"SMITH"}],"circlet_count":0,"master_deck":["hierophant:Strike_Hierophant","hierophant:Strike_Hierophant","hierophant:Strike_Hierophant","hierophant:Punish+1","hierophant:Defend_Hierophant","hierophant:Defend_Hierophant","hierophant:Defend_Hierophant","hierophant:ChurchCoffers+1","hierophant:CursedGold","hierophant:CursedGold+1","hierophant:Doubloon+1","hierophant:Doubloon+1","hierophant:Doubloon+1","hierophant:Doubloon+1","hierophant:Doubloon+1","hierophant:RepressedViolence","hierophant:DivineIntervention+1","Pot Of Greed","Pot Of Greed","hierophant:Kindle+1","hierophant:Remorse+1","hierophant:Doubloon+1","Pot Of Greed","hierophant:Levitation","hierophant:Doubloon+1","hierophant:ConvertCurrency","hierophant:OrnateBuckler+1","hierophant:Sermon","hierophant:Sermon+1","hierophant:Smite","hierophant:Anathema+1","hierophant:AuricBeam+1","hierophant:Kindle","Pot Of Greed","hierophant:Anathema+1","Hallucinations","hierophant:Doubloon+1","ReplayTheSpireMod:Necrogeddon"],"relics":["hierophant:PropheticMaskRelic","Grinning Jar","Orichalcum","War Paint","Replay:Arrowhead","Replay:Drink Me","Simple Rune","Ancient Tea Set","ReplayTheSpireMod:Ninjato","Strawberry","FossilizedHelix","Cursed Key","Kunai","Calipers","Torii","InkBottle","Replay:Wax Seal","Lizard Tail"],"acts_visited":["Exordium","TheCity","TheBeyond"],"potions_floor_usage":[6,16,18,23,39,50,50,50],"damage_taken":[{"damage":1,"enemies":"2 Louse","floor":1,"turns":3},{"damage":0,"enemies":"Small Slimes","floor":2,"turns":4},{"damage":7,"enemies":"Cultist","floor":5,"turns":5},{"damage":13,"enemies":"3 Sentries","floor":6,"turns":6},{"damage":8,"enemies":"Replay:BlueRogue","floor":8,"turns":7},{"damage":16,"enemies":"Lagavulin","floor":12,"turns":5},{"damage":0,"enemies":"Exordium Wildlife","floor":14,"turns":2},{"damage":4,"enemies":"Fading Forest","floor":16,"turns":11},{"damage":1,"enemies":"Spheric Guardian","floor":18,"turns":3},{"damage":14,"enemies":"2 Thieves","floor":19,"turns":2},{"damage":9,"enemies":"Replay:Snechameleon","floor":23,"turns":2},{"damage":3,"enemies":"Snake Plant","floor":24,"turns":2},{"damage":0,"enemies":"Gremlin Leader","floor":28,"turns":4},{"damage":5,"enemies":"Book of Stabbing","floor":31,"turns":4},{"damage":3,"enemies":"Pondfish","floor":33,"turns":6},{"damage":0,"enemies":"3 Shapes","floor":35,"turns":3},{"damage":0,"enemies":"3 Darklings","floor":36,"turns":4},{"damage":0,"enemies":"Mind Bloom Boss Battle","floor":38,"turns":5},{"damage":0,"enemies":"Transient","floor":39,"turns":5},{"damage":0,"enemies":"Nemesis","floor":40,"turns":3},{"damage":0,"enemies":"Reptomancer","floor":42,"turns":4},{"damage":0,"enemies":"Sphere and 2 Shapes","floor":44,"turns":1},{"damage":24,"enemies":"Awakened One","floor":50,"turns":7}],"seed_played":"-8643747277835071688","potions_obtained":[{"floor":1,"key":"SteroidPotion"},{"floor":6,"key":"Adrenaline Potion"},{"floor":12,"key":"Strength Potion"},{"floor":14,"key":"SmokeBomb"},{"floor":16,"key":"Dexterity Potion"},{"floor":19,"key":"Fire Potion"},{"floor":33,"key":"Elixir"},{"floor":36,"key":"LiquidMemories"},{"floor":39,"key":"Adrenaline Potion"},{"floor":42,"key":"SkillPotion"}],"is_trial":false,"path_per_floor":["M","M","?","?","M","E","R","E","T","R","$","E","R","M","R","B",null,"M","M","?","?","$","E","M","R","T","R","E","?","$","E","R_BF","B",null,"M","M","$","?","M","E","R","E","T","M","$","?","?","$","R","B",null],"character_chosen":"HIEROPHANT","items_purchased":["hierophant:Remorse","hierophant:Smite","Kunai","Lizard Tail"],"campfire_rested":4,"item_purchase_floors":[11,30,37,48],"current_hp_per_floor":[74,74,74,74,67,54,75,67,67,67,67,51,73,73,73,75,57,56,42,42,42,42,33,30,47,47,47,47,54,54,49,64,61,64,64,64,64,64,64,64,64,64,64,64,64,64,64,64,64,40],"gold":189,"neow_bonus":"","is_daily":true,"chose_seed":false,"campfire_upgraded":9,"win_rate":0.0,"timestamp":1612556235,"path_taken":["M","M","?","?","?","E","R","E","T","R","$","E","R","M","R","BOSS","M","M","?","?","$","E","?","R","T","R","E","?","$","E","R_BF","BOSS","M","M","$","?","M","E","R","E","T","M","$","?","?","?","R","BOSS"],"items_purchased_type":["Card","Card","Relic","Relic"],"build_version":"2020-12-22","purchased_purges":2,"victory":true,"max_hp_per_floor":[75,75,75,75,75,75,75,75,75,75,75,75,75,75,75,75,57,57,57,57,57,57,57,57,57,57,57,57,64,64,64,64,64,64,64,64,64,64,64,64,64,64,64,64,64,64,64,64,64,64],"card_choices":[{"not_picked":["hierophant:FlamingChariot","hierophant:ThreeLashes","hierophant:Zeal"],"picked":"SKIP","floor":1},{"not_picked":["hierophant:DeathKnell","hierophant:Doubloon"],"picked":"hierophant:RepressedViolence","floor":2},{"not_picked":["hierophant:RustyCrate","hierophant:Doubloon","hierophant:ThreeLashes"],"picked":"SKIP","floor":5},{"not_picked":["hierophant:Determination","hierophant:BulkyChest"],"picked":"hierophant:DivineIntervention","floor":6},{"not_picked":["hierophant:WrathOfGod","hierophant:Generosity"],"picked":"hierophant:Kindle","floor":8},{"not_picked":["hierophant:Generosity","hierophant:Batter"],"picked":"hierophant:Levitation","floor":12},{"not_picked":["hierophant:DisplayOfPower","hierophant:MintersHammer"],"picked":"hierophant:ConvertCurrency","floor":14},{"not_picked":["hierophant:Determination","hierophant:Batter"],"picked":"hierophant:MintersHammer","floor":16},{"not_picked":["hierophant:EyeForCoin","hierophant:ConvertCurrency+1"],"picked":"hierophant:OrnateBuckler+1","floor":18},{"not_picked":["hierophant:Flagellation","hierophant:PassingBell"],"picked":"hierophant:Sermon","floor":19},{"not_picked":["hierophant:DivineIntervention","hierophant:BulkyChest","hierophant:Anathema"],"picked":"SKIP","floor":23},{"not_picked":["hierophant:Empathy","hierophant:Mercenaries"],"picked":"hierophant:Sermon+1","floor":24},{"not_picked":["hierophant:Cornucopia","hierophant:AuricForm","hierophant:Levitation"],"picked":"SKIP","floor":28},{"not_picked":["hierophant:Levitation","hierophant:WrathOfGod","hierophant:BulkyChest"],"picked":"SKIP","floor":31},{"not_picked":["hierophant:AuricForm","hierophant:Invocation"],"picked":"hierophant:Anathema","floor":33},{"not_picked":["hierophant:Rebuild","hierophant:AuricBeam","hierophant:Encroach"],"picked":"SKIP","floor":35},{"not_picked":["hierophant:Rebuild","hierophant:Encroach"],"picked":"hierophant:AuricBeam","floor":35},{"not_picked":["hierophant:Zeal","hierophant:Chorus+1","hierophant:HammerAndAnvil"],"picked":"SKIP","floor":36},{"not_picked":["hierophant:RepressedViolence","hierophant:PassingBell+1","hierophant:HammerAndAnvil+1"],"picked":"SKIP","floor":39},{"not_picked":["hierophant:LocustPlague","hierophant:WrathOfGod"],"picked":"hierophant:Kindle","floor":40},{"not_picked":["hierophant:Invocation","hierophant:Generosity"],"picked":"hierophant:Anathema","floor":42},{"not_picked":["hierophant:ArchangelShield+1","hierophant:RustyCrate"],"picked":"hierophant:Doubloon+1","floor":44},{"not_picked":["Replay:Sssssssssstrike","Bandage Up"],"picked":"ReplayTheSpireMod:Necrogeddon","floor":47}],"player_experience":644183,"relics_obtained":[{"floor":6,"key":"Grinning Jar"},{"floor":8,"key":"Orichalcum"},{"floor":9,"key":"War Paint"},{"floor":12,"key":"Replay:Arrowhead"},{"floor":23,"key":"Simple Rune"},{"floor":26,"key":"Ancient Tea Set"},{"floor":28,"key":"ReplayTheSpireMod:Ninjato"},{"floor":31,"key":"FossilizedHelix"},{"floor":38,"key":"Calipers"},{"floor":40,"key":"Torii"},{"floor":42,"key":"InkBottle"},{"floor":43,"key":"Replay:Wax Seal"}],"event_choices":[{"cards_removed":["hierophant:CursedGold"],"damage_healed":0,"gold_gain":0,"player_choice":"Purged","damage_taken":0,"max_hp_gain":0,"max_hp_loss":0,"event_name":"Purifier","floor":4,"gold_loss":0},{"damage_healed":0,"gold_gain":0,"player_choice":"Bought 0 Potions","damage_taken":0,"max_hp_gain":0,"max_hp_loss":0,"event_name":"The Woman in Blue","floor":21,"gold_loss":0},{"damage_healed":0,"gold_gain":0,"player_choice":"Fight","damage_taken":0,"max_hp_gain":0,"max_hp_loss":0,"event_name":"MindBloom","floor":38,"gold_loss":0},{"cards_removed":["hierophant:CursedGold"],"damage_healed":0,"gold_gain":0,"player_choice":"Removed Power","damage_taken":0,"max_hp_gain":0,"max_hp_loss":0,"event_name":"Falling","floor":46,"gold_loss":0},{"damage_healed":0,"gold_gain":0,"player_choice":"Memory 1","damage_taken":0,"max_hp_gain":0,"max_hp_loss":0,"event_name":"SensoryStone","floor":47,"gold_loss":0}],"is_beta":false,"boss_relics":[{"not_picked":["Busted Crown","Snecko Eye"],"picked":"Replay:Drink Me"},{"not_picked":["Honey Jar","Calling Bell"],"picked":"Cursed Key"}],"items_purged_floors":[30,37],"is_endless":false,"potions_floor_spawned":[1,6,12,14,16,19,33,36,39,42],"ascension_level":0}}