{"host":"7jl348xfsxr8glry","time":1612511041,"event":{"mods":["AchievementEnabler","BaseMod","Colored Map","Minty Spire (QoL Compilation)","Random Character Button","Unceasing Turn Reminder"],"gold_per_floor":[114,114,31,31,48,48,77,93,147,180,197,217,217,392,392,491,491,510,524,524,524,524,555,555,581,581,581,329,329,347,364,364,468,468,478,488,15,15,15,15],"floor_reached":39,"language":"ENG","playtime":2193,"items_purged":["Strike_G","Strike_G"],"score":537,"play_id":"eb5e163f-b771-436c-8ff4-b71fa85690ce","local_time":"20210205184401","is_ascension_mode":true,"campfire_choices":[{"data":"Infinite Blades","floor":6,"key":"SMITH"},{"floor":13,"key":"REST"},{"floor":15,"key":"REST"},{"floor":24,"key":"REST"},{"floor":27,"key":"REST"},{"floor":29,"key":"REST"},{"floor":32,"key":"REST"}],"circlet_count":0,"master_deck":["Strike_G","Strike_G","Defend_G","Defend_G","Defend_G","Defend_G","Defend_G","Survivor","Neutralize","Quick Slash","Dagger Spray+1","Crippling Poison","Infinite Blades+1","Blade Dance","Slice","Cloak And Dagger","Accuracy","Cloak And Dagger","Adrenaline","Dodge and Roll","Flying Knee","Sucker Punch+1","Footwork","Quick Slash","Cloak And Dagger","Cloak And Dagger+1","Backstab+1","Infinite Blades"],"relics":["Ring of the Snake","Nunchaku","Bag of Marbles","Happy Flower","WristBlade","MealTicket","Bronze Scales","Blue Candle","Lantern","SacredBark","Anchor","TwistedFunnel"],"acts_visited":["Exordium","TheCity","TheBeyond"],"potions_floor_usage":[12,23,33,33,33,36,36],"damage_taken":[{"damage":0,"enemies":"Jaw Worm","floor":1,"turns":5},{"damage":0,"enemies":"Small Slimes","floor":5,"turns":3},{"damage":20,"enemies":"3 Sentries","floor":7,"turns":6},{"damage":0,"enemies":"Cultist","floor":8,"turns":4},{"damage":12,"enemies":"Gremlin Nob","floor":10,"turns":4},{"damage":3,"enemies":"3 Louse","floor":11,"turns":3},{"damage":7,"enemies":"Blue Slaver","floor":12,"turns":2},{"damage":54,"enemies":"Hexaghost","floor":16,"turns":11},{"damage":0,"enemies":"Spheric Guardian","floor":18,"turns":2},{"damage":13,"enemies":"2 Thieves","floor":19,"turns":3},{"damage":51,"enemies":"Gremlin Leader","floor":23,"turns":6},{"damage":28,"enemies":"Book of Stabbing","floor":25,"turns":5},{"damage":18,"enemies":"Snake Plant","floor":30,"turns":3},{"damage":6,"enemies":"Shelled Parasite and Fungi","floor":31,"turns":3},{"damage":22,"enemies":"Collector","floor":33,"turns":6},{"damage":13,"enemies":"3 Shapes","floor":35,"turns":4},{"damage":0,"enemies":"3 Darklings","floor":36,"turns":1},{"damage":73,"enemies":"Awakened One","floor":39,"turns":10}],"seed_played":"-7860486719264094984","potions_obtained":[{"floor":7,"key":"GamblersBrew"},{"floor":10,"key":"PowerPotion"},{"floor":11,"key":"SkillPotion"},{"floor":16,"key":"Strength Potion"},{"floor":23,"key":"PowerPotion"},{"floor":25,"key":"Strength Potion"},{"floor":33,"key":"Explosive Potion"},{"floor":35,"key":"Energy Potion"}],"is_trial":false,"path_per_floor":["M","?","$","?","M","R","E","M","T","E","M","M","R","?","R","B",null,"M","M","?","?","?","E","R","E","T","R","$","R","M","M","R","B",null,"M","M","$","?","B"],"character_chosen":"THE_SILENT","items_purchased":["Dagger Spray","Crippling Poison","Lantern","Footwork","Infinite Blades","Anchor","TwistedFunnel"],"campfire_rested":6,"item_purchase_floors":[3,3,28,28,37,37,37],"current_hp_per_floor":[70,63,63,63,63,63,43,43,43,31,28,21,42,42,63,9,70,70,57,57,70,70,19,40,12,12,33,48,69,51,45,66,44,70,57,57,70,70,0,0],"gold":15,"neow_bonus":"RANDOM_COMMON_RELIC","is_daily":false,"chose_seed":false,"campfire_upgraded":1,"win_rate":0.0,"timestamp":1612511041,"path_taken":["M","?","$","?","M","R","E","M","T","E","M","?","R","?","R","BOSS","M","M","?","?","?","E","R","E","T","R","$","R","M","?","R","BOSS","M","M","$","?","BOSS"],"items_purchased_type":["Card","Card","Relic","Card","Card","Relic","Relic"],"build_version":"2020-12-22","purchased_purges":2,"victory":false,"max_hp_per_floor":[70,70,70,70,70,70,70,70,70,70,70,70,70,70,70,70,70,70,70,70,70,70,70,70,70,70,70,70,70,70,70,70,70,70,70,70,70,70,70,70],"card_choices":[{"not_picked":["Dagger Throw","Prepared"],"picked":"Quick Slash","floor":1},{"not_picked":["Finisher","Backflip"],"picked":"Infinite Blades","floor":5},{"not_picked":["Underhanded Strike","Endless Agony"],"picked":"Blade Dance","floor":7},{"not_picked":["Prepared","Dagger Throw"],"picked":"Slice","floor":8},{"not_picked":["Bouncing Flask","Venomology"],"picked":"Cloak And Dagger","floor":10},{"not_picked":["Deadly Poison","Flechettes"],"picked":"Accuracy","floor":11},{"not_picked":["Skewer","Caltrops"],"picked":"Cloak And Dagger","floor":12},{"not_picked":["Burst","Unload"],"picked":"Adrenaline","floor":16},{"not_picked":["Backflip+1","Dagger Throw"],"picked":"Dodge and Roll","floor":18},{"not_picked":["Endless Agony","Flechettes","Backflip"],"picked":"SKIP","floor":19},{"not_picked":["Sucker Punch","Prepared"],"picked":"Flying Knee","floor":23},{"not_picked":["Masterful Stab","Bane+1"],"picked":"Sucker Punch+1","floor":25},{"not_picked":["Deflect","Prepared+1"],"picked":"Quick Slash","floor":30},{"not_picked":["Noxious Fumes","Envenom"],"picked":"Cloak And Dagger","floor":31},{"not_picked":["Bane","Underhanded Strike"],"picked":"Cloak And Dagger+1","floor":35},{"not_picked":["Acrobatics","Tactician"],"picked":"Backstab+1","floor":36}],"player_experience":231461,"relics_obtained":[{"floor":7,"key":"Bag of Marbles"},{"floor":10,"key":"Happy Flower"},{"floor":23,"key":"MealTicket"},{"floor":25,"key":"Bronze Scales"},{"floor":26,"key":"Blue Candle"}],"event_choices":[{"cards_removed":["Strike_G"],"damage_healed":0,"gold_gain":0,"player_choice":"Card Removal","damage_taken":7,"max_hp_gain":0,"max_hp_loss":0,"event_name":"Golden Wing","floor":2,"gold_loss":0},{"damage_healed":0,"gold_gain":0,"player_choice":"Forge","damage_taken":0,"max_hp_gain":0,"max_hp_loss":0,"event_name":"Accursed Blacksmith","floor":4,"gold_loss":0,"cards_upgraded":["Dagger Spray"]},{"damage_healed":0,"gold_gain":175,"player_choice":"AGREE","damage_taken":0,"max_hp_gain":0,"max_hp_loss":0,"event_name":"Liars Game","floor":14,"gold_loss":0,"cards_obtained":["Doubt"]},{"damage_healed":0,"gold_gain":0,"player_choice":"Ignored","damage_taken":0,"max_hp_gain":0,"max_hp_loss":0,"event_name":"Ghosts","floor":20,"gold_loss":0},{"damage_healed":23,"gold_gain":0,"player_choice":"Heal","damage_taken":0,"max_hp_gain":0,"max_hp_loss":0,"event_name":"The Library","floor":21,"gold_loss":0},{"cards_removed":["Doubt"],"damage_healed":0,"gold_gain":0,"player_choice":"Removed Curses","damage_taken":0,"max_hp_gain":0,"max_hp_loss":0,"event_name":"Fountain of Cleansing","floor":22,"gold_loss":0},{"damage_healed":0,"gold_gain":0,"player_choice":"Took Portal","damage_taken":0,"max_hp_gain":0,"max_hp_loss":0,"event_name":"SecretPortal","floor":38,"gold_loss":0}],"is_beta":false,"boss_relics":[{"not_picked":["Coffee Dripper","Empty Cage"],"picked":"WristBlade"},{"not_picked":["Astrolabe","Runic Dome"],"picked":"SacredBark"}],"items_purged_floors":[28,37],"is_endless":false,"potions_floor_spawned":[7,10,11,16,23,25,33,35],"killed_by":"Awakened One","ascension_level":4}}