{"host":"f0gpob8hq9vgebej","time":1612531292,"event":{"mods":["AchievementEnabler","BaseMod","Minty Spire (QoL Compilation)","Quick Restart","SuperFastMode"],"gold_per_floor":[16,32,48,67,80,80,112,132,132,132,146,163,88,88,88,166,216,236,29,45,58,58,58],"floor_reached":22,"language":"KOR","playtime":544,"items_purged":["Strike_R","Strike_R"],"score":355,"play_id":"5a187e23-ccf7-4877-ab0d-6e4b62517f59","local_time":"20210205222132","is_ascension_mode":true,"campfire_choices":[{"data":"Inflame","floor":6.0,"key":"SMITH"},{"floor":10.0,"key":"REST"},{"floor":15,"key":"REST"}],"circlet_count":0,"master_deck":["AscendersBane","Strike_R","Strike_R","Defend_R","Defend_R","Defend_R","Bash","Inflame+1","Perfected Strike","Shrug It Off+1","Inflame","True Grit","Seeing Red","Battle Trance","Pommel Strike","Second Wind","Fiend Fire","Evolve","Sword Boomerang","Power Through"],"relics":["Burning Blood","Prayer Wheel","Bottled Flame","Tiny House","Membership Card"],"acts_visited":["Exordium","TheCity"],"potions_floor_usage":[16,18,22],"damage_taken":[{"damage":7.0,"enemies":"Cultist","floor":1.0,"turns":4.0},{"damage":17.0,"enemies":"Small Slimes","floor":2.0,"turns":4.0},{"damage":3.0,"enemies":"2 Louse","floor":3.0,"turns":3.0},{"damage":16.0,"enemies":"Blue Slaver","floor":4.0,"turns":3.0},{"damage":4.0,"enemies":"Large Slime","floor":5.0,"turns":6.0},{"damage":32.0,"enemies":"Gremlin Nob","floor":7.0,"turns":4.0},{"damage":24.0,"enemies":"Gremlin Gang","floor":8.0,"turns":5.0},{"damage":12.0,"enemies":"Exordium Thugs","floor":11.0,"turns":5.0},{"damage":10,"enemies":"3 Louse","floor":12,"turns":4},{"damage":27,"enemies":"The Guardian","floor":16,"turns":12},{"damage":15,"enemies":"2 Thieves","floor":18,"turns":3},{"damage":11,"enemies":"Spheric Guardian","floor":20,"turns":3},{"damage":41,"enemies":"Snake Plant","floor":21,"turns":5},{"damage":23,"enemies":"Shelled Parasite and Fungi","floor":22,"turns":3}],"seed_played":"670588681504591245","potions_obtained":[{"floor":3.0,"key":"Block Potion"},{"floor":5.0,"key":"PowerPotion"},{"floor":8.0,"key":"DuplicationPotion"},{"floor":17,"key":"AttackPotion"},{"floor":21,"key":"Regen Potion"}],"is_trial":false,"path_per_floor":["M","M","M","M","M","R","E","M","T","R","M","M","$","?","R","B",null,"M","$","M","M","M"],"character_chosen":"IRONCLAD","items_purchased":["Membership Card"],"campfire_rested":2,"item_purchase_floors":[19],"current_hp_per_floor":[67,56,59,49,51,51,25,7,7,29,23,19,19,8,30,9,64,55,55,50,15,1,1],"gold":58,"neow_bonus":"REMOVE_TWO","is_daily":false,"chose_seed":false,"campfire_upgraded":1,"win_rate":0.0,"timestamp":1612531292,"path_taken":["M","M","M","M","M","R","E","M","T","R","M","M","$","?","R","BOSS","M","$","?","M","M"],"items_purchased_type":["Relic"],"build_version":"2020-12-22","purchased_purges":2,"victory":false,"max_hp_per_floor":[75,75,75,75,75,75,75,75,75,75,75,75,75,75,75,75,80,80,80,80,80,80,80],"card_choices":[{"not_picked":["Sword Boomerang","Wild Strike"],"picked":"Inflame","floor":1.0},{"not_picked":["Body Slam","Thunderclap","Iron Wave"],"picked":"SKIP","floor":2.0},{"not_picked":["Iron Wave","Armaments"],"picked":"Perfected Strike","floor":3.0},{"not_picked":["Dark Embrace","Rage","Perfected Strike"],"picked":"SKIP","floor":4.0},{"not_picked":["Flex","Feed"],"picked":"Shrug It Off","floor":5.0},{"not_picked":["Armaments","Shockwave"],"picked":"Inflame","floor":7.0},{"not_picked":["Searing Blow","Wild Strike"],"picked":"True Grit","floor":8.0},{"not_picked":["Shockwave","Inflame","Anger"],"picked":"SKIP","floor":8.0},{"not_picked":["Shockwave","Inflame","Anger"],"picked":"SKIP","floor":8.0},{"not_picked":["Heavy Blade","Warcry"],"picked":"Seeing Red","floor":11.0},{"not_picked":["Fiend Fire","Rampage"],"picked":"Battle Trance","floor":11.0},{"not_picked":["Inflame","True Grit"],"picked":"Pommel Strike","floor":12},{"not_picked":["Clothesline","Sword Boomerang"],"picked":"Second Wind","floor":12},{"not_picked":["Corruption","Brutality"],"picked":"Fiend Fire","floor":16},{"not_picked":["Twin Strike","Headbutt"],"picked":"Evolve","floor":17},{"not_picked":["Shrug It Off","Iron Wave+1"],"picked":"Sword Boomerang","floor":18},{"not_picked":["Clothesline","Metallicize","Havoc"],"picked":"SKIP","floor":18},{"not_picked":["Flex","True Grit","Dropkick"],"picked":"SKIP","floor":20},{"not_picked":["Cleave","Pommel Strike","Iron Wave"],"picked":"SKIP","floor":20},{"not_picked":["Infernal Blade","Immolate"],"picked":"Power Through","floor":21},{"not_picked":["Sword Boomerang","Heavy Blade","Pommel Strike"],"picked":"SKIP","floor":21}],"player_experience":378494,"relics_obtained":[{"floor":7.0,"key":"Prayer Wheel"},{"floor":9.0,"key":"Bottled Flame"}],"event_choices":[{"damage_healed":0,"gold_gain":0,"player_choice":"Damaged","damage_taken":11,"max_hp_gain":0,"max_hp_loss":0,"event_name":"Wheel of Change","floor":14,"gold_loss":0}],"is_beta":false,"boss_relics":[{"not_picked":["Philosopher\u0027s Stone","Snecko Eye"],"picked":"Tiny House"}],"items_purged_floors":[13,19],"is_endless":false,"potions_floor_spawned":[3,5,8,21],"killed_by":"Shelled Parasite and Fungi","ascension_level":17}}