{"host":"kbho7qfijxoxak3f","time":1612510433,"event":{"mods":["2.2 Compatiblity","Act Like it!","BaseMod","Challenge The Spire","Colored Map","Conspire","Highlight Path","Lobotomy","Minty Spire (QoL Compilation)","Pale of the Ancients","Quick Restart","StSLib"],"gold_per_floor":[119,135,35,55,71,71,100,100,100,100,100,100,100],"floor_reached":12,"language":"ZHS","playtime":296,"items_purged":["Strike_B"],"score":125,"play_id":"88098952-69d8-4142-b64f-3a4740de1b2b","local_time":"20210205153353","is_ascension_mode":true,"campfire_choices":[{"data":"Conserve Battery","floor":6,"key":"SMITH"},{"floor":10,"key":"REST"}],"circlet_count":0,"master_deck":["AscendersBane","Strike_B","Strike_B","Strike_B","Defend_B","Defend_B","Defend_B","Zap","Dualcast","ShyLook","WallGazer","Ball Lightning","Conserve Battery+1","Cold Snap","CrumblingArmor","OSAHOGD"],"relics":["Cracked Core","CogitoBucket","Ornamental Fan","Golden Idol","Frozen Egg 2"],"acts_visited":["Exordium"],"potions_floor_usage":[12],"damage_taken":[{"damage":1,"enemies":"Cultist","floor":1,"turns":3},{"damage":6,"enemies":"Small Slimes","floor":2,"turns":3},{"damage":6,"enemies":"2 Louse","floor":4,"turns":2},{"damage":22,"enemies":"Gremlin Gang","floor":5,"turns":5},{"damage":27,"enemies":"Gremlin Nob","floor":7,"turns":4},{"damage":7,"enemies":"3 Sentries","floor":12,"turns":2}],"seed_played":"8043931143638043448","potions_obtained":[{"floor":7,"key":"FocusPotion"}],"is_trial":false,"path_per_floor":["M","M","$","M","M","R","E","?","T","R","?","E"],"character_chosen":"DEFECT","items_purchased":["Conserve Battery"],"campfire_rested":1,"item_purchase_floors":[3],"current_hp_per_floor":[67,61,61,55,33,33,6,6,6,26,26,19,19],"gold":100,"neow_bonus":"","is_daily":false,"chose_seed":false,"campfire_upgraded":1,"win_rate":0.0,"timestamp":1612510433,"path_taken":["M","?","$","M","M","R","E","?","T","R","?","E"],"items_purchased_type":["Card"],"build_version":"2020-12-22","purchased_purges":1,"victory":false,"max_hp_per_floor":[75,75,75,75,75,75,75,69,69,69,69,69,69],"card_choices":[{"not_picked":["CherryBlossoms","Murderer"],"picked":"ShyLook","floor":1},{"not_picked":["Capacitor","Barrage","Compile Driver"],"picked":"SKIP","floor":1},{"not_picked":["UniverseFragment","Bloodbath"],"picked":"WallGazer","floor":2},{"not_picked":["conspire:SharedLibrary","Reinforced Body"],"picked":"Ball Lightning","floor":2},{"not_picked":["Redo","Ball Lightning"],"picked":"Cold Snap","floor":4},{"not_picked":["LongBird","CherryBlossoms"],"picked":"CrumblingArmor","floor":5},{"not_picked":["conspire:Rain","Multi-Cast","Redo"],"picked":"SKIP","floor":5},{"not_picked":["MHz","BeautyBeast"],"picked":"OSAHOGD","floor":7},{"not_picked":["Sweeping Beam","Consume","Darkness"],"picked":"SKIP","floor":7}],"player_experience":552358,"relics_obtained":[{"floor":7,"key":"Ornamental Fan"},{"floor":9,"key":"Frozen Egg 2"}],"event_choices":[{"damage_healed":0,"gold_gain":0,"player_choice":"Lose Max HP","damage_taken":0,"relics_obtained":["Golden Idol"],"max_hp_gain":0,"max_hp_loss":6,"event_name":"Golden Idol","floor":8,"gold_loss":0},{"cards_removed":["Defend_B"],"damage_healed":0,"gold_gain":0,"player_choice":"Purged","damage_taken":0,"max_hp_gain":0,"max_hp_loss":0,"event_name":"Purifier","floor":11,"gold_loss":0}],"is_beta":false,"boss_relics":[],"items_purged_floors":[3],"is_endless":false,"potions_floor_spawned":[7],"killed_by":"3 Sentries","ascension_level":12}}