{"host":"kqjncq1jgqa58i7s","time":1612537934,"event":{"mods":["AchievementEnabler","BaseMod","Colored Map","Minty Spire (QoL Compilation)","Relic Stats"],"gold_per_floor":[113,131,131,209,219,219,219,219,243,258,275,275,200,233,233,233,233],"floor_reached":16,"language":"ENG","playtime":486,"items_purged":["Strike_G"],"score":220,"play_id":"0139795f-5b96-4094-8aa8-d96c1d349b3a","local_time":"20210205161214","is_ascension_mode":true,"campfire_choices":[{"data":"Dagger Throw","floor":6.0,"key":"SMITH"},{"data":"All Out Attack","floor":8,"key":"SMITH"},{"data":"Neutralize","floor":12,"key":"SMITH"},{"data":"Die Die Die","floor":15,"key":"SMITH"}],"circlet_count":0,"master_deck":["AscendersBane","Strike_G","Strike_G","Strike_G","Strike_G","Defend_G","Defend_G","Defend_G","Defend_G","Defend_G","Survivor","Neutralize+1","All Out Attack+1","Dagger Throw+1","Footwork","Caltrops","Leg Sweep","Die Die Die+1"],"relics":["Ring of the Snake","Centennial Puzzle","Oddly Smooth Stone"],"acts_visited":["Exordium"],"potions_floor_usage":[7,16],"damage_taken":[{"damage":1.0,"enemies":"Small Slimes","floor":1.0,"turns":4.0},{"damage":12.0,"enemies":"Jaw Worm","floor":2.0,"turns":6.0},{"damage":9.0,"enemies":"2 Louse","floor":5.0,"turns":3.0},{"damage":0,"enemies":"Gremlin Nob","floor":7,"turns":1},{"damage":0,"enemies":"Lots of Slimes","floor":10,"turns":1},{"damage":2,"enemies":"Exordium Wildlife","floor":11,"turns":2},{"damage":14,"enemies":"3 Sentries","floor":14,"turns":7},{"damage":27,"enemies":"Slime Boss","floor":16,"turns":10}],"seed_played":"-5599758290897827695","potions_obtained":[{"floor":5.0,"key":"SmokeBomb"},{"floor":10,"key":"EssenceOfSteel"}],"is_trial":false,"path_per_floor":["M","M","?","?","M","R","E","R","T","M","M","R","$","E","R","B"],"character_chosen":"THE_SILENT","items_purchased":[],"campfire_rested":0,"item_purchase_floors":[],"current_hp_per_floor":[64,52,52,52,43,43,43,43,43,43,41,41,41,27,27,0,0],"gold":233,"neow_bonus":"TEN_PERCENT_HP_BONUS","is_daily":false,"chose_seed":false,"campfire_upgraded":4,"win_rate":0.0,"timestamp":1612537934,"path_taken":["M","M","?","?","M","R","E","R","T","M","M","R","?","E","R","BOSS"],"items_purchased_type":[],"build_version":"2020-12-22","purchased_purges":1,"victory":false,"max_hp_per_floor":[72,72,72,72,72,72,72,72,72,72,72,72,72,72,72,72,72],"relic_stats":{"Centennial Puzzle":[9],"counters":[8,34],"obtain_stats":[{"Centennial Puzzle":9,"Oddly Smooth Stone":14,"Ring of the Snake":0},{"Centennial Puzzle":4,"Oddly Smooth Stone":7,"Ring of the Snake":0},{"Centennial Puzzle":14,"Oddly Smooth Stone":24,"Ring of the Snake":0}],"Ring of the Snake":[16]},"card_choices":[{"not_picked":["Acrobatics","Backstab"],"picked":"All Out Attack","floor":1.0},{"not_picked":["Caltrops","Backflip"],"picked":"Dagger Throw","floor":2.0},{"not_picked":["Dagger Throw","Dodge and Roll"],"picked":"Footwork","floor":5.0},{"not_picked":["Tactician","Sucker Punch"],"picked":"Caltrops","floor":10},{"not_picked":["Dagger Throw","Eviscerate"],"picked":"Leg Sweep","floor":11},{"not_picked":["Terror","Leg Sweep"],"picked":"Die Die Die","floor":14}],"player_experience":1657018,"relics_obtained":[{"floor":9,"key":"Centennial Puzzle"},{"floor":14,"key":"Oddly Smooth Stone"}],"event_choices":[{"damage_healed":0.0,"max_hp_gain":0.0,"max_hp_loss":0.0,"gold_gain":0.0,"event_name":"Liars Game","player_choice":"Ignored","floor":3.0,"gold_loss":0.0,"damage_taken":0.0},{"damage_healed":0.0,"max_hp_gain":0.0,"max_hp_loss":0.0,"gold_gain":78.0,"event_name":"Golden Wing","player_choice":"Gained Gold","floor":4.0,"gold_loss":0.0,"damage_taken":0.0}],"is_beta":false,"boss_relics":[],"items_purged_floors":[13],"is_endless":false,"potions_floor_spawned":[5,7,10],"killed_by":"Slime Boss","ascension_level":20}}