{"host":"w8jq41i5zn1fudf9","time":1612557549,"event":{"mods":["AchievementEnabler","BaseMod","Colored Map","Colored Powertips","Curses Come First","GifTheSpireLib","Googly Eyes","Minty Spire (QoL Compilation)","Quick Restart","Rare Cards Sparkle","Relic Stats","StSLib","The Awakened One except there are too many feathers","egg","everything is the same but u backflip on backflip","slay the spire mod where everything is the same but ironclad has a cowboy hat"],"gold_per_floor":[111,111,111,36,59,92,23,23,23,23,198,214,234,290,290,416,416,436,44,44,44,44,44,68,68,91,127,140,140,164,164,164,285,285,309,332,163,123,138,138,152,152,152,152,0,0,25,61,61,61,61],"floor_reached":50,"language":"ENG","playtime":1301,"items_purged":["Injury","Strike_B"],"score":613,"play_id":"674b2ce7-faa9-45b4-9949-87d6baed70fd","local_time":"20210205133909","is_ascension_mode":true,"campfire_choices":[{"data":"Zap","floor":8,"key":"SMITH"},{"data":"Doom and Gloom","floor":10,"key":"SMITH"},{"floor":15,"key":"REST"},{"data":"Zap","floor":23,"key":"SMITH"},{"data":"Dualcast","floor":25,"key":"SMITH"},{"floor":29,"key":"REST"},{"floor":32,"key":"REST"},{"floor":40,"key":"REST"},{"data":"Defragment","floor":42,"key":"SMITH"},{"data":"1","floor":44,"key":"LIFT"},{"floor":46,"key":"REST"},{"floor":49,"key":"REST"}],"circlet_count":0,"master_deck":["Strike_B+1","Strike_B+1","Strike_B+1","Defend_B+1","Defend_B","Defend_B","Defend_B+1","Zap+1","Dualcast+1","Ball Lightning+1","Capacitor","Doom and Gloom+1","Leap","Electrodynamics","Defragment+1","All For One","Zap+1","Chill","Redo+1","Echo Form+1","Defragment+1","Leap"],"relics":["Cracked Core","NeowsBlessing","Golden Idol","Lizard Tail","War Paint","SlaversCollar","Gremlin Horn","Whetstone","Gambling Chip","DataDisk","PreservedInsect","Unceasing Top","Busted Crown","Girya","Red Mask","Bag of Marbles"],"acts_visited":["Exordium","TheCity","TheBeyond"],"potions_floor_usage":[16,18,27,33,33,39,50],"damage_taken":[{"damage":0,"enemies":"2 Louse","floor":1,"turns":1},{"damage":0,"enemies":"Jaw Worm","floor":5,"turns":1},{"damage":0,"enemies":"Lagavulin","floor":6,"turns":1},{"damage":0,"enemies":"Cultist","floor":12,"turns":3},{"damage":18,"enemies":"Exordium Thugs","floor":13,"turns":3},{"damage":18,"enemies":"The Guardian","floor":16,"turns":8},{"damage":12,"enemies":"3 Byrds","floor":18,"turns":3},{"damage":3,"enemies":"Chosen","floor":24,"turns":4},{"damage":22,"enemies":"Gremlin Leader","floor":27,"turns":4},{"damage":14,"enemies":"Centurion and Healer","floor":28,"turns":5},{"damage":3,"enemies":"Cultist and Chosen","floor":30,"turns":4},{"damage":12,"enemies":"Automaton","floor":33,"turns":5},{"damage":11,"enemies":"Orb Walker","floor":35,"turns":2},{"damage":3,"enemies":"3 Shapes","floor":36,"turns":4},{"damage":29,"enemies":"Writhing Mass","floor":39,"turns":4},{"damage":29,"enemies":"Transient","floor":41,"turns":5},{"damage":0,"enemies":"3 Darklings","floor":47,"turns":3},{"damage":17,"enemies":"Giant Head","floor":48,"turns":6},{"damage":106,"enemies":"Awakened One","floor":50,"turns":8}],"seed_played":"-116505074036159979","potions_obtained":[{"floor":5,"key":"FocusPotion"},{"floor":12,"key":"LiquidBronze"},{"floor":13,"key":"AttackPotion"},{"floor":24,"key":"SkillPotion"},{"floor":30,"key":"Block Potion"},{"floor":33,"key":"Energy Potion"},{"floor":47,"key":"Swift Potion"}],"is_trial":false,"path_per_floor":["M","?","?","$","M","E","$","R","T","R","?","M","M","?","R","B",null,"M","$","?","?","?","R","M","R","T","E","M","R","M","T","R","B",null,"M","M","$","?","M","R","M","R","T","R","?","R","M","E","R","B"],"character_chosen":"DEFECT","items_purchased":["Doom and Gloom","Gremlin Horn","Whetstone","Defragment"],"campfire_rested":6,"item_purchase_floors":[7,19,19,37],"current_hp_per_floor":[75,75,60,60,60,60,60,60,60,60,60,60,42,42,64,46,75,63,63,63,63,63,63,60,60,60,38,24,46,43,43,65,53,75,64,61,61,61,32,54,25,25,25,25,25,47,47,30,52,0,0],"gold":61,"neow_bonus":"THREE_ENEMY_KILL","is_daily":false,"chose_seed":false,"campfire_upgraded":5,"win_rate":0.0,"timestamp":1612557549,"path_taken":["M","?","?","$","M","E","?","R","T","R","?","?","M","?","R","BOSS","M","$","?","?","?","R","M","R","T","E","?","R","M","?","R","BOSS","M","M","$","?","M","R","?","R","T","R","?","R","M","E","R","BOSS"],"items_purchased_type":["Card","Relic","Relic","Card"],"build_version":"2020-12-22","purchased_purges":2,"victory":false,"max_hp_per_floor":[75,75,75,75,75,75,75,75,75,75,75,75,75,75,75,75,75,75,75,75,75,75,75,75,75,75,75,75,75,75,75,75,75,75,75,75,75,75,75,75,75,75,75,75,75,75,75,75,75,75,75],"relic_stats":{"Lizard Tail":37,"Busted Crown":12,"Gremlin Horn":[12,12],"counters":[19,74],"Golden Idol":120,"Gambling Chip":[6],"PreservedInsect":125,"Whetstone":["Strike_B","Ball Lightning"],"War Paint":["Defend_B","Defend_B"],"obtain_stats":[{"Girya":43,"NeowsBlessing":0,"Gremlin Horn":19,"Golden Idol":2,"PreservedInsect":27,"Whetstone":19,"War Paint":9,"SlaversCollar":17,"Lizard Tail":6,"DataDisk":26,"Busted Crown":34,"Gambling Chip":20,"Red Mask":45,"Bag of Marbles":48,"Cracked Core":0,"Unceasing Top":31},{"Girya":16,"NeowsBlessing":0,"Gremlin Horn":7,"Golden Idol":1,"PreservedInsect":9,"Whetstone":7,"War Paint":3,"SlaversCollar":6,"Lizard Tail":3,"DataDisk":8,"Busted Crown":12,"Gambling Chip":7,"Red Mask":16,"Bag of Marbles":18,"Cracked Core":0,"Unceasing Top":11},{"Girya":57,"NeowsBlessing":0,"Gremlin Horn":20,"Golden Idol":1,"PreservedInsect":28,"Whetstone":20,"War Paint":3,"SlaversCollar":17,"Lizard Tail":3,"DataDisk":24,"Busted Crown":42,"Gambling Chip":20,"Red Mask":57,"Bag of Marbles":66,"Cracked Core":0,"Unceasing Top":37}],"Unceasing Top":[18]},"card_choices":[{"not_picked":["BootSequence","Conserve Battery"],"picked":"Ball Lightning","floor":1},{"not_picked":["Go for the Eyes","Beam Cell","Gash"],"picked":"SKIP","floor":5},{"not_picked":["Steam","Storm"],"picked":"Capacitor","floor":6},{"not_picked":["Hello World","Compile Driver"],"picked":"Leap","floor":12},{"not_picked":["Hello World","Doom and Gloom","Redo"],"picked":"SKIP","floor":13},{"not_picked":["Core Surge","Meteor Strike"],"picked":"Electrodynamics","floor":16},{"not_picked":["Gash","Ball Lightning"],"picked":"Defragment+1","floor":18},{"not_picked":["Scrape+1","Darkness+1","Sunder"],"picked":"SKIP","floor":24},{"not_picked":["Genetic Algorithm","Redo"],"picked":"Chill","floor":27},{"not_picked":["Go for the Eyes","Consume"],"picked":"Redo","floor":28},{"not_picked":["Beam Cell","Barrage","Force Field"],"picked":"SKIP","floor":30},{"not_picked":["Creative AI","All For One"],"picked":"Echo Form","floor":33},{"not_picked":["Go for the Eyes+1"],"picked":"SKIP","floor":35},{"not_picked":["Gash"],"picked":"SKIP","floor":36},{"not_picked":["Aggregate+1"],"picked":"SKIP","floor":39},{"not_picked":[],"picked":"Leap","floor":41},{"not_picked":["Blizzard"],"picked":"SKIP","floor":47},{"not_picked":["Lockon"],"picked":"SKIP","floor":48}],"player_experience":87860,"relics_obtained":[{"floor":6,"key":"Lizard Tail"},{"floor":9,"key":"War Paint"},{"floor":26,"key":"DataDisk"},{"floor":27,"key":"PreservedInsect"},{"floor":31,"key":"Unceasing Top"},{"floor":43,"key":"Girya"},{"floor":48,"key":"Bag of Marbles"}],"event_choices":[{"damage_healed":0,"gold_gain":0,"player_choice":"Take Wound","damage_taken":0,"relics_obtained":["Golden Idol"],"max_hp_gain":0,"max_hp_loss":0,"event_name":"Golden Idol","floor":2,"gold_loss":0,"cards_obtained":["Injury"]},{"damage_healed":0,"gold_gain":0,"player_choice":"Entered Light","damage_taken":15,"max_hp_gain":0,"max_hp_loss":0,"event_name":"Shining Light","floor":3,"gold_loss":0,"cards_upgraded":["Strike_B","Strike_B"]},{"damage_healed":0,"gold_gain":175,"player_choice":"AGREE","damage_taken":0,"max_hp_gain":0,"max_hp_loss":0,"event_name":"Liars Game","floor":11,"gold_loss":0,"cards_obtained":["Doubt"]},{"damage_healed":0,"gold_gain":56,"player_choice":"Gained Gold","damage_taken":0,"max_hp_gain":0,"max_hp_loss":0,"event_name":"Golden Wing","floor":14,"gold_loss":0},{"damage_healed":0,"gold_gain":0,"player_choice":"Opened","damage_taken":0,"relics_obtained":["Gambling Chip"],"max_hp_gain":0,"max_hp_loss":0,"event_name":"The Mausoleum","floor":20,"gold_loss":0},{"cards_removed":["Doubt"],"damage_healed":0,"gold_gain":0,"player_choice":"Elegance","damage_taken":0,"max_hp_gain":0,"max_hp_loss":0,"event_name":"Back to Basics","floor":21,"gold_loss":0},{"damage_healed":0,"gold_gain":0,"player_choice":"2 cards matched","damage_taken":0,"max_hp_gain":0,"max_hp_loss":0,"event_name":"Match and Keep!","floor":22,"gold_loss":0,"cards_obtained":["All For One","Zap"]},{"damage_healed":0,"gold_gain":0,"player_choice":"Upgraded Two","damage_taken":0,"max_hp_gain":0,"max_hp_loss":0,"event_name":"Designer","floor":38,"gold_loss":40,"cards_upgraded":["Redo","Echo Form"]},{"damage_healed":0,"gold_gain":0,"player_choice":"Paid","damage_taken":0,"relics_obtained":["Red Mask"],"max_hp_gain":0,"max_hp_loss":0,"event_name":"Tomb of Lord Red Mask","floor":45,"gold_loss":152}],"is_beta":false,"boss_relics":[{"not_picked":["Velvet Choker","Runic Pyramid"],"picked":"SlaversCollar"},{"not_picked":["Sozu","Runic Dome"],"picked":"Busted Crown"}],"items_purged_floors":[4,37],"is_endless":false,"potions_floor_spawned":[5,12,13,24,30,33,47],"killed_by":"Awakened One","ascension_level":4}}