{"host":"7vlopc64487frs6y","time":1612534378,"event":{"mods":["Arknights","Aspiration","BaseMod","BetterRewards","Colored Map","Decade(Õı–°√˜)","Downfall","Good Game Mod","Highlight Path","Minty Spire (QoL Compilation)","Quick Restart","Reimu£®≤©¿ˆ¡È√Œ£©","Remilia£®¿Ÿ√◊¿Ú—«£©","Replay The Spire","Shop Mod","StSLib","TestMod","Unceasing Turn Reminder","Youmu£®ªÍ∆«—˝√Œ£©"],"gold_per_floor":[117,42,59,71,82,115,115,126,126,126,141,151,186,206,206,304,304,318,318,337,353,366,397,397,429,482,482,493,528,560,578,578,679,679,693,290,340,740,740,740,767,786,813,833,868,554,588,626,638,650],"floor_reached":51,"language":"ZHS","playtime":2485,"items_purged":["Defend_RM","Strike_RM","Storm of Steel"],"score":961,"play_id":"39bf9295-9422-492e-927e-fd81f92c6226","local_time":"20210205221258","is_ascension_mode":false,"campfire_choices":[{"data":"Stigmanizer","floor":7.0,"key":"SMITH"},{"data":"ChaoticDestiny","floor":10.0,"key":"SMITH"},{"data":"KillingBlow","floor":15.0,"key":"SMITH"},{"data":"RedMoon","floor":24.0,"key":"SMITH"},{"data":"ScarletShoot","floor":27.0,"key":"SMITH"},{"data":"Adrenaline","floor":32.0,"key":"SMITH"},{"data":"ScarletDevil","floor":40.0,"key":"SMITH"},{"data":"MastersStateliness","floor":49,"key":"SMITH"}],"circlet_count":0,"master_deck":["Strike_RM","Strike_RM","Strike_RM","Defend_RM","Defend_RM","Defend_RM","RedMoon+1","ScarletShoot+1","Stigmanizer+1","ChaoticDestiny+1","KillingBlow+1","EquivalentExchange","BloodAndWine+1","MastersStateliness","BombardNight+1","Adrenaline+1","ScarletDevil+1","ScarletImprint+1","MastersStateliness","MastersStateliness+1"],"relics":["ScarletHat","REME:ComplimentaryCards","testmod-Fanaticism","NeowsBlessing","Mirror","Darkstone Periapt","testmod-IndustrialRevolution","aspiration:SeaSaltIceCream","aspiration:Nostalgia","Replay:M_StaffOfTheSnake","testmod-TurbochargingSystem","Mastiff:ReiMu","Red Mask","Vajra","testmod-TimeTraveler","aspiration:ChemicalBlood","ClockworkSouvenir","CeramicFish","testmod-Antiphasic","testmod-BalancedPeriapt","Anchor","MawBank"],"acts_visited":["Exordium","TheCity","TheBeyond"],"potions_floor_usage":[41,44,44,45,48],"damage_taken":[{"damage":0.0,"enemies":"Cultist","floor":1.0,"turns":1.0},{"damage":0.0,"enemies":"Jaw Worm","floor":3.0,"turns":1.0},{"damage":0.0,"enemies":"Small Slimes","floor":4.0,"turns":1.0},{"damage":5.0,"enemies":"Looter","floor":5.0,"turns":2.0},{"damage":21.0,"enemies":"3 Sentries","floor":6.0,"turns":7.0},{"damage":23.0,"enemies":"Lots of Slimes","floor":8.0,"turns":2.0},{"damage":23.0,"enemies":"Red Slaver","floor":11.0,"turns":2.0},{"damage":0.0,"enemies":"2 Fungi Beasts","floor":12.0,"turns":2.0},{"damage":14.0,"enemies":"Gremlin Nob","floor":13.0,"turns":3.0},{"damage":11.0,"enemies":"Blue Slaver","floor":14.0,"turns":2.0},{"damage":10.0,"enemies":"Slime Boss","floor":16.0,"turns":4.0},{"damage":17.0,"enemies":"Chosen","floor":18.0,"turns":4.0},{"damage":27.0,"enemies":"2 Thieves","floor":20.0,"turns":2.0},{"damage":27.0,"enemies":"Chosen and Byrds","floor":21.0,"turns":2.0},{"damage":27.0,"enemies":"3 Cultists","floor":22.0,"turns":4.0},{"damage":55.0,"enemies":"Slavers","floor":23.0,"turns":3.0},{"damage":35.0,"enemies":"Gremlin Leader","floor":25.0,"turns":3.0},{"damage":13.0,"enemies":"Snecko","floor":28.0,"turns":2.0},{"damage":8.0,"enemies":"Masked Bandits","floor":29.0,"turns":3.0},{"damage":47.0,"enemies":"Slavers","floor":30.0,"turns":2.0},{"damage":28.0,"enemies":"Snake Plant","floor":31.0,"turns":2.0},{"damage":62.0,"enemies":"Champ","floor":33.0,"turns":4.0},{"damage":22.0,"enemies":"3 Darklings","floor":35.0,"turns":3.0},{"damage":29.0,"enemies":"Mind Bloom Boss Battle","floor":37.0,"turns":3.0},{"damage":92,"enemies":"Nemesis","floor":41,"turns":5},{"damage":6,"enemies":"Orb Walker","floor":42,"turns":2},{"damage":32,"enemies":"Jaw Worm Horde","floor":44,"turns":2},{"damage":48,"enemies":"Giant Head","floor":45,"turns":2},{"damage":49,"enemies":"R_Hoarder","floor":47,"turns":2},{"damage":1,"enemies":"3 Darklings","floor":48,"turns":4},{"damage":44,"enemies":"Donu and Deca","floor":50,"turns":2}],"seed_played":"2071451649681715460","potions_obtained":[{"floor":1.0,"key":"BlessingOfTheForge"},{"floor":3.0,"key":"GrandPatriotsElixir:ReiMu"},{"floor":5.0,"key":"SteroidPotion"},{"floor":33.0,"key":"Fire Potion"},{"floor":44,"key":"Ancient Potion"}],"is_trial":false,"path_per_floor":["M","$","M","M","M","E","R","M","T","R","M","M","E","M","R","B",null,"M","?","M","M","M","E","R","E","T","R","M","?","E","M","R","B",null,"M","$","?","?","?","R","E","M","T","M","E","$","E","M","R","B",null],"character_chosen":"REMILIA","items_purchased":["aspiration:ChemicalBlood","ClockworkSouvenir","MastersStateliness","Anchor"],"campfire_rested":0,"item_purchase_floors":[36,36,46,46],"current_hp_per_floor":[75,75,75,75,72,67,67,59,59,59,50,50,37,31,31,25,75,75,75,75,75,61,75,75,75,75,75,73,65,75,61,61,75,75,75,75,75,75,75,75,75,75,75,80,37,37,85,84,84,85],"gold":662,"neow_bonus":"THREE_ENEMY_KILL","is_daily":false,"chose_seed":false,"campfire_upgraded":8,"win_rate":0.0,"timestamp":1612534378,"path_taken":["M","$","M","M","M","E","R","M","T","R","M","M","E","M","R","BOSS","M","?","M","M","M","E","R","E","T","R","?","?","E","M","R","BOSS","M","$","?","?","?","R","E","M","T","M","E","$","E","?","R","BOSS"],"items_purchased_type":["Relic","Relic","Card","Relic"],"build_version":"2020-12-22","purchased_purges":3,"victory":true,"max_hp_per_floor":[75,75,75,75,75,75,75,75,75,75,75,75,75,75,75,75,75,75,75,75,75,75,75,75,75,75,75,75,75,75,75,75,75,75,75,75,75,75,75,75,75,75,75,80,85,85,85,85,85,85],"card_choices":[{"not_picked":["Maim","EternalNight"],"picked":"Stigmanizer","floor":1.0},{"not_picked":["Maim","EmergencyRegeneration","BloodHunter"],"picked":"SKIP","floor":3.0},{"not_picked":["DevilSight","LeisurelyOfLord","Stigmanizer"],"picked":"SKIP","floor":4.0},{"not_picked":["StarOfDavid","RedRainbow","ScarletImprint"],"picked":"SKIP","floor":5.0},{"not_picked":["CharismaGuard","SuperhumanBloodyKnife","BombardNight"],"picked":"SKIP","floor":6.0},{"not_picked":["BombardNight","ScarletDevil"],"picked":"ChaoticDestiny","floor":8.0},{"not_picked":["Stigmanizer","BloodAndWine","StarOfDavid"],"picked":"SKIP","floor":11.0},{"not_picked":["Stigmanizer","BloodAndWine","ScarletNetherworld"],"picked":"SKIP","floor":12.0},{"not_picked":["TwelveNightmare","BloodAndWine"],"picked":"KillingBlow","floor":13.0},{"not_picked":["ScarletDevil","Stigmanizer","VampireSweep"],"picked":"SKIP","floor":14.0},{"not_picked":["KillingBlow","BloodRain"],"picked":"EquivalentExchange","floor":16.0},{"not_picked":["UnstableMagic","ScarletSymphony","ChainGang"],"picked":"SKIP","floor":18.0},{"not_picked":["UnstableMagic+1","VampireKiss+1","RedRainbow"],"picked":"SKIP","floor":20.0},{"not_picked":["LeisurelyOfLord+1","NightLord","HunterOfTheNight+1"],"picked":"SKIP","floor":21.0},{"not_picked":["BombardNight","FavorOfDestiny"],"picked":"BloodAndWine+1","floor":22.0},{"not_picked":["EquivalentExchange","BadLadyScramble","Maim+1"],"picked":"SKIP","floor":23.0},{"not_picked":["NightLord","Septette","UnderTheZenith"],"picked":"SKIP","floor":23.0},{"not_picked":["Septette","Dagger Throw+1"],"picked":"MastersStateliness","floor":25.0},{"not_picked":["Setup+1","ScarletSymphony","ChainGang"],"picked":"SKIP","floor":28.0},{"not_picked":["CharismaGuard","ScarletImprint"],"picked":"BombardNight+1","floor":30.0},{"not_picked":["NightDance","RedMagic"],"picked":"Adrenaline","floor":31.0},{"not_picked":["MastersStateliness","NightDance"],"picked":"ScarletDevil","floor":35.0},{"not_picked":["Stigmanizer","UnstableMagic"],"picked":"ScarletImprint+1","floor":37.0},{"not_picked":["ScarletImprint+1","Nirvana+1","ReincarnationDial+1"],"picked":"SKIP","floor":41},{"not_picked":["JustLucky","MillenniumVampire+1","FavorOfDestiny"],"picked":"SKIP","floor":42},{"not_picked":["DevilSight+1","Outmaneuver+1","FitfulNightmare"],"picked":"SKIP","floor":44},{"not_picked":["SashWhip","MillenniumVampire","Nirvana"],"picked":"SKIP","floor":45},{"not_picked":["DevilSight+1","BloodAndWine","ChainGang"],"picked":"SKIP","floor":47},{"not_picked":["BlasphemousPunishment+1","Septette+1"],"picked":"MastersStateliness","floor":48}],"player_experience":712458,"relics_obtained":[{"floor":6.0,"key":"Mirror"},{"floor":9.0,"key":"Darkstone Periapt"},{"floor":13.0,"key":"testmod-IndustrialRevolution"},{"floor":23.0,"key":"aspiration:SeaSaltIceCream"},{"floor":25.0,"key":"testmod-TurbochargingSystem"},{"floor":26.0,"key":"Mastiff:ReiMu"},{"floor":29.0,"key":"Red Mask"},{"floor":30.0,"key":"Vajra"},{"floor":41,"key":"CeramicFish"},{"floor":43,"key":"testmod-Antiphasic"},{"floor":45,"key":"testmod-BalancedPeriapt"},{"floor":47,"key":"MawBank"}],"event_choices":[{"damage_healed":0.0,"max_hp_gain":0.0,"max_hp_loss":0.0,"gold_gain":0.0,"event_name":"NoteForYourself","player_choice":"Ignored","floor":19.0,"gold_loss":0.0,"damage_taken":0.0},{"damage_healed":0.0,"max_hp_gain":0.0,"max_hp_loss":0.0,"gold_gain":0.0,"event_name":"Masked Bandits","player_choice":"Fought Bandits","floor":29.0,"gold_loss":0.0,"damage_taken":0.0},{"damage_healed":0.0,"max_hp_gain":0.0,"max_hp_loss":0.0,"gold_gain":0.0,"event_name":"MindBloom","player_choice":"Fight","floor":37.0,"gold_loss":0.0,"damage_taken":0.0},{"damage_healed":0.0,"max_hp_gain":0.0,"max_hp_loss":0.0,"gold_gain":400.0,"event_name":"∂˜¬ÂÀπµƒ≈Ã◊”","player_choice":"Sell","floor":38.0,"relics_lost":["testmod-TestBox"],"gold_loss":0.0,"damage_taken":0.0},{"damage_healed":0.0,"max_hp_gain":0.0,"max_hp_loss":0.0,"gold_gain":0.0,"event_name":"SecretPortal","player_choice":"Ignored","floor":39.0,"gold_loss":0.0,"damage_taken":0.0}],"is_beta":false,"boss_relics":[{"not_picked":["testmod-NegativeEmotionEnhancer","Ectoplasm","Coffee Dripper"]},{"not_picked":["Kintsugi","aspiration:SecretTechniqueScroll"],"picked":"testmod-TimeTraveler"}],"items_purged_floors":[2,36,46],"is_endless":false,"potions_floor_spawned":[1,3,5,8,11,14,18,20,23,25,33,37,41,44,47],"ascension_level":0}}