{"host":"y7b1p9nkx4idorr2","time":1612511307,"event":{"mods":["AchievementEnabler","Act Like it!","BaseMod","Colored Map","Downfall","GifTheSpireLib","Googly Eyes","Highlight Path","Mimic Mod","Minty Spire (QoL Compilation)","Shop Mod","Spicy Shops","StSLib","Unceasing Turn Reminder"],"gold_per_floor":[0,11,31,44,60,77,77,77,77,102,116,147,47,73,91,91,91,91],"floor_reached":16,"language":"ENG","playtime":849,"items_purged":[],"score":136,"play_id":"45c3c192-9bcc-4e73-b9ec-b09e7d7a0b5b","local_time":"20210205014827","is_ascension_mode":true,"campfire_choices":[{"floor":1,"key":"RECALL"},{"data":"bronze:Philosophize","floor":8,"key":"SMITH"},{"floor":13,"key":"REST"}],"circlet_count":0,"master_deck":["bronze:Strike","bronze:Strike","bronze:Strike","bronze:Strike","bronze:Defend","bronze:Defend","bronze:Defend","bronze:Defend","bronze:Replicate","bronze:Goto","bronze:Shell","bronze:OilSpill","bronze:BugBarrage","bronze:Shield","bronze:Philosophize+1","bronze:Optimize","bronze:Safeguard","bronze:HyperBeam","bronze:Shield","bronze:ForceShield"],"relics":["bronze:BronzeCore","Gambling Chip","Unceasing Top","Pear","TungstenRod","downfall:HeartBlessingRed","HornCleat"],"acts_visited":["Exordium"],"potions_floor_usage":[10,12,14,16],"damage_taken":[{"damage":0,"enemies":"Small Slimes","floor":2,"turns":2},{"damage":10,"enemies":"Jaw Worm","floor":3,"turns":7},{"damage":1,"enemies":"Cultist","floor":4,"turns":4},{"damage":23,"enemies":"Exordium Thugs","floor":5,"turns":7},{"damage":9,"enemies":"Large Slime","floor":6,"turns":8},{"damage":22,"enemies":"Lagavulin","floor":10,"turns":7},{"damage":0,"enemies":"2 Fungi Beasts","floor":11,"turns":3},{"damage":12,"enemies":"Gremlin Nob","floor":12,"turns":3},{"damage":9,"enemies":"3 Sentries","floor":14,"turns":3},{"damage":0,"enemies":"Exordium Thugs","floor":15,"turns":6},{"damage":22,"enemies":"IC_STATUS_ARCHETYPE","floor":16,"turns":4}],"seed_played":"-5093047311753251880","potions_obtained":[{"floor":2,"key":"sneckomod:MuddlingPotion"},{"floor":4,"key":"Guardian:BlockOnCardUsePotion"},{"floor":11,"key":"PowerPotion"},{"floor":15,"key":"SteroidPotion"}],"is_trial":false,"path_per_floor":["R","M","M","M","M","M","T","R","?","E","M","E","R","E","M","B"],"character_chosen":"THE_AUTOMATON","items_purchased":[],"campfire_rested":1,"item_purchase_floors":[],"current_hp_per_floor":[70,70,60,59,36,27,27,27,27,15,15,3,27,18,18,0,0,0],"gold":91,"neow_bonus":"ONE_RARE_RELIC","is_daily":false,"chose_seed":false,"campfire_upgraded":1,"win_rate":0.0,"timestamp":1612511307,"path_taken":["R","M","M","M","M","M","T","R","?","E","M","E","R","E","M","BOSS"],"items_purchased_type":[],"build_version":"2020-12-22","purchased_purges":0,"victory":false,"max_hp_per_floor":[70,70,70,70,70,70,70,70,70,80,80,80,80,80,80,80,80,80],"card_choices":[{"not_picked":["bronze:NullPointer","bronze:ClassDefault"],"picked":"bronze:Shell","floor":2},{"not_picked":["bronze:DelayedSlice","bronze:Deprecate"],"picked":"bronze:OilSpill","floor":3},{"not_picked":["bronze:DigitalCarnage","bronze:ClassDefault"],"picked":"bronze:BugBarrage","floor":4},{"not_picked":["bronze:Philosophize","bronze:Refactor"],"picked":"bronze:Shield","floor":5},{"not_picked":["bronze:AlphaBuild","bronze:Separator"],"picked":"bronze:Philosophize","floor":6},{"not_picked":["bronze:Overload","bronze:Frontload"],"picked":"bronze:Optimize","floor":10},{"not_picked":["bronze:ClassDefault","bronze:Branch"],"picked":"bronze:Safeguard","floor":11},{"not_picked":["bronze:InfiniteBeams","bronze:Shell"],"picked":"bronze:HyperBeam","floor":12},{"not_picked":["bronze:Overheat","bronze:DigitalCarnage"],"picked":"bronze:Shield","floor":14},{"not_picked":["bronze:Frontload","bronze:GetLatest"],"picked":"bronze:ForceShield","floor":15}],"player_experience":2292771,"relics_obtained":[{"floor":7,"key":"Unceasing Top"},{"floor":10,"key":"Pear"},{"floor":12,"key":"TungstenRod"},{"floor":14,"key":"HornCleat"}],"event_choices":[{"damage_healed":0,"gold_gain":0,"player_choice":"Fled","damage_taken":0,"max_hp_gain":0,"max_hp_loss":0,"event_name":"Scrap Ooze","floor":9,"gold_loss":0}],"is_beta":false,"boss_relics":[],"items_purged_floors":[],"is_endless":false,"potions_floor_spawned":[2,4,11,15],"killed_by":"IC_STATUS_ARCHETYPE","ascension_level":2}}