{"host":"2g68u5ewu4bp0ui7","time":1612548046,"event":{"mods":["AchievementEnabler","BaseMod","Best Route Mod","Block Reminder","Colored Map","Colored Powertips","Highlight Path","Minty Spire (QoL Compilation)","Quick Restart","Shop Mod","SuperFastMode","everything is the same but u backflip on backflip","slay the spire mod where everything is the same but ironclad has a cowboy hat"],"gold_per_floor":[115,115,95,95,110,110,128,138,138,138,470,484,484,484,484,484,484],"floor_reached":16,"language":"ENG","playtime":349,"items_purged":[],"score":100,"play_id":"09cbf75e-15ad-4def-adfd-7fffd0b9717f","local_time":"20210205200046","is_ascension_mode":false,"campfire_choices":[{"data":"Defend_R","floor":6,"key":"SMITH"},{"data":"Seeing Red","floor":10,"key":"SMITH"},{"floor":15,"key":"REST"}],"circlet_count":0,"master_deck":["Strike_R","Strike_R+1","Strike_R+1","Strike_R","Defend_R","Defend_R","Defend_R","Defend_R+1","Entrench","Seeing Red+1","Inflame","Sword Boomerang"],"relics":["Burning Blood","Gremlin Horn","Old Coin"],"acts_visited":["Exordium"],"potions_floor_usage":[11,16],"damage_taken":[{"damage":1,"enemies":"Jaw Worm","floor":1,"turns":6},{"damage":3,"enemies":"2 Louse","floor":5,"turns":5},{"damage":0,"enemies":"Small Slimes","floor":7,"turns":3},{"damage":5,"enemies":"Looter","floor":8,"turns":3},{"damage":48,"enemies":"Lagavulin","floor":11,"turns":11},{"damage":13,"enemies":"3 Louse","floor":12,"turns":5},{"damage":79,"enemies":"Hexaghost","floor":16,"turns":10}],"seed_played":"-1304061324806348960","potions_obtained":[{"floor":1,"key":"Strength Potion"},{"floor":4,"key":"LiquidMemories"},{"floor":4,"key":"Energy Potion"},{"floor":11,"key":"SkillPotion"}],"is_trial":false,"path_per_floor":["M","?","?","?","M","R","M","M","T","R","E","M","?","?","R","B"],"character_chosen":"IRONCLAD","items_purchased":[],"campfire_rested":1,"item_purchase_floors":[],"current_hp_per_floor":[80,64,64,64,67,67,73,74,74,74,32,25,51,51,75,0,0],"gold":484,"neow_bonus":"REMOVE_CARD","is_daily":false,"chose_seed":false,"campfire_upgraded":2,"win_rate":0.0,"timestamp":1612548046,"path_taken":["M","?","?","?","M","R","?","M","T","R","E","M","?","?","R","BOSS"],"items_purchased_type":[],"build_version":"2020-12-22","purchased_purges":0,"victory":false,"max_hp_per_floor":[80,80,80,80,80,80,80,80,80,80,80,80,80,80,80,80,80],"card_choices":[{"not_picked":["Clothesline","Evolve"],"picked":"Entrench","floor":1},{"not_picked":["Twin Strike","Clothesline","Rupture"],"picked":"SKIP","floor":5},{"not_picked":["Flex","Intimidate"],"picked":"Seeing Red","floor":7},{"not_picked":["Intimidate","Infernal Blade","Headbutt"],"picked":"SKIP","floor":8},{"not_picked":["Burning Pact","Twin Strike"],"picked":"Inflame","floor":11},{"not_picked":["Ghostly Armor","Heavy Blade"],"picked":"Sword Boomerang","floor":12}],"player_experience":76804,"relics_obtained":[{"floor":9,"key":"Gremlin Horn"},{"floor":11,"key":"Old Coin"}],"event_choices":[{"damage_healed":0,"gold_gain":0,"player_choice":"Entered Light","damage_taken":16,"max_hp_gain":0,"max_hp_loss":0,"event_name":"Shining Light","floor":2,"gold_loss":0,"cards_upgraded":["Strike_R","Strike_R"]},{"damage_healed":0,"gold_gain":0,"player_choice":"Left Gold","damage_taken":0,"max_hp_gain":0,"max_hp_loss":0,"event_name":"World of Goop","floor":3,"gold_loss":20},{"damage_healed":0,"gold_gain":0,"player_choice":"Got Potions","damage_taken":0,"max_hp_gain":0,"max_hp_loss":0,"event_name":"Lab","floor":4,"gold_loss":0},{"damage_healed":26,"gold_gain":0,"player_choice":"Banana","damage_taken":0,"max_hp_gain":0,"max_hp_loss":0,"event_name":"Big Fish","floor":13,"gold_loss":0},{"cards_removed":["Strike_R"],"damage_healed":0,"gold_gain":0,"player_choice":"Card Removal","damage_taken":0,"max_hp_gain":0,"max_hp_loss":0,"event_name":"Wheel of Change","floor":14,"gold_loss":0}],"is_beta":false,"boss_relics":[],"items_purged_floors":[],"is_endless":false,"potions_floor_spawned":[1,8,11],"killed_by":"Hexaghost","ascension_level":0}}