{"host":"facnppb4175fcpe2","time":1612539295,"event":{"mods":["AchievementEnabler","BaseMod","Colored Map","Colored Powertips","Highlight Path","Minty Spire (QoL Compilation)","Quick Restart","Rare Cards Sparkle","Relic Stats","StSLib","SuperFastMode"],"gold_per_floor":[116,136,154,167,182,182,182],"floor_reached":6,"language":"ZHS","playtime":277,"items_purged":[],"score":52,"play_id":"aa2828e8-22ea-44b5-afe8-2af8677ffb12","local_time":"20210205233455","is_ascension_mode":true,"campfire_choices":[],"circlet_count":0,"master_deck":["Strike_G","Strike_G","Strike_G","Strike_G","Strike_G","Defend_G","Defend_G","Defend_G","Defend_G","Defend_G","Survivor","Neutralize","CurseOfTheBell","Caltrops"],"relics":["Calling Bell","Art of War","Gremlin Horn","Unceasing Top"],"acts_visited":["Exordium"],"potions_floor_usage":[6,6],"damage_taken":[{"damage":4.0,"enemies":"Small Slimes","floor":1.0,"turns":5.0},{"damage":1.0,"enemies":"Jaw Worm","floor":2.0,"turns":7.0},{"damage":8.0,"enemies":"2 Louse","floor":3.0,"turns":4.0},{"damage":9.0,"enemies":"2 Fungi Beasts","floor":4.0,"turns":5.0},{"damage":19.0,"enemies":"Exordium Thugs","floor":5.0,"turns":8.0},{"damage":25,"enemies":"Lagavulin","floor":6,"turns":6}],"seed_played":"-2805728701617684397","potions_obtained":[{"floor":3.0,"key":"SteroidPotion"},{"floor":5.0,"key":"CunningPotion"}],"is_trial":false,"path_per_floor":["M","M","M","M","M","E"],"character_chosen":"THE_SILENT","items_purchased":[],"campfire_rested":0,"item_purchase_floors":[],"current_hp_per_floor":[59,58,50,41,22,0,0],"gold":182,"neow_bonus":"BOSS_RELIC","is_daily":false,"chose_seed":false,"campfire_upgraded":0,"win_rate":0.0,"timestamp":1612539295,"path_taken":["M","M","M","M","M","E"],"items_purchased_type":[],"build_version":"2020-12-22","purchased_purges":0,"victory":false,"max_hp_per_floor":[70,70,70,70,70,70,70],"relic_stats":{"Gremlin Horn":[4,4],"counters":[6,35],"Art of War":[4],"obtain_stats":[{"Calling Bell":0,"Gremlin Horn":0,"Art of War":0,"Unceasing Top":0,"Ring of the Snake":0},{"Calling Bell":0,"Gremlin Horn":0,"Art of War":0,"Unceasing Top":0,"Ring of the Snake":0},{"Calling Bell":0,"Gremlin Horn":0,"Art of War":0,"Unceasing Top":0,"Ring of the Snake":0}],"Unceasing Top":[2]},"card_choices":[{"not_picked":["Cloak And Dagger","Crippling Poison","Finisher"],"picked":"SKIP","floor":1.0},{"not_picked":["PiercingWail","Blade Dance"],"picked":"Caltrops","floor":2.0},{"not_picked":["Blade Dance","Backflip","Dash"],"picked":"SKIP","floor":3.0},{"not_picked":["Cloak And Dagger","Slice","Bane"],"picked":"SKIP","floor":4.0},{"not_picked":["Acrobatics","Outmaneuver","Slice"],"picked":"SKIP","floor":5.0}],"player_experience":134145,"relics_obtained":[{"floor":0.0,"key":"Art of War"},{"floor":0.0,"key":"Gremlin Horn"},{"floor":0.0,"key":"Unceasing Top"}],"event_choices":[],"is_beta":false,"boss_relics":[],"items_purged_floors":[],"is_endless":false,"potions_floor_spawned":[3,5],"killed_by":"Lagavulin","ascension_level":6}}