{"host":"3e3mwsgb9gfqiuxm","time":1612492140,"event":{"mods":["Act Like it!","BaseMod","BetterRewards","Colored Map","Colored Powertips","Downfall","Gensokyo","Hermit","Infinite Spire","Koishi","Marisa????????","Minty Spire (QoL Compilation)","Quick Restart","Reimu??????","Remilia??????","Replay The Spire","Shop Mod","StSLib","SuperFastMode","The Animator","The Bug Knight","The Cursed","The Jungle","The Servant 0.9.4","everything is the same but u backflip on backflip"],"gold_per_floor":[99,116,65,78,78,94,144,144,194,194,194,268,268,61,119,240,240,140,180,180,180,219,219,219,296,26,26,26,53,53,64,134,287,287,187,276,319,357,288,40,91,115,171,202,253,286,186,237,237,292,292,331,331,331,331,331,355,355,435,463,475,487,499,526,580,592,668,683,695,695],"floor_reached":61,"language":"ENG","playtime":2424,"items_purged":["Strike_MRS"],"score":1492,"play_id":"3b1c5857-da82-4fe8-bccc-b36746dc3e72","local_time":"20210204212900","is_ascension_mode":true,"campfire_choices":[{"data":"MasterSpark","floor":1,"key":"SMITH"},{"data":"WitchOfGreed","floor":8,"key":"SMITH"},{"data":"PowerUp","floor":10,"key":"SMITH"},{"data":"WitchOfGreed","floor":18,"key":"SMITH"},{"floor":23,"key":"RECALL"},{"data":"AlicesGift","floor":27,"key":"SMITH"},{"data":"infinitespire:UltimateForm","floor":30,"key":"SMITH"},{"data":"MysteriousBeam","floor":35,"key":"SMITH"},{"floor":43,"key":"DIG"},{"floor":45,"key":"DIG"},{"floor":47,"key":"DIG"},{"floor":53,"key":"DIG"}],"circlet_count":0,"master_deck":["Strike_MRS","Defend_MRS","Defend_MRS","Defend_MRS","Defend_MRS","UpSweep+1","FairyDestructionRay+1","NonDirectionalLaser","WitchOfGreed+1","AlicesGift+1","PowerUp+1","WitchOfGreed+1","CasketOfStar+1","AlicesGift","OrrerysSun+1","Orbital","infinitespire:Oblivion","infinitespire:Punishment","ReplayTheSpireMod:Echoes of Time","infinitespire:UltimateForm+1","EventHorizon+1","MysteriousBeam+1","Acceleration+1","EventHorizon","MachineGunSpark+1","BinaryStars+1","SprinkleStarSeal+1","WitchLeyline+1","OortCloud+1","Gensokyo:MedicineKit","Parasite","Parasite","WitchLeyline","infinitespire:Starlight","BinaryStars+1","CurseOfTheBell"],"relics":["MiniHakkero","NeowsBlessing","Lantern","Bag of Preparation","Happy Flower","Tea:ReiMu","Gensokyo:PortableGap","Golden Egg","Mango","Medical Kit","Black Star","downfall:HeartBlessingGreen","Gensokyo:ConquerorOfFear","infinitespire:Lucky Rock","Mango","Onion Ring","SimpleLauncher","infinitespire:Joker Card","Mercury Hourglass","TungstenRod","infinitespire:Lychee Nut","RedLine:ReiMu","downfall:HeartBlessingRed","MerchantsRug","Shuriken","Shovel","ReplayFunnel","SproutingBranch","Mummified Hand","Replay:Rubber Ducky","Replay:Baseball","Replay:Kaleidoscope","infinitespire:EmpoweringShard","CrazyTorch:ReiMu","AntiCross","Centennial Puzzle","downfall:HeartBlessingBlue","Bag of Marbles","Mirror","Mastiff:ReiMu","Replay:Accelerometer","Tiny Chest","Orichalcum","Strawberry","MealTicket","ShroomBag","MawBank","Replay:Mystery Machine","Calling Bell","Art of War","ReplayTheSpireMod:Ninjato","Replay:Multitool"],"acts_visited":["Gensokyo:Gensokyo","Gensokyo:Gensokyoer","Gensokyo:Gensokyoest","Exordium"],"potions_floor_usage":[12,15,16,19,22,25,25,29,32,32,33,36,38],"damage_taken":[{"damage":0,"enemies":"Gensokyo:Gryphon","floor":2,"turns":1},{"damage":0,"enemies":"downfall:FleeingMerchant","floor":3,"turns":1},{"damage":0,"enemies":"Gensokyo:Python","floor":4,"turns":1},{"damage":0,"enemies":"Gensokyo:2_Kodama","floor":6,"turns":1},{"damage":0,"enemies":"Gensokyo:Cirno","floor":9,"turns":4},{"damage":0,"enemies":"Gensokyo:Mamizou","floor":12,"turns":3},{"damage":12,"enemies":"Gensokyo:VengefulSpirit","floor":15,"turns":2},{"damage":9,"enemies":"WA_ARCHETYPE_RETAIN","floor":16,"turns":4},{"damage":0,"enemies":"Gensokyo:2_Gloops","floor":19,"turns":1},{"damage":12,"enemies":"Gensokyo:CosmicMonolith","floor":22,"turns":5},{"damage":4,"enemies":"Gensokyo:Tenshi","floor":25,"turns":4},{"damage":0,"enemies":"Gensokyo:Koishi","floor":29,"turns":2},{"damage":0,"enemies":"Gensokyo:3_Gloops","floor":31,"turns":3},{"damage":0,"enemies":"Gensokyo:Mirror_and_Dog","floor":32,"turns":2},{"damage":3,"enemies":"SI_MIRROR_ARCHETYPE","floor":33,"turns":6},{"damage":12,"enemies":"Gensokyo:AncientGuardian","floor":36,"turns":4},{"damage":0,"enemies":"Gensokyo:3_Bats","floor":37,"turns":2},{"damage":15,"enemies":"Gensokyo:Sharpion","floor":38,"turns":2},{"damage":27,"enemies":"Gensokyo:Doremy","floor":39,"turns":3},{"damage":0,"enemies":"Gensokyo:Kasen","floor":41,"turns":1},{"damage":0,"enemies":"Gensokyo:Doremy","floor":42,"turns":4},{"damage":53,"enemies":"Nightmare","floor":43,"turns":5},{"damage":0,"enemies":"Gensokyo:Doremy","floor":44,"turns":1},{"damage":0,"enemies":"Gensokyo:Kasen","floor":44,"turns":2},{"damage":0,"enemies":"Gensokyo:Doremy","floor":44,"turns":3},{"damage":0,"enemies":"Gensokyo:SeedOfUnknown","floor":46,"turns":2},{"damage":0,"enemies":"Gensokyo:Dusk_and_Dawn","floor":51,"turns":2},{"damage":0,"enemies":"Gensokyo:4_Bats","floor":52,"turns":1},{"damage":0,"enemies":"Gensokyo:Sharpion","floor":56,"turns":2},{"damage":0,"enemies":"Gensokyo:AtlasGolem","floor":57,"turns":1},{"damage":0,"enemies":"Gensokyo:Rafflesia","floor":59,"turns":2},{"damage":0,"enemies":"IC_BLOCK_ARCHETYPE","floor":60,"turns":3}],"seed_played":"-6536894466615538116","potions_obtained":[{"floor":4,"key":"SteroidPotion"},{"floor":6,"key":"ColorlessPotion"},{"floor":9,"key":"DuplicationPotion"},{"floor":12,"key":"ShroomBrew"},{"floor":12,"key":"Death Potion"},{"floor":15,"key":"LiquidMemories"},{"floor":16,"key":"Energy Potion"},{"floor":19,"key":"Adrenaline Potion"},{"floor":22,"key":"PowerPotion"},{"floor":25,"key":"Adrenaline Potion"},{"floor":25,"key":"LiquidMemories"},{"floor":29,"key":"Guardian:BlockOnCardUsePotion"},{"floor":32,"key":"Languid Potion"},{"floor":32,"key":"GamblersBrew"},{"floor":33,"key":"ColorlessPotion"},{"floor":33,"key":"Regen Potion"},{"floor":36,"key":"AttackPotion"},{"floor":37,"key":"FairyPotion"},{"floor":38,"key":"FearPotion"},{"floor":38,"key":"EntropicBrew"},{"floor":39,"key":"SmokeBomb"},{"floor":41,"key":"ShroomBrew"},{"floor":44,"key":"StarNLove"},{"floor":46,"key":"SteroidPotion"},{"floor":57,"key":"CultistPotion"}],"is_trial":false,"path_per_floor":["R","M","$","M","?","M","T","R","E","R","?","E","?","COS","M","B",null,"R","M","?","?","M","R","T","E","COS","R","AVR","E","R","M","M","B",null,"R_BF","M","M","M","$","$","E","T","E","E","NM","E","R","E","R","E","T","M","R","?","?","?","T","T","M","M","R","PTL","PTL","M","M","AVR","M","B",null],"character_chosen":"MARISA","items_purchased":["Lantern","Bag of Preparation","WitchOfGreed","MerchantsRug","Shuriken","WitchLeyline"],"campfire_rested":0,"item_purchase_floors":[3,3,3,39,38,38],"current_hp_per_floor":[75,75,75,75,75,75,75,75,75,75,68,68,61,61,49,40,82,82,82,82,82,70,70,70,80,80,93,93,93,93,93,93,69,69,69,57,60,53,53,53,31,31,31,52,9,9,19,27,27,42,49,57,57,49,49,49,49,49,57,57,57,57,57,59,59,59,59,59,59,59],"gold":695,"neow_bonus":"THREE_ENEMY_KILL","is_daily":false,"chose_seed":false,"campfire_upgraded":7,"win_rate":0.0,"timestamp":1612492140,"path_taken":["R","M","$","M","?","?","T","R","E","R","?","E","?","COS","M","BOSS","R","M","?","?","M","R","T","E","COS","R","AVR","E","R","M","M","BOSS","R_BF","M","M","M","$","$","E","T","E","E","NM","E","R","E","R","E","T","M","R","?","?","?","?","T","?","M","R","PTL","PTL","M","M","AVR","M","BOSS"],"items_purchased_type":["Relic","Relic","Card","Relic","Relic","Card"],"build_version":"2020-12-22","purchased_purges":1,"victory":false,"max_hp_per_floor":[75,75,75,75,75,75,75,75,75,75,68,68,82,82,82,82,82,82,82,82,82,82,82,82,96,96,93,93,93,93,93,93,69,69,69,69,69,69,66,63,63,63,60,57,54,51,61,61,58,58,65,65,62,62,62,62,62,62,62,62,59,59,59,59,59,59,59,59,59,59],"card_choices":[{"not_picked":["Acceleration","LuminesStrike"],"picked":"FairyDestructionRay","floor":2},{"not_picked":["Singularity","OpenUniverse"],"picked":"NonDirectionalLaser","floor":3},{"not_picked":["NonDirectionalLaser","GrandCross"],"picked":"AlicesGift","floor":4},{"not_picked":["BlazeAway","ChargeUpSpray"],"picked":"PowerUp","floor":6},{"not_picked":["UltimateShortwave","BlazeAway"],"picked":"WitchOfGreed","floor":9},{"not_picked":["GalacticHalo","DC"],"picked":"BinaryStars","floor":12},{"not_picked":["StarlightTyphoon","DoubleSpark","SporeBomb"],"picked":"SKIP","floor":15},{"not_picked":["StarDustReverie","UltimateShortwave"],"picked":"CasketOfStar","floor":16},{"not_picked":["GravityBeat","DC+1"],"picked":"AlicesGift","floor":19},{"not_picked":["IllusionStar","OrrerysSun+1","LuminesStrike"],"picked":"SKIP","floor":22},{"not_picked":["IllusionStar","LuminesStrike"],"picked":"OrrerysSun+1","floor":22},{"not_picked":["GravityBeat","ChargeUpSpray"],"picked":"Orbital","floor":25},{"not_picked":["EnergyFlow","MeteoricShower"],"picked":"EventHorizon+1","floor":29},{"not_picked":["DoubleSpark+1","StarlightTyphoon","ChargeUpSpray+1"],"picked":"SKIP","floor":31},{"not_picked":["AsteroidBelt","StarDustReverie"],"picked":"MysteriousBeam","floor":32},{"not_picked":["BinaryStars","ManaRampage"],"picked":"SuperNova","floor":33},{"not_picked":["6A","MeteoricShower+1","GalacticHalo"],"picked":"SKIP","floor":36},{"not_picked":["GalacticHalo","PropBag+1"],"picked":"Acceleration+1","floor":37},{"not_picked":["EnergyRecoil+1","ShootTheMoon","GrandCross"],"picked":"SKIP","floor":38},{"not_picked":["GravityBeat+1","ChargeUpSpray"],"picked":"EventHorizon","floor":39},{"not_picked":["GalacticHalo+1","Occultation+1"],"picked":"MachineGunSpark+1","floor":41},{"not_picked":["NonDirectionalLaser","FairyDestructionRay"],"picked":"BinaryStars","floor":42},{"not_picked":["DoubleSpark+1","PowerUp+1"],"picked":"SprinkleStarSeal+1","floor":43},{"not_picked":["GrandCross+1","PulseMagic"],"picked":"WitchLeyline+1","floor":44},{"not_picked":["StarBarrage+1","OneTimeOff"],"picked":"OortCloud+1","floor":44},{"not_picked":["UnstableBomb+1","PropBag+1","GravityBeat+1"],"picked":"SKIP","floor":44},{"not_picked":["NonDirectionalLaser+1","EnergyFlow+1","Robbery+1"],"picked":"SKIP","floor":46},{"not_picked":["Robbery","ShootTheMoon"],"picked":"WitchLeyline","floor":51},{"not_picked":["ChargeUpSpray+1","EarthLightRay+1","UnstableBomb"],"picked":"SKIP","floor":52},{"not_picked":["Robbery","Singularity","DeepEcoloBomb"],"picked":"SKIP","floor":56},{"not_picked":["GrandCross+1","DarkSpark+1","EnergyRecoil+1"],"picked":"SKIP","floor":57},{"not_picked":["GalacticHalo","WitchOfGreed+1"],"picked":"BinaryStars","floor":59}],"player_experience":1349062,"relics_obtained":[{"floor":7,"key":"Whetstone"},{"floor":9,"key":"Tea:ReiMu"},{"floor":12,"key":"Golden Egg"},{"floor":22,"key":"Gensokyo:ConquerorOfFear"},{"floor":24,"key":"Pocketwatch"},{"floor":25,"key":"Mango"},{"floor":25,"key":"Onion Ring"},{"floor":29,"key":"Mercury Hourglass"},{"floor":29,"key":"TungstenRod"},{"floor":39,"key":"ReplayFunnel"},{"floor":39,"key":"SproutingBranch"},{"floor":41,"key":"Mummified Hand"},{"floor":41,"key":"Replay:Rubber Ducky"},{"floor":42,"key":"Replay:Baseball"},{"floor":42,"key":"Replay:Kaleidoscope"},{"floor":43,"key":"infinitespire:EmpoweringShard"},{"floor":43,"key":"CrazyTorch:ReiMu"},{"floor":44,"key":"AntiCross"},{"floor":44,"key":"Centennial Puzzle"},{"floor":43,"key":"Bag of Marbles"},{"floor":44,"key":"Mirror"},{"floor":44,"key":"Mastiff:ReiMu"},{"floor":45,"key":"Replay:Accelerometer"},{"floor":44,"key":"Tiny Chest"},{"floor":44,"key":"Orichalcum"},{"floor":45,"key":"Strawberry"},{"floor":47,"key":"MealTicket"},{"floor":49,"key":"ShroomBag"},{"floor":50,"key":"MawBank"},{"floor":53,"key":"Replay:Mystery Machine"},{"floor":61,"key":"Art of War"},{"floor":61,"key":"ReplayTheSpireMod:Ninjato"},{"floor":61,"key":"Replay:Multitool"}],"event_choices":[],"is_beta":false,"boss_relics":[{"not_picked":["Coffee Dripper","Replay:Drink Me"],"picked":"Black Star"},{"not_picked":["ReplayTheSpireMod:SealedPack","Kintsugi"],"picked":"RedLine:ReiMu"},{"not_picked":["Replay:Grab Bag","Ring of Chaos"],"picked":"Calling Bell"}],"items_purged_floors":[28],"is_endless":true,"potions_floor_spawned":[4,6,16,22,29,37,38,41,43,44,46,51,57],"ascension_level":4}}