{"host":"rolltorest","time":1612511362,"event":{"mods":["BaseMod","Minty Spire (QoL Compilation)","Relic Stats","Slay the Relics Exporter","StSLib"],"gold_per_floor":[15,30,40,40,40,70,70,70,70,27,53,85,85,110,110,182,182,160,160,179,191,191,223,223,243,266,266,286,319,319,329,329,403,403,414,414,30,55,55,83,83,95,95,111,11,11,31,59,59,59,59,59,59,1,29,29,29],"floor_reached":56,"language":"ENG","playtime":3775,"items_purged":["Pain","Normality"],"score":2267,"play_id":"0c36a11c-0af4-4149-9431-d65f9052c4b7","local_time":"20210204234922","is_ascension_mode":true,"campfire_choices":[{"floor":7,"key":"REST"},{"data":"Wraith Form v2","floor":13,"key":"SMITH"},{"data":"Well Laid Plans","floor":15,"key":"SMITH"},{"data":"Blade Dance","floor":24,"key":"SMITH"},{"data":"Accuracy","floor":30,"key":"SMITH"},{"data":"Finisher","floor":32,"key":"SMITH"},{"data":"Blade Dance","floor":46,"key":"SMITH"},{"floor":49,"key":"RECALL"},{"data":"Wraith Form v2","floor":53,"key":"SMITH"}],"circlet_count":0,"master_deck":["AscendersBane","Strike_G","Strike_G","Strike_G","Strike_G","Defend_G","Defend_G","Defend_G","Defend_G","Defend_G","Survivor","Neutralize","Bane","Poisoned Stab","Dash+1","Bane","Well Laid Plans+1","Wraith Form v2+1","Dash","Blade Dance+1","Adrenaline","Dagger Spray","Cloak And Dagger+1","Wraith Form v2+1","Backflip","Clumsy","Finisher+1","Accuracy+1","Malaise","Acrobatics+1","Noxious Fumes","Acrobatics","Blade Dance+1","Cloak And Dagger+1","Tactician+1","PiercingWail"],"relics":["Ring of the Snake","WingedGreaves","StrikeDummy","Pen Nib","Anchor","Lantern","Toy Ornithopter","Nunchaku","Cursed Key","WarpedTongs","Thread and Needle","Happy Flower","Lizard Tail","WristBlade","Ninja Scroll","Tough Bandages","Kunai","InkBottle","Bag of Marbles"],"acts_visited":["Exordium","TheCity","TheBeyond","TheEnding"],"potions_floor_usage":[11,16,31,33,44,47,56],"damage_taken":[{"damage":0,"enemies":"2 Louse","floor":1,"turns":5},{"damage":1,"enemies":"Small Slimes","floor":2,"turns":5},{"damage":11,"enemies":"Jaw Worm","floor":3,"turns":4},{"damage":0,"enemies":"Gremlin Nob","floor":6,"turns":3},{"damage":17,"enemies":"3 Sentries","floor":11,"turns":10},{"damage":1,"enemies":"Gremlin Nob","floor":12,"turns":4},{"damage":5,"enemies":"Lagavulin","floor":14,"turns":5},{"damage":15,"enemies":"Hexaghost","floor":16,"turns":10},{"damage":6,"enemies":"2 Thieves","floor":18,"turns":4},{"damage":2,"enemies":"Shell Parasite","floor":20,"turns":5},{"damage":0,"enemies":"Shelled Parasite and Fungi","floor":21,"turns":5},{"damage":12,"enemies":"Book of Stabbing","floor":23,"turns":5},{"damage":3,"enemies":"Cultist and Chosen","floor":25,"turns":7},{"damage":2,"enemies":"Centurion and Healer","floor":28,"turns":5},{"damage":1,"enemies":"Gremlin Leader","floor":29,"turns":8},{"damage":1,"enemies":"Sentry and Sphere","floor":31,"turns":5},{"damage":16,"enemies":"Collector","floor":33,"turns":10},{"damage":12,"enemies":"Orb Walker","floor":35,"turns":5},{"damage":0,"enemies":"Mind Bloom Boss Battle","floor":38,"turns":5},{"damage":7,"enemies":"Nemesis","floor":40,"turns":5},{"damage":0,"enemies":"3 Darklings","floor":42,"turns":4},{"damage":0,"enemies":"Spire Growth","floor":44,"turns":2},{"damage":6,"enemies":"Writhing Mass","floor":47,"turns":4},{"damage":3,"enemies":"Giant Head","floor":48,"turns":7},{"damage":0,"enemies":"Time Eater","floor":50,"turns":11},{"damage":0,"enemies":"Donu and Deca","floor":51,"turns":9},{"damage":0,"enemies":"Shield and Spear","floor":55,"turns":7},{"damage":59,"enemies":"The Heart","floor":56,"turns":11}],"seed_played":"-2509145813782115144","potions_obtained":[{"floor":3,"key":"LiquidBronze"},{"floor":6,"key":"Poison Potion"},{"floor":11,"key":"Strength Potion"},{"floor":18,"key":"SpeedPotion"},{"floor":21,"key":"GhostInAJar"},{"floor":35,"key":"ColorlessPotion"},{"floor":38,"key":"Explosive Potion"},{"floor":55,"key":"FearPotion"}],"is_trial":false,"path_per_floor":["M","M","M","?","?","E","R","?","T","$","E","E","R","E","R","B",null,"M","?","M","M","?","E","R","M","T","?","M","E","R","M","R","B",null,"M","?","$","?","$","E","?","M","T","M","$","R","M","E","R","B","B",null,"R","$","E","B"],"character_chosen":"THE_SILENT","items_purchased":["Well Laid Plans","Ninja Scroll","Noxious Fumes","PiercingWail"],"campfire_rested":1,"item_purchase_floors":[10,37,37,54],"current_hp_per_floor":[59,58,47,21,21,21,40,62,62,62,45,44,44,39,39,29,57,51,51,49,49,49,37,37,34,34,34,32,31,31,35,35,24,56,44,44,44,44,44,37,37,37,37,42,42,42,41,38,38,38,38,59,59,59,59,5,5],"gold":29,"neow_bonus":"ONE_RARE_RELIC","is_daily":false,"chose_seed":false,"campfire_upgraded":7,"win_rate":0.0,"timestamp":1612511362,"path_taken":["M","M","M","?","?","E","R","?","T","?","E","E","R","E","R","BOSS","M","?","?","M","?","E","R","?","T","?","M","E","R","M","R","BOSS","M","?","$","?","$","E","?","M","T","M","$","R","M","E","R","BOSS","BOSS","R","$","E","BOSS"],"items_purchased_type":["Card","Relic","Card","Card"],"build_version":"2020-12-18","purchased_purges":2,"victory":false,"max_hp_per_floor":[66,66,66,66,66,66,66,66,66,66,66,66,66,66,66,66,66,66,66,66,66,66,66,66,66,66,66,66,66,66,66,66,66,66,66,66,66,66,66,66,66,66,66,66,66,66,66,66,66,66,66,66,66,66,66,66,66],"relic_stats":{"Happy Flower":[32],"counters":[28,170],"Pen Nib":[53],"Cursed Key":2,"WarpedTongs":[110],"Nunchaku":[49],"Lizard Tail":0,"Tough Bandages":[66],"Kunai":[64],"obtain_stats":[{"Lantern":11,"Happy Flower":26,"Thread and Needle":23,"Pen Nib":6,"Cursed Key":17,"WarpedTongs":22,"Anchor":9,"Nunchaku":14,"Lizard Tail":29,"Tough Bandages":38,"WristBlade":34,"Ninja Scroll":37,"WingedGreaves":0,"Bag of Marbles":55,"Kunai":40,"StrikeDummy":4,"Toy Ornithopter":12,"InkBottle":48,"Ring of the Snake":0},{"Lantern":5,"Happy Flower":13,"Thread and Needle":12,"Pen Nib":4,"Cursed Key":8,"WarpedTongs":11,"Anchor":4,"Nunchaku":7,"Lizard Tail":15,"Tough Bandages":19,"WristBlade":17,"Ninja Scroll":18,"WingedGreaves":0,"Bag of Marbles":27,"Kunai":20,"StrikeDummy":3,"Toy Ornithopter":6,"InkBottle":24,"Ring of the Snake":0},{"Lantern":27,"Happy Flower":72,"Thread and Needle":65,"Pen Nib":17,"Cursed Key":46,"WarpedTongs":60,"Anchor":17,"Nunchaku":36,"Lizard Tail":85,"Tough Bandages":110,"WristBlade":100,"Ninja Scroll":105,"WingedGreaves":0,"Bag of Marbles":159,"Kunai":115,"StrikeDummy":14,"Toy Ornithopter":31,"InkBottle":132,"Ring of the Snake":0}],"Toy Ornithopter":30,"InkBottle":[24],"Ring of the Snake":[56]},"card_choices":[{"not_picked":["Choke","Outmaneuver"],"picked":"Bane","floor":1},{"not_picked":["Endless Agony","Slice"],"picked":"Poisoned Stab","floor":2},{"not_picked":["Backstab","Slice"],"picked":"Dash","floor":3},{"not_picked":["Flying Knee","Flechettes"],"picked":"Bane","floor":6},{"not_picked":["Terror","Unload"],"picked":"Wraith Form v2","floor":11},{"not_picked":["Expertise","Setup"],"picked":"Dash","floor":12},{"not_picked":["Flying Knee","After Image"],"picked":"Blade Dance","floor":14},{"not_picked":["A Thousand Cuts","Storm of Steel"],"picked":"Adrenaline","floor":16},{"not_picked":["Bouncing Flask+1","Prepared"],"picked":"Dagger Spray","floor":18},{"not_picked":["Blur","Slice","Masterful Stab"],"picked":"SKIP","floor":20},{"not_picked":["Flying Knee+1","Sucker Punch"],"picked":"Cloak And Dagger+1","floor":21},{"not_picked":["Backflip","All Out Attack"],"picked":"Wraith Form v2","floor":23},{"not_picked":["Slice","Deflect"],"picked":"Backflip","floor":25},{"not_picked":["Blade Dance","Poisoned Stab+1"],"picked":"Finisher","floor":28},{"not_picked":["Crippling Poison","Cloak And Dagger"],"picked":"Accuracy","floor":29},{"not_picked":["Deadly Poison+1","Blur","Prepared"],"picked":"SKIP","floor":31},{"not_picked":["Grand Finale","Venomology"],"picked":"Malaise","floor":33},{"not_picked":["Distraction","Bouncing Flask"],"picked":"Acrobatics+1","floor":35},{"not_picked":["Outmaneuver","Slice"],"picked":"Acrobatics","floor":38},{"not_picked":["Endless Agony","Slice"],"picked":"Blade Dance","floor":40},{"not_picked":["Prepared","Endless Agony"],"picked":"Cloak And Dagger+1","floor":42},{"not_picked":["Sucker Punch","Acrobatics","Cloak And Dagger"],"picked":"SKIP","floor":44},{"not_picked":["Dash+1","Quick Slash","Blur"],"picked":"SKIP","floor":47},{"not_picked":["A Thousand Cuts","Crippling Poison"],"picked":"Tactician+1","floor":48},{"not_picked":["Quick Slash","Prepared","Infinite Blades"],"picked":"SKIP","floor":55}],"player_experience":1859521,"relics_obtained":[{"floor":6,"key":"Pen Nib"},{"floor":9,"key":"Anchor"},{"floor":11,"key":"Lantern"},{"floor":12,"key":"Toy Ornithopter"},{"floor":14,"key":"Nunchaku"},{"floor":23,"key":"Thread and Needle"},{"floor":26,"key":"Happy Flower"},{"floor":29,"key":"Lizard Tail"},{"floor":38,"key":"Tough Bandages"},{"floor":40,"key":"Kunai"},{"floor":48,"key":"InkBottle"},{"floor":55,"key":"Bag of Marbles"}],"event_choices":[{"damage_healed":0,"gold_gain":0,"player_choice":"Success","damage_taken":26,"relics_obtained":["StrikeDummy"],"max_hp_gain":0,"max_hp_loss":0,"event_name":"Scrap Ooze","floor":4,"gold_loss":0},{"damage_healed":0,"gold_gain":0,"player_choice":"Grow","damage_taken":0,"max_hp_gain":0,"max_hp_loss":0,"event_name":"Living Wall","floor":5,"gold_loss":0,"cards_upgraded":["Dash"]},{"damage_healed":22,"gold_gain":0,"player_choice":"Banana","damage_taken":0,"max_hp_gain":0,"max_hp_loss":0,"event_name":"Big Fish","floor":8,"gold_loss":0},{"cards_removed":["Strike_G"],"damage_healed":0,"gold_gain":0,"player_choice":"Card Removal","damage_taken":0,"max_hp_gain":0,"max_hp_loss":0,"event_name":"Wheel of Change","floor":19,"gold_loss":0},{"damage_healed":0,"gold_gain":0,"player_choice":"Rummage","damage_taken":0,"relics_obtained":["WarpedTongs"],"max_hp_gain":0,"max_hp_loss":0,"event_name":"Accursed Blacksmith","floor":22,"gold_loss":0,"cards_obtained":["Pain"]},{"damage_healed":0,"gold_gain":0,"player_choice":"Ignored","damage_taken":0,"max_hp_gain":0,"max_hp_loss":0,"event_name":"The Mausoleum","floor":27,"gold_loss":0},{"damage_healed":0,"gold_gain":0,"player_choice":"Ignored","damage_taken":0,"max_hp_gain":0,"max_hp_loss":0,"event_name":"Tomb of Lord Red Mask","floor":36,"gold_loss":0},{"damage_healed":0,"gold_gain":0,"player_choice":"Fight","damage_taken":0,"max_hp_gain":0,"max_hp_loss":0,"event_name":"MindBloom","floor":38,"gold_loss":0},{"damage_healed":0,"gold_gain":0,"player_choice":"Memory 1","damage_taken":0,"max_hp_gain":0,"max_hp_loss":0,"event_name":"SensoryStone","floor":41,"gold_loss":0}],"is_beta":true,"boss_relics":[{"not_picked":["Philosopher\u0027s Stone","Empty Cage"],"picked":"Cursed Key"},{"not_picked":["Calling Bell","Snecko Eye"],"picked":"WristBlade"}],"items_purged_floors":[37,45],"is_endless":false,"potions_floor_spawned":[3,6,11,18,21,28,35,38,55],"killed_by":"The Heart","ascension_level":20}}