{"host":"1c17lcvl7acx821p","time":1612565435,"event":{"mods":["AchievementEnabler","BaseMod","Bestiary","Colored Map","Minty Spire (QoL Compilation)","Quick Restart","Relic Sorter","StSLib","ojb\u0027s Better Paths Mod","ojb\u0027s Info Mod"],"gold_per_floor":[115,134,148,158,123,153,153,182,182,182,182],"floor_reached":10,"language":"ENG","playtime":367,"items_purged":[],"score":152,"play_id":"5966eee3-398b-4c86-b5c1-2b9e3dc5673b","local_time":"20210206005035","is_ascension_mode":true,"campfire_choices":[{"floor":7.0,"key":"REST"}],"circlet_count":0,"master_deck":["AscendersBane","Strike_B","Strike_B","Strike_B","Strike_B","Defend_B","Defend_B","Defend_B","Defend_B","Zap","Dualcast","Compile Driver","Coolheaded","Cold Snap","Undo","Rip and Tear","Auto Shields","Decay"],"relics":["Cursed Key","Pen Nib","Tiny Chest"],"acts_visited":["Exordium"],"potions_floor_usage":[],"damage_taken":[{"damage":7.0,"enemies":"Jaw Worm","floor":1.0,"turns":4.0},{"damage":5.0,"enemies":"Small Slimes","floor":2.0,"turns":4.0},{"damage":0.0,"enemies":"2 Louse","floor":3.0,"turns":2.0},{"damage":28.0,"enemies":"Exordium Thugs","floor":4.0,"turns":5.0},{"damage":8.0,"enemies":"3 Sentries","floor":6.0,"turns":10.0},{"damage":52,"enemies":"Gremlin Nob","floor":8,"turns":5},{"damage":0,"enemies":"3 Sentries","floor":10,"turns":1}],"seed_played":"-8673920357754295868","potions_obtained":[{"floor":1.0,"key":"GamblersBrew"},{"floor":2.0,"key":"SkillPotion"},{"floor":3.0,"key":"CultistPotion"}],"is_trial":false,"path_per_floor":["M","M","M","M","?","E","R","E","T","E"],"character_chosen":"DEFECT","items_purchased":[],"campfire_rested":1,"item_purchase_floors":[],"current_hp_per_floor":[57,52,52,24,41,33,54,2,2,2,2],"gold":182,"neow_bonus":"BOSS_RELIC","is_daily":false,"chose_seed":false,"campfire_upgraded":0,"win_rate":0.0,"timestamp":1612565435,"path_taken":["M","M","M","M","?","E","R","E","T","E"],"items_purchased_type":[],"build_version":"2020-12-22","purchased_purges":0,"victory":false,"max_hp_per_floor":[71,71,71,71,71,71,71,71,71,71,71],"card_choices":[{"not_picked":["Blizzard","Scrape"],"picked":"Compile Driver","floor":1.0},{"not_picked":["Sweeping Beam","Scrape"],"picked":"Coolheaded","floor":2.0},{"not_picked":["Coolheaded","Beam Cell"],"picked":"Cold Snap","floor":3.0},{"not_picked":["Rebound","Cold Snap"],"picked":"Undo","floor":4.0},{"not_picked":["Sweeping Beam","Ball Lightning"],"picked":"Rip and Tear","floor":6.0},{"not_picked":["Storm","Barrage"],"picked":"Auto Shields","floor":8}],"player_experience":284514,"relics_obtained":[{"floor":6.0,"key":"Pen Nib"},{"floor":8,"key":"Tiny Chest"}],"event_choices":[{"damage_healed":17.0,"max_hp_gain":0.0,"max_hp_loss":0.0,"gold_gain":0.0,"event_name":"The Cleric","player_choice":"Healed","floor":5.0,"gold_loss":35.0,"damage_taken":0.0}],"is_beta":false,"boss_relics":[],"items_purged_floors":[],"is_endless":false,"potions_floor_spawned":[1,2,3],"killed_by":"3 Sentries","ascension_level":19}}