{"host":"n3a6h8j8wbnehmxl","time":1612532586,"event":{"mods":["AchievementEnabler","Act Like it!","BaseMod","Bestiary","BetterRewards","Chen","Colored Map","Colored Powertips","Gensokyo","Hallownest","Hermit","Highlight Path","KinomotoSakuraMod(????)","Koishi","KomeijiMod","Lobotomy","LobotomyExtend","Marisa????????","Minty Spire (QoL Compilation)","Morshu Shopkeeper","Morshu Shopkeeper - ENHANCED","Onozuka Komachi Mod","Quick Restart","Reimu??????","Remilia??????","Shop Mod","StSLib","The Administrix","The Animator","The Cursed","The Marked","The Senshi","The Servant 0.9.4","UnlockEverythingMod","WarShipGirlsR/????R mod","Yakumo Yukari mod","Youmu??????","Yuyuko"],"gold_per_floor":[110,110,132,132,132,132,157,157,210,0,0,43,68,89,89,199,226,226,226,29,29,57,57,57,57,57],"floor_reached":25,"language":"ENG","playtime":1350,"items_purged":[],"score":247,"play_id":"bc8e5c1a-002a-4ac4-ad01-374742e40e31","local_time":"20210205144306","is_ascension_mode":false,"campfire_choices":[{"data":"rmod:aluminumsupply","floor":6,"key":"SMITH"},{"data":"rmod:basicallowance","floor":8,"key":"SMITH"},{"floor":15,"key":"RECALL"},{"data":"Metamorphosis","floor":23,"key":"SMITH"}],"circlet_count":0,"master_deck":["rmod:strick","rmod:strick","rmod:defend","rmod:defend","rmod:defend","rmod:basicallowance+1","rmod:maingunfire","rmod:fletcherpendant","rmod:aluminumsupply+1","rmod:firesupport","rmod:expedition","rmod:heivgo","rmod:maintain","rmod:fletcher+1","rmod:mineteam+1","rmod:garrisonisland+1","rmod:expedition","Metamorphosis+1","rmod:launchingtorpedo+1"],"relics":["rmod:firstchargereward","NeowsBlessing","LetterFromLob","CeramicFish","Nunchaku","Du-Vu Doll","Astrolabe","LaetitiaHeart","ShedSkin_r","MagicBullet_r","Nilry\u0027s Codex"],"acts_visited":["Exordium","TheCity"],"potions_floor_usage":[13,16,22],"damage_taken":[{"damage":0,"enemies":"Small Slimes","floor":1,"turns":1},{"damage":0,"enemies":"Jaw Worm","floor":3,"turns":1},{"damage":0,"enemies":"Cultist","floor":7,"turns":1},{"damage":15,"enemies":"3 Sentries","floor":12,"turns":10},{"damage":12,"enemies":"Exordium Thugs","floor":13,"turns":4},{"damage":0,"enemies":"3 Louse","floor":14,"turns":4},{"damage":0,"enemies":"Slime Boss","floor":16,"turns":8},{"damage":5,"enemies":"Chosen","floor":18,"turns":7},{"damage":4,"enemies":"Chosen","floor":18,"turns":2},{"damage":3,"enemies":"Chosen","floor":18,"turns":2},{"damage":0,"enemies":"Chosen","floor":18,"turns":1},{"damage":12,"enemies":"Chosen","floor":22,"turns":5},{"damage":21,"enemies":"Shell Parasite","floor":25,"turns":2}],"seed_played":"6466395863068296429","potions_obtained":[{"floor":1,"key":"Block Potion"},{"floor":3,"key":"Fire Potion"},{"floor":12,"key":"Weak Potion"},{"floor":14,"key":"LiquidBronze"},{"floor":16,"key":"DuplicationPotion"}],"is_trial":false,"path_per_floor":["M","?","M","?","?","R","M","R","T","$","?","E","M","M","R","B",null,"M","?","$","?","M","R","?","M"],"character_chosen":"PRAEFECT","items_purchased":["rmod:expedition","Nunchaku","rmod:expedition","Metamorphosis"],"campfire_rested":0,"item_purchase_floors":[10,10,20,20],"current_hp_per_floor":[75,68,68,75,75,75,75,75,75,75,75,60,48,48,48,48,75,49,49,49,49,37,37,21,0,0],"gold":57,"neow_bonus":"THREE_ENEMY_KILL","is_daily":false,"chose_seed":false,"campfire_upgraded":3,"win_rate":0.0,"timestamp":1612532586,"path_taken":["M","?","M","?","?","R","?","R","T","?","?","E","?","M","R","BOSS","M","?","?","?","M","R","?","M"],"items_purchased_type":["Card","Relic","Card","Card"],"build_version":"2020-12-22","purchased_purges":0,"victory":false,"max_hp_per_floor":[75,75,75,75,75,75,75,75,75,75,75,75,75,75,75,75,75,75,75,75,75,75,75,75,75,75],"card_choices":[{"not_picked":["rmod:lonelyqueen","rmod:gendarmerie"],"picked":"rmod:fletcherpendant","floor":1},{"not_picked":["rmod:robin","rmod:circuitoustactics"],"picked":"rmod:aluminumsupply","floor":3},{"not_picked":["rmod:supportescort","rmod:aluminumsupply"],"picked":"rmod:firesupport","floor":7},{"not_picked":["rmod:capitalist","rmod:tearstotiara"],"picked":"rmod:ring","floor":12},{"not_picked":["rmod:openingtorpedo","rmod:slowdown"],"picked":"rmod:heivgo","floor":13},{"not_picked":["rmod:intelligenceanalysis","rmod:sl"],"picked":"rmod:maintain","floor":14},{"not_picked":["rmod:seals","rmod:desperatesituation"],"picked":"rmod:abidefaith","floor":16},{"not_picked":["rmod:intelligenceanalysis","rmod:lonelyqueen"],"picked":"rmod:launchingtorpedo+1","floor":22}],"player_experience":9571,"relics_obtained":[{"floor":1,"key":"LetterFromLob"},{"floor":12,"key":"Du-Vu Doll"},{"floor":24,"key":"Nilry\u0027s Codex"}],"event_choices":[{"damage_healed":0,"gold_gain":0,"player_choice":"Success","damage_taken":7,"relics_obtained":["CeramicFish"],"max_hp_gain":0,"max_hp_loss":0,"event_name":"Scrap Ooze","floor":2,"gold_loss":0},{"damage_healed":0,"gold_gain":0,"player_choice":"Full Heal","damage_taken":0,"max_hp_gain":0,"max_hp_loss":0,"event_name":"Wheel of Change","floor":5,"gold_loss":0},{"cards_removed":["rmod:strick"],"damage_healed":0,"gold_gain":0,"player_choice":"Offered Basic","damage_taken":0,"max_hp_gain":0,"max_hp_loss":0,"event_name":"Bonfire Elementals","floor":11,"gold_loss":0},{"cards_removed":["rmod:strick"],"damage_healed":0,"gold_gain":0,"player_choice":"Purged","damage_taken":0,"max_hp_gain":0,"max_hp_loss":0,"event_name":"Purifier","floor":19,"gold_loss":0},{"damage_healed":0,"gold_gain":0,"player_choice":"Ignored","damage_taken":0,"max_hp_gain":0,"max_hp_loss":0,"event_name":"Vampires","floor":21,"gold_loss":0},{"damage_healed":0,"gold_gain":0,"player_choice":"Obtained Book","damage_taken":16,"max_hp_gain":0,"max_hp_loss":0,"event_name":"Cursed Tome","floor":24,"gold_loss":0}],"is_beta":false,"boss_relics":[{"not_picked":["RedLine:ReiMu","Tiny House"],"picked":"Astrolabe"}],"items_purged_floors":[],"is_endless":false,"potions_floor_spawned":[1,3,12,14,16,18,18],"killed_by":"Shell Parasite","ascension_level":0}}