{"host":"2e3z4r48quhw80cc","time":1612519526,"event":{"mods":["BaseMod","Minty Spire (QoL Compilation)","Quick Restart","StSLib","SuperFastMode"],"gold_per_floor":[117,117,129,181,198,226,238,238,264,276,312,324,38,78,78,206,206,230,245,266,266,284,309,309,309],"floor_reached":24,"language":"KOR","playtime":1020,"items_purged":["Strike_G"],"score":305,"play_id":"60d94e38-8b0a-4e79-a31f-bc2190899e44","local_time":"20210205190526","is_ascension_mode":true,"campfire_choices":[{"data":"After Image","floor":8.0,"key":"SMITH"},{"floor":15.0,"key":"REST"}],"circlet_count":0,"master_deck":["Strike_G","Strike_G","Strike_G","Strike_G","Defend_G","Defend_G","Defend_G","Defend_G","Defend_G","Survivor","Neutralize","Dagger Throw","After Image+1","Flash of Steel","Deflect","Envenom","Dagger Spray","Footwork","Malaise","Burst","Sucker Punch+1","Blade Dance","Blade Dance","Pain","Flying Knee"],"relics":["Ring of the Snake","NeowsBlessing","Nunchaku","Centennial Puzzle","MawBank","Golden Idol","Regal Pillow","ClockworkSouvenir","Pantograph","WristBlade","WarpedTongs"],"acts_visited":["Exordium","TheCity"],"potions_floor_usage":[],"damage_taken":[{"damage":0.0,"enemies":"Jaw Worm","floor":1.0,"turns":1.0},{"damage":0.0,"enemies":"Cultist","floor":3.0,"turns":1.0},{"damage":0.0,"enemies":"2 Louse","floor":5.0,"turns":1.0},{"damage":6.0,"enemies":"3 Sentries","floor":6.0,"turns":10.0},{"damage":4.0,"enemies":"2 Fungi Beasts","floor":7.0,"turns":3.0},{"damage":8.0,"enemies":"3 Louse","floor":11.0,"turns":4.0},{"damage":9.0,"enemies":"Gremlin Nob","floor":14.0,"turns":6.0},{"damage":61.0,"enemies":"Slime Boss","floor":16.0,"turns":17.0},{"damage":8.0,"enemies":"Shell Parasite","floor":18.0,"turns":9.0},{"damage":4.0,"enemies":"Spheric Guardian","floor":19.0,"turns":9.0},{"damage":3.0,"enemies":"Chosen and Byrds","floor":20.0,"turns":7.0},{"damage":5.0,"enemies":"Shelled Parasite and Fungi","floor":22.0,"turns":7.0},{"damage":9.0,"enemies":"Centurion and Healer","floor":23.0,"turns":7.0},{"damage":0,"enemies":"Slavers","floor":24,"turns":1}],"seed_played":"8740974631666939510","potions_obtained":[{"floor":5.0,"key":"Explosive Potion"},{"floor":6.0,"key":"Block Potion"},{"floor":7.0,"key":"Ancient Potion"},{"floor":22.0,"key":"Energy Potion"}],"is_trial":false,"path_per_floor":["M","?","M","T","M","E","M","R","T","?","M","?","$","E","R","B",null,"M","M","M","?","M","M","E"],"character_chosen":"THE_SILENT","items_purchased":["ClockworkSouvenir","Footwork"],"campfire_rested":1,"item_purchase_floors":[13,13],"current_hp_per_floor":[63,63,63,63,63,57,53,53,53,36,28,16,16,7,43,7,54,46,42,39,39,34,25,25,25],"gold":309,"neow_bonus":"THREE_ENEMY_KILL","is_daily":false,"chose_seed":false,"campfire_upgraded":1,"win_rate":0.0,"timestamp":1612519526,"path_taken":["M","?","?","?","?","E","M","R","T","?","M","?","$","E","R","BOSS","M","M","M","?","M","M","E"],"items_purchased_type":["Relic","Card"],"build_version":"2020-12-22","purchased_purges":1,"victory":false,"max_hp_per_floor":[70,70,70,70,70,70,70,70,70,70,70,70,70,70,70,70,70,70,70,70,70,70,70,70,70],"card_choices":[{"not_picked":["Bane","Outmaneuver"],"picked":"Dagger Throw","floor":1.0},{"not_picked":["Dagger Throw","Quick Slash","Slice"],"picked":"SKIP","floor":3.0},{"not_picked":["Outmaneuver","Dagger Throw","Bane"],"picked":"SKIP","floor":5.0},{"not_picked":["Dagger Throw","Heel Hook"],"picked":"Envenom","floor":6.0},{"not_picked":["Catalyst","Dagger Throw"],"picked":"Dagger Spray","floor":7.0},{"not_picked":["Masterful Stab","Eviscerate","Endless Agony"],"picked":"SKIP","floor":11.0},{"not_picked":["Dagger Spray","Grand Finale"],"picked":"Malaise","floor":14.0},{"not_picked":["Grand Finale","Glass Knife"],"picked":"Burst","floor":16.0},{"not_picked":["Concentrate","Acrobatics"],"picked":"Sucker Punch+1","floor":18.0},{"not_picked":["Riddle With Holes+1","Bane"],"picked":"Blade Dance","floor":19.0},{"not_picked":["Concentrate","Underhanded Strike+1"],"picked":"Blade Dance","floor":20.0},{"not_picked":["Quick Slash+1","Deadly Poison"],"picked":"Flying Knee","floor":22.0},{"not_picked":["Dodge and Roll","Deadly Poison","Acrobatics"],"picked":"SKIP","floor":23.0}],"player_experience":118536,"relics_obtained":[{"floor":4.0,"key":"Nunchaku"},{"floor":6.0,"key":"Centennial Puzzle"},{"floor":9.0,"key":"MawBank"},{"floor":14.0,"key":"Pantograph"}],"event_choices":[{"damage_healed":0.0,"max_hp_gain":0.0,"max_hp_loss":0.0,"gold_gain":0.0,"event_name":"Match and Keep!","player_choice":"3 cards matched","floor":2.0,"gold_loss":0.0,"damage_taken":0.0,"cards_obtained":["After Image","Flash of Steel","Deflect"]},{"damage_healed":0.0,"max_hp_gain":0.0,"max_hp_loss":0.0,"gold_gain":0.0,"event_name":"Golden Idol","player_choice":"Take Damage","floor":10.0,"gold_loss":0.0,"damage_taken":17.0,"relics_obtained":["Golden Idol"]},{"damage_healed":0.0,"max_hp_gain":0.0,"max_hp_loss":0.0,"gold_gain":0.0,"event_name":"Scrap Ooze","player_choice":"Success","floor":12.0,"gold_loss":0.0,"damage_taken":12.0,"relics_obtained":["Regal Pillow"]},{"damage_healed":0.0,"max_hp_gain":0.0,"max_hp_loss":0.0,"gold_gain":0.0,"event_name":"Accursed Blacksmith","player_choice":"Rummage","floor":21.0,"gold_loss":0.0,"damage_taken":0.0,"relics_obtained":["WarpedTongs"],"cards_obtained":["Pain"]}],"is_beta":false,"boss_relics":[{"not_picked":["Coffee Dripper","Black Star"],"picked":"WristBlade"}],"items_purged_floors":[13],"is_endless":false,"potions_floor_spawned":[5,6,7,22],"killed_by":"Slavers","ascension_level":9}}