{"host":"3y2rtlgteqp2nuo3","time":1612523607,"event":{"mods":["2.2 Compatiblity","AchievementEnabler","BaseMod","Colored Map","DeckTracker","Highlight Path","Keyboard Shortcuts","Minty Spire (QoL Compilation)","Permanent Neow","Quick Restart","StSLib","SuperFastMode","everything is the same but u backflip on backflip"],"gold_per_floor":[117,133,152,163,163,163,195,195,221,236,236,8,8,21,21,21,21],"floor_reached":16,"language":"KOR","playtime":275,"items_purged":["Strike_G"],"score":189,"play_id":"3e72950d-7412-4f22-a389-36b464aa3332","local_time":"20210205201327","is_ascension_mode":true,"campfire_choices":[{"data":"Poisoned Stab","floor":6.0,"key":"SMITH"},{"data":"Glass Knife","floor":8,"key":"SMITH"},{"data":"Terror","floor":11,"key":"SMITH"},{"data":"Deadly Poison","floor":15,"key":"SMITH"}],"circlet_count":0,"master_deck":["AscendersBane","Strike_G","Defend_G","Defend_G","Defend_G","Defend_G","Defend_G","Survivor","Neutralize","Quick Slash","Flying Knee","Terror+1","Poisoned Stab+1","Outmaneuver","Flechettes","Glass Knife+1","Dagger Throw","Terror","Deadly Poison+1"],"relics":["Ring of the Snake","Pen Nib","Oddly Smooth Stone","Membership Card"],"acts_visited":["Exordium"],"potions_floor_usage":[7,14],"damage_taken":[{"damage":3.0,"enemies":"2 Louse","floor":1.0,"turns":3.0},{"damage":0.0,"enemies":"Cultist","floor":2.0,"turns":4.0},{"damage":0.0,"enemies":"Jaw Worm","floor":3.0,"turns":3.0},{"damage":1.0,"enemies":"2 Fungi Beasts","floor":4.0,"turns":2.0},{"damage":8,"enemies":"Gremlin Nob","floor":7,"turns":3},{"damage":8,"enemies":"Red Slaver","floor":10,"turns":3},{"damage":19,"enemies":"Lots of Slimes","floor":14,"turns":4},{"damage":17,"enemies":"Hexaghost","floor":16,"turns":7}],"seed_played":"1565060809734981850","potions_obtained":[{"floor":1.0,"key":"Fire Potion"},{"floor":2.0,"key":"SteroidPotion"},{"floor":4.0,"key":"SteroidPotion"},{"floor":7,"key":"Poison Potion"}],"is_trial":false,"path_per_floor":["M","M","M","M","?","R","E","R","T","M","R","$","?","M","R","B"],"character_chosen":"THE_SILENT","items_purchased":["Membership Card","Terror"],"campfire_rested":0,"item_purchase_floors":[12,12],"current_hp_per_floor":[56,56,56,55,55,55,47,47,47,39,39,39,32,13,13,0,0],"gold":21,"neow_bonus":"TRANSFORM_CARD","is_daily":false,"chose_seed":false,"campfire_upgraded":4,"win_rate":0.0,"timestamp":1612523607,"path_taken":["M","M","M","M","?","R","E","R","T","?","R","$","?","M","R","BOSS"],"items_purchased_type":["Relic","Card"],"build_version":"2020-12-22","purchased_purges":1,"victory":false,"max_hp_per_floor":[66,66,66,66,66,66,66,66,66,66,66,66,66,66,66,66,66],"card_choices":[{"not_picked":["Caltrops","Prepared"],"picked":"Flying Knee","floor":1.0},{"not_picked":["Well Laid Plans","Footwork"],"picked":"Terror","floor":2.0},{"not_picked":["Acrobatics","Predator"],"picked":"Poisoned Stab","floor":3.0},{"not_picked":["Deflect","Quick Slash"],"picked":"Outmaneuver","floor":4.0},{"not_picked":["Outmaneuver","Sucker Punch"],"picked":"Glass Knife","floor":7},{"not_picked":["Expertise","Underhanded Strike"],"picked":"Dagger Throw","floor":10},{"not_picked":["Flying Knee","All Out Attack"],"picked":"Deadly Poison","floor":14}],"player_experience":756560,"relics_obtained":[{"floor":7,"key":"Pen Nib"},{"floor":9,"key":"Oddly Smooth Stone"}],"event_choices":[{"damage_healed":0.0,"max_hp_gain":0.0,"max_hp_loss":0.0,"gold_gain":0.0,"cards_transformed":["Strike_G"],"event_name":"Transmorgrifier","player_choice":"Transformed","floor":5.0,"gold_loss":0.0,"damage_taken":0.0,"cards_obtained":["Flechettes"]},{"cards_removed":["Strike_G"],"damage_healed":0,"gold_gain":0,"player_choice":"Card Removal","damage_taken":7,"max_hp_gain":0,"max_hp_loss":0,"event_name":"Golden Wing","floor":13,"gold_loss":0}],"is_beta":false,"boss_relics":[],"items_purged_floors":[12],"is_endless":false,"potions_floor_spawned":[1,2,4,7],"killed_by":"Hexaghost","ascension_level":17}}