{"host":"jpcy2bclvs7juczu","time":1612568475,"event":{"mods":["Alarm Clock","BaseMod","Bestiary","Block Reminder","Colored Map","Colored Powertips","Curses Come First","Dark Map","Filter the Spire","Minty Spire (QoL Compilation)","Quick Restart","RNG Fix","Relic Stats","Slay the Relics Exporter","Smile Girya","StSLib","everything is the same but u backflip on backflip","ojb\u0027s Better Paths Mod","ojb\u0027s Info Mod","slay the spire mod where everything is the same but ironclad has a cowboy hat"],"gold_per_floor":[13,13,30,43,63,63,94,111,189,214,232,232,5,38,38,112,112,129,147,161,175,185,217,236,236,236,48,74,174,174,186,186,257,257,269,285,20,33,50,50,85,85,130,130,130,130,163,181,181,181,181,181,181,20,20,20],"floor_reached":55,"language":"ENG","playtime":5911,"items_purged":["Strike_P","Strike_P"],"score":2107,"play_id":"1df8a0a4-39b6-483e-bede-af25d3706111","local_time":"20210205184115","is_ascension_mode":true,"campfire_choices":[{"data":"Eruption","floor":6,"key":"SMITH"},{"data":"CrushJoints","floor":12,"key":"SMITH"},{"data":"Meditate","floor":15,"key":"SMITH"},{"floor":25,"key":"REST"},{"data":"MentalFortress","floor":30,"key":"SMITH"},{"data":"Blasphemy","floor":32,"key":"SMITH"},{"data":"Meditate","floor":40,"key":"SMITH"},{"data":"MentalFortress","floor":42,"key":"SMITH"},{"data":"Devotion","floor":46,"key":"SMITH"},{"floor":49,"key":"RECALL"},{"floor":53,"key":"DIG"}],"circlet_count":0,"master_deck":["AscendersBane","Strike_P","Strike_P","Defend_P","Defend_P","Defend_P","Defend_P","Eruption+1","Vigilance","Meditate+1","Conclude","WheelKick","Brilliance","Prostrate","EmptyMind","CrushJoints+1","Ragnarok","Blasphemy+1","Vengeance","BowlingBash","Devotion+1","FlurryOfBlows","Protect","MentalFortress+1","FearNoEvil+1","EmptyFist+1","TalkToTheHand+1","Meditate+1","Sanctity+1","Scrawl","TalkToTheHand+1","Prostrate","BowlingBash+1","MentalFortress+1","CutThroughFate+1","FlurryOfBlows+1","TalkToTheHand+1","DeceiveReality","MentalFortress+1","CutThroughFate+1","EmptyBody","Wallop+1"],"relics":["PureWater","Shovel","Kunai","Ornamental Fan","Mercury Hourglass","Yang","Blood Vial","Cursed Key","Omamori","Molten Egg 2","Gremlin Horn","Du-Vu Doll","Darkstone Periapt","Coffee Dripper","Orrery","Prayer Wheel","Dream Catcher","Bottled Lightning"],"acts_visited":["Exordium","TheCity","TheBeyond","TheEnding"],"potions_floor_usage":[14,16,23,23,24,29,29,51,55],"damage_taken":[{"damage":4,"enemies":"2 Louse","floor":1,"turns":3},{"damage":7,"enemies":"Small Slimes","floor":3,"turns":4},{"damage":5,"enemies":"Jaw Worm","floor":4,"turns":4},{"damage":0,"enemies":"3 Louse","floor":5,"turns":2},{"damage":2,"enemies":"3 Sentries","floor":7,"turns":3},{"damage":0,"enemies":"Blue Slaver","floor":8,"turns":3},{"damage":11,"enemies":"Gremlin Nob","floor":10,"turns":3},{"damage":0,"enemies":"Gremlin Gang","floor":11,"turns":2},{"damage":0,"enemies":"Lagavulin","floor":14,"turns":2},{"damage":23,"enemies":"The Guardian","floor":16,"turns":8},{"damage":11,"enemies":"2 Thieves","floor":18,"turns":2},{"damage":0,"enemies":"Spheric Guardian","floor":19,"turns":2},{"damage":18,"enemies":"Centurion and Healer","floor":20,"turns":3},{"damage":0,"enemies":"Cultist and Chosen","floor":21,"turns":3},{"damage":20,"enemies":"Snake Plant","floor":22,"turns":2},{"damage":4,"enemies":"Slavers","floor":23,"turns":3},{"damage":13,"enemies":"Shelled Parasite and Fungi","floor":24,"turns":3},{"damage":10,"enemies":"Book of Stabbing","floor":28,"turns":3},{"damage":3,"enemies":"Colosseum Slavers","floor":29,"turns":3},{"damage":0,"enemies":"Colosseum Nobs","floor":29,"turns":2},{"damage":0,"enemies":"Snecko","floor":31,"turns":3},{"damage":8,"enemies":"Champ","floor":33,"turns":8},{"damage":2,"enemies":"3 Darklings","floor":35,"turns":3},{"damage":0,"enemies":"Orb Walker","floor":36,"turns":2},{"damage":0,"enemies":"Sphere and 2 Shapes","floor":38,"turns":3},{"damage":0,"enemies":"Maw","floor":39,"turns":5},{"damage":0,"enemies":"Reptomancer","floor":41,"turns":4},{"damage":0,"enemies":"Giant Head","floor":47,"turns":5},{"damage":1,"enemies":"Transient","floor":48,"turns":6},{"damage":7,"enemies":"Donu and Deca","floor":50,"turns":7},{"damage":13,"enemies":"Awakened One","floor":51,"turns":12},{"damage":70,"enemies":"Shield and Spear","floor":55,"turns":6}],"seed_played":"5962148308180123334","potions_obtained":[{"floor":3,"key":"BottledMiracle"},{"floor":4,"key":"GamblersBrew"},{"floor":7,"key":"FearPotion"},{"floor":14,"key":"LiquidBronze"},{"floor":16,"key":"Ambrosia"},{"floor":20,"key":"DistilledChaos"},{"floor":23,"key":"ColorlessPotion"},{"floor":24,"key":"BlessingOfTheForge"},{"floor":29,"key":"Explosive Potion"},{"floor":35,"key":"DuplicationPotion"},{"floor":39,"key":"Block Potion"}],"is_trial":false,"path_per_floor":["M","T","M","M","M","R","E","M","T","E","M","R","$","E","R","B",null,"M","M","M","M","M","E","M","R","T","$","E","?","R","M","R","B",null,"M","M","$","M","M","R","E","R","T","?","?","R","E","M","R","B","B",null,"R","$","E"],"character_chosen":"WATCHER","items_purchased":["Ragnarok","FearNoEvil+1","EmptyFist+1","DuplicationPotion","Orrery","Wallop+1","Ancient Potion"],"campfire_rested":1,"item_purchase_floors":[13,27,27,27,37,54,54],"current_hp_per_floor":[57,57,50,45,45,45,43,43,43,32,32,32,32,32,32,11,54,45,47,31,33,15,13,2,22,22,22,14,15,15,17,17,11,54,54,56,56,58,60,60,62,62,62,62,62,62,64,64,64,58,47,61,61,61,0,0],"gold":20,"neow_bonus":"ONE_RARE_RELIC","is_daily":false,"chose_seed":false,"campfire_upgraded":8,"win_rate":0.0,"timestamp":1612568475,"path_taken":["M","?","M","M","M","R","E","?","T","E","M","R","$","E","R","BOSS","M","M","M","?","M","E","M","R","T","$","E","?","R","M","R","BOSS","M","M","$","M","M","R","E","R","T","?","?","R","E","M","R","BOSS","BOSS","R","$","E"],"items_purchased_type":["Card","Card","Card","Potion","Relic","Card","Potion"],"build_version":"2020-12-22","purchased_purges":2,"victory":false,"max_hp_per_floor":[68,68,68,68,68,68,68,68,68,68,68,68,68,68,68,68,68,68,68,68,68,68,68,68,68,68,68,68,68,68,68,68,68,68,68,68,68,68,68,68,68,68,68,65,65,65,65,65,65,65,65,65,65,65,65,65],"relic_stats":{"Darkstone Periapt":0,"Gremlin Horn":[14,14],"counters":[32,124],"Yang":[337],"Cursed Key":2,"Mercury Hourglass":[384],"Blood Vial":44,"Dream Catcher":0,"Shovel":1,"Ornamental Fan":[324],"Prayer Wheel":1,"Kunai":[85],"obtain_stats":[{"Darkstone Periapt":29,"Gremlin Horn":28,"Yang":10,"Omamori":23,"Cursed Key":17,"Mercury Hourglass":9,"Blood Vial":14,"Du-Vu Doll":29,"Dream Catcher":47,"Shovel":0,"Ornamental Fan":7,"Orrery":37,"Molten Egg 2":26,"Prayer Wheel":41,"Coffee Dripper":34,"Kunai":2,"Bottled Lightning":53,"PureWater":0},{"Darkstone Periapt":20,"Gremlin Horn":18,"Yang":7,"Omamori":16,"Cursed Key":10,"Mercury Hourglass":6,"Blood Vial":9,"Du-Vu Doll":20,"Dream Catcher":28,"Shovel":0,"Ornamental Fan":5,"Orrery":24,"Molten Egg 2":17,"Prayer Wheel":27,"Coffee Dripper":22,"Kunai":1,"Bottled Lightning":31,"PureWater":0},{"Darkstone Periapt":60,"Gremlin Horn":55,"Yang":22,"Omamori":49,"Cursed Key":34,"Mercury Hourglass":19,"Blood Vial":26,"Du-Vu Doll":60,"Dream Catcher":93,"Shovel":0,"Ornamental Fan":16,"Orrery":76,"Molten Egg 2":52,"Prayer Wheel":88,"Coffee Dripper":71,"Kunai":3,"Bottled Lightning":118,"PureWater":0}]},"card_choices":[{"not_picked":["Consecrate","CutThroughFate"],"picked":"Meditate","floor":1},{"not_picked":["Swivel","Halt","Evaluate"],"picked":"SKIP","floor":3},{"not_picked":["SignatureMove","Sanctity"],"picked":"Conclude","floor":4},{"not_picked":["ClearTheMind","CrushJoints"],"picked":"WheelKick","floor":5},{"not_picked":["FlyingSleeves","Conclude"],"picked":"Brilliance","floor":7},{"not_picked":["Collect","Study"],"picked":"Prostrate","floor":8},{"not_picked":["Study","CutThroughFate"],"picked":"EmptyMind","floor":10},{"not_picked":["Study","Sanctity"],"picked":"CrushJoints","floor":11},{"not_picked":["Indignation","ConjureBlade","SashWhip"],"picked":"SKIP","floor":14},{"not_picked":["Ragnarok","DeusExMachina"],"picked":"Blasphemy","floor":16},{"not_picked":["FlyingSleeves","JustLucky"],"picked":"Vengeance","floor":18},{"not_picked":["Prostrate","Perseverance"],"picked":"BowlingBash","floor":19},{"not_picked":["BattleHymn","FlyingSleeves"],"picked":"Devotion","floor":20},{"not_picked":["Halt","SashWhip"],"picked":"FlurryOfBlows","floor":21},{"not_picked":["Vengeance","SashWhip"],"picked":"Protect","floor":22},{"not_picked":["EmptyFist","DeusExMachina"],"picked":"MentalFortress","floor":23},{"not_picked":["Consecrate","WindmillStrike"],"picked":"Evaluate","floor":24},{"not_picked":["CarveReality+1","Fasting2"],"picked":"TalkToTheHand+1","floor":28},{"not_picked":["CrushJoints+1","Wireheading"],"picked":"Meditate","floor":29},{"not_picked":["Evaluate","Protect+1"],"picked":"Sanctity+1","floor":31},{"not_picked":["ConjureBlade","LessonLearned+1"],"picked":"Scrawl","floor":33},{"not_picked":["Vengeance","FlyingSleeves+1"],"picked":"TalkToTheHand+1","floor":35},{"not_picked":["BattleHymn","Protect+1"],"picked":"Prostrate","floor":36},{"not_picked":["SashWhip+1","ThirdEye"],"picked":"BowlingBash+1","floor":37},{"not_picked":["FlurryOfBlows+1","CrushJoints+1"],"picked":"MentalFortress","floor":37},{"not_picked":["Study+1","Prostrate"],"picked":"CutThroughFate+1","floor":37},{"not_picked":["Adaptation","ForeignInfluence"],"picked":"FlurryOfBlows+1","floor":37},{"not_picked":["Study+1","JustLucky+1"],"picked":"TalkToTheHand+1","floor":38},{"not_picked":["Study","Halt"],"picked":"DeceiveReality","floor":39},{"not_picked":["Halt","JustLucky+1","FlurryOfBlows+1"],"picked":"SKIP","floor":41},{"not_picked":["Halt","EmptyBody"],"picked":"MentalFortress+1","floor":47},{"not_picked":["Study","ClearTheMind"],"picked":"CutThroughFate+1","floor":48},{"not_picked":["FlurryOfBlows+1","Evaluate"],"picked":"EmptyBody","floor":48}],"player_experience":1576517,"relics_obtained":[{"floor":2,"key":"Kunai"},{"floor":7,"key":"Ornamental Fan"},{"floor":9,"key":"Mercury Hourglass"},{"floor":10,"key":"Yang"},{"floor":14,"key":"Blood Vial"},{"floor":23,"key":"Omamori"},{"floor":26,"key":"Molten Egg 2"},{"floor":28,"key":"Gremlin Horn"},{"floor":29,"key":"Du-Vu Doll"},{"floor":29,"key":"Darkstone Periapt"},{"floor":41,"key":"Prayer Wheel"},{"floor":47,"key":"Dream Catcher"},{"floor":53,"key":"Bottled Lightning"}],"event_choices":[{"damage_healed":0,"gold_gain":0,"player_choice":"Fight","damage_taken":0,"max_hp_gain":0,"max_hp_loss":0,"event_name":"Colosseum","floor":29,"gold_loss":0},{"damage_healed":0,"gold_gain":0,"player_choice":"Fought Nobs","damage_taken":0,"max_hp_gain":0,"max_hp_loss":0,"event_name":"Colosseum","floor":29,"gold_loss":0},{"damage_healed":0,"gold_gain":0,"player_choice":"Max HP","damage_taken":0,"max_hp_gain":0,"max_hp_loss":3,"event_name":"Winding Halls","floor":44,"gold_loss":0},{"cards_removed":["Evaluate"],"damage_healed":0,"gold_gain":0,"player_choice":"Removed Skill","damage_taken":0,"max_hp_gain":0,"max_hp_loss":0,"event_name":"Falling","floor":45,"gold_loss":0}],"is_beta":false,"boss_relics":[{"not_picked":["Astrolabe","Philosopher\u0027s Stone"],"picked":"Cursed Key"},{"not_picked":["SlaversCollar","Tiny House"],"picked":"Coffee Dripper"}],"items_purged_floors":[13,37],"is_endless":false,"potions_floor_spawned":[3,4,7,14,16,20,22,23,24,29,35,39,41],"killed_by":"Shield and Spear","ascension_level":20}}