{"host":"1dz819zv7fs9tsdy","time":1612509366,"event":{"mods":["AchievementEnabler","BaseMod","Colored Powertips","Curses Come First","Minty Spire (QoL Compilation)","Rare Cards Sparkle","Shop Mod","StSLib"],"gold_per_floor":[109,109,284,131,146,181,181,181,181,216,228,228,228,243,243,344,344,364,136,136,155,171,171,171],"floor_reached":23,"language":"ENG","playtime":1340,"items_purged":[],"score":258,"play_id":"cc6d98e8-6cdb-4db4-94c5-e5e32412a617","local_time":"20210205071606","is_ascension_mode":true,"campfire_choices":[{"data":"Immolate","floor":7,"key":"SMITH"},{"floor":15,"key":"REST"}],"circlet_count":0,"master_deck":["Strike_R","Strike_R","Strike_R","Strike_R+1","Strike_R","Defend_R+1","Defend_R","Defend_R","Defend_R","Bash+1","Cleave","Immolate+1","Metallicize+1","Carnage","Shockwave","Sword Boomerang","Regret","Twin Strike","Offering","CurseOfTheBell","Shockwave","Feel No Pain","Metallicize+1","Clothesline+1"],"relics":["Burning Blood","NeowsBlessing","Regal Pillow","Unceasing Top","Whetstone","Matryoshka","Ancient Tea Set","Calling Bell","Potion Belt","Molten Egg 2","Dead Branch","Oddly Smooth Stone"],"acts_visited":["Exordium","TheCity"],"potions_floor_usage":[16,18,23],"damage_taken":[{"damage":0,"enemies":"2 Louse","floor":1,"turns":1},{"damage":0,"enemies":"Small Slimes","floor":5,"turns":1},{"damage":0,"enemies":"3 Sentries","floor":6,"turns":1},{"damage":42,"enemies":"Lagavulin","floor":10,"turns":6},{"damage":1,"enemies":"Cultist","floor":11,"turns":3},{"damage":28,"enemies":"Large Slime","floor":14,"turns":4},{"damage":44,"enemies":"Hexaghost","floor":16,"turns":10},{"damage":18,"enemies":"Shell Parasite","floor":18,"turns":3},{"damage":24,"enemies":"Spheric Guardian","floor":21,"turns":4},{"damage":39,"enemies":"Shelled Parasite and Fungi","floor":22,"turns":7},{"damage":42,"enemies":"Book of Stabbing","floor":23,"turns":5}],"seed_played":"1110265274545226150","potions_obtained":[{"floor":5,"key":"Block Potion"},{"floor":14,"key":"FairyPotion"},{"floor":16,"key":"AttackPotion"},{"floor":21,"key":"CultistPotion"}],"is_trial":false,"path_per_floor":["M","?","?","$","M","E","R","?","T","E","M","?","?","M","R","B",null,"M","$","?","M","M","E"],"character_chosen":"IRONCLAD","items_purchased":["Immolate","Feel No Pain","Oddly Smooth Stone"],"campfire_rested":1,"item_purchase_floors":[4,19,19],"current_hp_per_floor":[80,68,68,68,74,80,80,80,80,44,49,33,33,11,50,12,80,68,68,68,50,17,0,0],"gold":171,"neow_bonus":"THREE_ENEMY_KILL","is_daily":false,"chose_seed":false,"campfire_upgraded":1,"win_rate":0.0,"timestamp":1612509366,"path_taken":["M","?","?","$","M","E","R","?","T","E","?","?","?","M","R","BOSS","M","$","?","M","M","E"],"items_purchased_type":["Card","Card","Relic"],"build_version":"2020-12-22","purchased_purges":0,"victory":false,"max_hp_per_floor":[80,80,80,80,80,80,80,80,80,80,80,80,80,80,80,80,80,80,80,80,80,80,80,80],"card_choices":[{"not_picked":["Clash","Clothesline"],"picked":"Cleave","floor":1},{"not_picked":["Spot Weakness","Flex"],"picked":"Metallicize","floor":5},{"not_picked":["Dark Embrace","Armaments"],"picked":"Carnage","floor":6},{"not_picked":["Blood for Blood","Power Through"],"picked":"Shockwave","floor":10},{"not_picked":["Shrug It Off","Ghostly Armor"],"picked":"Sword Boomerang","floor":11},{"not_picked":["Body Slam","Combust"],"picked":"Twin Strike","floor":14},{"not_picked":["Immolate","Demon Form"],"picked":"Offering","floor":16},{"not_picked":["Iron Wave+1","Body Slam+1"],"picked":"Shockwave","floor":18},{"not_picked":["Entrench","True Grit"],"picked":"Metallicize+1","floor":21},{"not_picked":["Rampage+1","Reckless Charge+1"],"picked":"Clothesline+1","floor":22}],"player_experience":407692,"relics_obtained":[{"floor":6,"key":"Unceasing Top"},{"floor":9,"key":"Whetstone"},{"floor":10,"key":"Matryoshka"},{"floor":17,"key":"Potion Belt"},{"floor":17,"key":"Molten Egg 2"},{"floor":17,"key":"Dead Branch"}],"event_choices":[{"damage_healed":0,"gold_gain":0,"player_choice":"Success","damage_taken":12,"relics_obtained":["Regal Pillow"],"max_hp_gain":0,"max_hp_loss":0,"event_name":"Scrap Ooze","floor":2,"gold_loss":0},{"damage_healed":0,"gold_gain":175,"player_choice":"AGREE","damage_taken":0,"max_hp_gain":0,"max_hp_loss":0,"event_name":"Liars Game","floor":3,"gold_loss":0,"cards_obtained":["Doubt"]},{"cards_removed":["Doubt"],"damage_healed":0,"gold_gain":0,"player_choice":"Purged","damage_taken":0,"max_hp_gain":0,"max_hp_loss":0,"event_name":"Purifier","floor":8,"gold_loss":0},{"damage_healed":0,"gold_gain":0,"player_choice":"Entered Light","damage_taken":16,"max_hp_gain":0,"max_hp_loss":0,"event_name":"Shining Light","floor":12,"gold_loss":0,"cards_upgraded":["Metallicize","Defend_R"]},{"damage_healed":0,"gold_gain":0,"player_choice":"Box","damage_taken":0,"relics_obtained":["Ancient Tea Set"],"max_hp_gain":0,"max_hp_loss":0,"event_name":"Big Fish","floor":13,"gold_loss":0,"cards_obtained":["Regret"]},{"damage_healed":0,"gold_gain":0,"player_choice":"Ignored","damage_taken":0,"max_hp_gain":0,"max_hp_loss":0,"event_name":"Ghosts","floor":20,"gold_loss":0}],"is_beta":false,"boss_relics":[{"not_picked":["Runic Pyramid","SlaversCollar"],"picked":"Calling Bell"}],"items_purged_floors":[],"is_endless":false,"potions_floor_spawned":[5,14,16,21],"killed_by":"Book of Stabbing","ascension_level":3}}