{"host":"qgrlfjrqk9z96gfi","time":1612488325,"event":{"mods":["BaseMod","Block Reminder","Colored Map","Custom Start","DeckTracker","Minty Spire (QoL Compilation)"],"gold_per_floor":[110,127,142,122,134,166,166,201,201,218,228,78,91,117,117,189,189,199,199,199,39,30,30,40,69,69,69,69],"floor_reached":27,"language":"ENG","playtime":1088,"items_purged":["Strike_G"],"score":560,"play_id":"cee27d0e-b21b-4f34-9382-ff2101f74cf7","local_time":"20210204152525","is_ascension_mode":true,"campfire_choices":[{"data":"Finisher","floor":7,"key":"SMITH"},{"floor":15,"key":"REST"},{"floor":23,"key":"REST"}],"circlet_count":0,"master_deck":["AscendersBane","Strike_G","Strike_G","Strike_G","Strike_G","Defend_G","Defend_G","Defend_G","Defend_G","Defend_G","Survivor","Neutralize","Finisher+1","Blade Dance","Dagger Spray","Crippling Poison","Burst","Well Laid Plans","Leg Sweep","Terror","Calculated Gamble","Slice","Malaise","Deflect+1","PiercingWail","Infinite Blades","Parasite"],"relics":["Ring of the Snake","Ancient Tea Set","Bag of Marbles","Tiny Chest","Mercury Hourglass","Cursed Key","Sundial","Orichalcum","The Courier","Singing Bowl"],"acts_visited":["Exordium","TheCity"],"potions_floor_usage":[6,14,25,27,27],"damage_taken":[{"damage":0,"enemies":"Cultist","floor":1,"turns":4},{"damage":1,"enemies":"Jaw Worm","floor":2,"turns":4},{"damage":0,"enemies":"2 Louse","floor":3,"turns":3},{"damage":1,"enemies":"2 Fungi Beasts","floor":5,"turns":2},{"damage":10,"enemies":"Lagavulin","floor":6,"turns":5},{"damage":28,"enemies":"Gremlin Nob","floor":8,"turns":4},{"damage":9,"enemies":"Gremlin Gang","floor":10,"turns":2},{"damage":25,"enemies":"Exordium Wildlife","floor":11,"turns":5},{"damage":0,"enemies":"2 Fungi Beasts","floor":13,"turns":1},{"damage":0,"enemies":"Lagavulin","floor":14,"turns":1},{"damage":16,"enemies":"The Guardian","floor":16,"turns":11},{"damage":5,"enemies":"Chosen","floor":18,"turns":4},{"damage":17,"enemies":"2 Thieves","floor":22,"turns":5},{"damage":21,"enemies":"3 Cultists","floor":24,"turns":6},{"damage":2,"enemies":"Slavers","floor":25,"turns":4},{"damage":30,"enemies":"Gremlin Leader","floor":27,"turns":3}],"seed_played":"3214721510452166091","potions_obtained":[{"floor":1,"key":"GamblersBrew"},{"floor":3,"key":"ColorlessPotion"},{"floor":4,"key":"FairyPotion"},{"floor":5,"key":"SteroidPotion"},{"floor":13,"key":"DistilledChaos"},{"floor":14,"key":"CultistPotion"},{"floor":16,"key":"SpeedPotion"},{"floor":22,"key":"SteroidPotion"},{"floor":25,"key":"Poison Potion"}],"is_trial":false,"path_per_floor":["M","M","M","?","M","E","R","E","T","M","M","$","M","E","R","B",null,"M","?","?","$","M","R","M","E","T","E"],"character_chosen":"THE_SILENT","items_purchased":["Terror","Orichalcum"],"campfire_rested":2,"item_purchase_floors":[12,21],"current_hp_per_floor":[59,58,58,58,57,47,47,19,19,10,19,19,19,19,38,22,55,50,50,50,50,33,52,31,29,29,0,0],"gold":69,"neow_bonus":"THREE_CARDS","is_daily":false,"chose_seed":false,"campfire_upgraded":1,"win_rate":0.0,"timestamp":1612488325,"path_taken":["M","?","M","?","?","E","R","E","T","M","M","?","M","E","R","BOSS","M","?","?","$","M","R","M","E","T","E"],"items_purchased_type":["Card","Relic"],"build_version":"2020-12-22","purchased_purges":1,"victory":false,"max_hp_per_floor":[66,66,66,66,66,66,66,66,66,66,66,66,66,66,66,66,66,66,66,66,66,66,66,66,66,66,66,66],"card_choices":[{"not_picked":["Deflect","Sucker Punch"],"picked":"Finisher","floor":0},{"not_picked":["Footwork","Predator"],"picked":"Blade Dance","floor":1},{"not_picked":["Underhanded Strike","Bane","Quick Slash"],"picked":"SKIP","floor":2},{"not_picked":["Infinite Blades","Reflex"],"picked":"Dagger Spray","floor":3},{"not_picked":["Prepared","Flechettes"],"picked":"Crippling Poison","floor":5},{"not_picked":["PiercingWail","Deflect"],"picked":"Burst","floor":6},{"not_picked":["Bane","Poisoned Stab"],"picked":"Well Laid Plans","floor":8},{"not_picked":["Reflex","Heel Hook"],"picked":"Backflip","floor":10},{"not_picked":["Flying Knee","Underhanded Strike"],"picked":"Leg Sweep","floor":11},{"not_picked":["Finisher","Flying Knee"],"picked":"Calculated Gamble","floor":13},{"not_picked":["Unload","Dagger Spray"],"picked":"Slice","floor":14},{"not_picked":["Glass Knife","Doppelganger"],"picked":"Malaise","floor":16},{"not_picked":["Poisoned Stab","Dagger Spray"],"picked":"Deflect+1","floor":18},{"not_picked":["Bane","Deadly Poison"],"picked":"PiercingWail","floor":22},{"not_picked":["Prepared+1","Well Laid Plans","Night Terror"],"picked":"SKIP","floor":24},{"not_picked":["Caltrops","Dagger Spray"],"picked":"Infinite Blades","floor":25}],"player_experience":1111941,"relics_obtained":[{"floor":6,"key":"Ancient Tea Set"},{"floor":8,"key":"Bag of Marbles"},{"floor":9,"key":"Tiny Chest"},{"floor":14,"key":"Mercury Hourglass"},{"floor":25,"key":"The Courier"},{"floor":26,"key":"Singing Bowl"}],"event_choices":[{"damage_healed":0,"gold_gain":0,"player_choice":"Bought 1 Potion","damage_taken":0,"max_hp_gain":0,"max_hp_loss":0,"event_name":"The Woman in Blue","floor":4,"gold_loss":0},{"damage_healed":0,"gold_gain":0,"player_choice":"Ignored","damage_taken":0,"max_hp_gain":0,"max_hp_loss":0,"event_name":"Vampires","floor":19,"gold_loss":0},{"cards_removed":["Backflip"],"damage_healed":0,"gold_gain":0,"player_choice":"Gave Card","damage_taken":0,"relics_obtained":["Sundial"],"max_hp_gain":0,"max_hp_loss":0,"event_name":"WeMeetAgain","floor":20,"gold_loss":0}],"is_beta":false,"boss_relics":[{"not_picked":["Busted Crown","Coffee Dripper"],"picked":"Cursed Key"}],"items_purged_floors":[12],"is_endless":false,"potions_floor_spawned":[1,3,5,13,14,16,22,25],"killed_by":"Gremlin Leader","ascension_level":20}}