{"host":"5w7hw1ne5h7avrl9","time":1612498851,"event":{"mods":["AchievementEnabler","BaseMod","Colored Map","Colored Powertips","Displayed Cursed Tome","Googly Eyes","Minty Spire (QoL Compilation)","SuperFastMode"],"gold_per_floor":[112,112,287,49,49,49,83,83,108,108,108,26,50,84,84,212,212,228,228,248,271,102,102,102,102],"floor_reached":24,"language":"ENG","playtime":1055,"items_purged":["Doubt","Defend_B"],"score":248,"play_id":"3710fb90-3113-44bb-bc03-6ee15c51a6bf","local_time":"20210204202051","is_ascension_mode":true,"campfire_choices":[{"data":"Fusion","floor":6,"key":"SMITH"},{"data":"Capacitor","floor":8,"key":"SMITH"},{"data":"Force Field","floor":11,"key":"SMITH"},{"floor":15,"key":"REST"},{"data":"Echo Form","floor":23,"key":"SMITH"}],"circlet_count":0,"master_deck":["Strike_B+1","Strike_B+1","Strike_B+1","Defend_B","Defend_B","Zap","Dualcast","Force Field+1","Scrape+1","Capacitor","Fusion+1","Capacitor+1","Defragment","Conserve Battery","Loop","Electrodynamics","Echo Form+1","Static Discharge","Consume+1","Loop"],"relics":["Cracked Core","NeowsBlessing","Golden Idol","Kunai","Whetstone","Pocketwatch","Cursed Key"],"acts_visited":["Exordium","TheCity"],"potions_floor_usage":[14,16,20,20,20,21],"damage_taken":[{"damage":0,"enemies":"2 Louse","floor":1,"turns":1},{"damage":0,"enemies":"Gremlin Nob","floor":7,"turns":1},{"damage":0,"enemies":"Jaw Worm","floor":13,"turns":1},{"damage":19,"enemies":"3 Sentries","floor":14,"turns":6},{"damage":20,"enemies":"Hexaghost","floor":16,"turns":10},{"damage":0,"enemies":"Spheric Guardian","floor":18,"turns":4},{"damage":22,"enemies":"2 Thieves","floor":20,"turns":4},{"damage":32,"enemies":"Snake Plant","floor":21,"turns":4},{"damage":34,"enemies":"Slavers","floor":24,"turns":1}],"seed_played":"7212259378917846365","potions_obtained":[{"floor":1,"key":"LiquidBronze"},{"floor":13,"key":"Explosive Potion"},{"floor":16,"key":"LiquidBronze"},{"floor":18,"key":"LiquidMemories"},{"floor":20,"key":"Swift Potion"}],"is_trial":false,"path_per_floor":["M","?","?","$","?","R","E","R","T","?","R","$","M","E","R","B",null,"M","?","M","M","$","R","E"],"character_chosen":"DEFECT","items_purchased":["Capacitor","Fusion","Weak Potion","Defragment","Loop"],"campfire_rested":1,"item_purchase_floors":[4,4,4,12,22],"current_hp_per_floor":[75,75,75,75,57,57,57,57,57,42,42,42,42,23,45,25,75,75,75,53,21,21,21,0,0],"gold":102,"neow_bonus":"THREE_ENEMY_KILL","is_daily":false,"chose_seed":false,"campfire_upgraded":4,"win_rate":0.0,"timestamp":1612498851,"path_taken":["M","?","?","$","?","R","E","R","T","?","R","?","?","E","R","BOSS","M","?","?","M","$","R","E"],"items_purchased_type":["Card","Card","Potion","Card","Card"],"build_version":"2020-12-22","purchased_purges":2,"victory":false,"max_hp_per_floor":[75,75,75,75,75,75,75,75,75,75,75,75,75,75,75,75,75,75,75,75,75,75,75,75,75],"card_choices":[{"not_picked":["Barrage","Skim"],"picked":"Force Field","floor":1},{"not_picked":["Steam Power","Double Energy"],"picked":"Capacitor","floor":7},{"not_picked":["Go for the Eyes","Fusion"],"picked":"Conserve Battery","floor":13},{"not_picked":["Stack","Hologram"],"picked":"Loop","floor":14},{"not_picked":["Creative AI","All For One"],"picked":"Electrodynamics","floor":16},{"not_picked":["Compile Driver","Conserve Battery","Leap"],"picked":"SKIP","floor":18},{"not_picked":["Heatsinks","Reprogram"],"picked":"Static Discharge","floor":20},{"not_picked":["Gash","Turbo+1"],"picked":"Consume+1","floor":21}],"player_experience":195601,"relics_obtained":[{"floor":7,"key":"Kunai"},{"floor":9,"key":"Whetstone"},{"floor":14,"key":"Pocketwatch"}],"event_choices":[{"damage_healed":0,"gold_gain":0,"cards_transformed":["Defend_B"],"player_choice":"Change","damage_taken":0,"max_hp_gain":0,"max_hp_loss":0,"event_name":"Living Wall","floor":2,"gold_loss":0,"cards_obtained":["Scrape"]},{"damage_healed":0,"gold_gain":175,"player_choice":"AGREE","damage_taken":0,"max_hp_gain":0,"max_hp_loss":0,"event_name":"Liars Game","floor":3,"gold_loss":0,"cards_obtained":["Doubt"]},{"damage_healed":0,"gold_gain":0,"player_choice":"Take Damage","damage_taken":18,"relics_obtained":["Golden Idol"],"max_hp_gain":0,"max_hp_loss":0,"event_name":"Golden Idol","floor":5,"gold_loss":0},{"damage_healed":0,"gold_gain":0,"player_choice":"Entered Light","damage_taken":15,"max_hp_gain":0,"max_hp_loss":0,"event_name":"Shining Light","floor":10,"gold_loss":0,"cards_upgraded":["Scrape","Strike_B"]},{"damage_healed":0,"gold_gain":0,"cards_transformed":["Strike_B"],"player_choice":"Transformed","damage_taken":0,"max_hp_gain":0,"max_hp_loss":0,"event_name":"Transmorgrifier","floor":19,"gold_loss":0,"cards_obtained":["Echo Form"]}],"is_beta":false,"boss_relics":[{"not_picked":["Coffee Dripper","Astrolabe"],"picked":"Cursed Key"}],"items_purged_floors":[4,22],"is_endless":false,"potions_floor_spawned":[1,13,16,18,20],"killed_by":"Slavers","ascension_level":2}}