{"host":"zgdag062zrknap1a","time":1612504977,"event":{"mods":["AchievementEnabler","Act Like it!","Aspiration","Bard","BaseMod","BetterRewards","Colored Map","Colored Powertips","Conspire","Downfall","Gensokyo","Hallownest","Hermit","Highlight Path","Hubris","Infinite Spire","Jorbs\u0027s Wanderer Trilogy","Marisa????????","Minty Spire (QoL Compilation)","Quick Restart","Rare Cards Sparkle","Replay The Spire","Shop Mod","StSLib","The Bug Knight","The Cursed","The Hierophant","The Necromancer","The Runesmith","The Servant 0.9.4"],"gold_per_floor":[110,110,121,121,131,131,131,131],"floor_reached":7,"language":"ENG","playtime":435,"items_purged":["Zap"],"score":41,"play_id":"7644340d-557d-4c62-a8fd-088447886690","local_time":"20210204220257","is_ascension_mode":false,"campfire_choices":[{"floor":6,"key":"RECALL"}],"circlet_count":0,"master_deck":["Strike_B","Strike_B","Strike_B","Strike_B","Defend_B","Defend_B","Defend_B","Defend_B","Dualcast","FIFO Queue","Cold Snap","Cold Snap","Blizzard","Coolheaded","Mirror Shield","Glacier+1","Coolheaded"],"relics":["conspire:GiftBox","MerchantsRug"],"acts_visited":["Exordium"],"potions_floor_usage":[7],"damage_taken":[{"damage":0,"enemies":"Cultist","floor":1,"turns":4},{"damage":9,"enemies":"Small Slimes","floor":3,"turns":5},{"damage":0,"enemies":"2 Louse","floor":5,"turns":4},{"damage":28,"enemies":"Gremlin Nob","floor":7,"turns":7}],"seed_played":"-4469643931654943030","potions_obtained":[{"floor":1,"key":"DuplicationPotion"}],"is_trial":false,"path_per_floor":["M","?","M","?","M","R","E"],"character_chosen":"DEFECT","items_purchased":["FIFO Queue","Cold Snap","Blizzard","Coolheaded","conspire:GiftBox","MerchantsRug","Coolheaded"],"campfire_rested":0,"item_purchase_floors":[0,0,0,0,0,0,0],"current_hp_per_floor":[40,40,31,31,31,31,3,3],"gold":131,"neow_bonus":"","is_daily":false,"chose_seed":false,"campfire_upgraded":0,"win_rate":0.0,"timestamp":1612504977,"path_taken":["M","?","?","?","M","R","E"],"items_purchased_type":["Card","Card","Card","Card","Relic","Relic","Card"],"build_version":"2020-12-22","purchased_purges":1,"victory":false,"max_hp_per_floor":[75,75,75,75,75,75,75,75],"card_choices":[{"not_picked":["Amplify","Creative AI"],"picked":"Mirror Shield","floor":0},{"not_picked":["Go for the Eyes","Turbo","Leap"],"picked":"SKIP","floor":1},{"not_picked":["Chaos","Barrage","Steam"],"picked":"SKIP","floor":3},{"not_picked":["Leap","ReplayTheSpireMod:System Scan"],"picked":"Coolheaded","floor":5}],"player_experience":418926,"relics_obtained":[],"event_choices":[{"damage_healed":0,"gold_gain":0,"player_choice":"Ignored","damage_taken":0,"max_hp_gain":0,"max_hp_loss":0,"event_name":"Transmorgrifier","floor":2,"gold_loss":0}],"is_beta":false,"boss_relics":[],"items_purged_floors":[0],"is_endless":false,"potions_floor_spawned":[1],"killed_by":"Gremlin Nob","ascension_level":0}}