{"host":"yuwyc1esdalgjt4e","time":1612542483,"event":{"mods":["Arknights","Astrologer","BaseMod","CapriCore","Hermit","KomeijiMod","Marisa????????","Minty Spire (QoL Compilation)","Railgun Mod","Reimu??????","StSLib","The Bug Knight","The Death Knight","The Dragon Tamer","The Hierophant","The Immortal","The Marked","The Servant 0.9.4","The Wild Card","TheSwordswoman","Yuri Mod"],"gold_per_floor":[110,110,130,130,148,176,194,194,194,221,221,232,232,247,247,349,349,362,138,138,150,163,163,163,163,233,233,252,284,284,284],"floor_reached":30,"language":"ENG","playtime":777,"items_purged":["theMarked:Strike"],"score":260,"play_id":"4ce96a1e-d9c8-4c40-ac86-37f8d8d5eb84","local_time":"20210205172803","is_ascension_mode":false,"campfire_choices":[{"data":"theMarked:EmpowerWeapon","floor":8,"key":"SMITH"},{"floor":13,"key":"REST"},{"floor":15,"key":"REST"},{"data":"theMarked:RogueSparks","floor":23,"key":"SMITH"},{"data":"theMarked:SwordAndMagic","floor":27,"key":"SMITH"}],"circlet_count":0,"master_deck":["theMarked:Strike","theMarked:Strike","theMarked:Strike","theMarked:Defend","theMarked:Defend","theMarked:Defend","theMarked:Defend","theMarked:SoldierOfQuellstein+1","theMarked:EmpowerWeapon+1","theMarked:SwordAndMagic","theMarked:SwordAndMagic+1","theMarked:RogueSparks+1","theMarked:MuscleMemory","theMarked:MagusForm","theMarked:SoldierOfQuellstein+1","theMarked:EmpowerWeapon+1","theMarked:ParalyzingBlade"],"relics":["theMarked:ArtifactOfAir","NeowsBlessing","theMarked:Gun","Bottled Flame","Shuriken","Sozu","DollysMirror","MutagenicStrength","Letter Opener","theMarked:NailFile"],"acts_visited":["Exordium","TheCity"],"potions_floor_usage":[7,12,12,16],"damage_taken":[{"damage":0,"enemies":"Cultist","floor":1,"turns":1},{"damage":0,"enemies":"2 Louse","floor":3,"turns":1},{"damage":0,"enemies":"Small Slimes","floor":5,"turns":1},{"damage":16,"enemies":"Gremlin Nob","floor":6,"turns":3},{"damage":6,"enemies":"2 Fungi Beasts","floor":7,"turns":2},{"damage":31,"enemies":"Lagavulin","floor":10,"turns":4},{"damage":2,"enemies":"Exordium Wildlife","floor":12,"turns":3},{"damage":13,"enemies":"Red Slaver","floor":14,"turns":2},{"damage":34,"enemies":"Hexaghost","floor":16,"turns":8},{"damage":17,"enemies":"Spheric Guardian","floor":18,"turns":4},{"damage":10,"enemies":"Chosen","floor":21,"turns":4},{"damage":10,"enemies":"Snecko","floor":22,"turns":4},{"damage":9,"enemies":"Cultist and Chosen","floor":28,"turns":4},{"damage":26,"enemies":"Gremlin Leader","floor":29,"turns":5},{"damage":27,"enemies":"Snake Plant","floor":30,"turns":2}],"seed_played":"9205397349320177704","potions_obtained":[{"floor":1,"key":"EssenceOfSteel"},{"floor":5,"key":"GrandPatriotsElixir:ReiMu"},{"floor":6,"key":"BlessingOfTheForge"},{"floor":12,"key":"LiquidMemories"}],"is_trial":false,"path_per_floor":["M","?","M","?","M","E","M","R","T","E","?","M","R","M","R","B",null,"M","$","?","M","M","R","?","?","T","R","M","E","M"],"character_chosen":"THE_DEFAULT","items_purchased":["DollysMirror"],"campfire_rested":2,"item_purchase_floors":[19],"current_hp_per_floor":[70,70,70,63,63,47,41,41,41,10,10,8,29,16,37,3,70,53,53,53,43,33,33,56,56,56,56,47,21,0,0],"gold":284,"neow_bonus":"THREE_ENEMY_KILL","is_daily":false,"chose_seed":false,"campfire_upgraded":3,"win_rate":0.0,"timestamp":1612542483,"path_taken":["M","?","?","?","M","E","M","R","T","E","?","M","R","M","R","BOSS","M","$","?","M","?","R","?","?","T","R","?","E","M"],"items_purchased_type":["Relic"],"build_version":"2020-12-22","purchased_purges":1,"victory":false,"max_hp_per_floor":[70,70,70,70,70,70,70,70,70,70,70,70,70,70,70,70,70,70,70,70,70,70,70,70,70,70,70,70,70,70,70],"card_choices":[{"not_picked":["theMarked:ContemptForTheProud","theMarked:ParalyzingBlade"],"picked":"theMarked:EmpowerWeapon","floor":1},{"not_picked":["theMarked:PowerFlow","theMarked:ElectricStrings"],"picked":"theMarked:SwordAndMagic","floor":3},{"not_picked":["theMarked:ResourceFulStrike","theMarked:TwofoldDefense","theMarked:Improvise"],"picked":"SKIP","floor":5},{"not_picked":["theMarked:Frustration","theMarked:Improvise"],"picked":"theMarked:SwordAndMagic","floor":6},{"not_picked":["theMarked:ResourceFulStrike","theMarked:BanishingStrike"],"picked":"theMarked:RogueSparks","floor":7},{"not_picked":["theMarked:ResourceFulStrike","theMarked:WastefulAttack"],"picked":"theMarked:MuscleMemory","floor":10},{"not_picked":["theMarked:Parkour","theMarked:Frustration","theMarked:ElectricStrings"],"picked":"SKIP","floor":12},{"not_picked":["theMarked:TwofoldDefense","theMarked:Improvise","theMarked:Parkour"],"picked":"SKIP","floor":14},{"not_picked":["theMarked:ThrowWeapon","theMarked:Toughness"],"picked":"theMarked:MagusForm","floor":16},{"not_picked":["theMarked:WastefulAttack","theMarked:Frustration","theMarked:Aftermath"],"picked":"SKIP","floor":18},{"not_picked":["theMarked:SwordAndMagic","theMarked:WastefulAttack","theMarked:Panic+1"],"picked":"SKIP","floor":21},{"not_picked":["theMarked:ResourceFulStrike+1","theMarked:TakeCover","theMarked:Maelstrom"],"picked":"SKIP","floor":22},{"not_picked":["theMarked:TheMission+1","theMarked:Improvise"],"picked":"theMarked:ParalyzingBlade","floor":28},{"not_picked":["theMarked:HeightenedSenses","theMarked:MysticalArsenal","theMarked:Generate"],"picked":"SKIP","floor":29}],"player_experience":107398,"relics_obtained":[{"floor":6,"key":"theMarked:Gun"},{"floor":9,"key":"Bottled Flame"},{"floor":10,"key":"Shuriken"},{"floor":26,"key":"Letter Opener"},{"floor":29,"key":"theMarked:NailFile"}],"event_choices":[{"damage_healed":0,"gold_gain":0,"player_choice":"Ignored","damage_taken":0,"max_hp_gain":0,"max_hp_loss":0,"event_name":"NoteForYourself","floor":2,"gold_loss":0},{"damage_healed":0,"gold_gain":0,"player_choice":"Ignored","damage_taken":0,"max_hp_gain":0,"max_hp_loss":0,"event_name":"Transmorgrifier","floor":11,"gold_loss":0},{"damage_healed":0,"gold_gain":0,"player_choice":"Copied","damage_taken":0,"max_hp_gain":0,"max_hp_loss":0,"event_name":"Duplicator","floor":20,"gold_loss":0,"cards_obtained":["theMarked:EmpowerWeapon"]},{"damage_healed":23,"gold_gain":0,"player_choice":"Heal","damage_taken":0,"max_hp_gain":0,"max_hp_loss":0,"event_name":"The Library","floor":24,"gold_loss":0},{"damage_healed":0,"gold_gain":0,"player_choice":"Inject Mutagens","damage_taken":0,"relics_obtained":["MutagenicStrength"],"max_hp_gain":0,"max_hp_loss":0,"event_name":"Drug Dealer","floor":25,"gold_loss":0}],"is_beta":false,"boss_relics":[{"not_picked":["Fusion Hammer","Runic Pyramid"],"picked":"Sozu"}],"items_purged_floors":[19],"is_endless":false,"potions_floor_spawned":[1,5,6,12,18,21],"killed_by":"Snake Plant","ascension_level":0}}