{"host":"vm8b3ptwl81uq21f","time":1612486617,"event":{"mods":["Act Like it!","Aspiration","BaseMod","BetterRewards","Colored Map","Colored Powertips","GifTheSpireLib","Googly Eyes","GungeonMod","Halation","Hallownest","Hubris","Infinite Spire","Minty Spire (QoL Compilation)","Quick Restart","Rare Cards Sparkle","Replay The Spire","Shop Mod","Spicy Shops","StSLib","Stuff the Spire","The IronCluck","[IsaacMod]????"],"gold_per_floor":[119,119,134,147,166,166,195,244,244,276,5,40,40,50,50,122,122,141,18,18,31,46,46,77,77,102,24,51,51,51,71,71,146,146,156,167,181,193,206,206,231,231,256,256,270,16,16,16,16,16],"floor_reached":51,"language":"ENG","playtime":1664,"items_purged":["Strike_G","Strike_G","Defend_G","Strike_G","Strike_G"],"score":1356,"play_id":"aee47bc2-6045-4b48-b910-261046703721","local_time":"20210204195657","is_ascension_mode":true,"campfire_choices":[{"data":"Bane","floor":6,"key":"SMITH"},{"floor":15,"key":"DIG"},{"data":"Noxious Fumes","floor":23,"key":"SMITH"},{"data":"Poisoned Stab","floor":25,"key":"SMITH"},{"data":"Bane","floor":30,"key":"SMITH"},{"data":"Sadistic Nature","floor":32,"key":"SMITH"},{"data":"Noxious Fumes","floor":40,"key":"SMITH"},{"data":"ReplayTheSpireMod:Necrosis","floor":42,"key":"SMITH"},{"data":"Poisoned Stab","floor":44,"key":"SMITH"},{"data":"Replay:Poison Smokescreen","floor":49,"key":"SMITH"}],"circlet_count":0,"master_deck":["AscendersBane","Strike_G","Defend_G","Defend_G","Defend_G","Defend_G","Survivor+1","Neutralize","Bane+1","Bane+1","Sadistic Nature+1","Backflip+1","Poisoned Stab+1","Replay:Poison Smokescreen+1","Envenom+1","Noxious Fumes+1","Prepared+1","Poisoned Stab+1","Noxious Fumes+1","ReplayTheSpireMod:Necrosis+1"],"relics":["Ring of the Snake","HushsDoor","TheBean","TwistedFunnel","SteamSale","Snake Skull","Smiling Mask","Bronze Scales","Durian","infinitespire:Lychee Nut","hubris:GlazedTorus","Leech","halation:OrihimeAndHikoboshiSamaAndTears","Dream Catcher","hubris:ScarierMask","GuppysHairball","MerchantsRug","aspiration:ChemicalBlood","halation:KoshaPiece","Medical Kit","War Paint","Vajra","Anchor","TheAbacus","hubris:HerbalPaste"],"acts_visited":["Exordium","TheCity","TheCity"],"potions_floor_usage":[7,10,16,33,33,50,50,50],"damage_taken":[{"damage":0,"enemies":"Hallownest:monsterHuskWarrior","floor":1,"turns":2},{"damage":0,"enemies":"Hallownest:2_Tiktiks_and_1_Crawlid","floor":3,"turns":2},{"damage":0,"enemies":"Hallownest:monsterHuskGuard","floor":4,"turns":2},{"damage":3,"enemies":"Hallownest:Guard_and_Warrior","floor":5,"turns":4},{"damage":0,"enemies":"Hallownest:eliteMossKnight","floor":7,"turns":6},{"damage":3,"enemies":"Hallownest:eliteVengeflyKing","floor":10,"turns":5},{"damage":4,"enemies":"Hallownest:eliteCrystalGuardian","floor":12,"turns":4},{"damage":0,"enemies":"Hallownest:1_Baldur_1_Crawlid_1_Warrior","floor":14,"turns":2},{"damage":0,"enemies":"Hallownest:BossBrokenVessel","floor":16,"turns":6},{"damage":0,"enemies":"Spheric Guardian","floor":18,"turns":3},{"damage":0,"enemies":"3 Byrds","floor":21,"turns":1},{"damage":5,"enemies":"Centurion and Healer","floor":22,"turns":3},{"damage":1,"enemies":"Slavers","floor":24,"turns":3},{"damage":0,"enemies":"Gremlin Leader","floor":28,"turns":4},{"damage":1,"enemies":"Chosen and Byrds","floor":31,"turns":2},{"damage":10,"enemies":"Champ","floor":33,"turns":6},{"damage":0,"enemies":"Hallownest:3_Siblings","floor":35,"turns":3},{"damage":1,"enemies":"Hallownest:Shield_Heavy","floor":36,"turns":2},{"damage":0,"enemies":"Hallownest:Shield_Sturdy","floor":37,"turns":3},{"damage":4,"enemies":"Hallownest:monsterPrimalAspid","floor":38,"turns":3},{"damage":15,"enemies":"Hallownest:2_Soldiers_and_1_Guardian","floor":39,"turns":3},{"damage":1,"enemies":"Hallownest:eliteCollector","floor":41,"turns":5},{"damage":0,"enemies":"Hallownest:2_Great","floor":45,"turns":2},{"damage":22,"enemies":"Hallownest:Radiance","floor":50,"turns":7}],"seed_played":"-6400401970092166040","potions_obtained":[{"floor":1,"key":"PowerPotion"},{"floor":7,"key":"AttackPotion"},{"floor":10,"key":"PowerPotion"},{"floor":24,"key":"LiquidBronze"},{"floor":36,"key":"BlessingOfTheForge"}],"is_trial":false,"path_per_floor":["M","?","M","M","M","R","E","T","T","E","$","E","?","M","R_BF","B",null,"M","$","?","M","M","R","E","R","T","$","E","?","R","M","R","B",null,"M","M","M","M","M","R","E","R","T","R","M","$","?","?","R","B",null],"character_chosen":"THE_SILENT","items_purchased":["TwistedFunnel","SteamSale","Snake Skull","Bane","Sadistic Nature","Swift Potion","hubris:GlazedTorus","Leech","GuppysHairball","MerchantsRug","Medical Kit","TheAbacus","hubris:HerbalPaste"],"campfire_rested":0,"item_purchase_floors":[0,0,0,0,0,0,11,11,17,19,27,46,46],"current_hp_per_floor":[31,22,22,22,19,19,19,19,24,21,21,26,26,31,31,42,45,46,46,46,46,43,43,46,46,46,46,46,46,46,46,46,41,45,46,46,46,43,35,35,45,45,45,45,46,46,46,46,46,26],"gold":16,"neow_bonus":"","is_daily":false,"chose_seed":false,"campfire_upgraded":9,"win_rate":0.0,"timestamp":1612486617,"path_taken":["M","?","M","M","M","R","E","?","T","E","$","E","?","M","R_BF","BOSS","M","$","?","M","M","R","E","R","T","$","E","?","R","M","R","BOSS","M","M","M","M","?","R","E","R","T","R","M","$","?","?","R","BOSS"],"items_purchased_type":["Relic","Relic","Relic","Card","Card","Potion","Relic","Relic","Relic","Relic","Relic","Relic","Relic"],"build_version":"2020-12-22","purchased_purges":5,"victory":true,"max_hp_per_floor":[70,70,70,70,70,70,70,70,75,56,56,56,56,56,56,56,46,46,46,46,46,46,46,46,46,46,46,46,46,46,46,46,46,46,46,46,46,46,46,46,46,46,46,46,46,46,46,46,46,46],"card_choices":[{"not_picked":["StuffTheSpire:Fury","Glass Knife"],"picked":"Backflip","floor":1},{"not_picked":["Sneak Up","Finisher","Tactician"],"picked":"SKIP","floor":3},{"not_picked":["Acrobatics","Bane","StuffTheSpire:ClusterCrunch"],"picked":"SKIP","floor":4},{"not_picked":["StuffTheSpire:ReptileScales","Acrobatics","StuffTheSpire:BumpUp"],"picked":"SKIP","floor":5},{"not_picked":["Underhanded Strike","StuffTheSpire:ClusterCrunch"],"picked":"Poisoned Stab","floor":7},{"not_picked":["Draining Mist","hubris:Sniper","StuffTheSpire:Python"],"picked":"SKIP","floor":10},{"not_picked":["StuffTheSpire:ClusterCrunch","ReplayTheSpireMod:Tripwire","ReplayTheSpireMod:From All Sides"],"picked":"SKIP","floor":12},{"not_picked":["Outmaneuver","StuffTheSpire:Repulse"],"picked":"Replay:Poison Smokescreen","floor":14},{"not_picked":["Phantasmal Killer","StuffTheSpire:FinalStruggle"],"picked":"Envenom","floor":16},{"not_picked":["Bane","Dodge and Roll"],"picked":"Noxious Fumes","floor":18},{"not_picked":["Dodge and Roll","StuffTheSpire:Python","Bane"],"picked":"SKIP","floor":21},{"not_picked":["StuffTheSpire:Python","Bane"],"picked":"Prepared+1","floor":22},{"not_picked":["Storm of Steel","StuffTheSpire:Python","Riddle With Holes"],"picked":"SKIP","floor":24},{"not_picked":["Outmaneuver","Sucker Punch","Bane"],"picked":"SKIP","floor":28},{"not_picked":["Deflect","Blade Dance","StuffTheSpire:FinalStruggle"],"picked":"SKIP","floor":31},{"not_picked":["Skewer","Toxin Wave","Bane"],"picked":"SKIP","floor":35},{"not_picked":["Flying Knee+1","Blade Dance"],"picked":"Poisoned Stab","floor":36},{"not_picked":["Underhanded Strike","PiercingWail","Blade Dance"],"picked":"SKIP","floor":37},{"not_picked":["Cloak And Dagger","Dagger Spray"],"picked":"Noxious Fumes","floor":38},{"not_picked":["Dagger Throw","Dash","StuffTheSpire:BrimstoneBlast"],"picked":"SKIP","floor":39},{"not_picked":["Finisher+1","Accuracy"],"picked":"ReplayTheSpireMod:Necrosis","floor":41},{"not_picked":["Crippling Poison","hubris:SlightOfHand","Dagger Spray"],"picked":"SKIP","floor":45}],"player_experience":394897,"relics_obtained":[{"floor":7,"key":"Smiling Mask"},{"floor":8,"key":"Bronze Scales"},{"floor":9,"key":"Durian"},{"floor":10,"key":"infinitespire:Lychee Nut"},{"floor":12,"key":"halation:OrihimeAndHikoboshiSamaAndTears"},{"floor":15,"key":"Dream Catcher"},{"floor":24,"key":"aspiration:ChemicalBlood"},{"floor":26,"key":"halation:KoshaPiece"},{"floor":28,"key":"War Paint"},{"floor":41,"key":"Vajra"},{"floor":43,"key":"Anchor"}],"event_choices":[{"damage_healed":0,"gold_gain":0,"player_choice":"Upgraded","damage_taken":0,"max_hp_gain":0,"max_hp_loss":0,"event_name":"Upgrade Shrine","floor":20,"gold_loss":0,"cards_upgraded":["Envenom"]}],"is_beta":false,"boss_relics":[{"not_picked":["ChewingGum","Honey Jar"],"picked":"hubris:ScarierMask"},{"not_picked":[]},{"not_picked":["hubris:BlackHole","Replay:Grab Bag","halation:MonkeysPaw"]}],"items_purged_floors":[0,11,19,46,46],"is_endless":false,"potions_floor_spawned":[1,7,10,12,24,28,31,36,39,45],"ascension_level":13}}