{"host":"d61fcf2p3sjwe6yo","time":1612534846,"event":{"mods":["Act Like it!","BaseMod","Colored Map","Hallownest","Minty Spire (QoL Compilation)","StSLib","SuperFastMode","The Bug Knight"],"gold_per_floor":[117,128,128,142,154,183,183,113,113,148,148,181,196,41,41,144,144,158,158,8,28,42,71,71,96,119,119,178,198,198,48,48,147,147,167,187,347,357,367,382,382,382,382,382,382,407,18,45,45,45,45],"floor_reached":50,"language":"ENG","playtime":4805,"items_purged":["HollowMod:NailStrikeStart","Decay"],"score":635,"play_id":"ff96f76a-1874-4357-82ca-be1e00ce14b3","local_time":"20210205172046","is_ascension_mode":false,"campfire_choices":[{"data":"HollowMod:RecoilStrike","floor":7.0,"key":"SMITH"},{"data":"HollowMod:RecoilStrike","floor":15.0,"key":"SMITH"},{"floor":24.0,"key":"REST"},{"data":"HollowMod:MantisMark","floor":32.0,"key":"SMITH"},{"floor":41.0,"key":"REST"},{"data":"HollowMod:SoulSplash","floor":44.0,"key":"SMITH"},{"floor":49.0,"key":"RECALL"}],"circlet_count":0,"master_deck":["HollowMod:QuickDashStart","HollowMod:QuickDashStart","HollowMod:QuickDashStart","HollowMod:QuickDashStart","HollowMod:FocusHealStart","HollowMod:PogoStrike","HollowMod:GreatSlash","HollowMod:RecoilStrike+1","HollowMod:SoulStrike","HollowMod:SoulSplash+1","HollowMod:RecoilStrike+1","HollowMod:CloakDash","HollowMod:AwokenDreamNail","CurseOfTheBell","HollowMod:MantisMark+1","HollowMod:ChannelNail","HollowMod:HornetsHelp","HollowMod:DoubleDash+1","HollowMod:ZotesMagnificence","HollowMod:DesolateDive","HollowMod:MantisMark+1","HollowMod:Grubsong+1","HollowMod:SlysStrikes","HollowMod:ChannelNail+1","HollowMod:BaldurShell+1","HollowMod:ShapeofUnn+1","HollowMod:HuntersJournal+1","HollowMod:CloakDash+1","HollowMod:HeavyBlow+1"],"relics":["HollowMod:VesselMask","Hallownest:DreamNailRelic","Bronze Scales","Hallownest:StagBellRelic1","HollowMod:LumaflyLanternRelic","Bottled Flame","HornCleat","Lantern","Calling Bell","Dream Catcher","Question Card","TungstenRod","HollowMod:StagPassRelic","Potion Belt","Ice Cream","Juzu Bracelet","Red Mask","Cursed Key","Hallownest:GodTamersBeastRelic","Omamori","HollowMod:MillibellesNoteRelic","Bag of Marbles"],"acts_visited":["Hallownest:Greenpath","Hallownest:CityofTears","Hallownest:KingdomsEdge"],"potions_floor_usage":[50,50],"damage_taken":[{"damage":6.0,"enemies":"2_ Uuma","floor":1.0,"turns":7.0},{"damage":3.0,"enemies":"Hallownest:monsterHuskWarrior","floor":2.0,"turns":5.0},{"damage":0.0,"enemies":"Hallownest:2_Baldur","floor":4.0,"turns":3.0},{"damage":31.0,"enemies":"Hallownest:1_Ooma_and_2_Uuma","floor":5.0,"turns":9.0},{"damage":0.0,"enemies":"Hallownest:eliteMossKnight","floor":6.0,"turns":5.0},{"damage":6.0,"enemies":"Hallownest:eliteVengeflyKing","floor":10.0,"turns":10.0},{"damage":1.0,"enemies":"Hallownest:monsterMarmu","floor":11.0,"turns":5.0},{"damage":29.0,"enemies":"Hallownest:eliteCrystalGuardian","floor":12.0,"turns":6.0},{"damage":0.0,"enemies":"Hallownest:monsterAspidMother","floor":13.0,"turns":5.0},{"damage":57.0,"enemies":"Hallownest:BossHornet","floor":16.0,"turns":17.0},{"damage":8.0,"enemies":"Hallownest:3_Youths","floor":18.0,"turns":7.0},{"damage":5.0,"enemies":"Hallownest:Guard_and_Sentry","floor":21.0,"turns":5.0},{"damage":17.0,"enemies":"Hallownest:3_Mistakes","floor":22.0,"turns":6.0},{"damage":30.0,"enemies":"Hallownest:eliteSoulWarrior","floor":23.0,"turns":10.0},{"damage":20.0,"enemies":"Hallownest:Nosk","floor":25.0,"turns":11.0},{"damage":0.0,"enemies":"Hallownest:Glutton_and_Coward","floor":28.0,"turns":4.0},{"damage":13.0,"enemies":"Hallownest:monsterShrumalOgre","floor":29.0,"turns":5.0},{"damage":36.0,"enemies":"Hallownest:BossMantisLord","floor":33.0,"turns":8.0},{"damage":13.0,"enemies":"Hallownest:3_Siblings","floor":35.0,"turns":8.0},{"damage":11.0,"enemies":"Hallownest:Shield_Heavy","floor":36.0,"turns":5.0},{"damage":0.0,"enemies":"Hallownest:Shield_Heavy","floor":37.0,"turns":4.0},{"damage":0.0,"enemies":"Hallownest:Shield_Heavy","floor":37.0,"turns":4.0},{"damage":51.0,"enemies":"Hallownest:Shield_Heavy","floor":37.0,"turns":8.0},{"damage":0.0,"enemies":"Hallownest:Shield_Heavy","floor":37.0,"turns":2.0},{"damage":14.0,"enemies":"Hallownest:monsterPrimalAspid","floor":38.0,"turns":4.0},{"damage":2.0,"enemies":"Hallownest:2_Wing_and_1_Kings","floor":39.0,"turns":11.0},{"damage":4.0,"enemies":"Hallownest:Xero_Hu_Marmu","floor":40.0,"turns":7.0},{"damage":17.0,"enemies":"Hallownest:eliteCollector","floor":46.0,"turns":9.0},{"damage":0.0,"enemies":"Hallownest:StalkingDevout","floor":48.0,"turns":7.0},{"damage":52,"enemies":"Hallownest:BossHollowKnight","floor":50,"turns":9}],"seed_played":"-1397400077028630399","potions_obtained":[{"floor":1.0,"key":"Ancient Potion"},{"floor":4.0,"key":"EntropicBrew"},{"floor":10.0,"key":"Dexterity Potion"},{"floor":23.0,"key":"Explosive Potion"},{"floor":28.0,"key":"Regen Potion"},{"floor":33.0,"key":"Block Potion"},{"floor":40.0,"key":"SkillPotion"},{"floor":46.0,"key":"Block Potion"}],"is_trial":false,"path_per_floor":["M","M","?","M","M","E","R","?","T","E","?","E","M","$","R","B",null,"M","?","?","M","M","E","R","E","T","?","M","M","?","$","R","B",null,"M","M","?","M","M","M","R","?","T","R","?","E","$","E","R","B"],"character_chosen":"THE_BUGKNIGHT","items_purchased":["Lantern","HollowMod:Grubsong","HollowMod:MillibellesNoteRelic","HollowMod:CloakDash","Fruit Juice"],"campfire_rested":2,"item_purchase_floors":[14,31,47,47,47],"current_hp_per_floor":[82,82,82,82,63,63,63,63,63,69,74,51,61,61,61,14,82,82,82,82,80,63,43,67,57,57,57,63,50,50,50,50,29,82,69,58,13,5,9,11,35,50,50,50,50,33,38,44,44,0,0],"gold":45,"neow_bonus":"TEN_PERCENT_HP_BONUS","is_daily":false,"chose_seed":false,"campfire_upgraded":4,"win_rate":0.0,"timestamp":1612534846,"path_taken":["M","M","?","?","M","E","R","?","T","E","?","E","M","?","R","BOSS","M","?","?","?","M","E","R","E","T","?","M","M","?","$","R","BOSS","M","M","?","M","M","M","R","?","T","R","?","E","$","E","R","BOSS"],"items_purchased_type":["Relic","Card","Relic","Card","Potion"],"build_version":"2020-12-22","purchased_purges":2,"victory":false,"max_hp_per_floor":[82,82,82,82,82,82,82,82,82,82,82,82,82,82,82,82,82,82,82,82,82,82,82,82,82,82,82,82,82,82,82,82,82,82,82,82,82,82,82,82,82,82,82,82,82,82,87,87,87,87,87],"card_choices":[{"not_picked":["HollowMod:QuirrelsAssistance","HollowMod:ShapeofUnn"],"picked":"HollowMod:GreatSlash","floor":1.0},{"not_picked":["HollowMod:CornifersMapStart","HollowMod:SiblingsShadow"],"picked":"HollowMod:RecoilStrike","floor":2.0},{"not_picked":["HollowMod:FallenFury","HollowMod:FastStrike","HollowMod:NewJinnsSoul"],"picked":"SKIP","floor":4.0},{"not_picked":["HollowMod:InfectedAttack","HollowMod:DescendingDark"],"picked":"HollowMod:SoulStrike","floor":5.0},{"not_picked":["HollowMod:ShadowDash","HollowMod:QuirrelsAssistance"],"picked":"HollowMod:SoulSplash","floor":6.0},{"not_picked":["HollowMod:BlackTendrils","HollowMod:VengefulVoid","HollowMod:NewLittleFool"],"picked":"SKIP","floor":10.0},{"not_picked":["HollowMod:ShadowDash","HollowMod:HowlingWraiths"],"picked":"HollowMod:RecoilStrike","floor":12.0},{"not_picked":["HollowMod:SharpenedNail","HollowMod:SoulStrike"],"picked":"HollowMod:CloakDash","floor":13.0},{"not_picked":["HollowMod:Hiveblood","HollowMod:ElderbugsWisdom"],"picked":"HollowMod:AwokenDreamNail","floor":16.0},{"not_picked":["HollowMod:SoulShaman","HollowMod:InfectedAttack","HollowMod:HeavyBlow"],"picked":"HollowMod:MantisMark+1","floor":18.0},{"not_picked":["HollowMod:InfectedCysts+1","HollowMod:CornifersMapStart","HollowMod:SoulStrike"],"picked":"HollowMod:ChannelNail","floor":21.0},{"not_picked":["HollowMod:BlackTendrils","HollowMod:CycloneSlash+1","HollowMod:DescendingDark+1","HollowMod:QuirrelsAssistance"],"picked":"SKIP","floor":22.0},{"not_picked":["HollowMod:SharpenedNail","HollowMod:SoulStrike","HollowMod:NewLittleFool"],"picked":"HollowMod:HornetsHelp","floor":23.0},{"not_picked":["HollowMod:CycloneSlash+1","HollowMod:HeavyBlow+1","HollowMod:TaintedHusks"],"picked":"HollowMod:DoubleDash+1","floor":24.0},{"not_picked":["HollowMod:SiblingsShadow","HollowMod:GoodIntentions","HollowMod:InfectedAttack"],"picked":"HollowMod:ZotesMagnificence","floor":25.0},{"not_picked":["HollowMod:FallenFury","HollowMod:CloakDash","HollowMod:SoulStrike+1"],"picked":"HollowMod:DesolateDive","floor":28.0},{"not_picked":["HollowMod:InfectedAttack","HollowMod:WraithStrike+1","HollowMod:HeavyBlow"],"picked":"HollowMod:MantisMark","floor":29.0},{"not_picked":["HollowMod:theNailsmith","HollowMod:ElderbugsWisdom","HollowMod:HornetsHelp"],"picked":"HollowMod:SlysStrikes","floor":33.0},{"not_picked":["HollowMod:DescendingDark","HollowMod:DashSlash","HollowMod:ShapeofUnn+1"],"picked":"HollowMod:ChannelNail+1","floor":35.0},{"not_picked":["HollowMod:LifebloodCocoon","HollowMod:NewJinnsSoul","HollowMod:InfectedCysts+1","HollowMod:SoulShaman+1"],"picked":"SKIP","floor":36.0},{"not_picked":["HollowMod:WraithStrike+1","HollowMod:ChannelNail","HollowMod:HeavyBlow"],"picked":"HollowMod:BaldurShell+1","floor":38.0},{"not_picked":["HollowMod:ChannelNail","HollowMod:SoulSplash+1","HollowMod:GrimmsGift+1","HollowMod:HeavyBlow+1"],"picked":"SKIP","floor":39.0},{"not_picked":["HollowMod:SoulVessel","HollowMod:CycloneSlash+1","HollowMod:LifebloodCore","HollowMod:DashSlash+1"],"picked":"SKIP","floor":40.0},{"not_picked":["HollowMod:WraithStrike","HollowMod:ChannelNail+1","HollowMod:SoulStrike"],"picked":"HollowMod:ShapeofUnn+1","floor":41.0},{"not_picked":["HollowMod:AbyssShriek","HollowMod:FastStrike","HollowMod:DescendingDark+1"],"picked":"HollowMod:HuntersJournal+1","floor":46.0},{"not_picked":["HollowMod:VoidDash","HollowMod:WraithStrike","HollowMod:SoulShaman+1"],"picked":"HollowMod:HeavyBlow+1","floor":48.0}],"player_experience":235802,"relics_obtained":[{"floor":6.0,"key":"Bronze Scales"},{"floor":9.0,"key":"HollowMod:LumaflyLanternRelic"},{"floor":10.0,"key":"Bottled Flame"},{"floor":12.0,"key":"HornCleat"},{"floor":17.0,"key":"Dream Catcher"},{"floor":17.0,"key":"Question Card"},{"floor":17.0,"key":"TungstenRod"},{"floor":23.0,"key":"Potion Belt"},{"floor":25.0,"key":"Ice Cream"},{"floor":26.0,"key":"Juzu Bracelet"},{"floor":46.0,"key":"Omamori"},{"floor":48.0,"key":"Bag of Marbles"}],"event_choices":[],"is_beta":false,"boss_relics":[{"not_picked":["Velvet Choker","Runic Dome"],"picked":"Calling Bell"},{"not_picked":["Busted Crown","Fusion Hammer"],"picked":"Cursed Key"}],"items_purged_floors":[31,47],"is_endless":false,"potions_floor_spawned":[1,4,10,11,23,28,33,37,37,40,46],"killed_by":"Hallownest:BossHollowKnight","ascension_level":0}}