{"host":"Kdaddybrian","time":1612492762,"event":{"mods":["AchievementEnabler","BaseMod","Bestiary","Colored Powertips","Minty Spire (QoL Compilation)","Potion Indicator Mod","Quick Restart","Rare Cards Sparkle","Relic Stats","StSLib","Uncapped"],"gold_per_floor":[113,127,127,150,169,169,213,213,240,4,44,67,82,115,115,243,243,257,356,356,125,27,27,66,91,91,141,154,154,79,94,94,94,94],"floor_reached":33,"language":"ENG","playtime":1941,"items_purged":["Strike_P"],"score":452,"play_id":"059ed36c-1851-4633-94bc-1f3fb6ac2e02","local_time":"20210204213922","is_ascension_mode":true,"campfire_choices":[{"data":"Omniscience","floor":6.0,"key":"SMITH"},{"floor":15,"key":"REST"},{"floor":23,"key":"REST"},{"floor":32,"key":"REST"}],"circlet_count":0,"master_deck":["Eruption+1","Vigilance","Omniscience+1","Consecrate","CutThroughFate","Conclude","JustLucky+1","ThirdEye","Adaptation","WheelKick","BattleHymn","Adaptation","Prostrate","Evaluate","TalkToTheHand","DevaForm","TalkToTheHand","Wish","Swivel","Scrawl","ClearTheMind","SandsOfTime","EmptyMind","FearNoEvil+1","Adaptation","EmptyBody","ThirdEye+1","FearNoEvil","Protect","Evaluate","Crescendo","EmptyFist","Omniscience","Ghostly","Ghostly","Ghostly","Ghostly","Ghostly","Swivel+1"],"relics":["PureWater","Golden Idol","Centennial Puzzle","Dream Catcher","Strawberry","HornCleat","Pandora\u0027s Box","Orrery","StrikeDummy","Vajra"],"acts_visited":["Exordium","TheCity"],"potions_floor_usage":[11,18,28,33],"damage_taken":[{"damage":0.0,"enemies":"Jaw Worm","floor":1.0,"turns":3.0},{"damage":3.0,"enemies":"Small Slimes","floor":2.0,"turns":3.0},{"damage":10.0,"enemies":"2 Louse","floor":4.0,"turns":3.0},{"damage":1.0,"enemies":"2 Fungi Beasts","floor":5.0,"turns":2.0},{"damage":10.0,"enemies":"3 Sentries","floor":7.0,"turns":4.0},{"damage":20,"enemies":"Lagavulin","floor":11,"turns":6},{"damage":0,"enemies":"Large Slime","floor":12,"turns":3},{"damage":8,"enemies":"Blue Slaver","floor":13,"turns":2},{"damage":10,"enemies":"3 Sentries","floor":14,"turns":4},{"damage":20,"enemies":"Hexaghost","floor":16,"turns":9},{"damage":15,"enemies":"2 Thieves","floor":18,"turns":2},{"damage":13,"enemies":"Book of Stabbing","floor":24,"turns":6},{"damage":8,"enemies":"Shell Parasite","floor":25,"turns":5},{"damage":19,"enemies":"Snecko","floor":27,"turns":5},{"damage":15,"enemies":"Centurion and Healer","floor":28,"turns":5},{"damage":32,"enemies":"Cultist and Chosen","floor":31,"turns":9},{"damage":27,"enemies":"Automaton","floor":33,"turns":10}],"seed_played":"-7675063415597107260","potions_obtained":[{"floor":2.0,"key":"Regen Potion"},{"floor":11,"key":"FearPotion"},{"floor":16,"key":"LiquidMemories"},{"floor":18,"key":"Dexterity Potion"},{"floor":28,"key":"Block Potion"}],"is_trial":false,"path_per_floor":["M","M","?","M","M","R","E","?","T","$","E","M","M","E","R","B",null,"M","?","?","$","$","R","E","M","T","M","M","?","?","M","R","B"],"character_chosen":"WATCHER","items_purchased":["Adaptation","WheelKick","Orrery","PowerPotion","Crescendo","FairyPotion"],"campfire_rested":3,"item_purchase_floors":[10,10,21,21,21,22],"current_hp_per_floor":[65,62,62,52,51,51,41,28,28,28,30,30,22,12,34,14,59,44,44,44,44,44,66,53,45,45,26,11,11,11,11,22,0,0],"gold":94,"neow_bonus":"ONE_RANDOM_RARE_CARD","is_daily":false,"chose_seed":false,"campfire_upgraded":1,"win_rate":0.0,"timestamp":1612492762,"path_taken":["M","M","?","M","M","R","E","?","T","?","E","M","M","E","R","BOSS","M","?","?","?","$","R","E","M","T","M","M","?","?","M","R","BOSS"],"items_purchased_type":["Card","Card","Relic","Potion","Card","Potion"],"build_version":"2020-12-18","purchased_purges":1,"victory":false,"max_hp_per_floor":[72,72,67,67,67,67,67,67,67,67,74,74,74,74,74,74,74,74,74,74,74,74,74,74,74,74,74,74,37,37,37,37,37,37],"relic_stats":{"Centennial Puzzle":[33],"Dream Catcher":3,"counters":[17,81],"Golden Idol":94,"Pandora\u0027s Box":["TalkToTheHand","Wish","Swivel","Scrawl","ClearTheMind","SandsOfTime","EmptyMind"],"obtain_stats":[{"Centennial Puzzle":7,"Dream Catcher":9,"HornCleat":14,"Golden Idol":3,"Strawberry":11,"Orrery":21,"Vajra":26,"Pandora\u0027s Box":17,"PureWater":0,"StrikeDummy":24},{"Centennial Puzzle":5,"Dream Catcher":5,"HornCleat":9,"Golden Idol":2,"Strawberry":6,"Orrery":11,"Vajra":13,"Pandora\u0027s Box":10,"PureWater":0,"StrikeDummy":12},{"Centennial Puzzle":15,"Dream Catcher":15,"HornCleat":30,"Golden Idol":6,"Strawberry":21,"Orrery":41,"Vajra":52,"Pandora\u0027s Box":39,"PureWater":0,"StrikeDummy":47}]},"card_choices":[{"not_picked":["FlurryOfBlows","BowlingBash"],"picked":"Consecrate","floor":1.0},{"not_picked":["WaveOfTheHand","Alpha"],"picked":"CutThroughFate","floor":2.0},{"not_picked":["Consecrate","Study"],"picked":"Conclude","floor":4.0},{"not_picked":["Pray","DeceiveReality"],"picked":"JustLucky","floor":5.0},{"not_picked":["Study","CutThroughFate"],"picked":"ThirdEye","floor":7.0},{"not_picked":["Crescendo","SashWhip"],"picked":"BattleHymn","floor":11},{"not_picked":["EmptyBody","JustLucky"],"picked":"Adaptation","floor":12},{"not_picked":["SashWhip","CrushJoints"],"picked":"Prostrate","floor":13},{"not_picked":["FlyingSleeves","SignatureMove"],"picked":"Evaluate","floor":14},{"not_picked":["Crescendo","FlurryOfBlows"],"picked":"TalkToTheHand","floor":15},{"not_picked":["SpiritShield","Scrawl"],"picked":"DevaForm","floor":16},{"not_picked":["WheelKick+1","ClearTheMind"],"picked":"FearNoEvil+1","floor":18},{"not_picked":["LikeWater","Crescendo"],"picked":"EmptyBody","floor":21},{"not_picked":["Vengeance","JustLucky"],"picked":"ThirdEye+1","floor":21},{"not_picked":["CrushJoints","PathToVictory"],"picked":"FearNoEvil","floor":21},{"not_picked":["Brilliance","Prostrate"],"picked":"Protect","floor":21},{"not_picked":["BowlingBash","Halt"],"picked":"Evaluate","floor":21},{"not_picked":["FollowUp","DeceiveReality"],"picked":"EmptyFist","floor":24},{"not_picked":["CrushJoints","Halt"],"picked":"Protect","floor":25},{"not_picked":["CrushJoints","BowlingBash","Study"],"picked":"SKIP","floor":27},{"not_picked":["EmptyFist","ThirdEye"],"picked":"Omniscience","floor":28},{"not_picked":["PathToVictory","Weave"],"picked":"Swivel+1","floor":31}],"player_experience":3013189,"relics_obtained":[{"floor":7.0,"key":"Centennial Puzzle"},{"floor":9.0,"key":"Dream Catcher"},{"floor":11,"key":"Strawberry"},{"floor":14,"key":"HornCleat"},{"floor":24,"key":"StrikeDummy"},{"floor":26,"key":"Vajra"}],"event_choices":[{"damage_healed":0.0,"max_hp_gain":0.0,"max_hp_loss":5.0,"gold_gain":0.0,"event_name":"Golden Idol","player_choice":"Lose Max HP","floor":3.0,"gold_loss":0.0,"damage_taken":0.0,"relics_obtained":["Golden Idol"]},{"damage_healed":0.0,"max_hp_gain":0.0,"max_hp_loss":0.0,"gold_gain":0.0,"event_name":"Shining Light","player_choice":"Entered Light","floor":8.0,"gold_loss":0.0,"damage_taken":13.0,"cards_upgraded":["Eruption","JustLucky"]},{"damage_healed":0,"gold_gain":99,"player_choice":"Stole From Cult","damage_taken":0,"max_hp_gain":0,"max_hp_loss":0,"event_name":"Nest","floor":19,"gold_loss":0},{"damage_healed":0,"gold_gain":0,"player_choice":"Read","damage_taken":0,"max_hp_gain":0,"max_hp_loss":0,"event_name":"The Library","floor":20,"gold_loss":0,"cards_obtained":["Adaptation"]},{"damage_healed":0,"gold_gain":0,"player_choice":"Became a Ghost","damage_taken":0,"max_hp_gain":0,"max_hp_loss":37,"event_name":"Ghosts","floor":29,"gold_loss":0,"cards_obtained":["Ghostly","Ghostly","Ghostly","Ghostly","Ghostly"]},{"cards_removed":["Protect"],"damage_healed":0,"gold_gain":0,"player_choice":"Gave Gold","damage_taken":0,"max_hp_gain":0,"max_hp_loss":0,"event_name":"Beggar","floor":30,"gold_loss":75}],"is_beta":true,"boss_relics":[{"not_picked":["Runic Dome","HolyWater"],"picked":"Pandora\u0027s Box"}],"items_purged_floors":[10],"is_endless":false,"potions_floor_spawned":[2,11,16,18,24,28],"killed_by":"Automaton","ascension_level":8}}