{"host":"dw8ij7emqco3quom","time":1612569543,"event":{"mods":["BaseMod","Minty Spire (QoL Compilation)"],"gold_per_floor":[112,122,54,64,76,76,88,123,123,188,188,201,201,230,230,325,325,339,370,77,77,97,97,131,150,150,150,55,75,108,108,108,108,108],"floor_reached":33,"language":"FRA","playtime":2476,"items_purged":["Strike_B"],"score":354,"play_id":"3716dda5-6430-474f-93e4-93787f50c4ce","local_time":"20210206005903","is_ascension_mode":true,"campfire_choices":[{"data":"Defragment","floor":6.0,"key":"SMITH"},{"floor":11.0,"key":"REST"},{"data":"Capacitor","floor":13.0,"key":"SMITH"},{"data":"Dualcast","floor":15.0,"key":"SMITH"},{"floor":23.0,"key":"REST"},{"floor":27,"key":"REST"},{"floor":32,"key":"REST"}],"circlet_count":0,"master_deck":["Strike_B","Defend_B","Defend_B","Zap+1","Dualcast+1","Ball Lightning","Defragment+1","Melter","Leap","BootSequence","Rebound","Capacitor+1","Ball Lightning","Multi-Cast","FTL+1","Defragment+1","Self Repair","Streamline+1","Thunder Strike","Consume","Leap","Conserve Battery"],"relics":["Cracked Core","Eternal Feather","Pear","Akabeko","Empty Cage","Red Mask","DollysMirror","Bottled Lightning","The Courier","Juzu Bracelet"],"acts_visited":["Exordium","TheCity"],"potions_floor_usage":[25,30],"damage_taken":[{"damage":0.0,"enemies":"Cultist","floor":1.0,"turns":3.0},{"damage":0.0,"enemies":"2 Louse","floor":2.0,"turns":1.0},{"damage":2.0,"enemies":"Small Slimes","floor":4.0,"turns":3.0},{"damage":8.0,"enemies":"3 Louse","floor":5.0,"turns":2.0},{"damage":1.0,"enemies":"Exordium Thugs","floor":7.0,"turns":4.0},{"damage":21.0,"enemies":"3 Sentries","floor":8.0,"turns":6.0},{"damage":8.0,"enemies":"Gremlin Nob","floor":10.0,"turns":3.0},{"damage":10.0,"enemies":"Lots of Slimes","floor":12.0,"turns":3.0},{"damage":16.0,"enemies":"Lagavulin","floor":14.0,"turns":5.0},{"damage":20.0,"enemies":"Slime Boss","floor":16.0,"turns":6.0},{"damage":14.0,"enemies":"Shell Parasite","floor":18.0,"turns":4.0},{"damage":25.0,"enemies":"Masked Bandits","floor":19.0,"turns":3.0},{"damage":7.0,"enemies":"Chosen","floor":22.0,"turns":4.0},{"damage":66.0,"enemies":"Slavers","floor":24.0,"turns":7.0},{"damage":16,"enemies":"Snake Plant","floor":25,"turns":4},{"damage":28,"enemies":"Snecko","floor":29,"turns":5},{"damage":17,"enemies":"Gremlin Leader","floor":30,"turns":8},{"damage":68,"enemies":"Collector","floor":33,"turns":5}],"seed_played":"9155227069567275449","potions_obtained":[{"floor":4.0,"key":"Weak Potion"},{"floor":10.0,"key":"SpeedPotion"},{"floor":12.0,"key":"GamblersBrew"},{"floor":16.0,"key":"Swift Potion"},{"floor":18.0,"key":"Fire Potion"},{"floor":24.0,"key":"Dexterity Potion"},{"floor":29,"key":"EssenceOfSteel"}],"is_trial":false,"path_per_floor":["M","M","$","M","M","R","M","E","T","?","R","M","R","E","R","B",null,"M","?","$","?","M","R","E","M","T","R","$","M","E","?","R","B"],"character_chosen":"DEFECT","items_purchased":["Melter","DollysMirror","Self Repair","Consume","Leap"],"campfire_rested":4,"item_purchase_floors":[3,20,20,28,28],"current_hp_per_floor":[75,75,75,73,65,65,64,43,43,45,79,69,78,62,71,51,85,71,46,46,46,46,80,21,12,12,49,49,28,18,18,55,0,0],"gold":108,"neow_bonus":"UPGRADE_CARD","is_daily":false,"chose_seed":false,"campfire_upgraded":3,"win_rate":0.0,"timestamp":1612569543,"path_taken":["M","M","$","M","M","R","?","E","T","?","R","M","R","E","R","BOSS","M","?","$","?","M","R","E","?","T","R","$","M","E","?","R","BOSS"],"items_purchased_type":["Card","Relic","Card","Card","Card"],"build_version":"2020-12-22","purchased_purges":1,"victory":false,"max_hp_per_floor":[75,75,75,75,75,75,75,75,75,85,85,85,85,85,85,85,85,85,85,85,85,85,85,85,85,85,85,85,85,85,85,85,85,85],"card_choices":[{"not_picked":["Gash","Coolheaded"],"picked":"Ball Lightning","floor":1.0},{"not_picked":["Stack","Cold Snap"],"picked":"Defragment","floor":2.0},{"not_picked":["Cold Snap","BootSequence"],"picked":"Leap","floor":4.0},{"not_picked":["Gash","Reprogram"],"picked":"BootSequence","floor":5.0},{"not_picked":["Turbo","Go for the Eyes","Sweeping Beam"],"picked":"SKIP","floor":7.0},{"not_picked":["Hologram","Skim"],"picked":"Rebound","floor":8.0},{"not_picked":["Sweeping Beam","Self Repair"],"picked":"Capacitor","floor":10.0},{"not_picked":["Reboot","Rebound","Storm"],"picked":"SKIP","floor":12.0},{"not_picked":["Recycle","Steam Power"],"picked":"Ball Lightning","floor":14.0},{"not_picked":["Seek","Meteor Strike"],"picked":"Multi-Cast","floor":16.0},{"not_picked":["Gash","Rebound","Turbo"],"picked":"SKIP","floor":18.0},{"not_picked":["Turbo+1","Stack+1"],"picked":"FTL+1","floor":19.0},{"not_picked":["BootSequence+1","Turbo"],"picked":"Streamline+1","floor":22.0},{"not_picked":["Rebound","Compile Driver"],"picked":"Thunder Strike","floor":24.0},{"not_picked":["BootSequence","Coolheaded","Fusion"],"picked":"SKIP","floor":25},{"not_picked":["Stack","Turbo","Cold Snap"],"picked":"SKIP","floor":29},{"not_picked":["Streamline+1","Gash"],"picked":"Conserve Battery","floor":30}],"player_experience":719586,"relics_obtained":[{"floor":8.0,"key":"Eternal Feather"},{"floor":10.0,"key":"Pear"},{"floor":14.0,"key":"Akabeko"},{"floor":19.0,"key":"Red Mask"},{"floor":24.0,"key":"Bottled Lightning"},{"floor":26,"key":"The Courier"},{"floor":30,"key":"Juzu Bracelet"}],"event_choices":[{"damage_healed":0.0,"max_hp_gain":0.0,"max_hp_loss":0.0,"gold_gain":0.0,"event_name":"Dead Adventurer","player_choice":"Searched \u00271\u0027 times","floor":10.0,"gold_loss":0.0,"damage_taken":0.0},{"damage_healed":0.0,"max_hp_gain":0.0,"max_hp_loss":0.0,"gold_gain":0.0,"event_name":"Masked Bandits","player_choice":"Fought Bandits","floor":19.0,"gold_loss":0.0,"damage_taken":0.0},{"cards_removed":["Strike_B"],"damage_healed":0.0,"max_hp_gain":0.0,"max_hp_loss":0.0,"gold_gain":0.0,"event_name":"Purifier","player_choice":"Purged","floor":21.0,"gold_loss":0.0,"damage_taken":0.0},{"cards_removed":["Defend_B"],"damage_healed":0,"gold_gain":0,"player_choice":"Card Removal","damage_taken":0,"max_hp_gain":0,"max_hp_loss":0,"event_name":"Wheel of Change","floor":31,"gold_loss":0}],"is_beta":false,"boss_relics":[{"not_picked":["Calling Bell","SacredBark"],"picked":"Empty Cage"}],"items_purged_floors":[20],"is_endless":false,"potions_floor_spawned":[4,10,12,16,18,24,29],"killed_by":"Collector","ascension_level":4}}