{"host":"z5bn7jsck728mmiq","time":1612494777,"event":{"mods":["BaseMod","Bestiary","DeckTracker","Hermit","Marisa????????","Minty Spire (QoL Compilation)","Permanent Neow","StSLib","The Disciple","The Gatherer","The Hierophant","The Servant 0.9.4","Trackpad","Wide Potions"],"gold_per_floor":[114,129,304,304,319,349,349,379,404,404,143,173,173,188,188,288,288,303,303,228,228,78,78,93,93,118,118,133,133,148,178,178,278,278,293,308,333,333,58,58,88,88,88,118,133,163,178,208,208,208],"floor_reached":51,"language":"ENG","playtime":2481,"items_purged":["Defend_S"],"score":974,"play_id":"76cf723c-253b-437c-adf0-d831771c7a3b","local_time":"20210204191257","daily_mods":["Specialized","Blue Cards","Elite Swarm"],"is_ascension_mode":false,"campfire_choices":[{"floor":7,"key":"REST"},{"floor":10,"key":"REST"},{"floor":13,"key":"REST"},{"data":"Embodiment","floor":15,"key":"SMITH"},{"data":"SilverMatrix","floor":23,"key":"SMITH"},{"data":"FloweringNight","floor":25,"key":"SMITH"},{"data":"BestPractice","floor":27,"key":"SMITH"},{"floor":29,"key":"REST"},{"data":"SoulSculpture","floor":32,"key":"SMITH"},{"floor":40,"key":"REST"},{"floor":42,"key":"REST"},{"floor":49,"key":"REST"}],"circlet_count":0,"master_deck":["Strike_S","Strike_S","Strike_S","Defend_S","Defend_S","Defend_S","KidneyShot+1","Exchange","Deadline","Deadline","Deadline","Deadline","Deadline","Contraction+1","Defy","Manipulate","Embodiment+1","BestPractice+1","SilverMatrix+1","Rearm","FloweringNight+1","DualDimension+1","GearUp+1","Defy","Barrier","InstantArmor+1","SoulSculpture+1","Dilation","FanOfKnives+1","Alleviate","Starlight","LightFlow","Dilation","Ricochet+1","Sunlight","Shuttle+1","Dilation"],"relics":["Uniform","Anchor","Tiny Chest","trackpad:CultistFigurine","Omamori","RomanBracelet","SlaversCollar","Regal Pillow","Toy Ornithopter","Smiling Mask","Calling Bell","trackpad:WritersBlock","trackpad:RapidFire","Du-Vu Doll","Whetstone","Membership Card","trackpad:SappingStone","Bottled Lightning","Pantograph","Orichalcum","Thread and Needle","trackpad:WindUpAutoDealer"],"acts_visited":["Exordium","TheCity","TheBeyond"],"potions_floor_usage":[2,14,16,31,33,33,41,48,50],"damage_taken":[{"damage":7,"enemies":"2 Louse","floor":1,"turns":3},{"damage":5,"enemies":"Small Slimes","floor":2,"turns":4},{"damage":0,"enemies":"Cultist","floor":5,"turns":4},{"damage":20,"enemies":"3 Sentries","floor":6,"turns":12},{"damage":22,"enemies":"Gremlin Nob","floor":8,"turns":6},{"damage":19,"enemies":"Lagavulin","floor":12,"turns":7},{"damage":0,"enemies":"Exordium Wildlife","floor":14,"turns":1},{"damage":1,"enemies":"Hexaghost","floor":16,"turns":9},{"damage":7,"enemies":"Spheric Guardian","floor":18,"turns":6},{"damage":5,"enemies":"2 Thieves","floor":20,"turns":5},{"damage":11,"enemies":"Snake Plant","floor":24,"turns":5},{"damage":8,"enemies":"Snecko","floor":28,"turns":8},{"damage":0,"enemies":"Chosen and Byrds","floor":30,"turns":11},{"damage":0,"enemies":"Gremlin Leader","floor":31,"turns":5},{"damage":1,"enemies":"Automaton","floor":33,"turns":13},{"damage":0,"enemies":"Orb Walker","floor":35,"turns":3},{"damage":64,"enemies":"3 Shapes","floor":36,"turns":3},{"damage":2,"enemies":"Nemesis","floor":41,"turns":8},{"damage":0,"enemies":"Giant Head","floor":44,"turns":7},{"damage":0,"enemies":"Maw","floor":45,"turns":7},{"damage":46,"enemies":"Reptomancer","floor":46,"turns":6},{"damage":0,"enemies":"Spire Growth","floor":47,"turns":4},{"damage":0,"enemies":"Nemesis","floor":48,"turns":7},{"damage":0,"enemies":"Donu and Deca","floor":50,"turns":8}],"seed_played":"-8643747277835071688","potions_obtained":[{"floor":1,"key":"Explosive Potion"},{"floor":2,"key":"SteroidPotion"},{"floor":12,"key":"Explosive Potion"},{"floor":14,"key":"SneckoOil"},{"floor":28,"key":"Fire Potion"},{"floor":31,"key":"LiquidBronze"},{"floor":33,"key":"SpeedPotion"},{"floor":46,"key":"SneckoOil"},{"floor":48,"key":"Energy Potion"}],"is_trial":false,"path_per_floor":["M","M","?","?","M","E","R","E","T","R","$","E","R","M","R","B",null,"M","?","M","?","$","R","M","R","T","R","M","R","M","E","R","B",null,"M","M","T","?","$","R","E","R","T","E","M","E","M","E","R","B",null],"character_chosen":"THE_SERVANT","items_purchased":["Omamori","BestPractice","Regal Pillow","Membership Card","Starlight","DistilledChaos","trackpad:SappingStone"],"campfire_rested":7,"item_purchase_floors":[11,11,22,39,39,39,39],"current_hp_per_floor":[58,53,53,53,53,33,52,30,30,49,49,30,49,49,49,48,65,58,58,53,53,53,53,42,42,42,42,34,65,65,65,65,65,65,65,1,1,1,1,35,38,65,65,65,65,19,19,24,58,65],"gold":208,"neow_bonus":"","is_daily":true,"chose_seed":false,"campfire_upgraded":5,"win_rate":0.0,"timestamp":1612494777,"path_taken":["M","M","?","?","?","E","R","E","T","R","$","E","R","M","R","BOSS","M","?","M","?","$","R","?","R","T","R","M","R","M","E","R","BOSS","M","M","?","?","$","R","E","R","T","E","M","E","?","E","R","BOSS"],"items_purchased_type":["Relic","Card","Relic","Relic","Card","Potion","Relic"],"build_version":"2020-12-22","purchased_purges":1,"victory":true,"max_hp_per_floor":[65,65,65,65,65,65,65,65,65,65,65,65,65,65,65,65,65,65,65,65,65,65,65,65,65,65,65,65,65,65,65,65,65,65,65,65,65,65,65,65,65,65,65,65,65,65,65,65,65,65],"card_choices":[{"not_picked":["SpecialFormula","FastForward"],"picked":"Contraction","floor":1},{"not_picked":["ShatteredReality","Potential"],"picked":"Defy","floor":2},{"not_picked":["Deadline","Alleviate"],"picked":"Manipulate","floor":5},{"not_picked":["Initiator","PendulumOfEternity"],"picked":"Embodiment","floor":6},{"not_picked":["PendulumOfEternity","Initiator","Duplication"],"picked":"SKIP","floor":8},{"not_picked":["FloweringNight","LightFlow"],"picked":"SilverMatrix","floor":12},{"not_picked":["ShatteredReality","Rewind"],"picked":"Rearm","floor":14},{"not_picked":["TheWorld","ForgedInTime"],"picked":"FloweringNight","floor":16},{"not_picked":["Replace","FastForward"],"picked":"DualDimension+1","floor":18},{"not_picked":["FanOfKnives","ShatteredReality+1"],"picked":"GearUp+1","floor":20},{"not_picked":["Foresight+1","Rewind"],"picked":"Defy","floor":24},{"not_picked":["Unruled+1","DoubleEdge"],"picked":"Barrier","floor":28},{"not_picked":["Deadline","Potential"],"picked":"InstantArmor","floor":30},{"not_picked":["ForgedInTime","Solidify"],"picked":"SoulSculpture","floor":31},{"not_picked":["Initiator","ForgedInTime"],"picked":"Dilation","floor":33},{"not_picked":["SilverBlades+1","Rewind+1"],"picked":"FanOfKnives","floor":35},{"not_picked":["DancingSilver","ShatteredReality"],"picked":"Alleviate","floor":36},{"not_picked":["TheWorld","PendulumOfEternity"],"picked":"LightFlow","floor":41},{"not_picked":["Duplication","Initiator"],"picked":"Dilation","floor":44},{"not_picked":["Rewind","Rearm"],"picked":"Ricochet+1","floor":45},{"not_picked":["SilverMatrix","Initiator"],"picked":"Sunlight","floor":46},{"not_picked":["TimeWarp","Rewind+1"],"picked":"Shuttle+1","floor":47},{"not_picked":["SilverMatrix","Deny"],"picked":"Dilation","floor":48}],"player_experience":108447,"relics_obtained":[{"floor":6,"key":"Anchor"},{"floor":8,"key":"Tiny Chest"},{"floor":9,"key":"trackpad:CultistFigurine"},{"floor":12,"key":"RomanBracelet"},{"floor":26,"key":"Toy Ornithopter"},{"floor":31,"key":"Smiling Mask"},{"floor":34,"key":"trackpad:WritersBlock"},{"floor":34,"key":"trackpad:RapidFire"},{"floor":34,"key":"Du-Vu Doll"},{"floor":37,"key":"Whetstone"},{"floor":41,"key":"Bottled Lightning"},{"floor":43,"key":"Pantograph"},{"floor":44,"key":"Orichalcum"},{"floor":46,"key":"Thread and Needle"},{"floor":48,"key":"trackpad:WindUpAutoDealer"}],"event_choices":[{"damage_healed":0,"gold_gain":175,"player_choice":"AGREE","damage_taken":0,"max_hp_gain":0,"max_hp_loss":0,"event_name":"Liars Game","floor":3,"gold_loss":0,"cards_obtained":["Doubt"]},{"damage_healed":0,"gold_gain":0,"player_choice":"Upgraded","damage_taken":0,"max_hp_gain":0,"max_hp_loss":0,"event_name":"Upgrade Shrine","floor":4,"gold_loss":0,"cards_upgraded":["Contraction"]},{"cards_removed":["Strike_S"],"damage_healed":0,"gold_gain":0,"player_choice":"Elegance","damage_taken":0,"max_hp_gain":0,"max_hp_loss":0,"event_name":"Back to Basics","floor":19,"gold_loss":0},{"cards_removed":["Doubt"],"damage_healed":0,"gold_gain":0,"player_choice":"Removed Curses","damage_taken":0,"max_hp_gain":0,"max_hp_loss":0,"event_name":"Fountain of Cleansing","floor":21,"gold_loss":0},{"damage_healed":0,"gold_gain":0,"player_choice":"Forge","damage_taken":0,"max_hp_gain":0,"max_hp_loss":0,"event_name":"Accursed Blacksmith","floor":38,"gold_loss":0,"cards_upgraded":["InstantArmor"]}],"is_beta":false,"boss_relics":[{"not_picked":["Astrolabe","Velvet Choker"],"picked":"SlaversCollar"},{"not_picked":["Runic Pyramid","Cursed Key"],"picked":"Calling Bell"}],"items_purged_floors":[11],"is_endless":false,"potions_floor_spawned":[1,2,12,14,28,31,33,45,46,47,48],"ascension_level":0}}