{"host":"xp5rvh2jwe2ejyfm","time":1612548066,"event":{"mods":["2.2 Compatiblity","Aspiration","BaseMod","BetterRewards","Colored Powertips","Conspire","Downfall","GifTheSpireLib","Gremlin Mod","Hermit","Hubris","Jorbs\u0027s Wanderer Trilogy","Minty Spire (QoL Compilation)","Quick Restart","Replay The Spire","Robot Space Explorer","Shade Mod","Somnambulant","StSLib","The Bug Knight","The Clintock","The Construct","The Cursed","The Disciple","The Forsaken","The Hierophant","The Necromancer","The Runesmith","The Servant 0.9.4","The Valiant","The Witch","TheFirefly","thorton"],"gold_per_floor":[114,130,130,145,163,163,183,202,202,236,255,272,283,308,308,308,308],"floor_reached":16,"language":"ENG","playtime":844,"items_purged":[],"score":118,"play_id":"73ad870c-08b8-45c1-87fa-2ee8d445c3e1","local_time":"20210205130106","is_ascension_mode":false,"campfire_choices":[{"floor":6,"key":"REST"},{"floor":15,"key":"REST"}],"circlet_count":0,"master_deck":["thefirefly:Strike","thefirefly:Strike","thefirefly:Strike","thefirefly:Strike","thefirefly:Defend","thefirefly:Defend","thefirefly:Defend","thefirefly:Defend","thefirefly:StealthMode","thefirefly:PhotonBlast","thefirefly:RecollectionSubroutine+1","thefirefly:AuroralDischarge","thefirefly:CoveringFire","thefirefly:FlareScreen","thefirefly:MirrorShield","thefirefly:Teleport","thefirefly:TachyonBeam","thefirefly:EMP","thefirefly:Boost","thefirefly:CreateClone","thefirefly:DecoyShot"],"relics":["thefirefly:StealthSystem","NeowsBlessing","hubris:MedicalManual","hubris:ToyBattleship","Replay:Accelerometer"],"acts_visited":["Exordium"],"potions_floor_usage":[10,10,14],"damage_taken":[{"damage":4,"enemies":"Small Slimes","floor":1,"turns":2},{"damage":0,"enemies":"Cultist","floor":2,"turns":1},{"damage":0,"enemies":"2 Louse","floor":4,"turns":1},{"damage":14,"enemies":"Blue Slaver","floor":5,"turns":5},{"damage":0,"enemies":"Exordium Wildlife","floor":7,"turns":2},{"damage":9,"enemies":"Red Slaver","floor":8,"turns":6},{"damage":24,"enemies":"Gremlin Nob","floor":10,"turns":4},{"damage":2,"enemies":"Blue Slaver","floor":11,"turns":3},{"damage":1,"enemies":"3 Louse","floor":12,"turns":5},{"damage":0,"enemies":"Exordium Thugs","floor":13,"turns":4},{"damage":36,"enemies":"Lagavulin","floor":14,"turns":5},{"damage":40,"enemies":"Hexaghost","floor":16,"turns":9}],"seed_played":"5170165614817348639","potions_obtained":[{"floor":2,"key":"DistilledChaos"},{"floor":4,"key":"bronze:BurnAndBuffPotion"},{"floor":7,"key":"Strength Potion"},{"floor":12,"key":"Adrenaline Potion"}],"is_trial":false,"path_per_floor":["M","M","?","M","M","R","M","M","T","E","M","M","M","E","R","B"],"character_chosen":"THE_FIREFLY","items_purchased":[],"campfire_rested":2,"item_purchase_floors":[],"current_hp_per_floor":[51,51,51,51,37,53,53,44,44,20,18,17,17,10,18,0,0],"gold":308,"neow_bonus":"THREE_ENEMY_KILL","is_daily":false,"chose_seed":false,"campfire_upgraded":0,"win_rate":0.0,"timestamp":1612548066,"path_taken":["M","M","?","M","M","R","M","?","T","E","M","M","M","E","R","BOSS"],"items_purchased_type":[],"build_version":"2020-12-22","purchased_purges":0,"victory":false,"max_hp_per_floor":[55,55,55,55,55,55,55,55,55,55,55,55,55,28,28,14,14],"card_choices":[{"not_picked":["thefirefly:CoveringFire","thefirefly:EvasiveManeuver"],"picked":"thefirefly:RecollectionSubroutine","floor":1},{"not_picked":["thefirefly:FlakCannon","thefirefly:Rend"],"picked":"thefirefly:AuroralDischarge","floor":2},{"not_picked":["thefirefly:EvasiveManeuver","thefirefly:PhantomStrike"],"picked":"thefirefly:CoveringFire","floor":4},{"not_picked":["thefirefly:SteadyAim","thefirefly:Flight"],"picked":"thefirefly:FlareScreen","floor":5},{"not_picked":["thefirefly:Preload","thefirefly:Reposition"],"picked":"thefirefly:MirrorShield","floor":7},{"not_picked":["thefirefly:ParadoxEngine","thefirefly:RollBack"],"picked":"thefirefly:Teleport","floor":8},{"not_picked":["thefirefly:FlareScreen","thefirefly:ShieldArray"],"picked":"thefirefly:TachyonBeam","floor":10},{"not_picked":["thefirefly:Pacify","thefirefly:RollBack"],"picked":"thefirefly:EMP","floor":11},{"not_picked":["thefirefly:Distort","thefirefly:Pacify"],"picked":"thefirefly:Boost","floor":12},{"not_picked":["thefirefly:Flight","thefirefly:Rend"],"picked":"thefirefly:CreateClone","floor":13},{"not_picked":["thefirefly:Distort","thefirefly:Reposition"],"picked":"thefirefly:DecoyShot","floor":14}],"player_experience":436182,"relics_obtained":[{"floor":9,"key":"hubris:MedicalManual"},{"floor":10,"key":"hubris:ToyBattleship"},{"floor":14,"key":"Replay:Accelerometer"}],"event_choices":[{"damage_healed":0,"gold_gain":0,"player_choice":"Forge","damage_taken":0,"max_hp_gain":0,"max_hp_loss":0,"event_name":"Accursed Blacksmith","floor":3,"gold_loss":0,"cards_upgraded":["thefirefly:RecollectionSubroutine"]}],"is_beta":false,"boss_relics":[],"items_purged_floors":[],"is_endless":false,"potions_floor_spawned":[2,4,7,8,12],"killed_by":"Hexaghost","ascension_level":0}}