{"host":"9z6a73ubmgnn64m2","time":1612508513,"event":{"mods":["BaseMod","Bestiary","Colored Map","Highlight Path","Minty Spire (QoL Compilation)"],"gold_per_floor":[113,126,145,145,165,165,197,197,222,235,250,72,88,101,101,201,201,215,215,225,5,24,34,34,46,46,62,62,62,62,93,93,93,93],"floor_reached":33,"language":"ENG","playtime":21410,"items_purged":["Strike_R"],"score":298,"play_id":"d5764757-005f-43e3-8f6c-f377d2e06d8e","local_time":"20210205030153","is_ascension_mode":false,"campfire_choices":[{"data":"Shrug It Off","floor":6.0,"key":"SMITH"},{"data":"Blind","floor":8,"key":"SMITH"},{"floor":15,"key":"REST"},{"floor":24,"key":"REST"},{"floor":28,"key":"REST"},{"floor":30,"key":"REST"},{"floor":32,"key":"REST"}],"circlet_count":0,"master_deck":["Strike_R","Strike_R","Strike_R","Strike_R","Defend_R","Defend_R","Defend_R","Defend_R","Bash","Blind+1","Cleave","Thunderclap","Anger","Shrug It Off+1","Combust","Seeing Red","Iron Wave","Apotheosis","Headbutt","Feel No Pain","Demon Form","True Grit","RitualDagger","Carnage","Second Wind","Pommel Strike+1","Body Slam","Cleave","Seeing Red","Flame Barrier"],"relics":["Burning Blood","NlothsMask","Strawberry","Fusion Hammer","Nunchaku","Mango","Blood Vial"],"acts_visited":["Exordium","TheCity"],"potions_floor_usage":[20,25,31,31,33],"damage_taken":[{"damage":6.0,"enemies":"2 Louse","floor":1.0,"turns":3.0},{"damage":4.0,"enemies":"Cultist","floor":2.0,"turns":4.0},{"damage":0.0,"enemies":"Small Slimes","floor":3.0,"turns":3.0},{"damage":4.0,"enemies":"Looter","floor":5.0,"turns":4.0},{"damage":27.0,"enemies":"3 Sentries","floor":7.0,"turns":7.0},{"damage":1,"enemies":"Lots of Slimes","floor":10,"turns":2},{"damage":8,"enemies":"Blue Slaver","floor":11,"turns":3},{"damage":2,"enemies":"Looter","floor":13,"turns":3},{"damage":3,"enemies":"Red Slaver","floor":14,"turns":3},{"damage":24,"enemies":"Slime Boss","floor":16,"turns":10},{"damage":25,"enemies":"3 Byrds","floor":18,"turns":4},{"damage":25,"enemies":"2 Thieves","floor":20,"turns":4},{"damage":25,"enemies":"Centurion and Healer","floor":22,"turns":6},{"damage":16,"enemies":"Snecko","floor":23,"turns":5},{"damage":6,"enemies":"Chosen and Byrds","floor":25,"turns":5},{"damage":11,"enemies":"Snake Plant","floor":27,"turns":6},{"damage":32,"enemies":"Slavers","floor":31,"turns":5},{"damage":105,"enemies":"Collector","floor":33,"turns":10}],"seed_played":"2027668418804863519","potions_obtained":[{"floor":2.0,"key":"Fire Potion"},{"floor":3.0,"key":"SteroidPotion"},{"floor":14,"key":"Strength Potion"},{"floor":16,"key":"LiquidMemories"},{"floor":23,"key":"LiquidMemories"},{"floor":25,"key":"EssenceOfSteel"},{"floor":31,"key":"Block Potion"}],"is_trial":false,"path_per_floor":["M","M","M","?","M","R","E","R","T","M","M","$","M","M","R","B",null,"M","?","M","$","M","M","R","M","T","M","R","?","R","E","R","B"],"character_chosen":"IRONCLAD","items_purchased":["Apotheosis","Nunchaku"],"campfire_rested":5,"item_purchase_floors":[12,21],"current_hp_per_floor":[80,80,80,80,80,80,66,66,66,71,69,69,73,76,87,69,87,68,62,43,43,24,14,40,40,54,49,79,79,101,75,101,0,0],"gold":93,"neow_bonus":"RANDOM_COLORLESS","is_daily":false,"chose_seed":false,"campfire_upgraded":2,"win_rate":0.0,"timestamp":1612508513,"path_taken":["M","M","M","?","?","R","E","R","T","M","?","$","M","M","R","BOSS","M","?","M","$","M","M","R","M","T","M","R","?","R","E","R","BOSS"],"items_purchased_type":["Card","Relic"],"build_version":"2020-12-22","purchased_purges":1,"victory":false,"max_hp_per_floor":[80,80,80,80,80,80,87,87,87,87,87,87,87,87,87,87,87,87,87,87,87,87,87,87,87,101,101,101,101,101,101,101,101,101],"card_choices":[{"not_picked":["Finesse","Discovery"],"picked":"Blind","floor":0.0},{"not_picked":["Shrug It Off","Rage"],"picked":"Cleave","floor":1.0},{"not_picked":["Ghostly Armor","Clothesline"],"picked":"Thunderclap","floor":2.0},{"not_picked":["Heavy Blade","Clash"],"picked":"Anger","floor":3.0},{"not_picked":["Perfected Strike","Entrench"],"picked":"Shrug It Off","floor":5.0},{"not_picked":["Fiend Fire","Perfected Strike"],"picked":"Combust","floor":7.0},{"not_picked":["Dropkick","Armaments"],"picked":"Seeing Red","floor":10},{"not_picked":["Thunderclap","Warcry"],"picked":"Iron Wave","floor":11},{"not_picked":["Warcry","Seeing Red"],"picked":"Headbutt","floor":13},{"not_picked":["Rage","Perfected Strike"],"picked":"Feel No Pain","floor":14},{"not_picked":["Juggernaut","Limit Break"],"picked":"Demon Form","floor":16},{"not_picked":["Twin Strike","Inflame"],"picked":"True Grit","floor":18},{"not_picked":["Anger","Pommel Strike"],"picked":"Carnage","floor":20},{"not_picked":["Inflame","Perfected Strike"],"picked":"Second Wind","floor":22},{"not_picked":["Heavy Blade","Clash"],"picked":"Pommel Strike+1","floor":23},{"not_picked":["Clothesline","Hemokinesis"],"picked":"Body Slam","floor":25},{"not_picked":["Body Slam","Headbutt"],"picked":"Cleave","floor":27},{"not_picked":["Battle Trance","Combust+1"],"picked":"Flame Barrier","floor":31}],"player_experience":11041,"relics_obtained":[{"floor":7.0,"key":"Strawberry"},{"floor":26,"key":"Mango"},{"floor":31,"key":"Blood Vial"}],"event_choices":[{"damage_healed":0.0,"max_hp_gain":0.0,"max_hp_loss":0.0,"gold_gain":0.0,"event_name":"FaceTrader","player_choice":"Trade","floor":4.0,"gold_loss":0.0,"damage_taken":0.0,"relics_obtained":["NlothsMask"]},{"damage_healed":0,"gold_gain":0,"player_choice":"Joined the Cult","damage_taken":6,"max_hp_gain":0,"max_hp_loss":0,"event_name":"Nest","floor":19,"gold_loss":0,"cards_obtained":["RitualDagger"]},{"damage_healed":0,"gold_gain":0,"player_choice":"Copied","damage_taken":0,"max_hp_gain":0,"max_hp_loss":0,"event_name":"Duplicator","floor":29,"gold_loss":0,"cards_obtained":["Seeing Red"]}],"is_beta":false,"boss_relics":[{"not_picked":["Astrolabe","Runic Dome"],"picked":"Fusion Hammer"}],"items_purged_floors":[21],"is_endless":false,"potions_floor_spawned":[2,3,10,14,16,23,25,31],"killed_by":"Collector","ascension_level":0}}