{"host":"cvxanxept80h7z3t","time":1612520011,"event":{"mods":["Aspiration","BaseMod","Beaked The Cultist","BetterRewards","Colored Map","Colored Powertips","Conspire","Downfall","Duelist Mod","Hermit","Infinite Spire","Mad Scientist","Marisa????????","Mimic Mod","Minty Spire (QoL Compilation)","READ ME - Snecko Mod","SOS???????","StSLib","Td1madao Mod","The Administrix","The Animator","The Bug Knight","The Construct","The Cursed","The Disciple","The Jungle","The Mystic","The Necromancer","The Runesmith","The Servant 0.9.4","The Valiant","The Witch"],"gold_per_floor":[99,113,123,298,325,325,360,12,23,8,25,25,71,84,95,192,192,192,205,219,369,380,380,425,425,437,437,437,437,464,493,505,505,505],"floor_reached":33,"language":"ENG","playtime":2641,"items_purged":["Doubt"],"score":294,"play_id":"7d4fed96-3cc7-4d66-b893-93283746addd","local_time":"20210205111331","is_ascension_mode":false,"campfire_choices":[{"data":"animator:Aqua","floor":1,"key":"SMITH"},{"data":"animator:Strike_Konosuba","floor":18,"key":"SMITH"},{"floor":25,"key":"REST"},{"data":"infinitespire:Oblivion","floor":28,"key":"SMITH"}],"circlet_count":0,"master_deck":["animator:Strike_Konosuba+1","animator:Defend_Konosuba","animator:Strike","animator:Strike","animator:Strike","animator:Defend","animator:Defend","animator:Defend","animator:Kazuma","animator:Aqua+1","animator:YunYun","animator:Rimuru","animator:Megumin+9","animator:Mitsurugi","animator:Hans","animator:DolaStephanie","animator:YunYun","animator:Albedo","animator:DolaCouronne+1","infinitespire:Oblivion+1","animator:Laby+1"],"relics":["animator:VividPicture","animator:TheMissingPiece","HollowMod:StagPassRelic","CaptainsWheel","Orrery","Paper Crane","MutagenicStrength","Nilry\u0027s Codex","Shovel","Strawberry"],"acts_visited":["Exordium","TheCity"],"potions_floor_usage":[16,16,16,30,32,32,33],"damage_taken":[{"damage":2,"enemies":"2 Louse","floor":2,"turns":3},{"damage":30,"enemies":"infinitespire:Voidling","floor":3,"turns":6},{"damage":7,"enemies":"Cultist","floor":5,"turns":6},{"damage":2,"enemies":"conspire:2 RoseBushes","floor":7,"turns":9},{"damage":0,"enemies":"downfall:FleeingMerchant","floor":8,"turns":4},{"damage":6,"enemies":"conspire:2 RoseBushes","floor":9,"turns":4},{"damage":0,"enemies":"downfall:FleeingMerchant","floor":10,"turns":4},{"damage":0,"enemies":"3 Louse","floor":11,"turns":1},{"damage":16,"enemies":"Gremlin Nob","floor":13,"turns":5},{"damage":5,"enemies":"Exordium Thugs","floor":14,"turns":3},{"damage":5,"enemies":"3 Louse","floor":15,"turns":3},{"damage":39,"enemies":"SI_SHIV_ARCHETYPE","floor":16,"turns":13},{"damage":13,"enemies":"Shell Parasite","floor":19,"turns":4},{"damage":12,"enemies":"conspire:FuzzyDice","floor":20,"turns":3},{"damage":34,"enemies":"Snecko","floor":22,"turns":6},{"damage":4,"enemies":"Centurion and Healer","floor":24,"turns":5},{"damage":0,"enemies":"Centurion and Healer","floor":26,"turns":5},{"damage":4,"enemies":"conspire:Head Lice","floor":30,"turns":7},{"damage":20,"enemies":"conspire:MimicChest","floor":31,"turns":6},{"damage":11,"enemies":"Snake Plant","floor":32,"turns":3},{"damage":22,"enemies":"DF_ARCHETYPE_CLAW","floor":33,"turns":10}],"seed_played":"3240695827744682399","potions_obtained":[{"floor":9,"key":"BlessingOfTheForge"},{"floor":11,"key":"SpeedPotion"},{"floor":15,"key":"sneckomod:MuddlingPotion"},{"floor":16,"key":"PowerPotion"},{"floor":30,"key":"ColorlessPotion"},{"floor":31,"key":"hexamod:SoulburnPotion"},{"floor":32,"key":"EssenceOfSteel"}],"is_trial":false,"path_per_floor":["R","M","M","?","M","?","MIM","$","M","$","M","?","E","M","M","B",null,"R","M","M","?","M","AVR","MIM","R","M","?","R","?","E","?","M","B"],"character_chosen":"THE_ANIMATOR","items_purchased":["HollowMod:StagPassRelic"],"campfire_rested":1,"item_purchase_floors":[8],"current_hp_per_floor":[72,72,52,52,48,48,49,55,56,59,59,59,46,44,42,7,74,74,61,55,55,24,24,23,45,48,48,48,32,31,21,10,0,0],"gold":505,"neow_bonus":"TEN_PERCENT_HP_BONUS","is_daily":false,"chose_seed":false,"campfire_upgraded":3,"win_rate":0.0,"timestamp":1612520011,"path_taken":["R","M","M","?","M","?","MIM","$","?","?","M","?","E","M","M","BOSS","R","M","M","?","?","AVR","MIM","R","M","?","R","?","E","?","M","BOSS"],"items_purchased_type":["Relic"],"build_version":"2020-12-22","purchased_purges":1,"victory":false,"max_hp_per_floor":[72,72,72,72,72,72,72,72,73,73,73,73,73,73,73,74,74,74,74,74,74,74,74,74,74,74,74,74,74,74,81,81,81,81],"card_choices":[{"not_picked":["animator:Vanir","animator:Shion","animator:Chung"],"picked":"SKIP","floor":2},{"not_picked":["animator:Ara","animator:Jibril","animator:Pride"],"picked":"SKIP","floor":3},{"not_picked":["animator:ElricEdward","animator:DolaStephanie"],"picked":"animator:YunYun","floor":5},{"not_picked":["animator:Raven","animator:Shuna"],"picked":"animator:Rimuru","floor":7},{"not_picked":["animator:Rena","animator:Cocytus"],"picked":"animator:Megumin","floor":9},{"not_picked":["animator:Sloth","animator:Genos","animator:Vanir"],"picked":"SKIP","floor":10},{"not_picked":["animator:Ara","animator:GazelDwargon","animator:Vanir"],"picked":"SKIP","floor":11},{"not_picked":["animator:Aqua","animator:Kazuma"],"picked":"animator:Mitsurugi","floor":13},{"not_picked":["animator:Geryuganshoop","animator:Gluttony","animator:Jibril"],"picked":"SKIP","floor":14},{"not_picked":["animator:MaesHughes","animator:Raven","animator:Kaijin"],"picked":"SKIP","floor":15},{"not_picked":["animator:Wiz","animator:Eve"],"picked":"animator:Hans","floor":16},{"not_picked":["animator:SilverFang","animator:Scar"],"picked":"animator:DolaStephanie","floor":19},{"not_picked":["animator:Hans","animator:Darkness"],"picked":"animator:YunYun","floor":20},{"not_picked":["animator:MaesHughes","animator:Shalltear","animator:Sonic+1"],"picked":"SKIP","floor":22},{"not_picked":["animator:DolaRiku","animator:ElricAlphonse"],"picked":"animator:Albedo","floor":23},{"not_picked":["animator:MumenRider","animator:Ciel+1"],"picked":"animator:DolaCouronne+1","floor":23},{"not_picked":["animator:ElricEdward","animator:ElricAlphonse"],"picked":"animator:Laby+1","floor":24},{"not_picked":["animator:DolaSchwi","animator:Melzalgald","animator:Sonic"],"picked":"SKIP","floor":26},{"not_picked":["animator:DolaStephanie","animator:Geryuganshoop+1","animator:MaesHughes"],"picked":"SKIP","floor":30}],"player_experience":310412,"relics_obtained":[{"floor":12,"key":"CaptainsWheel"},{"floor":13,"key":"aspiration:StickyExplosives_weak"},{"floor":24,"key":"Paper Crane"},{"floor":29,"key":"Nilry\u0027s Codex"},{"floor":30,"key":"Shovel"},{"floor":31,"key":"Strawberry"}],"event_choices":[{"damage_healed":0,"gold_gain":0,"player_choice":"Leave","damage_taken":0,"max_hp_gain":0,"max_hp_loss":0,"event_name":"conspire:Investor","floor":6,"gold_loss":0},{"damage_healed":0,"gold_gain":0,"player_choice":"Inject Mutagens","damage_taken":0,"relics_obtained":["MutagenicStrength"],"max_hp_gain":0,"max_hp_loss":0,"event_name":"Drug Dealer","floor":27,"gold_loss":0}],"is_beta":false,"boss_relics":[{"not_picked":["conspire:SeveredTorchhead","construct:WeddingRing"],"picked":"animator:VividPicture"}],"items_purged_floors":[8],"is_endless":false,"potions_floor_spawned":[9,11,15,16,30,31,32],"killed_by":"DF_ARCHETYPE_CLAW","ascension_level":0}}