{"host":"eaiphzh066bwqdh7","time":1612540169,"event":{"mods":["BaseMod","Better Note","Halation","Hubris","Minty Spire (QoL Compilation)","Reliquary","Replay The Spire","StSLib"],"gold_per_floor":[113,132,132,146,157,157,157,167,167,181,256,269,269,286,286,390,390,408,419,519,519,519],"floor_reached":21,"language":"ENG","playtime":593,"items_purged":[],"score":201,"play_id":"3daf9c76-5af7-4836-9a33-210495b1dd27","local_time":"20210205104929","is_ascension_mode":true,"campfire_choices":[{"floor":6,"key":"REST"},{"floor":13,"key":"REST"},{"floor":15,"key":"REST"}],"circlet_count":0,"master_deck":["Strike_P","Strike_P","Strike_P","Strike_P","Defend_P","Defend_P","Defend_P","Defend_P","Eruption","Vigilance","Prostrate","Prostrate","BattleHymn","PathToVictory","DevaForm","Prostrate"],"relics":["PureWater","NeowsBlessing","Pantograph","Question Card","SlaversCollar"],"acts_visited":["Exordium","TheCity"],"potions_floor_usage":[10,18,21],"damage_taken":[{"damage":0,"enemies":"Small Slimes","floor":1,"turns":1},{"damage":0,"enemies":"Cultist","floor":2,"turns":1},{"damage":0,"enemies":"2 Louse","floor":4,"turns":2},{"damage":23,"enemies":"Lots of Slimes","floor":5,"turns":4},{"damage":3,"enemies":"2 Fungi Beasts","floor":8,"turns":4},{"damage":9,"enemies":"Blue Slaver","floor":10,"turns":3},{"damage":34,"enemies":"Gremlin Gang","floor":12,"turns":5},{"damage":0,"enemies":"Exordium Wildlife","floor":14,"turns":3},{"damage":47,"enemies":"The Guardian","floor":16,"turns":8},{"damage":12,"enemies":"Chosen","floor":18,"turns":4},{"damage":57,"enemies":"Spheric Guardian","floor":19,"turns":6},{"damage":9,"enemies":"Snake Plant","floor":21,"turns":2}],"seed_played":"-2770155860288008309","potions_obtained":[{"floor":2,"key":"SkillPotion"},{"floor":8,"key":"StancePotion"},{"floor":12,"key":"SpeedPotion"},{"floor":16,"key":"DuplicationPotion"}],"is_trial":false,"path_per_floor":["M","M","?","M","M","R","?","M","T","M","?","M","R","M","R","B",null,"M","M","?","M"],"character_chosen":"WATCHER","items_purchased":[],"campfire_rested":3,"item_purchase_floors":[],"current_hp_per_floor":[72,72,72,72,49,70,70,67,67,58,47,13,34,34,55,25,72,60,3,3,0,0],"gold":519,"neow_bonus":"THREE_ENEMY_KILL","is_daily":false,"chose_seed":false,"campfire_upgraded":0,"win_rate":0.0,"timestamp":1612540169,"path_taken":["M","M","?","M","?","R","?","?","T","M","?","M","R","M","R","BOSS","M","M","?","M"],"items_purchased_type":[],"build_version":"2020-12-22","purchased_purges":0,"victory":false,"max_hp_per_floor":[72,72,72,72,72,72,72,72,72,72,72,72,72,72,72,72,72,72,72,72,72,72],"card_choices":[{"not_picked":["Protect","Halt"],"picked":"Prostrate","floor":1},{"not_picked":["Meditate","BattleHymn"],"picked":"Prostrate","floor":2},{"not_picked":["FearNoEvil","Evaluate","Consecrate"],"picked":"SKIP","floor":4},{"not_picked":["Fasting2","Halt","Replay:ManipulateFuture"],"picked":"SKIP","floor":5},{"not_picked":["Nirvana","InnerPeace","Halt"],"picked":"SKIP","floor":8},{"not_picked":["Replay:Hum","ThirdEye","Prostrate"],"picked":"BattleHymn","floor":10},{"not_picked":["Wallop","WindmillStrike","Replay:BluntJabs"],"picked":"PathToVictory","floor":12},{"not_picked":["Blasphemy","BowlingBash","FlurryOfBlows","ThirdEye"],"picked":"SKIP","floor":14},{"not_picked":["MasterReality","DeusExMachina","Replay:LoomingThreat"],"picked":"DevaForm","floor":16},{"not_picked":["ThirdEye","ClearTheMind","Vengeance"],"picked":"Prostrate","floor":18},{"not_picked":["InnerPeace+1","FlyingSleeves","Protect","Halt"],"picked":"SKIP","floor":19}],"player_experience":261075,"relics_obtained":[{"floor":9,"key":"Question Card"}],"event_choices":[{"damage_healed":0,"gold_gain":0,"player_choice":"Gave Potion","damage_taken":0,"relics_obtained":["Pantograph"],"max_hp_gain":0,"max_hp_loss":0,"event_name":"WeMeetAgain","floor":3,"gold_loss":0},{"damage_healed":0,"gold_gain":0,"player_choice":"0 cards matched","damage_taken":0,"max_hp_gain":0,"max_hp_loss":0,"event_name":"Match and Keep!","floor":7,"gold_loss":0,"cards_obtained":[]},{"damage_healed":0,"gold_gain":75,"player_choice":"Gather Gold","damage_taken":11,"max_hp_gain":0,"max_hp_loss":0,"event_name":"World of Goop","floor":11,"gold_loss":0},{"damage_healed":0,"gold_gain":100,"player_choice":"Pray","damage_taken":0,"max_hp_gain":0,"max_hp_loss":0,"event_name":"Golden Shrine","floor":20,"gold_loss":0}],"is_beta":false,"boss_relics":[{"not_picked":["halation:MonkeysPaw","Replay:Wanted Poster"],"picked":"SlaversCollar"}],"items_purged_floors":[],"is_endless":false,"potions_floor_spawned":[2,8,12,16],"killed_by":"Snake Plant","ascension_level":3}}