{"host":"2wp95sdfrgw3k439","time":1612503546,"event":{"mods":["BaseMod","Better Altar","Better Skull","Better Third Choice","Curses Come First","Minty Spire (QoL Compilation)","Permanent Neow","StSLib"],"gold_per_floor":[19,29,39,55,55,55,81,6,6,6,13,42,42,7,7,106,106,122,122,22,22,40,69,69,80,80,80,92,56,85,97,97,193,193,206,206,206,220,220,220,250,261,261,261,136,160,170,188,188,188,188],"floor_reached":50,"language":"ENG","playtime":2000,"items_purged":["Strike_G","Shame","Injury"],"score":754,"play_id":"b571ff51-94bf-40a9-b976-1dbc656f8d0c","local_time":"20210204223906","is_ascension_mode":true,"campfire_choices":[{"data":"Neutralize","floor":6,"key":"SMITH"},{"floor":10,"key":"REST"},{"floor":13,"key":"REST"},{"data":"Predator","floor":15,"key":"SMITH"},{"floor":24,"key":"REST"},{"floor":27,"key":"REST"},{"floor":32,"key":"REST"},{"floor":40,"key":"REST"},{"floor":44,"key":"REST"},{"floor":49,"key":"REST"}],"circlet_count":0,"master_deck":["Strike_G","Strike_G","Strike_G","Defend_G","Defend_G","Defend_G","Defend_G","Survivor","Neutralize+1","Dagger Spray+1","Cloak And Dagger","Caltrops","Predator+1","Venomology","Dramatic Entrance","After Image","Parasite","Infinite Blades","Adrenaline","A Thousand Cuts","Noxious Fumes","Trip","Caltrops+1","Blur+1","Dash","Writhe","Dagger Spray+1"],"relics":["Ring of the Snake","StoneCalendar","Sundial","Paper Crane","Cursed Key","MutagenicStrength","Akabeko","Matryoshka","Mummified Hand","Fusion Hammer","Blue Candle","Happy Flower","Bottled Tornado","Bag of Marbles","Art of War"],"acts_visited":["Exordium","TheCity","TheBeyond"],"potions_floor_usage":[3,11,12,16,18,23,23,23,23,25,30,30,31,33,33,33,41,42,47,48,48,50,50,50],"damage_taken":[{"damage":0,"enemies":"2 Louse","floor":1,"turns":2},{"damage":1,"enemies":"Cultist","floor":2,"turns":6},{"damage":0,"enemies":"Small Slimes","floor":3,"turns":3},{"damage":1,"enemies":"Looter","floor":4,"turns":5},{"damage":18,"enemies":"3 Sentries","floor":7,"turns":9},{"damage":7,"enemies":"Exordium Thugs","floor":11,"turns":4},{"damage":21,"enemies":"Gremlin Nob","floor":12,"turns":5},{"damage":11,"enemies":"Slime Boss","floor":16,"turns":7},{"damage":21,"enemies":"2 Thieves","floor":18,"turns":4},{"damage":0,"enemies":"Shell Parasite","floor":22,"turns":4},{"damage":10,"enemies":"Gremlin Leader","floor":23,"turns":6},{"damage":14,"enemies":"Centurion and Healer","floor":25,"turns":4},{"damage":15,"enemies":"Snake Plant","floor":28,"turns":5},{"damage":28,"enemies":"Book of Stabbing","floor":30,"turns":5},{"damage":2,"enemies":"Snecko","floor":31,"turns":4},{"damage":41,"enemies":"Champ","floor":33,"turns":14},{"damage":17,"enemies":"3 Darklings","floor":35,"turns":4},{"damage":0,"enemies":"3 Shapes","floor":38,"turns":3},{"damage":51,"enemies":"Nemesis","floor":41,"turns":7},{"damage":0,"enemies":"3 Darklings","floor":42,"turns":4},{"damage":15,"enemies":"Spire Growth","floor":47,"turns":5},{"damage":2,"enemies":"Maw","floor":48,"turns":7},{"damage":58,"enemies":"Awakened One","floor":50,"turns":5}],"seed_played":"446150227558124111","potions_obtained":[{"floor":2,"key":"Energy Potion"},{"floor":3,"key":"GamblersBrew"},{"floor":11,"key":"Fruit Juice"},{"floor":12,"key":"LiquidMemories"},{"floor":25,"key":"Fruit Juice"},{"floor":30,"key":"Weak Potion"},{"floor":33,"key":"LiquidMemories"},{"floor":38,"key":"CunningPotion"}],"is_trial":false,"path_per_floor":["M","M","M","M","?","R","E","$","T","R","M","E","R","?","R","B",null,"M","?","$","?","M","E","R","M","T","R","M","$","E","M","R","B",null,"M","?","?","M","?","R","E","M","T","R","$","T","M","M","R","B"],"character_chosen":"THE_SILENT","items_purchased":["Infinite Blades"],"campfire_rested":8,"item_purchase_floors":[29],"current_hp_per_floor":[63,62,62,61,61,61,43,43,43,64,57,41,63,75,75,64,72,51,51,51,51,51,41,63,54,54,78,63,63,35,33,57,16,64,47,47,47,47,47,69,18,18,18,40,40,40,25,23,45,0,0],"gold":188,"neow_bonus":"REMOVE_TWO","is_daily":false,"chose_seed":false,"campfire_upgraded":2,"win_rate":0.0,"timestamp":1612503546,"path_taken":["M","M","M","M","?","R","E","$","T","R","?","E","R","?","R","BOSS","M","?","?","?","M","E","R","?","T","R","M","$","E","M","R","BOSS","M","?","?","M","?","R","E","M","T","R","?","?","M","M","R","BOSS"],"items_purchased_type":["Card"],"build_version":"2020-12-22","purchased_purges":3,"victory":false,"max_hp_per_floor":[70,70,70,70,70,70,70,70,70,70,70,75,75,75,75,75,75,75,75,75,75,75,75,75,80,80,80,80,80,80,80,80,80,80,80,80,76,76,76,76,76,76,76,76,76,76,76,76,76,76,76],"card_choices":[{"not_picked":["Bane","Accuracy"],"picked":"Blur","floor":1},{"not_picked":["Slice","Leg Sweep"],"picked":"Dagger Spray","floor":2},{"not_picked":["Poisoned Stab","Outmaneuver","Flechettes"],"picked":"SKIP","floor":3},{"not_picked":["Bane","Deadly Poison"],"picked":"Cloak And Dagger","floor":4},{"not_picked":["Deflect","Acrobatics"],"picked":"Caltrops","floor":7},{"not_picked":["Bullet Time","Outmaneuver","Dodge and Roll"],"picked":"SKIP","floor":11},{"not_picked":["Deadly Poison","PiercingWail"],"picked":"Predator","floor":12},{"not_picked":["Corpse Explosion","Night Terror"],"picked":"Venomology","floor":16},{"not_picked":["Crippling Poison","Underhanded Strike","Outmaneuver"],"picked":"SKIP","floor":18},{"not_picked":["Blade Dance","Dagger Throw","Riddle With Holes"],"picked":"SKIP","floor":22},{"not_picked":["Heel Hook+1","Envenom"],"picked":"After Image","floor":23},{"not_picked":["Prepared","Underhanded Strike","Bane"],"picked":"SKIP","floor":25},{"not_picked":["Underhanded Strike","Poisoned Stab","Endless Agony"],"picked":"SKIP","floor":28},{"not_picked":["Acrobatics","Escape Plan"],"picked":"Adrenaline","floor":30},{"not_picked":["Concentrate","Bane","Calculated Gamble"],"picked":"SKIP","floor":31},{"not_picked":["Bullet Time","Doppelganger"],"picked":"A Thousand Cuts","floor":33},{"not_picked":["Poisoned Stab","Flying Knee"],"picked":"Noxious Fumes","floor":35},{"not_picked":["Swift Strike","Forethought"],"picked":"Trip","floor":36},{"not_picked":["Riddle With Holes","Quick Slash+1"],"picked":"Caltrops+1","floor":38},{"not_picked":["Deadly Poison","Endless Agony+1"],"picked":"Blur+1","floor":41},{"not_picked":["Deflect","Flying Knee+1"],"picked":"Dash","floor":42},{"not_picked":["All Out Attack","Blade Dance","Slice"],"picked":"SKIP","floor":47},{"not_picked":["Prepared","Flying Knee"],"picked":"Dagger Spray+1","floor":48}],"player_experience":546028,"relics_obtained":[{"floor":7,"key":"StoneCalendar"},{"floor":9,"key":"Sundial"},{"floor":12,"key":"Paper Crane"},{"floor":23,"key":"Akabeko"},{"floor":26,"key":"Matryoshka"},{"floor":30,"key":"Mummified Hand"},{"floor":41,"key":"Blue Candle"},{"floor":43,"key":"Happy Flower"},{"floor":43,"key":"Bottled Tornado"},{"floor":46,"key":"Bag of Marbles"},{"floor":46,"key":"Art of War"}],"event_choices":[{"damage_healed":0,"gold_gain":0,"player_choice":"Upgraded","damage_taken":0,"max_hp_gain":0,"max_hp_loss":0,"event_name":"Upgrade Shrine","floor":5,"gold_loss":0,"cards_upgraded":["Dagger Spray"]},{"damage_healed":18,"gold_gain":0,"player_choice":"Healed","damage_taken":0,"max_hp_gain":0,"max_hp_loss":0,"event_name":"The Cleric","floor":14,"gold_loss":35},{"damage_healed":0,"gold_gain":0,"player_choice":"2 cards matched","damage_taken":0,"max_hp_gain":0,"max_hp_loss":0,"event_name":"Match and Keep!","floor":19,"gold_loss":0,"cards_obtained":["Shame","Dramatic Entrance"]},{"damage_healed":0,"gold_gain":0,"player_choice":"Inject Mutagens","damage_taken":0,"relics_obtained":["MutagenicStrength"],"max_hp_gain":0,"max_hp_loss":0,"event_name":"Drug Dealer","floor":21,"gold_loss":0},{"damage_healed":0,"gold_gain":0,"player_choice":"Memory 1","damage_taken":0,"max_hp_gain":0,"max_hp_loss":0,"event_name":"SensoryStone","floor":36,"gold_loss":0},{"damage_healed":0,"gold_gain":0,"player_choice":"Max HP","damage_taken":0,"max_hp_gain":0,"max_hp_loss":4,"event_name":"Winding Halls","floor":37,"gold_loss":0},{"cards_removed":["Blur"],"damage_healed":0,"gold_gain":0,"player_choice":"Removed Skill","damage_taken":0,"max_hp_gain":0,"max_hp_loss":0,"event_name":"Falling","floor":39,"gold_loss":0}],"is_beta":false,"boss_relics":[{"not_picked":["Empty Cage","Sozu"],"picked":"Cursed Key"},{"not_picked":["Snecko Eye","Astrolabe"],"picked":"Fusion Hammer"}],"items_purged_floors":[8,20,45],"is_endless":false,"potions_floor_spawned":[2,3,11,12,25,30,33,38,41],"killed_by":"Awakened One","ascension_level":9}}