{"host":"e9u6h9e9dkzlniog","time":1612545742,"event":{"mods":["100% Spire Juice","BaseMod","Luminous","Minty Spire (QoL Compilation)","Replay The Spire","StSLib","UnlockEverythingMod","Yakumo Yukari mod","[功能]功能增强和修复MOD"],"gold_per_floor":[134,154,11,46,46,99,99,132,132,132,197,197,235,269,269,391,391,403,403],"floor_reached":18,"language":"ZHS","playtime":1636,"items_purged":["Defend_purpleEX","Defend_purpleEX","AT_purpleEX","AT_purpleEX","AT_purpleEX","Defend_purpleEX"],"score":182,"play_id":"c03e478e-e129-4a5a-899f-87dec1722764","local_time":"20210206012222","is_ascension_mode":false,"campfire_choices":[{"data":"Worldmountain_purple","floor":7,"key":"SMITH"},{"data":"WasteWire_Metro_purple","floor":10,"key":"SMITH"}],"circlet_count":0,"master_deck":["Observe_purple_1","Observe_purple_2","Worldmountain_purple+1","Charmbait_purple","LoveAcrossDimensions_purple+1","Mirror_FormAndEmptin_purple","WorldDissolvedintheRealm_purple","ExternalForce_HighSpeedFlying_purple","Monsters_DoubleDeathButterfly_purple+1"],"relics":["Boundary_crack","Memoryfragments_purpleEX","TheEssenceOfRealm","Frozen Egg 2","Replay:Bandana","Ancient Tea Set","ReplayTheSpireMod:Shallot","ReplayTheSpireMod:Ninjato","BranchBurnRelic","Replay:Drink Me"],"acts_visited":["Exordium","TheCity"],"potions_floor_usage":[16,16],"damage_taken":[{"damage":3,"enemies":"Cultist","floor":1,"turns":4},{"damage":7,"enemies":"2 Louse","floor":2,"turns":3},{"damage":0,"enemies":"Small Slimes","floor":4,"turns":2},{"damage":36,"enemies":"Gremlin Nob","floor":6,"turns":4},{"damage":17,"enemies":"Lagavulin","floor":8,"turns":5},{"damage":5,"enemies":"Replay:BlueRogue","floor":11,"turns":3},{"damage":0,"enemies":"3 Louse","floor":13,"turns":2},{"damage":0,"enemies":"2 Fungi Beasts","floor":14,"turns":2},{"damage":24,"enemies":"The Guardian","floor":16,"turns":5},{"damage":0,"enemies":"Spheric Guardian","floor":18,"turns":2}],"seed_played":"308100397822604137","potions_obtained":[{"floor":1,"key":"LifebloodPotion"},{"floor":6,"key":"Elixir"},{"floor":6,"key":"AttackPotion"}],"is_trial":false,"path_per_floor":["M","M","$","M","$","E","R","E","T","R","E","?","M","M","R","B",null,"M"],"character_chosen":"Youkari","items_purchased":["TheEssenceOfRealm","Frozen Egg 2","Replay:Bandana"],"campfire_rested":0,"item_purchase_floors":[3,3,3],"current_hp_per_floor":[63,59,59,60,60,26,26,11,11,11,6,6,10,13,13,3,48,48,48],"gold":403,"neow_bonus":"RANDOM_COLORLESS_2","is_daily":false,"chose_seed":false,"campfire_upgraded":2,"win_rate":0.0,"timestamp":1612545742,"path_taken":["M","?","$","M","$","E","R","E","T","R","E","?","?","M","R","BOSS","M"],"items_purchased_type":["Relic","Relic","Relic"],"build_version":"2020-12-22","purchased_purges":6,"victory":false,"max_hp_per_floor":[63,63,63,63,63,63,63,63,63,63,63,63,63,63,63,63,48,48,48],"card_choices":[{"not_picked":["ReplayUltimateDefense","ReplayTheSpireMod:Necrogeddon"],"picked":"Sadistic Nature","floor":0},{"not_picked":["Yakumo_Ran_purple","Mirror_FormAndEmptin_purple"],"picked":"Worldmountain_purple","floor":1},{"not_picked":["Line_surface_state_purple","ExistenceContinue_purple"],"picked":"Charmbait_purple","floor":2},{"not_picked":["OmniscientAndOmnipotent_Monster_purple","StateDuplicate_purple"],"picked":"LoveAcrossDimensions_purple+1","floor":4},{"not_picked":["OmniscientAndOmnipotent_Monster_purple","Worldmountain_purple"],"picked":"Mirror_FormAndEmptin_purple","floor":6},{"not_picked":["ExternalForce_HighSpeedFlying_purple","Photoelasticity_Doppler_Effect_purple"],"picked":"WasteWire_Metro_purple","floor":8},{"not_picked":["MeetDecomposer_purple","Mirror_FormAndEmptin_purple","StateErode_purple"],"picked":"SKIP","floor":11},{"not_picked":["StateDuplicate_purple","Umbrella_purple","Mirror_FormAndEmptin_purple"],"picked":"SKIP","floor":13},{"not_picked":["Line_surface_state_purple","Realm_recovery_purpleEX"],"picked":"WorldDissolvedintheRealm_purple","floor":14},{"not_picked":["D_absorption_purple","BarrageBoundary_PipeDream_purple"],"picked":"Monsters_DoubleDeathButterfly_purple+1","floor":16}],"player_experience":126261,"relics_obtained":[{"floor":6,"key":"Ancient Tea Set"},{"floor":8,"key":"ReplayTheSpireMod:Shallot"},{"floor":9,"key":"ReplayTheSpireMod:Ninjato"},{"floor":11,"key":"Dead Branch"}],"event_choices":[{"damage_healed":0,"gold_gain":0,"player_choice":"Ignored","damage_taken":0,"max_hp_gain":0,"max_hp_loss":0,"event_name":"NoteForYourself","floor":12,"gold_loss":0}],"is_beta":false,"boss_relics":[{"not_picked":["Pandora\u0027s Box","SacredBark"],"picked":"Replay:Drink Me"}],"items_purged_floors":[3,3,3,3,3,3],"is_endless":false,"potions_floor_spawned":[1,6,6,6,8,11,13,18],"killed_by":"Spheric Guardian","ascension_level":0}}