{"host":"7cp3z5w0tcrrm8ys","time":1612498112,"event":{"mods":["AchievementEnabler","BaseMod","DeckTracker","Minty Spire (QoL Compilation)","StSLib","SuperFastMode"],"gold_per_floor":[112,112,132,48,48,79,79,79,79],"floor_reached":8,"language":"KOR","playtime":232,"items_purged":[],"score":108,"play_id":"53e3bce1-1c19-4bf9-9705-aad069026d5b","local_time":"20210205130832","is_ascension_mode":true,"campfire_choices":[{"data":"Bash","floor":7,"key":"SMITH"}],"circlet_count":0,"master_deck":["AscendersBane","Strike_R","Strike_R","Strike_R","Strike_R","Strike_R","Defend_R","Defend_R","Defend_R","Defend_R","Bash+1","Shockwave","Shrug It Off+1","Twin Strike","Armaments+1","Rampage"],"relics":["Burning Blood","MealTicket","Toxic Egg 2","Sundial"],"acts_visited":["Exordium"],"potions_floor_usage":[6,6],"damage_taken":[{"damage":6,"enemies":"2 Louse","floor":1,"turns":3},{"damage":4,"enemies":"Small Slimes","floor":3,"turns":5},{"damage":23,"enemies":"Lagavulin","floor":6,"turns":8},{"damage":59,"enemies":"3 Sentries","floor":8,"turns":9}],"seed_played":"3690914332266288147","potions_obtained":[{"floor":1,"key":"Swift Potion"},{"floor":3,"key":"LiquidBronze"}],"is_trial":false,"path_per_floor":["M","?","M","$","?","E","R","E"],"character_chosen":"IRONCLAD","items_purchased":["Twin Strike","Armaments+1"],"campfire_rested":0,"item_purchase_floors":[4,4],"current_hp_per_floor":[68,57,59,74,74,57,57,0,0],"gold":79,"neow_bonus":"RANDOM_COMMON_RELIC","is_daily":false,"chose_seed":false,"campfire_upgraded":1,"win_rate":0.0,"timestamp":1612498112,"path_taken":["M","?","M","$","?","E","R","E"],"items_purchased_type":["Card","Card"],"build_version":"2020-12-22","purchased_purges":0,"victory":false,"max_hp_per_floor":[75,75,75,75,75,75,75,75,75],"card_choices":[{"not_picked":["Intimidate","Feel No Pain"],"picked":"Shockwave","floor":1},{"not_picked":["Iron Wave","Ghostly Armor+1"],"picked":"Shrug It Off+1","floor":3},{"not_picked":["Bloodletting+1","Headbutt"],"picked":"Rampage","floor":6}],"player_experience":807446,"relics_obtained":[{"floor":6,"key":"Sundial"}],"event_choices":[{"damage_healed":0,"gold_gain":0,"player_choice":"Success","damage_taken":11,"relics_obtained":["Toxic Egg 2"],"max_hp_gain":0,"max_hp_loss":0,"event_name":"Scrap Ooze","floor":2,"gold_loss":0},{"damage_healed":0,"gold_gain":0,"player_choice":"Ignored","damage_taken":0,"max_hp_gain":0,"max_hp_loss":0,"event_name":"Liars Game","floor":5,"gold_loss":0}],"is_beta":false,"boss_relics":[],"items_purged_floors":[],"is_endless":false,"potions_floor_spawned":[1,3],"killed_by":"3 Sentries","ascension_level":20}}