{"host":"4eao2pkwlmv012cz","time":1612504501,"event":{"mods":["BaseMod","Colored Powertips","Minty Spire (QoL Compilation)","Permanent Neow","Quick Restart","Random Character Button","StSLib"],"gold_per_floor":[359,377,392,467,41,72,72,105,152,171,187,187,212,228,228,305,305,321,321,341,360,360,360],"floor_reached":22,"language":"ENG","playtime":729,"items_purged":["Strike_B"],"score":416,"play_id":"2835df08-a632-422d-8534-419ec9db7314","local_time":"20210205005501","is_ascension_mode":true,"campfire_choices":[{"floor":7,"key":"REST"},{"floor":15,"key":"REST"}],"circlet_count":0,"master_deck":["AscendersBane","Defend_B","Defend_B","Zap","Dualcast","Compile Driver","Ball Lightning","Ball Lightning","Ball Lightning","Cold Snap","Darkness","Sweeping Beam","Leap","Electrodynamics","BootSequence+1","Sweeping Beam+1","Rebound+1","Creative AI","Fusion","Hologram+1"],"relics":["Cracked Core","Tiny Chest","Strawberry","Darkstone Periapt","Bag of Preparation","Pen Nib","Lizard Tail","Astrolabe"],"acts_visited":["Exordium","TheCity"],"potions_floor_usage":[6,11,13,13,21,21,22],"damage_taken":[{"damage":1,"enemies":"Cultist","floor":1,"turns":3},{"damage":0,"enemies":"2 Louse","floor":2,"turns":2},{"damage":10,"enemies":"Small Slimes","floor":3,"turns":2},{"damage":25,"enemies":"3 Sentries","floor":6,"turns":4},{"damage":6,"enemies":"Gremlin Nob","floor":8,"turns":3},{"damage":7,"enemies":"Red Slaver","floor":10,"turns":2},{"damage":0,"enemies":"Large Slime","floor":11,"turns":3},{"damage":8,"enemies":"Lagavulin","floor":13,"turns":3},{"damage":2,"enemies":"Looter","floor":14,"turns":2},{"damage":39,"enemies":"Hexaghost","floor":16,"turns":9},{"damage":6,"enemies":"Spheric Guardian","floor":18,"turns":3},{"damage":0,"enemies":"3 Byrds","floor":20,"turns":2},{"damage":26,"enemies":"Snake Plant","floor":21,"turns":4},{"damage":59,"enemies":"Shelled Parasite and Fungi","floor":22,"turns":4}],"seed_played":"-3539179245359403001","potions_obtained":[{"floor":2,"key":"DistilledChaos"},{"floor":3,"key":"GamblersBrew"},{"floor":6,"key":"Block Potion"},{"floor":8,"key":"FearPotion"},{"floor":11,"key":"Fire Potion"},{"floor":20,"key":"EntropicBrew"}],"is_trial":false,"path_per_floor":["M","M","M","?","$","E","R","E","T","M","M","?","E","M","R","B",null,"M","?","M","M","M"],"character_chosen":"DEFECT","items_purchased":["Tiny Chest","Strawberry","Ball Lightning"],"campfire_rested":2,"item_purchase_floors":[5,5,5],"current_hp_per_floor":[63,63,53,42,49,24,45,39,39,32,32,32,24,22,43,4,54,48,48,48,22,0,0],"gold":360,"neow_bonus":"TWO_FIFTY_GOLD","is_daily":false,"chose_seed":false,"campfire_upgraded":0,"win_rate":0.0,"timestamp":1612504501,"path_taken":["M","?","M","?","$","E","R","E","T","M","M","?","E","M","R","BOSS","M","?","M","M","M"],"items_purchased_type":["Relic","Relic","Card"],"build_version":"2020-12-22","purchased_purges":1,"victory":false,"max_hp_per_floor":[64,64,64,64,71,71,71,71,71,71,71,71,71,71,71,71,71,71,71,71,71,71,71],"card_choices":[{"not_picked":["Leap","Go for the Eyes"],"picked":"Compile Driver","floor":1},{"not_picked":["Recycle","Tempest"],"picked":"Ball Lightning","floor":2},{"not_picked":["Rip and Tear","Go for the Eyes"],"picked":"Ball Lightning","floor":3},{"not_picked":["BootSequence","Reprogram"],"picked":"Cold Snap","floor":6},{"not_picked":["Coolheaded","Melter"],"picked":"Darkness","floor":8},{"not_picked":["Go for the Eyes","Turbo","Streamline"],"picked":"SKIP","floor":10},{"not_picked":["Streamline","Redo"],"picked":"Sweeping Beam","floor":11},{"not_picked":["Heatsinks","Darkness"],"picked":"Leap","floor":13},{"not_picked":["Rip and Tear","Sweeping Beam","Ball Lightning"],"picked":"SKIP","floor":14},{"not_picked":["Thunder Strike","Machine Learning"],"picked":"Electrodynamics","floor":16},{"not_picked":["Steam","Chaos"],"picked":"Rebound+1","floor":18},{"not_picked":["Double Energy","Hologram","Redo"],"picked":"SKIP","floor":20},{"not_picked":["Reprogram","Melter"],"picked":"Hologram+1","floor":21}],"player_experience":2880265,"relics_obtained":[{"floor":6,"key":"Darkstone Periapt"},{"floor":8,"key":"Bag of Preparation"},{"floor":9,"key":"Pen Nib"},{"floor":13,"key":"Lizard Tail"}],"event_choices":[{"damage_healed":0,"gold_gain":75,"player_choice":"Gather Gold","damage_taken":11,"max_hp_gain":0,"max_hp_loss":0,"event_name":"World of Goop","floor":4,"gold_loss":0},{"cards_removed":["Strike_B"],"damage_healed":0,"gold_gain":0,"player_choice":"Purged","damage_taken":0,"max_hp_gain":0,"max_hp_loss":0,"event_name":"Purifier","floor":12,"gold_loss":0},{"damage_healed":0,"gold_gain":0,"cards_transformed":["Gash","Defend_B"],"player_choice":"Became Test Subject","damage_taken":0,"max_hp_gain":0,"max_hp_loss":0,"event_name":"Drug Dealer","floor":19,"gold_loss":0,"cards_obtained":["Creative AI","Fusion"]}],"is_beta":false,"boss_relics":[{"not_picked":["Philosopher\u0027s Stone","Tiny House"],"picked":"Astrolabe"}],"items_purged_floors":[5],"is_endless":false,"potions_floor_spawned":[2,3,6,8,11,20],"killed_by":"Shelled Parasite and Fungi","ascension_level":20}}