{"host":"63nbeequuhdffoms","time":1612568451,"event":{"mods":["BaseMod","Card Forge","Hermit","Minty Spire (QoL Compilation)","Quick Restart","Relic Stats","StSLib","The Cursed","The Hierophant"],"gold_per_floor":[115,115,115,115,45,45,80,80,80,110,75,94,112,125,125,229,229,214,227,227,152,152,177,177,194,219,219,219,219],"floor_reached":28,"language":"ENG","playtime":1407,"items_purged":[],"score":294,"play_id":"a20acd46-c300-4f56-a38e-8b513fabb653","local_time":"20210205184051","is_ascension_mode":false,"campfire_choices":[{"data":"Zap","floor":6,"key":"SMITH"},{"data":"Auto Shields","floor":8,"key":"SMITH"},{"data":"Coolheaded","floor":15,"key":"SMITH"},{"floor":24,"key":"REST"},{"floor":27,"key":"REST"}],"circlet_count":0,"master_deck":["Strike_B+1","Strike_B","Strike_B+1","Strike_B+1","Defend_B","Defend_B","Defend_B","Defend_B+1","Zap+1","Dualcast+1","Ball Lightning","Auto Shields+1","White Noise","Conserve Battery","Sunder","Conserve Battery","Cold Snap","Coolheaded+1","Echo Form","Lockon","Cold Snap","Double Energy","Decay","Conserve Battery+1","Coolheaded"],"relics":["Cracked Core","Hammer of Thor","Seething Fire","Anvil of the Gods","NeowsBlessing","Whetstone","Ginger","White Beast Statue","Inserter","Potion Belt","Boot"],"acts_visited":["Exordium","TheCity"],"potions_floor_usage":[16,18,23,23,23,25,28],"damage_taken":[{"damage":0,"enemies":"2 Louse","floor":1,"turns":1},{"damage":0,"enemies":"Gremlin Nob","floor":7,"turns":1},{"damage":0,"enemies":"Lagavulin","floor":10,"turns":1},{"damage":0,"enemies":"Cultist","floor":12,"turns":3},{"damage":0,"enemies":"Small Slimes","floor":13,"turns":3},{"damage":0,"enemies":"Looter","floor":14,"turns":3},{"damage":9,"enemies":"Slime Boss","floor":16,"turns":9},{"damage":33,"enemies":"2 Thieves","floor":18,"turns":4},{"damage":7,"enemies":"Chosen","floor":19,"turns":4},{"damage":39,"enemies":"Gremlin Leader","floor":23,"turns":7},{"damage":5,"enemies":"Centurion and Healer","floor":25,"turns":10},{"damage":60,"enemies":"Cultist and Chosen","floor":28,"turns":6}],"seed_played":"4376676188572810501","potions_obtained":[{"floor":7,"key":"PowerPotion"},{"floor":12,"key":"DuplicationPotion"},{"floor":13,"key":"AttackPotion"},{"floor":14,"key":"Regen Potion"},{"floor":16,"key":"SkillPotion"},{"floor":18,"key":"FearPotion"},{"floor":19,"key":"DistilledChaos"},{"floor":23,"key":"AttackPotion"},{"floor":25,"key":"AttackPotion"}],"is_trial":false,"path_per_floor":["M","?","?","?","$","R","E","R","T","E","$","M","M","M","R","B",null,"M","M","?","$","?","E","R","M","T","R","M"],"character_chosen":"DEFECT","items_purchased":["Auto Shields","Sunder","Double Energy"],"campfire_rested":2,"item_purchase_floors":[5,11,21],"current_hp_per_floor":[75,75,60,60,60,60,60,60,60,60,60,60,60,60,60,51,75,42,35,35,35,35,10,32,27,27,49,0,0],"gold":219,"neow_bonus":"THREE_ENEMY_KILL","is_daily":false,"chose_seed":false,"campfire_upgraded":3,"win_rate":0.0,"timestamp":1612568451,"path_taken":["M","?","?","?","$","R","E","R","T","E","$","M","?","M","R","BOSS","M","?","?","$","?","E","R","M","T","R","M"],"items_purchased_type":["Card","Card","Card"],"build_version":"2020-12-22","purchased_purges":0,"victory":false,"max_hp_per_floor":[75,75,75,75,75,75,75,75,75,75,75,75,75,75,75,75,75,75,75,75,75,75,75,75,75,75,75,75,75],"relic_stats":{"Inserter":[15],"counters":[12,52],"Whetstone":["Strike_B","Strike_B"],"Ginger":[6],"Boot":[0],"obtain_stats":[{"Potion Belt":23,"Inserter":17,"NeowsBlessing":0,"Anvil of the Gods":0,"Hammer of Thor":0,"Seething Fire":0,"Whetstone":7,"Ginger":9,"Cracked Core":0,"Boot":26,"White Beast Statue":10},{"Potion Belt":10,"Inserter":7,"NeowsBlessing":0,"Anvil of the Gods":0,"Hammer of Thor":0,"Seething Fire":0,"Whetstone":2,"Ginger":2,"Cracked Core":0,"Boot":11,"White Beast Statue":3},{"Potion Belt":36,"Inserter":21,"NeowsBlessing":0,"Anvil of the Gods":0,"Hammer of Thor":0,"Seething Fire":0,"Whetstone":2,"Ginger":2,"Cracked Core":0,"Boot":46,"White Beast Statue":3}]},"card_choices":[{"not_picked":["Redo","Compile Driver"],"picked":"Ball Lightning","floor":1},{"not_picked":["Leap","Meteor Strike"],"picked":"White Noise","floor":7},{"not_picked":["Rip and Tear","Scrape"],"picked":"Conserve Battery","floor":10},{"not_picked":["Fusion","Reprogram"],"picked":"Conserve Battery","floor":12},{"not_picked":["Turbo","Fusion"],"picked":"Cold Snap","floor":13},{"not_picked":["Rip and Tear","Leap"],"picked":"Coolheaded","floor":14},{"not_picked":["Machine Learning","Seek"],"picked":"Echo Form","floor":16},{"not_picked":["Doom and Gloom+1","Cold Snap"],"picked":"Lockon","floor":18},{"not_picked":["Coolheaded+1","Hello World"],"picked":"Cold Snap","floor":19},{"not_picked":["Hologram","Compile Driver"],"picked":"Conserve Battery+1","floor":23},{"not_picked":["Leap","Steam"],"picked":"Coolheaded","floor":25}],"player_experience":29616,"relics_obtained":[{"floor":7,"key":"Whetstone"},{"floor":9,"key":"Ginger"},{"floor":10,"key":"White Beast Statue"},{"floor":23,"key":"Potion Belt"},{"floor":26,"key":"Boot"}],"event_choices":[{"damage_healed":0,"gold_gain":0,"player_choice":"Ignored","damage_taken":0,"max_hp_gain":0,"max_hp_loss":0,"event_name":"Golden Wing","floor":2,"gold_loss":0},{"damage_healed":0,"gold_gain":0,"player_choice":"Entered Light","damage_taken":15,"max_hp_gain":0,"max_hp_loss":0,"event_name":"Shining Light","floor":3,"gold_loss":0,"cards_upgraded":["Strike_B","Defend_B"]},{"damage_healed":0,"gold_gain":0,"player_choice":"Forge","damage_taken":0,"max_hp_gain":0,"max_hp_loss":0,"event_name":"Accursed Blacksmith","floor":4,"gold_loss":0,"cards_upgraded":["Dualcast"]},{"damage_healed":0,"gold_gain":0,"player_choice":"Ignored","damage_taken":0,"max_hp_gain":0,"max_hp_loss":0,"event_name":"Ghosts","floor":20,"gold_loss":0},{"damage_healed":0,"gold_gain":0,"player_choice":"Smashed Altar","damage_taken":0,"max_hp_gain":0,"max_hp_loss":0,"event_name":"Forgotten Altar","floor":22,"gold_loss":0,"cards_obtained":["Decay"]}],"is_beta":false,"boss_relics":[{"not_picked":["SacredBark","Empty Cage"],"picked":"Inserter"}],"items_purged_floors":[],"is_endless":false,"potions_floor_spawned":[7,12,13,14,16,18,19,23,25],"killed_by":"Cultist and Chosen","ascension_level":0}}