{"host":"bcxgpd1eu8czocm9","time":1612533690,"event":{"mods":["BaseMod","Downfall","Minty Spire (QoL Compilation)","Quick Restart","Replay The Spire","Spicy Shops","StSLib","¡¾ÒÅÎï¿¨ÅÆ¡¿REMEMod"],"gold_per_floor":[18,18,32,52,62,62,89,89,89,122,122,142,317,317,337,352,352,352,352],"floor_reached":18,"language":"ZHS","playtime":737,"items_purged":[],"score":124,"play_id":"ad1bc148-4179-4756-a987-20882ad58755","local_time":"20210205220130","is_ascension_mode":false,"campfire_choices":[{"data":"Sneak Up","floor":6.0,"key":"SMITH"},{"data":"Neutralize","floor":14,"key":"SMITH"},{"data":"Caltrops","floor":17,"key":"SMITH"}],"circlet_count":0,"master_deck":["Strike_G","Strike_G","Strike_G","Strike_G","Defend_G","Defend_G","Defend_G","Defend_G","Survivor","Neutralize+1","Violence","REME_LeechingPoison","Adrenaline","Caltrops+1","Acrobatics","Sneak Up+1","Reflex","PiercingWail","Doubt","Caltrops","Blur"],"relics":["Ring of the Snake","REME_ComplimentaryCards","StoneCalendar","bronze:BronzeIdol","Bag of Preparation"],"acts_visited":["Exordium"],"potions_floor_usage":[7,10],"damage_taken":[{"damage":0.0,"enemies":"Small Slimes","floor":1.0,"turns":2.0},{"damage":0.0,"enemies":"2 Louse","floor":3.0,"turns":3.0},{"damage":1.0,"enemies":"Cultist","floor":4.0,"turns":4.0},{"damage":4.0,"enemies":"2 Fungi Beasts","floor":5.0,"turns":4.0},{"damage":10,"enemies":"Replay:BlueRogue","floor":7,"turns":9},{"damage":27,"enemies":"Lagavulin","floor":10,"turns":7},{"damage":9,"enemies":"Exordium Thugs","floor":12,"turns":7},{"damage":13,"enemies":"Looter","floor":15,"turns":4},{"damage":1,"enemies":"2 Fungi Beasts","floor":16,"turns":7},{"damage":32,"enemies":"Slime Boss","floor":18,"turns":6}],"seed_played":"-8657357719982396318","potions_obtained":[{"floor":4.0,"key":"BlessingOfTheForge"},{"floor":7,"key":"LiquidMemories"},{"floor":12,"key":"Elixir"},{"floor":15,"key":"Reflective Coating"}],"is_trial":false,"path_per_floor":["M","$","M","M","M","R","E","PTL","PTL","E","T","M","?","R","M","M","R","B"],"character_chosen":"THE_SILENT","items_purchased":[],"campfire_rested":0,"item_purchase_floors":[],"current_hp_per_floor":[70,70,70,70,66,66,60,60,60,35,35,32,32,32,25,30,30,0,0],"gold":352,"neow_bonus":"TRANSFORM_TWO_CARDS","is_daily":false,"chose_seed":false,"campfire_upgraded":3,"win_rate":0.0,"timestamp":1612533690,"path_taken":["M","$","M","M","M","R","E","PTL","PTL","E","T","M","?","R","M","M","R","BOSS"],"items_purchased_type":[],"build_version":"2020-12-22","purchased_purges":0,"victory":false,"max_hp_per_floor":[70,70,70,70,70,70,70,70,70,70,70,70,70,70,70,70,70,70,70],"card_choices":[{"not_picked":["Quick Slash","Blur"],"picked":"Caltrops","floor":1.0},{"not_picked":["Setup","Accuracy"],"picked":"Acrobatics","floor":3.0},{"not_picked":["Dagger Throw","Blade Dance"],"picked":"Sneak Up","floor":4.0},{"not_picked":["Bane","Sneak Up","Sucker Punch"],"picked":"SKIP","floor":5.0},{"not_picked":["Crippling Poison","Leg Sweep"],"picked":"Reflex","floor":7},{"not_picked":["REME_GreenPollution","Underhanded Strike"],"picked":"PiercingWail","floor":10},{"not_picked":["Sucker Punch","Crippling Poison","Underhanded Strike"],"picked":"SKIP","floor":12},{"not_picked":["Poisoned Stab","Dodge and Roll"],"picked":"Caltrops","floor":15},{"not_picked":["Quick Slash","Hidden Blade"],"picked":"Blur","floor":16}],"player_experience":440809,"relics_obtained":[{"floor":7,"key":"StoneCalendar"},{"floor":10,"key":"bronze:BronzeIdol"},{"floor":11,"key":"Bag of Preparation"}],"event_choices":[{"damage_healed":0,"gold_gain":175,"player_choice":"AGREE","damage_taken":0,"max_hp_gain":0,"max_hp_loss":0,"event_name":"Liars Game","floor":13,"gold_loss":0,"cards_obtained":["Doubt"]}],"is_beta":false,"boss_relics":[],"items_purged_floors":[],"is_endless":false,"potions_floor_spawned":[4,7,12,15],"killed_by":"Slime Boss","ascension_level":0}}