{"host":"hszimsrtxxc2k25w","time":1612563270,"event":{"mods":["AchievementEnabler","BaseMod","Colored Map","DeckTracker","Minty Spire (QoL Compilation)","Rare Cards Sparkle","SuperFastMode"],"gold_per_floor":[110,185,335,362,378,378,412,0,76,76,87,87,118,178,178,251,251,231,231,121,21,21,21,21,21,21,21,21,21,21,21,21,21,21,21,21,21,21,21,21,21,21,21,21,21,21,21,21,21,21,21],"floor_reached":50,"language":"KOR","playtime":1953,"items_purged":["Doubt","Defend_G"],"score":1123,"play_id":"5ce80c2f-3f98-4b72-bfde-00136e2a84aa","local_time":"20210206071430","is_ascension_mode":true,"campfire_choices":[{"data":"Poisoned Stab","floor":6.0,"key":"SMITH"},{"data":"Backstab","floor":10.0,"key":"SMITH"},{"data":"Neutralize","floor":12.0,"key":"SMITH"},{"data":"Cloak And Dagger","floor":15.0,"key":"SMITH"},{"data":"Night Terror","floor":23.0,"key":"SMITH"},{"data":"Cloak And Dagger","floor":25.0,"key":"SMITH"},{"data":"Infinite Blades","floor":29.0,"key":"SMITH"},{"data":"Concentrate","floor":32.0,"key":"SMITH"},{"data":"Flechettes","floor":41.0,"key":"SMITH"},{"floor":49.0,"key":"REST"}],"circlet_count":0,"master_deck":["AscendersBane","Strike_G+1","Strike_G+1","Strike_G+1","Strike_G+1","Defend_G+1","Defend_G+1","Defend_G+1","Defend_G+1","Survivor","Neutralize+1","Poisoned Stab+1","Backstab+1","Cloak And Dagger+1","Cloak And Dagger+1","Night Terror+1","Infinite Blades+1","Cloak And Dagger","Concentrate+1","Dark Shackles","Thinking Ahead","Flechettes+1","Noxious Fumes+1","Backflip"],"relics":["Ring of the Snake","NeowsBlessing","Bag of Marbles","Letter Opener","Dead Branch","StrikeDummy","Shovel","Strawberry","Ectoplasm","Whetstone","Omamori","Dream Catcher","Calling Bell","Nunchaku","HornCleat","The Specimen","Gambling Chip","Sundial","Du-Vu Doll","Blood Vial","InkBottle","Peace Pipe"],"acts_visited":["Exordium","TheCity","TheBeyond"],"potions_floor_usage":[],"damage_taken":[{"damage":0.0,"enemies":"2 Louse","floor":1.0,"turns":1.0},{"damage":0.0,"enemies":"Small Slimes","floor":5.0,"turns":1.0},{"damage":0.0,"enemies":"Lagavulin","floor":7.0,"turns":1.0},{"damage":0.0,"enemies":"Jaw Worm","floor":11.0,"turns":1.0},{"damage":8.0,"enemies":"Gremlin Nob","floor":13.0,"turns":3.0},{"damage":0.0,"enemies":"Gremlin Nob","floor":14.0,"turns":2.0},{"damage":6.0,"enemies":"Hexaghost","floor":16.0,"turns":9.0},{"damage":2.0,"enemies":"2 Thieves","floor":18.0,"turns":2.0},{"damage":0.0,"enemies":"3 Byrds","floor":19.0,"turns":3.0},{"damage":10.0,"enemies":"Shelled Parasite and Fungi","floor":22.0,"turns":4.0},{"damage":2.0,"enemies":"Book of Stabbing","floor":24.0,"turns":4.0},{"damage":0.0,"enemies":"Snecko","floor":27.0,"turns":2.0},{"damage":0.0,"enemies":"3 Cultists","floor":31.0,"turns":4.0},{"damage":1.0,"enemies":"Automaton","floor":33.0,"turns":6.0},{"damage":0.0,"enemies":"Orb Walker","floor":35.0,"turns":3.0},{"damage":0.0,"enemies":"3 Darklings","floor":38.0,"turns":4.0},{"damage":11.0,"enemies":"Nemesis","floor":40.0,"turns":6.0},{"damage":0.0,"enemies":"Mind Bloom Boss Battle","floor":42.0,"turns":5.0},{"damage":2.0,"enemies":"Reptomancer","floor":44.0,"turns":4.0},{"damage":3.0,"enemies":"2 Orb Walkers","floor":45.0,"turns":3.0},{"damage":4.0,"enemies":"Maw","floor":46.0,"turns":5.0},{"damage":4.0,"enemies":"Writhing Mass","floor":48.0,"turns":5.0},{"damage":72,"enemies":"Time Eater","floor":50,"turns":6}],"seed_played":"-859649924638332157","potions_obtained":[{"floor":5.0,"key":"SpeedPotion"},{"floor":11.0,"key":"Block Potion"},{"floor":14.0,"key":"SkillPotion"},{"floor":27.0,"key":"SneckoOil"},{"floor":48.0,"key":"SmokeBomb"}],"is_trial":false,"path_per_floor":["M","?","?","T","M","R","E","$","T","R","M","R","E","?","R","B",null,"M","M","?","$","M","R","E","R","T","M","?","R","?","M","R","B",null,"M","?","?","M","?","E","R","?","T","E","?","M","$","M","R","B"],"character_chosen":"THE_SILENT","items_purchased":["Dead Branch"],"campfire_rested":1,"item_purchase_floors":[8],"current_hp_per_floor":[59,48,48,48,48,48,48,48,48,48,48,48,40,47,47,41,65,63,63,63,63,53,53,51,51,51,51,51,51,51,51,51,50,67,67,67,67,67,57,46,46,46,46,46,45,43,43,41,61,0,0],"gold":21,"neow_bonus":"THREE_ENEMY_KILL","is_daily":false,"chose_seed":false,"campfire_upgraded":9,"win_rate":0.0,"timestamp":1612563270,"path_taken":["M","?","?","?","M","R","E","$","T","R","M","R","E","?","R","BOSS","M","M","?","$","?","R","E","R","T","M","?","R","?","M","R","BOSS","M","?","?","?","?","E","R","?","T","E","?","M","?","?","R","BOSS"],"items_purchased_type":["Relic"],"build_version":"2020-12-22","purchased_purges":2,"victory":false,"max_hp_per_floor":[66,66,66,66,66,66,66,66,66,66,66,66,66,73,73,73,73,73,73,73,73,73,73,73,73,73,73,73,73,73,73,73,73,73,73,69,69,69,69,69,69,69,69,69,69,69,69,69,69,69,69],"card_choices":[{"not_picked":["Distraction","Reflex"],"picked":"Poisoned Stab","floor":1.0},{"not_picked":["Heel Hook","Underhanded Strike","Flying Knee"],"picked":"SKIP","floor":5.0},{"not_picked":["Dagger Spray","Setup"],"picked":"Backstab","floor":7.0},{"not_picked":["Eviscerate","Deflect","Sucker Punch"],"picked":"SKIP","floor":11.0},{"not_picked":["Poisoned Stab","Quick Slash"],"picked":"Cloak And Dagger","floor":13.0},{"not_picked":["Dagger Spray","Underhanded Strike"],"picked":"Cloak And Dagger","floor":14.0},{"not_picked":["A Thousand Cuts","Doppelganger"],"picked":"Night Terror","floor":16.0},{"not_picked":["All Out Attack","Footwork"],"picked":"Infinite Blades","floor":18.0},{"not_picked":["Flying Knee","Dagger Throw","Slice"],"picked":"SKIP","floor":19.0},{"not_picked":["Slice","Dodge and Roll"],"picked":"Infinite Blades+1","floor":22.0},{"not_picked":["Bouncing Flask","Acrobatics","Flying Knee"],"picked":"SKIP","floor":24.0},{"not_picked":["Poisoned Stab","Doppelganger"],"picked":"Cloak And Dagger","floor":27.0},{"not_picked":["Prepared","Deflect"],"picked":"Concentrate","floor":31.0},{"not_picked":["Sucker Punch+1","Underhanded Strike","Dash"],"picked":"SKIP","floor":35.0},{"not_picked":["Blade Dance","Tactician","Cloak And Dagger"],"picked":"SKIP","floor":38.0},{"not_picked":["Enlightenment","Bandage Up"],"picked":"Dark Shackles","floor":39.0},{"not_picked":["Panacea","Metamorphosis"],"picked":"Thinking Ahead","floor":39.0},{"not_picked":["Skewer","Cloak And Dagger"],"picked":"Flechettes","floor":40.0},{"not_picked":["Cloak And Dagger","Deadly Poison+1"],"picked":"Noxious Fumes+1","floor":44.0},{"not_picked":["Underhanded Strike","Quick Slash","Bouncing Flask"],"picked":"SKIP","floor":46.0},{"not_picked":["Dagger Throw","Leg Sweep","Escape Plan"],"picked":"SKIP","floor":48.0},{"not_picked":["A Thousand Cuts","Dagger Throw"],"picked":"Backflip","floor":49.0}],"player_experience":666475,"relics_obtained":[{"floor":4.0,"key":"Bag of Marbles"},{"floor":7.0,"key":"Letter Opener"},{"floor":9.0,"key":"StrikeDummy"},{"floor":13.0,"key":"Shovel"},{"floor":14.0,"key":"Strawberry"},{"floor":24.0,"key":"Whetstone"},{"floor":26.0,"key":"Omamori"},{"floor":34.0,"key":"Nunchaku"},{"floor":34.0,"key":"HornCleat"},{"floor":34.0,"key":"The Specimen"},{"floor":40.0,"key":"Sundial"},{"floor":42.0,"key":"Du-Vu Doll"},{"floor":43.0,"key":"Blood Vial"},{"floor":44.0,"key":"InkBottle"},{"floor":45.0,"key":"Peace Pipe"}],"event_choices":[{"damage_healed":0.0,"max_hp_gain":0.0,"max_hp_loss":0.0,"gold_gain":75.0,"event_name":"World of Goop","player_choice":"Gather Gold","floor":2.0,"gold_loss":0.0,"damage_taken":11.0},{"damage_healed":0.0,"max_hp_gain":0.0,"max_hp_loss":0.0,"gold_gain":150.0,"event_name":"Liars Game","player_choice":"AGREE","floor":3.0,"gold_loss":0.0,"damage_taken":0.0,"cards_obtained":["Doubt"]},{"damage_healed":0.0,"max_hp_gain":0.0,"max_hp_loss":0.0,"gold_gain":0.0,"event_name":"Dead Adventurer","player_choice":"Searched \u00272\u0027 times","floor":14.0,"gold_loss":0.0,"damage_taken":0.0},{"cards_removed":["Strike_G"],"damage_healed":0.0,"max_hp_gain":0.0,"max_hp_loss":0.0,"gold_gain":0.0,"event_name":"Designer","player_choice":"Upgrade and Remove","floor":20.0,"gold_loss":110.0,"damage_taken":0.0,"cards_upgraded":["Strike_G"]},{"damage_healed":0.0,"max_hp_gain":0.0,"max_hp_loss":0.0,"gold_gain":0.0,"event_name":"The Mausoleum","player_choice":"Opened","floor":28.0,"gold_loss":0.0,"damage_taken":0.0,"relics_obtained":["Dream Catcher"],"cards_obtained":["Writhe"]},{"damage_healed":0.0,"max_hp_gain":0.0,"max_hp_loss":0.0,"gold_gain":0.0,"event_name":"Back to Basics","player_choice":"Simplicity","floor":30.0,"gold_loss":0.0,"damage_taken":0.0,"cards_upgraded":["Strike_G","Defend_G","Defend_G","Defend_G","Defend_G"]},{"damage_healed":0.0,"max_hp_gain":0.0,"max_hp_loss":4.0,"gold_gain":0.0,"event_name":"Winding Halls","player_choice":"Max HP","floor":36.0,"gold_loss":0.0,"damage_taken":0.0},{"cards_removed":["Infinite Blades"],"damage_healed":0.0,"max_hp_gain":0.0,"max_hp_loss":0.0,"gold_gain":0.0,"event_name":"WeMeetAgain","player_choice":"Gave Card","floor":37.0,"gold_loss":0.0,"damage_taken":0.0,"relics_obtained":["Gambling Chip"]},{"damage_healed":0.0,"max_hp_gain":0.0,"max_hp_loss":0.0,"gold_gain":0.0,"event_name":"SensoryStone","player_choice":"Memory 3","floor":39.0,"gold_loss":0.0,"damage_taken":10.0},{"damage_healed":0.0,"max_hp_gain":0.0,"max_hp_loss":0.0,"gold_gain":0.0,"event_name":"MindBloom","player_choice":"Fight","floor":42.0,"gold_loss":0.0,"damage_taken":0.0},{"damage_healed":0.0,"max_hp_gain":0.0,"max_hp_loss":0.0,"gold_gain":0.0,"event_name":"Mysterious Sphere","player_choice":"Fight","floor":45.0,"gold_loss":0.0,"damage_taken":0.0}],"is_beta":false,"boss_relics":[{"not_picked":["Runic Pyramid","Ring of the Serpent"],"picked":"Ectoplasm"},{"not_picked":["Tiny House","WristBlade"],"picked":"Calling Bell"}],"items_purged_floors":[8,21],"is_endless":false,"potions_floor_spawned":[5,11,14,27,31,33,40,48],"killed_by":"Time Eater","ascension_level":20}}