{"host":"p8f0otjoacyb9giz","time":1612544748,"event":{"mods":["AchievementEnabler","BaseMod","Downfall","Minty Spire (QoL Compilation)","StSLib"],"gold_per_floor":[99,110,120,133,133,166,166,178,205,215,115,128,144,172,186,186,186,186],"floor_reached":16,"language":"ENG","playtime":540,"items_purged":[],"score":196,"play_id":"d4129eb2-47e9-45dc-b93d-eebaf928de45","local_time":"20210205200548","is_ascension_mode":true,"campfire_choices":[{"floor":1,"key":"RECALL"},{"floor":11,"key":"REST"}],"circlet_count":0,"master_deck":["bronze:Strike","bronze:Strike","bronze:Strike","bronze:Strike","bronze:Defend","bronze:Defend","bronze:Defend","bronze:Replicate","bronze:Goto","bronze:Iterate","bronze:Format","bronze:FollowUp","bronze:InfiniteLoop","bronze:Repulsor+1","bronze:OilSpill","bronze:AlphaBuild","bronze:OilSpill"],"relics":["SacredBark","Lantern","Frozen Egg 2","PreservedInsect","downfall:HeartBlessingRed","bronze:BronzeIdol"],"acts_visited":["Exordium"],"potions_floor_usage":[9,14,15],"damage_taken":[{"damage":13,"enemies":"Jaw Worm","floor":2,"turns":5},{"damage":6,"enemies":"Cultist","floor":3,"turns":4},{"damage":0,"enemies":"Small Slimes","floor":4,"turns":2},{"damage":19,"enemies":"Gremlin Nob","floor":6,"turns":5},{"damage":5,"enemies":"2 Fungi Beasts","floor":8,"turns":4},{"damage":6,"enemies":"3 Sentries","floor":9,"turns":4},{"damage":3,"enemies":"Blue Slaver","floor":10,"turns":2},{"damage":6,"enemies":"Exordium Thugs","floor":12,"turns":3},{"damage":11,"enemies":"2 Fungi Beasts","floor":13,"turns":3},{"damage":0,"enemies":"Gremlin Nob","floor":14,"turns":2},{"damage":6,"enemies":"Lots of Slimes","floor":15,"turns":4},{"damage":8,"enemies":"IC_STATUS_ARCHETYPE","floor":16,"turns":2}],"seed_played":"-7363932194655174079","potions_obtained":[{"floor":4,"key":"DuplicationPotion"},{"floor":6,"key":"AttackPotion"},{"floor":12,"key":"SkillPotion"},{"floor":13,"key":"FearPotion"},{"floor":15,"key":"Strength Potion"}],"is_trial":false,"path_per_floor":["R","M","M","M","?","E","T","M","E","M","R","M","M","E","M","B"],"character_chosen":"THE_AUTOMATON","items_purchased":[],"campfire_rested":1,"item_purchase_floors":[],"current_hp_per_floor":[63,50,44,44,44,25,25,20,14,11,32,26,15,15,9,1,1,1],"gold":186,"neow_bonus":"BOSS_RELIC","is_daily":false,"chose_seed":false,"campfire_upgraded":0,"win_rate":0.0,"timestamp":1612544748,"path_taken":["R","M","M","M","?","E","T","?","E","M","R","M","M","E","M","BOSS"],"items_purchased_type":[],"build_version":"2020-12-22","purchased_purges":0,"victory":false,"max_hp_per_floor":[70,70,70,70,70,70,70,70,70,70,70,70,70,70,70,70,70,70],"card_choices":[{"not_picked":["bronze:BuggyMess","bronze:Fortify"],"picked":"bronze:Iterate","floor":2},{"not_picked":["bronze:WhirlingStrike","bronze:Overheat","bronze:BuggyMess"],"picked":"SKIP","floor":3},{"not_picked":["bronze:Refactor","bronze:BugBarrage","bronze:WhirlingStrike"],"picked":"SKIP","floor":4},{"not_picked":["bronze:DelayedGuard","bronze:CloningBeam"],"picked":"bronze:FollowUp","floor":6},{"not_picked":["bronze:CutThrough","bronze:ChosenStrike"],"picked":"bronze:InfiniteLoop","floor":8},{"not_picked":["bronze:FineTuning","bronze:ClassDefault+1"],"picked":"bronze:Repulsor+1","floor":9},{"not_picked":["bronze:Overheat","bronze:BuggyMess"],"picked":"bronze:OilSpill","floor":10},{"not_picked":["bronze:Deprecate","bronze:NullPointer"],"picked":"bronze:AlphaBuild","floor":12},{"not_picked":["bronze:Refactor","bronze:Separator","bronze:Constructor"],"picked":"SKIP","floor":13},{"not_picked":["bronze:Backtrace","bronze:SpaghettiCode","bronze:BugBarrage"],"picked":"SKIP","floor":14},{"not_picked":["bronze:BuggyMess","bronze:Branch"],"picked":"bronze:OilSpill","floor":15}],"player_experience":442249,"relics_obtained":[{"floor":6,"key":"Lantern"},{"floor":7,"key":"Frozen Egg 2"},{"floor":9,"key":"PreservedInsect"},{"floor":14,"key":"bronze:BronzeIdol"}],"event_choices":[],"is_beta":false,"boss_relics":[],"items_purged_floors":[],"is_endless":false,"potions_floor_spawned":[4,6,12,13,15],"killed_by":"IC_STATUS_ARCHETYPE","ascension_level":6}}