{"host":"7gewg82ormp6yt4e","time":1612535337,"event":{"mods":["BaseMod","Block Reminder","Colored Map","DeckTracker","Highlight Path","Minty Spire (QoL Compilation)","Relic Stats","StSLib","ojb\u0027s Info Mod"],"gold_per_floor":[115,115,190,208,44,44,70,70,70,70,93,112,143,156,156,235,235,251,29,29,29,51,63,101,151,216,263,290,302,239,324,336,421,433,455,146,162,173,185,219,231,261,270,285,285,285,308,362,362,362,362,362,362,4,48,48],"floor_reached":57,"language":"JPN","playtime":6314,"items_purged":["Shame"],"score":3285,"play_id":"7909cc89-b820-438c-8a55-1186a5b85e7a","local_time":"20210205232857","is_ascension_mode":true,"campfire_choices":[{"data":"BowlingBash","floor":6.0,"key":"SMITH"},{"floor":8.0,"key":"REST"},{"data":"Eruption","floor":10.0,"key":"SMITH"},{"data":"TalkToTheHand","floor":15.0,"key":"SMITH"},{"data":"TalkToTheHand","floor":23.0,"key":"SMITH"},{"data":"MentalFortress","floor":29.0,"key":"SMITH"},{"data":"Tantrum","floor":32.0,"key":"SMITH"},{"floor":46.0,"key":"RECALL"},{"data":"Wireheading","floor":49.0,"key":"SMITH"},{"data":"DevaForm","floor":53.0,"key":"SMITH"}],"circlet_count":0,"master_deck":["AscendersBane","Eruption+1","Vigilance","BowlingBash+1","FollowUp","Sanctity","TalkToTheHand+1","FollowUp","ConjureBlade+1","Omniscience+1","Sanctity+1","Conclude","Sanctity+1","Scrawl+1","FollowUp","ThirdEye+1","Omniscience+1","Meditate+1","Adaptation","Impatience+1","TalkToTheHand+1","Tantrum+1","SashWhip+1","EmptyBody+1","MentalFortress+1","Crescendo+1","DevaForm+1","InnerPeace+1","Wireheading+1","EmptyMind+1","ClearTheMind+1","Parasite","Fasting2+1","Injury","Vault+1","Wireheading+1","Blind+1","Fasting2+1"],"relics":["PureWater","Bag of Preparation","Tiny Chest","Toolbox","Potion Belt","Calipers","Akabeko","Toxic Egg 2","Pandora\u0027s Box","MawBank","Eternal Feather","Ancient Tea Set","Singing Bowl","Pear","Cursed Key","OrangePellets","Frozen Egg 2","CeramicFish","Letter Opener","MealTicket","CloakClasp"],"acts_visited":["Exordium","TheCity","TheBeyond","TheEnding"],"potions_floor_usage":[56,56,56,56],"damage_taken":[{"damage":0.0,"enemies":"Jaw Worm","floor":1.0,"turns":4.0},{"damage":0.0,"enemies":"Cultist","floor":4.0,"turns":2.0},{"damage":22.0,"enemies":"3 Sentries","floor":7.0,"turns":9.0},{"damage":0.0,"enemies":"Small Slimes","floor":12.0,"turns":3.0},{"damage":0.0,"enemies":"Gremlin Nob","floor":13.0,"turns":2.0},{"damage":1.0,"enemies":"2 Fungi Beasts","floor":14.0,"turns":3.0},{"damage":30.0,"enemies":"Hexaghost","floor":16.0,"turns":9.0},{"damage":0.0,"enemies":"2 Thieves","floor":18.0,"turns":2.0},{"damage":0.0,"enemies":"Spheric Guardian","floor":22.0,"turns":1.0},{"damage":0.0,"enemies":"Slavers","floor":24.0,"turns":1.0},{"damage":3.0,"enemies":"Snake Plant","floor":25.0,"turns":4.0},{"damage":5.0,"enemies":"Gremlin Leader","floor":27.0,"turns":4.0},{"damage":0.0,"enemies":"Centurion and Healer","floor":28.0,"turns":4.0},{"damage":0.0,"enemies":"Slavers","floor":31.0,"turns":4.0},{"damage":0.0,"enemies":"Champ","floor":33.0,"turns":7.0},{"damage":0.0,"enemies":"Orb Walker","floor":35.0,"turns":3.0},{"damage":23.0,"enemies":"3 Darklings","floor":37.0,"turns":3.0},{"damage":0.0,"enemies":"Jaw Worm Horde","floor":38.0,"turns":3.0},{"damage":0.0,"enemies":"Maw","floor":39.0,"turns":5.0},{"damage":0.0,"enemies":"Nemesis","floor":40.0,"turns":5.0},{"damage":0.0,"enemies":"Writhing Mass","floor":41.0,"turns":8.0},{"damage":0.0,"enemies":"Giant Head","floor":42.0,"turns":8.0},{"damage":4.0,"enemies":"Spire Growth","floor":44.0,"turns":4.0},{"damage":13.0,"enemies":"Jaw Worm Horde","floor":47.0,"turns":3.0},{"damage":0.0,"enemies":"Time Eater","floor":50.0,"turns":7.0},{"damage":27.0,"enemies":"Donu and Deca","floor":51.0,"turns":6.0},{"damage":0.0,"enemies":"Shield and Spear","floor":55.0,"turns":2.0},{"damage":41,"enemies":"The Heart","floor":56,"turns":9}],"seed_played":"7517058550488346841","potions_obtained":[{"floor":4.0,"key":"FearPotion"},{"floor":12.0,"key":"EntropicBrew"},{"floor":13.0,"key":"StancePotion"},{"floor":22.0,"key":"CultistPotion"},{"floor":27.0,"key":"Strength Potion"},{"floor":33.0,"key":"Strength Potion"},{"floor":38.0,"key":"BlessingOfTheForge"},{"floor":40.0,"key":"SpeedPotion"},{"floor":44.0,"key":"DuplicationPotion"}],"is_trial":false,"path_per_floor":["M","?","?","M","$","R","E","R","T","R","T","M","E","M","R","B",null,"M","$","?","T","M","R","E","M","T","E","M","R","?","E","R","B",null,"M","$","M","M","M","E","M","E","T","M","?","R","M","T","R","B","B",null,"R","$","E","B",null],"character_chosen":"WATCHER","items_purchased":["Toolbox","Adaptation","Impatience+1","TalkToTheHand","Wireheading","OrangePellets","EmptyMind+1","Vault+1","Wireheading+1","Blind+1","Weak Potion"],"campfire_rested":1,"item_purchase_floors":[5,19,19,19,36,36,36,54,54,54,54],"current_hp_per_floor":[61,56,45,45,45,45,23,43,43,43,43,43,43,42,42,27,58,58,58,58,58,58,58,58,55,55,50,50,65,65,77,80,80,80,80,80,59,59,61,63,65,67,67,65,65,83,70,70,91,91,64,85,92,92,92,51],"gold":48,"neow_bonus":"RANDOM_COMMON_RELIC","is_daily":false,"chose_seed":false,"campfire_upgraded":8,"win_rate":0.0,"timestamp":1612535337,"path_taken":["M","?","?","M","$","R","E","R","T","R","?","M","E","M","R","BOSS","M","$","?","?","M","R","E","M","T","E","M","R","?","E","R","BOSS","M","$","M","M","M","E","M","E","T","M","?","R","?","?","R","BOSS","BOSS","R","$","E","BOSS"],"items_purchased_type":["Relic","Card","Card","Card","Card","Relic","Card","Card","Card","Card","Potion"],"build_version":"2020-12-22","purchased_purges":1,"victory":true,"max_hp_per_floor":[68,68,68,68,68,68,68,68,68,68,68,68,68,68,68,68,68,68,68,68,68,68,68,68,68,68,68,68,68,68,80,80,80,80,80,80,82,82,84,86,88,90,90,92,92,92,92,92,92,92,92,92,92,92,92,92],"relic_stats":{"Singing Bowl":14,"counters":[28,125],"CeramicFish":63,"Eternal Feather":64,"Bag of Preparation":[56],"CloakClasp":[34],"Letter Opener":[100],"MawBank":180,"Cursed Key":2,"OrangePellets":[16],"Tiny Chest":2,"Pandora\u0027s Box":["Sanctity","Conclude","Sanctity","Scrawl","FollowUp","ThirdEye","Omniscience","Study"],"MealTicket":0,"obtain_stats":[{"Potion Belt":7,"Calipers":9,"Pear":31,"Singing Bowl":27,"CeramicFish":42,"Eternal Feather":24,"Bag of Preparation":0,"CloakClasp":55,"Letter Opener":45,"Frozen Egg 2":40,"MawBank":21,"Ancient Tea Set":26,"Cursed Key":34,"Akabeko":11,"OrangePellets":36,"Toolbox":5,"Tiny Chest":2,"Pandora\u0027s Box":17,"MealTicket":48,"PureWater":0,"Toxic Egg 2":13},{"Potion Belt":3,"Calipers":3,"Pear":14,"Singing Bowl":12,"CeramicFish":22,"Eternal Feather":10,"Bag of Preparation":0,"CloakClasp":27,"Letter Opener":23,"Frozen Egg 2":20,"MawBank":8,"Ancient Tea Set":11,"Cursed Key":15,"Akabeko":3,"OrangePellets":16,"Toolbox":2,"Tiny Chest":1,"Pandora\u0027s Box":7,"MealTicket":24,"PureWater":0,"Toxic Egg 2":5},{"Potion Belt":15,"Calipers":15,"Pear":52,"Singing Bowl":44,"CeramicFish":94,"Eternal Feather":36,"Bag of Preparation":0,"CloakClasp":116,"Letter Opener":98,"Frozen Egg 2":78,"MawBank":34,"Ancient Tea Set":40,"Cursed Key":59,"Akabeko":15,"OrangePellets":62,"Toolbox":6,"Tiny Chest":4,"Pandora\u0027s Box":32,"MealTicket":101,"PureWater":0,"Toxic Egg 2":20}]},"card_choices":[{"not_picked":["ThirdEye","Pray"],"picked":"BowlingBash","floor":1.0},{"not_picked":["CrushJoints","PathToVictory"],"picked":"FollowUp","floor":4.0},{"not_picked":["CrushJoints","Evaluate"],"picked":"Sanctity","floor":7.0},{"not_picked":["SashWhip","EmptyBody"],"picked":"TalkToTheHand","floor":12.0},{"not_picked":["Crescendo+1","Perseverance+1"],"picked":"FollowUp","floor":13.0},{"not_picked":["PathToVictory+1","CutThroughFate"],"picked":"ConjureBlade+1","floor":14.0},{"not_picked":["Ragnarok","Blasphemy+1"],"picked":"Omniscience+1","floor":16.0},{"not_picked":["Consecrate+1","ReachHeaven"],"picked":"Meditate+1","floor":18.0},{"not_picked":["FlyingSleeves","Evaluate+1"],"picked":"Tantrum","floor":22.0},{"not_picked":["BowlingBash","Fasting2"],"picked":"SashWhip+1","floor":24.0},{"not_picked":["Evaluate+1","WindmillStrike"],"picked":"EmptyBody+1","floor":25.0},{"not_picked":["BowlingBash","Alpha+1"],"picked":"MentalFortress","floor":27.0},{"not_picked":["JustLucky","EmptyFist"],"picked":"Crescendo+1","floor":28.0},{"not_picked":["Crescendo+1","Swivel+1","BattleHymn+1"],"picked":"Singing Bowl","floor":31.0},{"not_picked":["DeusExMachina+1","Establishment"],"picked":"DevaForm","floor":33.0},{"not_picked":["Wireheading","CutThroughFate"],"picked":"InnerPeace+1","floor":35.0},{"not_picked":["CutThroughFate+1","Sanctity+1","ReachHeaven+1"],"picked":"Singing Bowl","floor":37.0},{"not_picked":["CutThroughFate","Meditate+1"],"picked":"ClearTheMind+1","floor":38.0},{"not_picked":["ClearTheMind+1","Crescendo+1","LikeWater"],"picked":"Singing Bowl","floor":39.0},{"not_picked":["LessonLearned","Protect+1","SignatureMove"],"picked":"Singing Bowl","floor":40.0},{"not_picked":["WreathOfFlame+1","PathToVictory+1","LikeWater+1"],"picked":"Singing Bowl","floor":41.0},{"not_picked":["FollowUp+1","ClearTheMind+1","Protect+1"],"picked":"Singing Bowl","floor":42.0},{"not_picked":["FlyingSleeves","Swivel+1","LikeWater+1"],"picked":"Singing Bowl","floor":44.0},{"not_picked":["Vengeance+1","EmptyBody+1"],"picked":"Fasting2+1","floor":47.0},{"not_picked":["Meditate+1","CutThroughFate"],"picked":"Fasting2+1","floor":55.0}],"player_experience":2782278,"relics_obtained":[{"floor":7.0,"key":"Potion Belt"},{"floor":9.0,"key":"Calipers"},{"floor":11.0,"key":"Akabeko"},{"floor":13.0,"key":"Toxic Egg 2"},{"floor":21.0,"key":"MawBank"},{"floor":24.0,"key":"Eternal Feather"},{"floor":26.0,"key":"Ancient Tea Set"},{"floor":27.0,"key":"Singing Bowl"},{"floor":31.0,"key":"Pear"},{"floor":40.0,"key":"Frozen Egg 2"},{"floor":42.0,"key":"CeramicFish"},{"floor":45.0,"key":"Letter Opener"},{"floor":48.0,"key":"MealTicket"},{"floor":55.0,"key":"CloakClasp"}],"event_choices":[{"damage_healed":0.0,"max_hp_gain":0.0,"max_hp_loss":0.0,"gold_gain":0.0,"event_name":"Scrap Ooze","player_choice":"Success","floor":2.0,"gold_loss":0.0,"damage_taken":5.0,"relics_obtained":["Tiny Chest"]},{"damage_healed":0.0,"max_hp_gain":0.0,"max_hp_loss":0.0,"gold_gain":75.0,"event_name":"World of Goop","player_choice":"Gather Gold","floor":3.0,"gold_loss":0.0,"damage_taken":11.0},{"cards_removed":["Study"],"damage_healed":0.0,"max_hp_gain":0.0,"max_hp_loss":0.0,"gold_gain":0.0,"event_name":"Beggar","player_choice":"Gave Gold","floor":30.0,"gold_loss":75.0,"damage_taken":0.0},{"damage_healed":0.0,"max_hp_gain":0.0,"max_hp_loss":0.0,"gold_gain":0.0,"event_name":"Wheel of Change","player_choice":"Relic","floor":45.0,"gold_loss":0.0,"damage_taken":0.0}],"is_beta":false,"boss_relics":[{"not_picked":["Black Star","SlaversCollar"],"picked":"Pandora\u0027s Box"},{"not_picked":["Sozu","Velvet Choker"],"picked":"Cursed Key"}],"items_purged_floors":[54],"is_endless":false,"potions_floor_spawned":[4,12,13,22,27,33,38,40,41,44],"ascension_level":20}}