{"host":"eaiphzh066bwqdh7","time":1612490532,"event":{"mods":["BaseMod","Better Note","Halation","Hubris","Minty Spire (QoL Compilation)","Reliquary","Replay The Spire","StSLib"],"gold_per_floor":[118,118,136,152,0,0,27,44,44,44,44],"floor_reached":10,"language":"ENG","playtime":292,"items_purged":[],"score":78,"play_id":"3d02f72e-142f-4541-adda-5033373111cf","local_time":"20210204210212","is_ascension_mode":true,"campfire_choices":[{"data":"Vigilance","floor":6,"key":"SMITH"}],"circlet_count":0,"master_deck":["Chrysalis+1","Strike_P","Strike_P","Strike_P","Strike_P","Defend_P","Defend_P","Defend_P","Defend_P","Eruption","Vigilance+1","Prostrate"],"relics":["PureWater","NeowsBlessing","halation:KoshaPiece","hubris:EmptyBottle","HornCleat","Orichalcum"],"acts_visited":["Exordium"],"potions_floor_usage":[],"damage_taken":[{"damage":0,"enemies":"Small Slimes","floor":1,"turns":1},{"damage":0,"enemies":"Cultist","floor":3,"turns":1},{"damage":0,"enemies":"Jaw Worm","floor":4,"turns":1},{"damage":50,"enemies":"Lagavulin","floor":7,"turns":12},{"damage":1,"enemies":"Large Slime","floor":8,"turns":3},{"damage":24,"enemies":"3 Sentries","floor":10,"turns":7}],"seed_played":"-6326846843344379209","potions_obtained":[{"floor":1,"key":"SkillPotion"},{"floor":4,"key":"Venom Potion"}],"is_trial":false,"path_per_floor":["M","?","M","M","$","R","E","M","T","E"],"character_chosen":"WATCHER","items_purchased":["hubris:EmptyBottle"],"campfire_rested":0,"item_purchase_floors":[5],"current_hp_per_floor":[72,72,72,72,72,72,22,21,21,0,0],"gold":44,"neow_bonus":"THREE_ENEMY_KILL","is_daily":false,"chose_seed":false,"campfire_upgraded":1,"win_rate":0.0,"timestamp":1612490532,"path_taken":["M","?","?","M","$","R","E","M","T","E"],"items_purchased_type":["Relic"],"build_version":"2020-12-22","purchased_purges":0,"victory":false,"max_hp_per_floor":[72,72,72,72,72,72,72,72,72,72,72],"card_choices":[{"not_picked":["CarveReality","Halt","Replay:ManipulateFuture"],"picked":"SKIP","floor":1},{"not_picked":["Replay:BluntJabs","Consecrate","MentalFortress"],"picked":"SKIP","floor":3},{"not_picked":["FlyingSleeves","Replay:Battleflow"],"picked":"Prostrate","floor":4},{"not_picked":["Crescendo","Collect","Consecrate"],"picked":"SKIP","floor":7},{"not_picked":["Consecrate","BowlingBash","Swivel"],"picked":"SKIP","floor":8}],"player_experience":255350,"relics_obtained":[{"floor":7,"key":"HornCleat"},{"floor":9,"key":"Orichalcum"}],"event_choices":[{"damage_healed":0,"gold_gain":0,"player_choice":"Gave Potion","damage_taken":0,"relics_obtained":["halation:KoshaPiece"],"max_hp_gain":0,"max_hp_loss":0,"event_name":"WeMeetAgain","floor":2,"gold_loss":0}],"is_beta":false,"boss_relics":[],"items_purged_floors":[],"is_endless":false,"potions_floor_spawned":[1,4],"killed_by":"3 Sentries","ascension_level":3}}