{"host":"9n6i2vl93jt4o42q","time":1612548018,"event":{"mods":["BaseMod","Minty Spire (QoL Compilation)","Relic Stats"],"gold_per_floor":[118,131,145,220,237,237,264,282,332,360,371,371,46,76,76,76,76],"floor_reached":16,"language":"ENG","playtime":3833,"items_purged":[],"score":224,"play_id":"e3a69e47-0fc1-48dd-b426-f38dffdd8252","local_time":"20210205190018","is_ascension_mode":true,"campfire_choices":[{"data":"Zap","floor":6.0,"key":"SMITH"},{"data":"Genetic Algorithm","floor":12.0,"key":"SMITH"},{"data":"Blizzard","floor":15.0,"key":"SMITH"}],"circlet_count":0,"master_deck":["AscendersBane","Strike_B","Strike_B","Strike_B","Strike_B","Defend_B","Defend_B","Defend_B","Defend_B","Zap+1","Dualcast","Cold Snap","Compile Driver","Self Repair","Gash","Cold Snap","Capacitor","Ball Lightning","Genetic Algorithm+1","Beam Cell","Chill","Blizzard+1"],"relics":["Cracked Core","Toy Ornithopter","Juzu Bracelet","Letter Opener","Potion Belt","MealTicket"],"acts_visited":["Exordium"],"potions_floor_usage":[16],"damage_taken":[{"damage":2.0,"enemies":"Jaw Worm","floor":1.0,"turns":3.0},{"damage":1.0,"enemies":"Small Slimes","floor":2.0,"turns":3.0},{"damage":1.0,"enemies":"2 Louse","floor":3.0,"turns":3.0},{"damage":10.0,"enemies":"Looter","floor":5.0,"turns":4.0},{"damage":25.0,"enemies":"Lagavulin","floor":7.0,"turns":8.0},{"damage":10.0,"enemies":"Lots of Slimes","floor":8.0,"turns":4.0},{"damage":33.0,"enemies":"3 Sentries","floor":10.0,"turns":7.0},{"damage":2.0,"enemies":"Exordium Thugs","floor":11.0,"turns":4.0},{"damage":39,"enemies":"Hexaghost","floor":16,"turns":9}],"seed_played":"-1135220379219750868","potions_obtained":[{"floor":1.0,"key":"Regen Potion"},{"floor":3.0,"key":"AttackPotion"},{"floor":11.0,"key":"Explosive Potion"}],"is_trial":false,"path_per_floor":["M","M","M","?","M","R","E","M","T","E","M","R","$","?","R","B"],"character_chosen":"DEFECT","items_purchased":["Potion Belt","Chill","Blizzard"],"campfire_rested":0,"item_purchase_floors":[13,13,13],"current_hp_per_floor":[62,61,67,56,53,53,35,54,54,28,33,33,33,33,33,0,0],"gold":76,"neow_bonus":"THREE_CARDS","is_daily":false,"chose_seed":false,"campfire_upgraded":3,"win_rate":0.0,"timestamp":1612548018,"path_taken":["M","M","M","?","M","R","E","M","T","E","M","R","$","?","R","BOSS"],"items_purchased_type":["Relic","Card","Card"],"build_version":"2020-12-22","purchased_purges":0,"victory":false,"max_hp_per_floor":[71,71,71,71,71,71,71,71,71,71,71,71,71,71,71,71,71],"relic_stats":{"counters":[9,45],"MealTicket":0,"Juzu Bracelet":0,"Letter Opener":[5],"obtain_stats":[{"Potion Belt":13,"MealTicket":14,"Juzu Bracelet":9,"Letter Opener":10,"Cracked Core":0,"Toy Ornithopter":7},{"Potion Belt":8,"MealTicket":8,"Juzu Bracelet":6,"Letter Opener":7,"Cracked Core":0,"Toy Ornithopter":5},{"Potion Belt":36,"MealTicket":36,"Juzu Bracelet":25,"Letter Opener":32,"Cracked Core":0,"Toy Ornithopter":21}],"Toy Ornithopter":15},"card_choices":[{"not_picked":["Hologram","Rip and Tear"],"picked":"Cold Snap","floor":0.0},{"not_picked":["Reinforced Body","Turbo"],"picked":"Compile Driver","floor":1.0},{"not_picked":["Coolheaded","Leap"],"picked":"Self Repair","floor":2.0},{"not_picked":["Scrape","Stack"],"picked":"Gash","floor":3.0},{"not_picked":["Redo","Heatsinks"],"picked":"Cold Snap","floor":5.0},{"not_picked":["Steam","Hyperbeam"],"picked":"Capacitor","floor":7.0},{"not_picked":["Sweeping Beam","Gash"],"picked":"Ball Lightning","floor":8.0},{"not_picked":["Ball Lightning","Static Discharge"],"picked":"Genetic Algorithm","floor":10.0},{"not_picked":["Static Discharge","Cold Snap"],"picked":"Beam Cell","floor":11.0}],"player_experience":2464646,"relics_obtained":[{"floor":7.0,"key":"Toy Ornithopter"},{"floor":9.0,"key":"Juzu Bracelet"},{"floor":10.0,"key":"Letter Opener"}],"event_choices":[{"damage_healed":0.0,"max_hp_gain":0.0,"max_hp_loss":0.0,"gold_gain":75.0,"event_name":"World of Goop","player_choice":"Gather Gold","floor":4.0,"gold_loss":0.0,"damage_taken":11.0},{"damage_healed":0.0,"max_hp_gain":0.0,"max_hp_loss":0.0,"gold_gain":30.0,"event_name":"Dead Adventurer","player_choice":"Searched \u00272\u0027 times","floor":14.0,"gold_loss":0.0,"damage_taken":0.0,"relics_obtained":["MealTicket"]}],"is_beta":false,"boss_relics":[],"items_purged_floors":[],"is_endless":false,"potions_floor_spawned":[1,3,11],"killed_by":"Hexaghost","ascension_level":20}}