{"host":"usru02jcpe2a942d","time":1612486565,"event":{"mods":["ATMod(阿瑾Mod)","Act Like it!","BaseMod","Better Note","Better Vampires","Challenge The Spire","Colored Powertips","Friendly Minions","GifTheSpireLib","Highlight Path","Hubris","Infinite Spire","Jedi Mod","Minty Spire (QoL Compilation)","MostiFishMod","Pale of the Ancients","Quick Restart","Relic Stats","RumiaBox-露米娅的神秘盒子","StSLib","The Hayseed","noobMod","【遗物卡牌】REMEMod","篝火指南"],"gold_per_floor":[362,36,36,36],"floor_reached":3,"language":"ZHS","playtime":226,"items_purged":[],"score":15,"play_id":"500de01a-9812-443e-9062-c50a388711af","local_time":"20210205085605","daily_mods":["SealedDeck","Vintage","Heirloom","Time Dilation","Flight","DeadlyEvents","Elite Swarm","Night Terrors","challengethespire:Elite Rush","Uncertain Future"],"is_ascension_mode":false,"campfire_choices":[],"circlet_count":0,"master_deck":["TheSimpletonMod:HitTheSack+1","AT_FamilyPortrait+1","TheSimpletonMod:SoilSample"],"relics":["TheSimpletonMod:SpudOfTheInnocent","TheSimpletonMod:NightSoil","TheSimpletonMod:TheHarvester","Black Star","Sling","PreservedInsect","DaveBox","ice","REME_ComplimentaryCards","jedi:maincommand","AT_ATBox","BrkXgEgg","hubris:Potato","Membership Card","AT_ChloranthyRing","jedi:heavyjacket","REME_HandOfSuture","Civilization","AT_Manta"],"acts_visited":["Exordium"],"potions_floor_usage":[],"damage_taken":[{"damage":0,"enemies":"3 Sentries","floor":3,"turns":1}],"seed_played":"2581459172035594976","potions_obtained":[],"is_trial":true,"path_per_floor":["$","$","E"],"character_chosen":"THE_SIMPLETON","items_purchased":["jedi:command_shop","jedi:command_common","jedi:command_uncommon","TheSimpletonMod:SoilSample","jedi:command_common","jedi:command_shop","jedi:command_rare"],"campfire_rested":0,"item_purchase_floors":[1,1,1,1,2,2,2],"current_hp_per_floor":[75,75,75,75],"gold":36,"neow_bonus":"","is_daily":false,"chose_seed":false,"campfire_upgraded":0,"win_rate":0.0,"timestamp":1612486565,"path_taken":["$","$","E"],"items_purchased_type":["Relic","Relic","Relic","Card","Relic","Relic","Relic"],"build_version":"2020-12-22","purchased_purges":0,"victory":false,"max_hp_per_floor":[75,75,75,75],"relic_stats":{"counters":[1,1],"PreservedInsect":32,"Black Star":0,"obtain_stats":[{"AT_ChloranthyRing":1,"jedi:command_common":1,"jedi:command_uncommon":1,"AT_ATBox":0,"DaveBox":0,"AT_Manta":2,"jedi:command_rare":0,"PreservedInsect":0,"BrkXgEgg":0,"ice":0,"Sling":0,"TheSimpletonMod:TheHarvester":0,"jedi:heavyjacket":1,"Civilization":2,"REME_HandOfSuture":2,"TheSimpletonMod:SpudOfTheInnocent":0,"Black Star":0,"jedi:maincommand":0,"Membership Card":1,"jedi:command_shop":1,"TheSimpletonMod:NightSoil":0,"hubris:Potato":0,"REME_ComplimentaryCards":0},{"AT_ChloranthyRing":0,"jedi:command_common":0,"jedi:command_uncommon":0,"AT_ATBox":0,"DaveBox":0,"AT_Manta":0,"jedi:command_rare":0,"PreservedInsect":0,"BrkXgEgg":0,"ice":0,"Sling":0,"TheSimpletonMod:TheHarvester":0,"jedi:heavyjacket":0,"Civilization":0,"REME_HandOfSuture":0,"TheSimpletonMod:SpudOfTheInnocent":0,"Black Star":0,"jedi:maincommand":0,"Membership Card":0,"jedi:command_shop":0,"TheSimpletonMod:NightSoil":0,"hubris:Potato":0,"REME_ComplimentaryCards":0},{"AT_ChloranthyRing":0,"jedi:command_common":0,"jedi:command_uncommon":0,"AT_ATBox":0,"DaveBox":0,"AT_Manta":0,"jedi:command_rare":0,"PreservedInsect":0,"BrkXgEgg":0,"ice":0,"Sling":0,"TheSimpletonMod:TheHarvester":0,"jedi:heavyjacket":0,"Civilization":0,"REME_HandOfSuture":0,"TheSimpletonMod:SpudOfTheInnocent":0,"Black Star":0,"jedi:maincommand":0,"Membership Card":0,"jedi:command_shop":0,"TheSimpletonMod:NightSoil":0,"hubris:Potato":0,"REME_ComplimentaryCards":0}]},"card_choices":[],"player_experience":249951,"relics_obtained":[],"event_choices":[],"is_beta":false,"boss_relics":[],"items_purged_floors":[],"is_endless":false,"potions_floor_spawned":[],"killed_by":"3 Sentries","ascension_level":0}}