{"host":"rolltorest","time":1612507009,"event":{"mods":["BaseMod","Minty Spire (QoL Compilation)","Relic Stats","Slay the Relics Exporter","StSLib"],"gold_per_floor":[415,427,439,364,375,375,400,416,439,439,439],"floor_reached":10,"language":"ENG","playtime":362,"items_purged":[],"score":140,"play_id":"5955a184-a899-437f-95c1-aa23c3ec860c","local_time":"20210204223649","is_ascension_mode":true,"campfire_choices":[{"data":"WheelKick","floor":6,"key":"SMITH"}],"circlet_count":0,"master_deck":["AscendersBane","Strike_P","Strike_P","Strike_P","Defend_P","Defend_P","Defend_P","Defend_P","Eruption","Vigilance","CurseOfTheBell","BowlingBash","EmptyFist","EmptyMind","WheelKick+1","Meditate","BowlingBash"],"relics":["Calling Bell","MealTicket","Ornamental Fan","Old Coin","Question Card","Bag of Preparation"],"acts_visited":["Exordium"],"potions_floor_usage":[7,7,10],"damage_taken":[{"damage":9,"enemies":"Small Slimes","floor":1,"turns":4},{"damage":1,"enemies":"2 Louse","floor":2,"turns":3},{"damage":1,"enemies":"Cultist","floor":3,"turns":4},{"damage":5,"enemies":"Looter","floor":5,"turns":5},{"damage":36,"enemies":"Lagavulin","floor":7,"turns":10},{"damage":2,"enemies":"2 Fungi Beasts","floor":8,"turns":4},{"damage":4,"enemies":"Gremlin Nob","floor":10,"turns":3}],"seed_played":"-1329261124358960279","potions_obtained":[{"floor":1,"key":"SkillPotion"},{"floor":2,"key":"LiquidMemories"},{"floor":7,"key":"StancePotion"}],"is_trial":false,"path_per_floor":["M","M","M","?","M","R","E","M","T","E"],"character_chosen":"WATCHER","items_purchased":[],"campfire_rested":0,"item_purchase_floors":[],"current_hp_per_floor":[52,51,50,50,45,45,9,7,7,3,3],"gold":439,"neow_bonus":"BOSS_RELIC","is_daily":false,"chose_seed":false,"campfire_upgraded":1,"win_rate":0.0,"timestamp":1612507009,"path_taken":["M","M","M","?","M","R","E","M","T","E"],"items_purchased_type":[],"build_version":"2020-12-18","purchased_purges":0,"victory":false,"max_hp_per_floor":[68,68,68,68,68,68,68,68,68,68,68],"relic_stats":{"counters":[7,33],"Ornamental Fan":[24],"MealTicket":0,"Bag of Preparation":[2],"Question Card":1,"obtain_stats":[{"Calling Bell":0,"Ornamental Fan":0,"MealTicket":0,"Bag of Preparation":9,"PureWater":0,"Question Card":7,"Old Coin":0},{"Calling Bell":0,"Ornamental Fan":0,"MealTicket":0,"Bag of Preparation":6,"PureWater":0,"Question Card":5,"Old Coin":0},{"Calling Bell":0,"Ornamental Fan":0,"MealTicket":0,"Bag of Preparation":30,"PureWater":0,"Question Card":26,"Old Coin":0}]},"card_choices":[{"not_picked":["FollowUp","JustLucky"],"picked":"BowlingBash","floor":1},{"not_picked":["Weave","FlyingSleeves"],"picked":"EmptyFist","floor":2},{"not_picked":["JustLucky","Sanctity"],"picked":"EmptyMind","floor":3},{"not_picked":["BattleHymn","Consecrate"],"picked":"WheelKick","floor":5},{"not_picked":["Swivel","EmptyBody"],"picked":"Meditate","floor":7},{"not_picked":["Perseverance","Prostrate","Protect"],"picked":"BowlingBash","floor":8}],"player_experience":1858613,"relics_obtained":[{"floor":0,"key":"MealTicket"},{"floor":0,"key":"Ornamental Fan"},{"floor":0,"key":"Old Coin"},{"floor":7,"key":"Question Card"},{"floor":9,"key":"Bag of Preparation"}],"event_choices":[{"cards_removed":["Strike_P"],"damage_healed":0,"gold_gain":0,"player_choice":"Card Removal","damage_taken":0,"max_hp_gain":0,"max_hp_loss":0,"event_name":"The Cleric","floor":4,"gold_loss":75}],"is_beta":true,"boss_relics":[],"items_purged_floors":[],"is_endless":false,"potions_floor_spawned":[1,2,7],"killed_by":"Gremlin Nob","ascension_level":20}}