{"host":"5n1fl7z5i1vf7jan","time":1612489987,"event":{"mods":["BaseMod","Minty Spire (QoL Compilation)","Quick Restart","Relic Stats"],"gold_per_floor":[119,119,119,140,155,155,194,194,219,234,274,274,294,317,317,407,407,432,445,465,98,121,121,160,160,185,185,185],"floor_reached":27,"language":"ENG","playtime":894,"items_purged":["Strike_P"],"score":624,"play_id":"f2cd2ae6-c73a-49f4-8650-fbdd2c3e3d4f","local_time":"20210204175306","is_ascension_mode":true,"campfire_choices":[{"data":"Eruption","floor":6.0,"key":"SMITH"},{"data":"Wallop","floor":8.0,"key":"SMITH"},{"data":"Tantrum","floor":15.0,"key":"SMITH"},{"floor":23,"key":"REST"},{"floor":25,"key":"REST"}],"circlet_count":0,"master_deck":["AscendersBane","Strike_P","Strike_P","Strike_P","Defend_P","Defend_P","Defend_P","Defend_P","Eruption+1","Vigilance","Wallop+1","CrushJoints","Weave","Weave","Weave","Consecrate","Tantrum+1","JustLucky","FlurryOfBlows","WheelKick","EmptyMind","PanicButton","JustLucky"],"relics":["PureWater","NeowsBlessing","Golden Idol","Nunchaku","Oddly Smooth Stone","Bag of Preparation","Busted Crown","Letter Opener","Juzu Bracelet"],"acts_visited":["Exordium","TheCity"],"potions_floor_usage":[22,24],"damage_taken":[{"damage":0.0,"enemies":"Jaw Worm","floor":1.0,"turns":1.0},{"damage":0.0,"enemies":"Small Slimes","floor":4.0,"turns":1.0},{"damage":0.0,"enemies":"2 Louse","floor":5.0,"turns":1.0},{"damage":38.0,"enemies":"Lagavulin","floor":7.0,"turns":10.0},{"damage":10.0,"enemies":"Lots of Slimes","floor":10.0,"turns":4.0},{"damage":0.0,"enemies":"Gremlin Nob","floor":11.0,"turns":3.0},{"damage":7.0,"enemies":"Gremlin Gang","floor":13.0,"turns":5.0},{"damage":0.0,"enemies":"Exordium Thugs","floor":14.0,"turns":2.0},{"damage":0.0,"enemies":"Slime Boss","floor":16.0,"turns":4.0},{"damage":14.0,"enemies":"Shell Parasite","floor":18.0,"turns":4.0},{"damage":0.0,"enemies":"3 Byrds","floor":19.0,"turns":3.0},{"damage":24,"enemies":"Centurion and Healer","floor":20,"turns":5},{"damage":9,"enemies":"Snecko","floor":22,"turns":6},{"damage":38,"enemies":"Slavers","floor":24,"turns":5},{"damage":26,"enemies":"Shelled Parasite and Fungi","floor":27,"turns":2}],"seed_played":"3473980713920399426","potions_obtained":[{"floor":4.0,"key":"Explosive Potion"},{"floor":11.0,"key":"SpeedPotion"},{"floor":12.0,"key":"Strength Potion"},{"floor":13.0,"key":"Fire Potion"},{"floor":16.0,"key":"Energy Potion"},{"floor":20,"key":"Regen Potion"}],"is_trial":false,"path_per_floor":["M","?","?","M","M","R","E","R","T","M","E","?","M","M","R","B",null,"M","M","M","$","M","R","E","R","T","M"],"character_chosen":"WATCHER","items_purchased":["DuplicationPotion","WheelKick","EmptyMind","PanicButton"],"campfire_rested":2,"item_purchase_floors":[21,21,21,21],"current_hp_per_floor":[61,61,66,66,66,66,28,28,28,18,18,18,11,11,11,11,53,39,39,15,15,21,41,3,23,23,0,0],"gold":185,"neow_bonus":"THREE_ENEMY_KILL","is_daily":false,"chose_seed":false,"campfire_upgraded":3,"win_rate":0.0,"timestamp":1612489986,"path_taken":["M","?","?","M","M","R","E","R","T","M","E","?","M","M","R","BOSS","M","?","M","$","?","R","E","R","T","M"],"items_purchased_type":["Potion","Card","Card","Card"],"build_version":"2020-12-22","purchased_purges":1,"victory":false,"max_hp_per_floor":[68,62,67,67,67,67,67,67,67,67,67,67,67,67,67,67,67,67,67,67,67,67,67,67,67,67,67,67],"relic_stats":{"Nunchaku":[14],"Busted Crown":10,"counters":[15,56],"Golden Idol":78,"Bag of Preparation":[18],"Juzu Bracelet":0,"Letter Opener":[10],"obtain_stats":[{"Nunchaku":7,"Busted Crown":17,"NeowsBlessing":0,"Golden Idol":2,"Oddly Smooth Stone":9,"Bag of Preparation":11,"Juzu Bracelet":26,"Letter Opener":24,"PureWater":0},{"Nunchaku":4,"Busted Crown":9,"NeowsBlessing":0,"Golden Idol":1,"Oddly Smooth Stone":4,"Bag of Preparation":6,"Juzu Bracelet":14,"Letter Opener":14,"PureWater":0},{"Nunchaku":13,"Busted Crown":31,"NeowsBlessing":0,"Golden Idol":1,"Oddly Smooth Stone":13,"Bag of Preparation":20,"Juzu Bracelet":54,"Letter Opener":54,"PureWater":0}]},"card_choices":[{"not_picked":["FlyingSleeves","ThirdEye"],"picked":"Wallop","floor":1.0},{"not_picked":["Evaluate","SashWhip"],"picked":"CrushJoints","floor":4.0},{"not_picked":["Worship","WreathOfFlame"],"picked":"Weave","floor":5.0},{"not_picked":["Perseverance","Protect"],"picked":"Weave","floor":7.0},{"not_picked":["PathToVictory","Evaluate","Crescendo"],"picked":"SKIP","floor":10.0},{"not_picked":["Fasting2","EmptyBody"],"picked":"Weave","floor":11.0},{"not_picked":["Indignation","Alpha"],"picked":"Consecrate","floor":13.0},{"not_picked":["BowlingBash","EmptyBody"],"picked":"Tantrum","floor":14.0},{"not_picked":[],"picked":"JustLucky","floor":18.0},{"not_picked":[],"picked":"FlurryOfBlows","floor":19.0},{"not_picked":["Tantrum"],"picked":"SKIP","floor":20},{"not_picked":[],"picked":"JustLucky","floor":22},{"not_picked":["EmptyMind"],"picked":"SKIP","floor":24}],"player_experience":309518,"relics_obtained":[{"floor":7.0,"key":"Nunchaku"},{"floor":9.0,"key":"Oddly Smooth Stone"},{"floor":11.0,"key":"Bag of Preparation"},{"floor":24,"key":"Letter Opener"},{"floor":26,"key":"Juzu Bracelet"}],"event_choices":[{"damage_healed":0.0,"max_hp_gain":0.0,"max_hp_loss":6.0,"gold_gain":0.0,"event_name":"Golden Idol","player_choice":"Lose Max HP","floor":2.0,"gold_loss":0.0,"damage_taken":0.0,"relics_obtained":["Golden Idol"]},{"damage_healed":0.0,"max_hp_gain":5.0,"max_hp_loss":0.0,"gold_gain":0.0,"event_name":"Big Fish","player_choice":"Donut","floor":3.0,"gold_loss":0.0,"damage_taken":0.0},{"damage_healed":0.0,"max_hp_gain":0.0,"max_hp_loss":0.0,"gold_gain":0.0,"event_name":"Lab","player_choice":"Got Potions","floor":12.0,"gold_loss":0.0,"damage_taken":0.0}],"is_beta":false,"boss_relics":[{"not_picked":["Sozu","Snecko Eye"],"picked":"Busted Crown"}],"items_purged_floors":[21],"is_endless":false,"potions_floor_spawned":[4,11,13,14,16,20],"killed_by":"Shelled Parasite and Fungi","ascension_level":19}}