{"host":"a1eatafr7pisesky","time":1612514213,"event":{"mods":["AchievementEnabler","BaseMod","Colored Map","Keyboard Shortcuts","Minty Spire (QoL Compilation)","Say the Spire","StSLib","SuperFastMode","everything is the same but u backflip on backflip"],"gold_per_floor":[118,118,128,48,48,48,73,73,73,92,123,123,138,167,167,245,245,265,364,374,1,1,1,31,47,47,47,6,34,34,44,44,115,115,127,127,146,171,171,171,199,244,244,270,287,302,6,16,16,16,16,16,16,51,51],"floor_reached":56,"language":"KOR","playtime":2273,"items_purged":["Hello World"],"score":1925,"play_id":"ba35c5c6-fbaf-4988-a141-3cfce7da7b7b","local_time":"20210205173653","is_ascension_mode":true,"campfire_choices":[{"data":"Dualcast","floor":6.0,"key":"SMITH"},{"data":"Defragment","floor":12.0,"key":"SMITH"},{"data":"FTL","floor":15.0,"key":"SMITH"},{"data":"Fission","floor":23.0,"key":"SMITH"},{"floor":30.0,"key":"REST"},{"data":"Consume","floor":32.0,"key":"SMITH"},{"floor":49,"key":"RECALL"},{"data":"Capacitor","floor":52,"key":"SMITH"}],"circlet_count":0,"master_deck":["AscendersBane","Zap","Dualcast+1","Cold Snap","FTL+1","Storm","Doom and Gloom","Hologram","Defragment+1","Consume+1","Go for the Eyes","Fission+1","Force Field","Recycle+1","Defragment+1","Seek","Coolheaded","Self Repair","Coolheaded+1","Cold Snap","Amplify","Echo Form","Tempest","Hologram","Capacitor+1","Turbo","Core Surge","Loop+1","Echo Form+1","Heatsinks+1","Coolheaded+1"],"relics":["FrozenCore","NeowsBlessing","Ornamental Fan","Mercury Hourglass","Centennial Puzzle","Calipers","Art of War","DataDisk","DollysMirror","Regal Pillow","CaptainsWheel","Orichalcum","Pandora\u0027s Box","Frozen Egg 2","Bird Faced Urn","Toy Ornithopter","Happy Flower","Letter Opener"],"acts_visited":["Exordium","TheCity","TheBeyond","TheEnding"],"potions_floor_usage":[42,54,55],"damage_taken":[{"damage":0.0,"enemies":"2 Louse","floor":1.0,"turns":1.0},{"damage":0.0,"enemies":"Small Slimes","floor":3.0,"turns":1.0},{"damage":0.0,"enemies":"Lagavulin","floor":7.0,"turns":1.0},{"damage":1.0,"enemies":"Jaw Worm","floor":10.0,"turns":3.0},{"damage":12.0,"enemies":"3 Sentries","floor":11.0,"turns":4.0},{"damage":8.0,"enemies":"2 Fungi Beasts","floor":13.0,"turns":2.0},{"damage":16.0,"enemies":"Gremlin Nob","floor":14.0,"turns":3.0},{"damage":17.0,"enemies":"Hexaghost","floor":16.0,"turns":9.0},{"damage":3.0,"enemies":"Shell Parasite","floor":18.0,"turns":7.0},{"damage":8.0,"enemies":"Chosen","floor":20.0,"turns":4.0},{"damage":24.0,"enemies":"Slavers","floor":24.0,"turns":6.0},{"damage":0.0,"enemies":"Centurion and Healer","floor":25.0,"turns":9.0},{"damage":11.0,"enemies":"Gremlin Leader","floor":29.0,"turns":12.0},{"damage":16.0,"enemies":"Snake Plant","floor":31.0,"turns":6.0},{"damage":16.0,"enemies":"Collector","floor":33.0,"turns":20.0},{"damage":0.0,"enemies":"Orb Walker","floor":35.0,"turns":3.0},{"damage":8.0,"enemies":"3 Darklings","floor":37.0,"turns":5.0},{"damage":0.0,"enemies":"Mind Bloom Boss Battle","floor":38.0,"turns":7.0},{"damage":8.0,"enemies":"Nemesis","floor":41.0,"turns":11.0},{"damage":42,"enemies":"2 Orb Walkers","floor":42,"turns":3},{"damage":27,"enemies":"Jaw Worm Horde","floor":45,"turns":5},{"damage":7,"enemies":"Spire Growth","floor":46,"turns":7},{"damage":39,"enemies":"Transient","floor":48,"turns":5},{"damage":31,"enemies":"Awakened One","floor":50,"turns":17},{"damage":23,"enemies":"Shield and Spear","floor":54,"turns":12},{"damage":29,"enemies":"The Heart","floor":55,"turns":17}],"seed_played":"8415898297250519749","potions_obtained":[{"floor":1.0,"key":"SteroidPotion"},{"floor":13.0,"key":"LiquidBronze"},{"floor":20.0,"key":"FearPotion"},{"floor":24.0,"key":"FocusPotion"},{"floor":27.0,"key":"SkillPotion"},{"floor":27.0,"key":"EssenceOfSteel"},{"floor":31.0,"key":"PowerPotion"},{"floor":38.0,"key":"GamblersBrew"},{"floor":45,"key":"Explosive Potion"}],"is_trial":false,"path_per_floor":["M","?","M","$","?","R","E","$","T","M","E","R","M","E","R","B",null,"M","?","M","$","?","R","E","M","T","?","$","E","R","M","R","B",null,"M","?","M","?","?","?","E","?","T","T","M","M","$","M","R","B",null,"R","$","E","B",null],"character_chosen":"DEFECT","items_purchased":["Storm","DataDisk","DollysMirror","PotionOfCapacity","Self Repair","Happy Flower","LiquidMemories"],"campfire_rested":1,"item_purchase_floors":[4,21,21,21,28,47,47],"current_hp_per_floor":[64,61,61,61,66,66,66,66,66,65,53,53,45,29,29,12,60,57,57,49,49,49,49,25,25,25,25,25,21,58,49,49,40,67,76,76,76,76,72,72,71,36,36,36,21,43,43,46,46,44,65,65,65,72,67],"gold":51,"neow_bonus":"THREE_ENEMY_KILL","is_daily":false,"chose_seed":false,"campfire_upgraded":6,"win_rate":0.0,"timestamp":1612514213,"path_taken":["M","?","M","$","?","R","E","$","T","M","E","R","M","E","R","BOSS","M","?","M","$","?","R","E","M","T","?","$","E","R","?","R","BOSS","M","?","M","?","?","?","E","?","T","?","?","M","$","M","R","BOSS","R","$","E","BOSS"],"items_purchased_type":["Card","Relic","Relic","Potion","Card","Relic","Potion"],"build_version":"2020-12-22","purchased_purges":1,"victory":true,"max_hp_per_floor":[71,71,71,71,76,76,76,76,76,76,76,76,76,76,76,76,76,76,76,76,76,76,76,76,76,76,76,76,76,76,76,76,76,76,76,76,76,76,72,72,72,72,72,72,72,72,72,72,72,72,72,72,72,72,72],"card_choices":[{"not_picked":["Streamline","Ball Lightning"],"picked":"Cold Snap","floor":1.0},{"not_picked":["Turbo","Stack"],"picked":"FTL","floor":3.0},{"not_picked":["Rebound","Streamline"],"picked":"Doom and Gloom","floor":7.0},{"not_picked":["Auto Shields","Stack"],"picked":"Hologram","floor":10.0},{"not_picked":["Redo","Sweeping Beam"],"picked":"Defragment","floor":11.0},{"not_picked":["Undo","Chaos"],"picked":"Consume","floor":13.0},{"not_picked":["Ball Lightning","Creative AI"],"picked":"Go for the Eyes","floor":14.0},{"not_picked":["Rainbow","Multi-Cast"],"picked":"Fission","floor":16.0},{"not_picked":["Rebound","Conserve Battery"],"picked":"Force Field","floor":18.0},{"not_picked":["Sweeping Beam","Go for the Eyes"],"picked":"Recycle+1","floor":20.0},{"not_picked":["Go for the Eyes","Compile Driver"],"picked":"Coolheaded","floor":24.0},{"not_picked":["Steam","Sweeping Beam","Streamline"],"picked":"SKIP","floor":25.0},{"not_picked":["Aggregate","Rebound"],"picked":"Coolheaded+1","floor":29.0},{"not_picked":["Steam+1","FTL"],"picked":"Cold Snap","floor":31.0},{"not_picked":["Machine Learning","Hyperbeam"],"picked":"Amplify","floor":33.0},{"not_picked":["Redo","Conserve Battery+1","Sweeping Beam"],"picked":"SKIP","floor":35.0},{"not_picked":["Undo","Storm","Tempest"],"picked":"SKIP","floor":37.0},{"not_picked":["BootSequence","Fusion+1","Tempest"],"picked":"SKIP","floor":41.0},{"not_picked":["Chaos","Stack"],"picked":"Loop+1","floor":42},{"not_picked":["Coolheaded","Beam Cell+1"],"picked":"Echo Form+1","floor":45},{"not_picked":["Coolheaded+1","Barrage"],"picked":"Heatsinks+1","floor":46},{"not_picked":["Conserve Battery","Melter","Chaos"],"picked":"SKIP","floor":48},{"not_picked":["Rainbow","Go for the Eyes"],"picked":"Coolheaded+1","floor":54}],"player_experience":407598,"relics_obtained":[{"floor":7.0,"key":"Mercury Hourglass"},{"floor":9.0,"key":"Centennial Puzzle"},{"floor":11.0,"key":"Calipers"},{"floor":14.0,"key":"Art of War"},{"floor":24.0,"key":"Regal Pillow"},{"floor":26.0,"key":"CaptainsWheel"},{"floor":29.0,"key":"Orichalcum"},{"floor":41.0,"key":"Frozen Egg 2"},{"floor":42,"key":"Bird Faced Urn"},{"floor":44,"key":"Toy Ornithopter"},{"floor":54,"key":"Letter Opener"}],"event_choices":[{"damage_healed":0.0,"max_hp_gain":0.0,"max_hp_loss":0.0,"gold_gain":0.0,"event_name":"Scrap Ooze","player_choice":"Success","floor":2.0,"gold_loss":0.0,"damage_taken":3.0,"relics_obtained":["Ornamental Fan"]},{"damage_healed":0.0,"max_hp_gain":5.0,"max_hp_loss":0.0,"gold_gain":0.0,"event_name":"Big Fish","player_choice":"Donut","floor":5.0,"gold_loss":0.0,"damage_taken":0.0},{"damage_healed":0.0,"max_hp_gain":0.0,"max_hp_loss":0.0,"gold_gain":99.0,"event_name":"Nest","player_choice":"Stole From Cult","floor":19.0,"gold_loss":0.0,"damage_taken":0.0},{"damage_healed":0.0,"max_hp_gain":0.0,"max_hp_loss":0.0,"gold_gain":0.0,"event_name":"The Library","player_choice":"Read","floor":22.0,"gold_loss":0.0,"damage_taken":0.0,"cards_obtained":["Seek"]},{"damage_healed":0.0,"max_hp_gain":0.0,"max_hp_loss":0.0,"gold_gain":0.0,"event_name":"Lab","player_choice":"Got Potions","floor":27.0,"gold_loss":0.0,"damage_taken":0.0},{"damage_healed":0.0,"max_hp_gain":0.0,"max_hp_loss":0.0,"gold_gain":0.0,"event_name":"Tomb of Lord Red Mask","player_choice":"Ignored","floor":36.0,"gold_loss":0.0,"damage_taken":0.0},{"damage_healed":0.0,"max_hp_gain":0.0,"max_hp_loss":0.0,"gold_gain":0.0,"event_name":"MindBloom","player_choice":"Fight","floor":38.0,"gold_loss":0.0,"damage_taken":0.0},{"damage_healed":0.0,"max_hp_gain":0.0,"max_hp_loss":4.0,"gold_gain":0.0,"event_name":"Winding Halls","player_choice":"Max HP","floor":39.0,"gold_loss":0.0,"damage_taken":0.0},{"cards_removed":["Cold Snap"],"damage_healed":0.0,"max_hp_gain":0.0,"max_hp_loss":0.0,"gold_gain":0.0,"event_name":"Falling","player_choice":"Removed Attack","floor":40.0,"gold_loss":0.0,"damage_taken":0.0},{"damage_healed":0,"gold_gain":0,"player_choice":"Fight","damage_taken":0,"max_hp_gain":0,"max_hp_loss":0,"event_name":"Mysterious Sphere","floor":42,"gold_loss":0}],"is_beta":false,"boss_relics":[{"not_picked":["Coffee Dripper","Snecko Eye"],"picked":"FrozenCore"},{"not_picked":["Busted Crown","Philosopher\u0027s Stone"],"picked":"Pandora\u0027s Box"}],"items_purged_floors":[47],"is_endless":false,"potions_floor_spawned":[1,13,14,20,24,29,31,33,35,38,45,48],"ascension_level":14}}