{"host":"oj1wqp41zfsetb5p","time":1612523407,"event":{"mods":["AchievementEnabler","BaseMod","Colored Map","Minty Spire (QoL Compilation)","Relic Stats","StSLib"],"gold_per_floor":[113,113,38,38,54,94,114,114,114,114,64,13,36,69,69,69,69],"floor_reached":16,"language":"ENG","playtime":844,"items_purged":["Regret"],"score":124,"play_id":"d672fe14-8aef-4194-ab59-bf17e41de302","local_time":"20210205221007","is_ascension_mode":true,"campfire_choices":[{"floor":8,"key":"REST"},{"floor":10,"key":"REST"},{"data":"Dagger Spray","floor":15,"key":"SMITH"}],"circlet_count":0,"master_deck":["Strike_G","Strike_G","Strike_G","Strike_G","Strike_G","Defend_G","Defend_G","Defend_G","Defend_G","Survivor","Neutralize","Tools of the Trade","Caltrops","Dagger Spray+1","Deadly Poison"],"relics":["Ring of the Snake","Eternal Feather","Golden Idol","Ice Cream","Mummified Hand","Smiling Mask"],"acts_visited":["Exordium"],"potions_floor_usage":[6,14,14],"damage_taken":[{"damage":0,"enemies":"2 Louse","floor":1,"turns":3},{"damage":0,"enemies":"Small Slimes","floor":5,"turns":6},{"damage":52,"enemies":"Lagavulin","floor":6,"turns":16},{"damage":0,"enemies":"Jaw Worm","floor":7,"turns":5},{"damage":5,"enemies":"Blue Slaver","floor":13,"turns":4},{"damage":17,"enemies":"Gremlin Nob","floor":14,"turns":4},{"damage":44,"enemies":"Slime Boss","floor":16,"turns":6}],"seed_played":"-288611843124329623","potions_obtained":[{"floor":5,"key":"DuplicationPotion"},{"floor":13,"key":"CunningPotion"}],"is_trial":false,"path_per_floor":["M","?","$","?","M","E","M","R","T","R","?","$","M","E","R","B"],"character_chosen":"THE_SILENT","items_purchased":["Block Potion"],"campfire_rested":2,"item_purchase_floors":[12],"current_hp_per_floor":[70,70,70,53,53,1,1,28,28,55,55,55,50,33,42,0,0],"gold":69,"neow_bonus":"ONE_RANDOM_RARE_CARD","is_daily":false,"chose_seed":false,"campfire_upgraded":1,"win_rate":0.0,"timestamp":1612523407,"path_taken":["M","?","$","?","M","E","M","R","T","R","?","?","M","E","R","BOSS"],"items_purchased_type":["Potion"],"build_version":"2020-12-22","purchased_purges":1,"victory":false,"max_hp_per_floor":[70,70,70,70,70,70,70,70,70,70,70,70,70,70,70,70,70],"relic_stats":{"counters":[7,44],"Golden Idol":27,"Mummified Hand":[6],"Eternal Feather":21,"Smiling Mask":0,"obtain_stats":[{"Ice Cream":6,"Golden Idol":4,"Mummified Hand":9,"Eternal Feather":2,"Smiling Mask":14,"Ring of the Snake":0},{"Ice Cream":3,"Golden Idol":1,"Mummified Hand":4,"Eternal Feather":1,"Smiling Mask":6,"Ring of the Snake":0},{"Ice Cream":25,"Golden Idol":3,"Mummified Hand":30,"Eternal Feather":3,"Smiling Mask":38,"Ring of the Snake":0}],"Ring of the Snake":[14]},"card_choices":[{"not_picked":["Bane","Reflex","PiercingWail"],"picked":"SKIP","floor":1},{"not_picked":["Bane","Tactician"],"picked":"Caltrops","floor":5},{"not_picked":["Catalyst","Backflip","Well Laid Plans"],"picked":"SKIP","floor":6},{"not_picked":["Dodge and Roll","Dagger Throw","Prepared"],"picked":"SKIP","floor":7},{"not_picked":["Dodge and Roll","Eviscerate"],"picked":"Dagger Spray","floor":13},{"not_picked":["Glass Knife","Flechettes"],"picked":"Deadly Poison","floor":14}],"player_experience":173298,"relics_obtained":[{"floor":6,"key":"Ice Cream"},{"floor":9,"key":"Mummified Hand"},{"floor":14,"key":"Smiling Mask"}],"event_choices":[{"damage_healed":0,"gold_gain":0,"player_choice":"Box","damage_taken":0,"relics_obtained":["Eternal Feather"],"max_hp_gain":0,"max_hp_loss":0,"event_name":"Big Fish","floor":2,"gold_loss":0,"cards_obtained":["Regret"]},{"damage_healed":0,"gold_gain":0,"player_choice":"Take Damage","damage_taken":17,"relics_obtained":["Golden Idol"],"max_hp_gain":0,"max_hp_loss":0,"event_name":"Golden Idol","floor":4,"gold_loss":0},{"cards_removed":["Defend_G"],"damage_healed":0,"gold_gain":0,"player_choice":"Card Removal","damage_taken":0,"max_hp_gain":0,"max_hp_loss":0,"event_name":"The Cleric","floor":11,"gold_loss":50}],"is_beta":false,"boss_relics":[],"items_purged_floors":[3],"is_endless":false,"potions_floor_spawned":[5,13],"killed_by":"Slime Boss","ascension_level":3}}