{"host":"06e3yyzgn8o619wl","time":1612537865,"event":{"mods":["BaseMod","Block Reminder","Colored Map","Colored Powertips","DeckTracker","Minty Spire (QoL Compilation)","Permanent Neow","Relic Stats","StSLib"],"gold_per_floor":[118,118,135,150,176,211,211,244,291,319,319,330,348,358,358,459,459,478,491,108,108,124,157,157,192,216,216,226,239,24,24,24,123,123,137,97,116,136,152,181,201,201,201,214,214,214,43,43,43,43],"floor_reached":51,"language":"JPN","playtime":3848,"items_purged":["Strike_P","Strike_P","Defend_P"],"score":1147,"play_id":"ee8919d4-c386-4831-b72d-2c9ef2be0c87","local_time":"20210206001105","is_ascension_mode":true,"campfire_choices":[{"floor":7.0,"key":"REST"},{"data":"SandsOfTime","floor":11.0,"key":"SMITH"},{"data":"Eruption","floor":15.0,"key":"SMITH"},{"data":"TalkToTheHand","floor":24.0,"key":"SMITH"},{"data":"Vigilance","floor":27.0,"key":"SMITH"},{"data":"Ghostly","floor":32,"key":"SMITH"},{"data":"Ghostly","floor":42,"key":"SMITH"},{"data":"Ghostly","floor":46,"key":"SMITH"},{"data":"Ghostly","floor":49,"key":"SMITH"}],"circlet_count":0,"master_deck":["Strike_P+1","Strike_P+1","Defend_P+1","Defend_P","Defend_P","Eruption+1","Vigilance+1","WindmillStrike+1","CrushJoints","Crescendo","SandsOfTime+1","SandsOfTime+1","PathToVictory","ThirdEye+1","ClearTheMind","DevaForm","FollowUp+1","BowlingBash+1","WaveOfTheHand","TalkToTheHand+1","Halt+1","Wireheading+1","TalkToTheHand","TalkToTheHand","Tantrum+1","Ghostly+1","Ghostly+1","Ghostly+1","Ghostly","Ghostly+1","Devotion","Conclude+1","Wallop+1","TalkToTheHand+1","Enlightenment"],"relics":["Runic Pyramid","Damaru","Blood Vial","Mercury Hourglass","Bag of Marbles","Eternal Feather","SlaversCollar","Membership Card","Kunai","Darkstone Periapt","Whetstone","PreservedInsect","Molten Egg 2","Sozu","Gambling Chip","Happy Flower","Toy Ornithopter"],"acts_visited":["Exordium","TheCity","TheBeyond"],"potions_floor_usage":[50,50],"damage_taken":[{"damage":0.0,"enemies":"Jaw Worm","floor":1.0,"turns":3.0},{"damage":0.0,"enemies":"Cultist","floor":3.0,"turns":3.0},{"damage":0.0,"enemies":"2 Louse","floor":4.0,"turns":2.0},{"damage":32.0,"enemies":"Gremlin Nob","floor":6.0,"turns":3.0},{"damage":0.0,"enemies":"Lagavulin","floor":8.0,"turns":4.0},{"damage":9.0,"enemies":"3 Sentries","floor":10.0,"turns":5.0},{"damage":9.0,"enemies":"Red Slaver","floor":12.0,"turns":2.0},{"damage":0.0,"enemies":"3 Louse","floor":13.0,"turns":2.0},{"damage":9.0,"enemies":"2 Fungi Beasts","floor":14.0,"turns":2.0},{"damage":29.0,"enemies":"The Guardian","floor":16.0,"turns":8.0},{"damage":0.0,"enemies":"Chosen","floor":18.0,"turns":3.0},{"damage":11.0,"enemies":"Spheric Guardian","floor":19.0,"turns":3.0},{"damage":17.0,"enemies":"Centurion and Healer","floor":22.0,"turns":4.0},{"damage":6.0,"enemies":"Gremlin Leader","floor":23.0,"turns":5.0},{"damage":20.0,"enemies":"Book of Stabbing","floor":25.0,"turns":4.0},{"damage":7.0,"enemies":"Chosen and Byrds","floor":28.0,"turns":5.0},{"damage":18.0,"enemies":"Sentry and Sphere","floor":29.0,"turns":5.0},{"damage":3,"enemies":"Automaton","floor":33,"turns":9},{"damage":0,"enemies":"3 Darklings","floor":35,"turns":5},{"damage":4,"enemies":"3 Shapes","floor":37,"turns":4},{"damage":0,"enemies":"Transient","floor":38,"turns":5},{"damage":10,"enemies":"Jaw Worm Horde","floor":39,"turns":5},{"damage":0,"enemies":"Giant Head","floor":40,"turns":6},{"damage":0,"enemies":"Spire Growth","floor":41,"turns":4},{"damage":0,"enemies":"Transient","floor":44,"turns":5},{"damage":11,"enemies":"Awakened One","floor":50,"turns":11}],"seed_played":"8144612547919602149","potions_obtained":[{"floor":1.0,"key":"Energy Potion"},{"floor":4.0,"key":"Strength Potion"},{"floor":8.0,"key":"Fruit Juice"},{"floor":10.0,"key":"Energy Potion"},{"floor":12.0,"key":"GamblersBrew"},{"floor":16.0,"key":"SpeedPotion"},{"floor":22.0,"key":"SteroidPotion"}],"is_trial":false,"path_per_floor":["M","?","M","M","T","E","R","E","T","E","R","M","M","M","R","B",null,"M","M","$","?","M","E","R","E","T","R","M","M","$","?","R","B",null,"M","?","M","M","M","E","M","R","T","M","?","R","$","?","R","B",null],"character_chosen":"WATCHER","items_purchased":["Membership Card","Kunai","WaveOfTheHand","TalkToTheHand","Molten Egg 2","Tantrum+1","TalkToTheHand+1","Toy Ornithopter"],"campfire_rested":1,"item_purchase_floors":[20,20,20,20,30,30,47,47],"current_hp_per_floor":[65,51,51,51,51,19,40,42,42,40,49,42,44,37,46,19,63,65,56,56,56,41,37,49,31,31,43,38,22,22,22,38,35,37,38,38,34,36,28,30,32,38,38,38,38,38,38,38,38,37],"gold":43,"neow_bonus":"BOSS_RELIC","is_daily":false,"chose_seed":false,"campfire_upgraded":8,"win_rate":0.0,"timestamp":1612537865,"path_taken":["M","?","M","M","?","E","R","E","T","E","R","M","M","M","R","BOSS","M","M","$","?","?","E","R","E","T","R","M","M","$","?","R","BOSS","M","?","M","?","M","E","M","R","T","M","?","R","$","?","R","BOSS"],"items_purchased_type":["Relic","Relic","Card","Card","Relic","Card","Card","Relic"],"build_version":"2020-12-22","purchased_purges":3,"victory":true,"max_hp_per_floor":[72,72,72,72,72,72,72,72,72,77,77,77,77,77,77,77,77,77,77,77,77,77,77,77,77,77,77,77,77,77,38,38,38,38,38,38,38,38,38,38,38,38,38,38,38,38,38,38,38,38],"relic_stats":{"Darkstone Periapt":0,"Happy Flower":[5],"counters":[26,116],"Eternal Feather":64,"PreservedInsect":130,"Whetstone":["Strike_P","WindmillStrike"],"Mercury Hourglass":[403],"Blood Vial":35,"Sozu":2,"Gambling Chip":[4],"Kunai":[25],"obtain_stats":[{"Darkstone Periapt":23,"Happy Flower":43,"Damaru":5,"Eternal Feather":10,"PreservedInsect":26,"Whetstone":25,"Mercury Hourglass":8,"Blood Vial":6,"Sozu":34,"SlaversCollar":17,"Gambling Chip":40,"Molten Egg 2":30,"Bag of Marbles":9,"Membership Card":20,"Kunai":20,"PureWater":0,"Toy Ornithopter":47,"Runic Pyramid":0},{"Darkstone Periapt":14,"Happy Flower":24,"Damaru":3,"Eternal Feather":6,"PreservedInsect":15,"Whetstone":15,"Mercury Hourglass":5,"Blood Vial":4,"Sozu":18,"SlaversCollar":10,"Gambling Chip":23,"Molten Egg 2":17,"Bag of Marbles":5,"Membership Card":12,"Kunai":12,"PureWater":0,"Toy Ornithopter":25,"Runic Pyramid":0},{"Darkstone Periapt":49,"Happy Flower":100,"Damaru":8,"Eternal Feather":20,"PreservedInsect":53,"Whetstone":53,"Mercury Hourglass":15,"Blood Vial":11,"Sozu":72,"SlaversCollar":34,"Gambling Chip":96,"Molten Egg 2":63,"Bag of Marbles":15,"Membership Card":40,"Kunai":40,"PureWater":0,"Toy Ornithopter":105,"Runic Pyramid":0}],"Toy Ornithopter":10},"card_choices":[{"not_picked":["WreathOfFlame","Crescendo"],"picked":"WindmillStrike","floor":1.0},{"not_picked":["WreathOfFlame","LikeWater"],"picked":"CrushJoints","floor":3.0},{"not_picked":["Fasting2","ForeignInfluence"],"picked":"Crescendo","floor":4.0},{"not_picked":["Crescendo","Adaptation"],"picked":"SandsOfTime","floor":6.0},{"not_picked":["LikeWater","Pray"],"picked":"SandsOfTime","floor":8.0},{"not_picked":["ForeignInfluence","CutThroughFate"],"picked":"PathToVictory","floor":10.0},{"not_picked":["WreathOfFlame","Swivel","Crescendo"],"picked":"SKIP","floor":12.0},{"not_picked":["CutThroughFate","Protect"],"picked":"ThirdEye","floor":13.0},{"not_picked":["CrushJoints","SashWhip"],"picked":"ClearTheMind","floor":14.0},{"not_picked":["LessonLearned","Alpha"],"picked":"DevaForm","floor":16.0},{"not_picked":["Study","WheelKick"],"picked":"FollowUp+1","floor":18.0},{"not_picked":["EmptyFist","EmptyMind"],"picked":"BowlingBash+1","floor":19.0},{"not_picked":["Protect","FollowUp"],"picked":"Halt+1","floor":22.0},{"not_picked":["BowlingBash","FollowUp"],"picked":"Wireheading","floor":23.0},{"not_picked":["Study","Scrawl","Sanctity"],"picked":"SKIP","floor":25.0},{"not_picked":["Pray","Sanctity+1"],"picked":"TalkToTheHand","floor":28.0},{"not_picked":["ThirdEye","Protect"],"picked":"TalkToTheHand","floor":29.0},{"not_picked":["Alpha","Blasphemy"],"picked":"Devotion","floor":33},{"not_picked":["FlurryOfBlows+1","Prostrate"],"picked":"Conclude+1","floor":35},{"not_picked":["Crescendo+1","Prostrate","ClearTheMind+1"],"picked":"SKIP","floor":37},{"not_picked":["Consecrate+1","SignatureMove+1","ClearTheMind+1"],"picked":"SKIP","floor":38},{"not_picked":["Pray","FollowUp+1","Crescendo+1"],"picked":"SKIP","floor":39},{"not_picked":["EmptyFist+1","ClearTheMind"],"picked":"Wallop+1","floor":40},{"not_picked":["Study","Prostrate","Sanctity"],"picked":"SKIP","floor":41},{"not_picked":["JustLucky+1","TalkToTheHand+1","SignatureMove+1"],"picked":"SKIP","floor":44},{"not_picked":["Purity","Good Instincts"],"picked":"Enlightenment","floor":48}],"player_experience":163070,"relics_obtained":[{"floor":5.0,"key":"Damaru"},{"floor":6.0,"key":"Blood Vial"},{"floor":8.0,"key":"Mercury Hourglass"},{"floor":9.0,"key":"Bag of Marbles"},{"floor":10.0,"key":"Eternal Feather"},{"floor":23.0,"key":"Darkstone Periapt"},{"floor":25.0,"key":"Whetstone"},{"floor":26.0,"key":"PreservedInsect"},{"floor":40,"key":"Gambling Chip"},{"floor":43,"key":"Happy Flower"}],"event_choices":[{"damage_healed":0.0,"max_hp_gain":0.0,"max_hp_loss":0.0,"gold_gain":0.0,"event_name":"Shining Light","player_choice":"Entered Light","floor":2.0,"gold_loss":0.0,"damage_taken":14.0,"cards_upgraded":["Defend_P","Strike_P"]},{"damage_healed":0.0,"max_hp_gain":0.0,"max_hp_loss":0.0,"gold_gain":0.0,"event_name":"Accursed Blacksmith","player_choice":"Forge","floor":21.0,"gold_loss":0.0,"damage_taken":0.0,"cards_upgraded":["ThirdEye"]},{"damage_healed":0.0,"max_hp_gain":0.0,"max_hp_loss":39.0,"gold_gain":0.0,"event_name":"Ghosts","player_choice":"Became a Ghost","floor":31.0,"gold_loss":0.0,"damage_taken":0.0,"cards_obtained":["Ghostly","Ghostly","Ghostly","Ghostly","Ghostly"]},{"damage_healed":0,"gold_gain":0,"player_choice":"Upgraded Two","damage_taken":0,"max_hp_gain":0,"max_hp_loss":0,"event_name":"Designer","floor":36,"gold_loss":40,"cards_upgraded":["SandsOfTime","Wireheading"]},{"damage_healed":0,"gold_gain":0,"player_choice":"Ignored","damage_taken":0,"max_hp_gain":0,"max_hp_loss":0,"event_name":"Tomb of Lord Red Mask","floor":45,"gold_loss":0},{"damage_healed":0,"gold_gain":0,"player_choice":"Memory 1","damage_taken":0,"max_hp_gain":0,"max_hp_loss":0,"event_name":"SensoryStone","floor":48,"gold_loss":0}],"is_beta":false,"boss_relics":[{"not_picked":["Velvet Choker","Black Star"],"picked":"SlaversCollar"},{"not_picked":["Cursed Key","Philosopher\u0027s Stone"],"picked":"Sozu"}],"items_purged_floors":[20,30,47],"is_endless":false,"potions_floor_spawned":[1,4,8,10,12,16,19,22,23,37,41],"ascension_level":9}}