{"host":"i2ir6b55gxkcwpt4","time":1612555991,"event":{"mods":["Act Like it!","BaseMod","Colored Map","Colored Powertips","Minty Spire (QoL Compilation)","StSLib","The Animator"],"gold_per_floor":[116,128,128,78,78,113,113,146,146,176,77,112,112,136,136,136,136],"floor_reached":16,"language":"ZHS","playtime":1937,"items_purged":[],"score":133,"play_id":"e6f6b993-f24f-42c3-99ed-50c3f23ce2c1","local_time":"20210206041311","is_ascension_mode":false,"campfire_choices":[{"data":"animator:Aqua","floor":7,"key":"SMITH"},{"data":"animator:DolaStephanie","floor":13,"key":"SMITH"},{"data":"animator:Darkness","floor":15,"key":"SMITH"}],"circlet_count":0,"master_deck":["animator:Strike_Konosuba","animator:Defend_Konosuba","animator:Kazuma","animator:Aqua+1","animator:GuildGirl","animator:DolaStephanie+1","animator:Rena","animator:Darkness+1","animator:Strike_Fate","animator:Strike_GATE","animator:Strike_MadokaMagica","animator:Defend_NoGameNoLife+1","animator:Defend_Elsword+1","animator:Defend_Fate+1","animator:IzunaHatsuse+1","animator:Rena+1"],"relics":["animator:LivingPicture","animator:TheMissingPiece","animator:PurgingStone","NeowsBlessing","Oddly Smooth Stone","Matryoshka","Nunchaku","Lantern","Toxic Egg 2","WingedGreaves","Mercury Hourglass"],"acts_visited":["Exordium"],"potions_floor_usage":[12],"damage_taken":[{"damage":0,"enemies":"Jaw Worm","floor":1,"turns":1},{"damage":0,"enemies":"Small Slimes","floor":2,"turns":1},{"damage":0,"enemies":"Lagavulin","floor":6,"turns":1},{"damage":0,"enemies":"2 Louse","floor":8,"turns":5},{"damage":32,"enemies":"Gremlin Nob","floor":12,"turns":6},{"damage":0,"enemies":"Blue Slaver","floor":14,"turns":4},{"damage":56,"enemies":"Hexaghost","floor":16,"turns":21}],"seed_played":"6722973854113879706","potions_obtained":[{"floor":2,"key":"Explosive Potion"}],"is_trial":false,"path_per_floor":["M","M","?","?","T","E","R","M","T","?","?","E","R","M","R","B"],"character_chosen":"THE_ANIMATOR","items_purchased":[],"campfire_rested":0,"item_purchase_floors":[],"current_hp_per_floor":[66,66,66,66,66,66,66,66,66,66,66,34,34,37,37,0,0],"gold":136,"neow_bonus":"THREE_ENEMY_KILL","is_daily":false,"chose_seed":false,"campfire_upgraded":3,"win_rate":0.0,"timestamp":1612555991,"path_taken":["M","M","?","?","?","E","R","?","T","?","?","E","R","M","R","BOSS"],"items_purchased_type":[],"build_version":"2020-12-22","purchased_purges":0,"victory":false,"max_hp_per_floor":[66,66,66,66,66,66,66,66,66,66,66,66,66,66,66,66,66],"card_choices":[{"not_picked":["animator:MaesHughes","animator:Mitsurugi"],"picked":"animator:GuildGirl","floor":1},{"not_picked":["animator:Rider","animator:Tet"],"picked":"animator:DolaStephanie","floor":2},{"not_picked":["animator:Kazuma","animator:MaesHughes"],"picked":"animator:Rena","floor":6},{"not_picked":["animator:Mitsurugi","animator:Aqua"],"picked":"animator:Darkness","floor":8},{"not_picked":["animator:Gluttony+1","animator:MaesHughes+1"],"picked":"animator:IzunaHatsuse+1","floor":12},{"not_picked":["animator:Lu","animator:Berserker"],"picked":"animator:Rena+1","floor":14}],"player_experience":62052,"relics_obtained":[{"floor":5,"key":"Matryoshka"},{"floor":6,"key":"Nunchaku"},{"floor":9,"key":"Lantern"},{"floor":9,"key":"Toxic Egg 2"},{"floor":12,"key":"Mercury Hourglass"}],"event_choices":[{"damage_healed":0,"gold_gain":0,"player_choice":"Box","damage_taken":0,"relics_obtained":["Oddly Smooth Stone"],"max_hp_gain":0,"max_hp_loss":0,"event_name":"Big Fish","floor":3,"gold_loss":0,"cards_obtained":["Regret"]},{"cards_removed":["Regret"],"damage_healed":0,"gold_gain":0,"player_choice":"Card Removal","damage_taken":0,"max_hp_gain":0,"max_hp_loss":0,"event_name":"The Cleric","floor":4,"gold_loss":50},{"damage_healed":0,"gold_gain":30,"player_choice":"Searched \u00273\u0027 times","damage_taken":0,"relics_obtained":["WingedGreaves"],"max_hp_gain":0,"max_hp_loss":0,"event_name":"Dead Adventurer","floor":10,"gold_loss":0}],"is_beta":false,"boss_relics":[],"items_purged_floors":[],"is_endless":false,"potions_floor_spawned":[2],"killed_by":"Hexaghost","ascension_level":0}}