{"host":"rolltorest","time":1612500000,"event":{"mods":["BaseMod","Minty Spire (QoL Compilation)","Relic Stats","Slay the Relics Exporter","StSLib"],"gold_per_floor":[116,116,133,148,26,26,60,73,73,73,108,122,47,61,61,61,61],"floor_reached":16,"language":"ENG","playtime":490,"items_purged":["Strike_B"],"score":224,"play_id":"104dd6f9-6b8f-4c86-8486-aac444a76af7","local_time":"20210204204000","is_ascension_mode":true,"campfire_choices":[{"data":"Sunder","floor":6,"key":"SMITH"},{"data":"Hyperbeam","floor":10,"key":"SMITH"},{"data":"Recycle","floor":15,"key":"SMITH"}],"circlet_count":0,"master_deck":["AscendersBane","Strike_B","Strike_B","Defend_B","Defend_B","Defend_B","Zap","Dualcast","Sunder+1","Sweeping Beam","Hyperbeam+1","Self Repair","BootSequence","Recycle+1","Ball Lightning","Glacier","Coolheaded"],"relics":["Empty Cage","Toy Ornithopter","PreservedInsect","White Beast Statue"],"acts_visited":["Exordium"],"potions_floor_usage":[7],"damage_taken":[{"damage":6,"enemies":"Cultist","floor":1,"turns":4},{"damage":19,"enemies":"Jaw Worm","floor":3,"turns":4},{"damage":4,"enemies":"2 Louse","floor":4,"turns":2},{"damage":5,"enemies":"3 Sentries","floor":7,"turns":3},{"damage":3,"enemies":"Large Slime","floor":8,"turns":5},{"damage":25,"enemies":"Lagavulin","floor":11,"turns":5},{"damage":1,"enemies":"Looter","floor":12,"turns":2},{"damage":0,"enemies":"Exordium Wildlife","floor":14,"turns":1},{"damage":15,"enemies":"Hexaghost","floor":16,"turns":9}],"seed_played":"1074135785636968700","potions_obtained":[{"floor":1,"key":"DistilledChaos"},{"floor":3,"key":"Dexterity Potion"},{"floor":8,"key":"Ancient Potion"},{"floor":14,"key":"EntropicBrew"}],"is_trial":false,"path_per_floor":["M","$","M","M","$","R","E","M","T","R","E","M","$","M","R","B"],"character_chosen":"DEFECT","items_purchased":["Self Repair","BootSequence"],"campfire_rested":0,"item_purchase_floors":[5,5],"current_hp_per_floor":[58,58,39,35,35,35,37,41,41,41,23,22,22,22,22,7,7],"gold":61,"neow_bonus":"BOSS_RELIC","is_daily":false,"chose_seed":false,"campfire_upgraded":3,"win_rate":0.0,"timestamp":1612500000,"path_taken":["M","$","M","?","?","R","E","M","T","R","E","M","$","M","R","BOSS"],"items_purchased_type":["Card","Card"],"build_version":"2020-12-18","purchased_purges":1,"victory":false,"max_hp_per_floor":[71,71,71,71,71,71,71,71,71,71,71,71,71,71,71,71,71],"relic_stats":{"counters":[9,35],"PreservedInsect":29,"obtain_stats":[{"PreservedInsect":9,"Cracked Core":0,"Empty Cage":0,"Toy Ornithopter":7,"White Beast Statue":11},{"PreservedInsect":5,"Cracked Core":0,"Empty Cage":0,"Toy Ornithopter":4,"White Beast Statue":6},{"PreservedInsect":18,"Cracked Core":0,"Empty Cage":0,"Toy Ornithopter":13,"White Beast Statue":23}],"Toy Ornithopter":0},"card_choices":[{"not_picked":["FTL","Redo"],"picked":"Sunder","floor":1},{"not_picked":["Redo","Turbo"],"picked":"Sweeping Beam","floor":3},{"not_picked":["Blizzard","Scrape"],"picked":"Hyperbeam","floor":4},{"not_picked":["Streamline","Coolheaded","Sweeping Beam"],"picked":"SKIP","floor":7},{"not_picked":["Hologram","White Noise"],"picked":"Recycle","floor":8},{"not_picked":["Sunder","FTL"],"picked":"Ball Lightning","floor":11},{"not_picked":["Compile Driver","Streamline"],"picked":"Glacier","floor":12},{"not_picked":["Fusion","Redo"],"picked":"Coolheaded","floor":14}],"player_experience":1851633,"relics_obtained":[{"floor":7,"key":"Toy Ornithopter"},{"floor":9,"key":"PreservedInsect"},{"floor":11,"key":"White Beast Statue"}],"event_choices":[],"is_beta":true,"boss_relics":[],"items_purged_floors":[13],"is_endless":false,"potions_floor_spawned":[1,3,8,11,12,14],"killed_by":"Hexaghost","ascension_level":20}}