{"host":"vyjryxuuuxkt43k4","time":1612495293,"event":{"mods":["AchievementEnabler","BaseMod","Colored Map","DeckTracker","Highlight Path","Keyboard Shortcuts","Minty Spire (QoL Compilation)","Permanent Neow","Quick Restart","Relic Stats","StSLib","SuperFastMode","everything is the same but u backflip on backflip"],"gold_per_floor":[109,209,225,241,261,261,291,310,310,345,345,361,24,38,38,117,117,128,128,128,160,160,160,185,285,285,285,304,332,332,352,352,434,434,447,59,86,110,128,128,138,138,138,138,149,149,165,221,221,221],"floor_reached":51,"language":"KOR","playtime":3865,"items_purged":["Defend_P","Strike_P"],"score":1161,"play_id":"d7be903c-5005-479a-a78a-45fbf26283c0","local_time":"20210205122133","is_ascension_mode":true,"campfire_choices":[{"data":"Eruption","floor":6.0,"key":"SMITH"},{"floor":11.0,"key":"REST"},{"floor":15.0,"key":"REST"},{"data":"Vault","floor":23.0,"key":"SMITH"},{"data":"MentalFortress","floor":27.0,"key":"SMITH"},{"data":"Vault","floor":32,"key":"SMITH"},{"data":"Apotheosis","floor":40,"key":"SMITH"},{"floor":46,"key":"REST"},{"data":"Fasting2","floor":49,"key":"SMITH"}],"circlet_count":0,"master_deck":["AscendersBane","Strike_P","Defend_P","Defend_P","Eruption+1","Vigilance","FollowUp","MentalFortress+1","EmptyFist","CutThroughFate","Judgement","Vault+1","Vault+1","InnerPeace+1","Adaptation+1","CrushJoints+1","Meditate+1","Scrawl","Apotheosis+1","Fasting2+1","Flash of Steel+1","Finesse","Thinking Ahead","Madness","Madness","Halt"],"relics":["PureWater","Lantern","Bottled Tornado","Letter Opener","Gremlin Horn","White Beast Statue","Empty Cage","Red Mask","The Courier","Molten Egg 2","CeramicFish","Philosopher\u0027s Stone","ClockworkSouvenir","Mercury Hourglass","InkBottle","Incense Burner"],"acts_visited":["Exordium","TheCity","TheBeyond"],"potions_floor_usage":[33,48],"damage_taken":[{"damage":0.0,"enemies":"2 Louse","floor":1.0,"turns":2.0},{"damage":0.0,"enemies":"Cultist","floor":3.0,"turns":3.0},{"damage":11.0,"enemies":"Small Slimes","floor":4.0,"turns":8.0},{"damage":7.0,"enemies":"2 Fungi Beasts","floor":5.0,"turns":3.0},{"damage":25.0,"enemies":"Lagavulin","floor":7.0,"turns":5.0},{"damage":0.0,"enemies":"3 Louse","floor":8.0,"turns":3.0},{"damage":0.0,"enemies":"Gremlin Nob","floor":10.0,"turns":2.0},{"damage":0.0,"enemies":"Lots of Slimes","floor":12.0,"turns":2.0},{"damage":0.0,"enemies":"Looter","floor":14.0,"turns":2.0},{"damage":51.0,"enemies":"Slime Boss","floor":16.0,"turns":13.0},{"damage":0.0,"enemies":"3 Byrds","floor":18.0,"turns":3.0},{"damage":0.0,"enemies":"Masked Bandits","floor":21.0,"turns":3.0},{"damage":3.0,"enemies":"Gremlin Leader","floor":24.0,"turns":6.0},{"damage":0.0,"enemies":"Shell Parasite","floor":28.0,"turns":3.0},{"damage":1,"enemies":"Book of Stabbing","floor":29,"turns":5},{"damage":2,"enemies":"Shelled Parasite and Fungi","floor":31,"turns":4},{"damage":24,"enemies":"Collector","floor":33,"turns":7},{"damage":0,"enemies":"3 Shapes","floor":35,"turns":3},{"damage":0,"enemies":"Orb Walker","floor":41,"turns":3},{"damage":0,"enemies":"Transient","floor":45,"turns":7},{"damage":0,"enemies":"Spire Growth","floor":47,"turns":4},{"damage":12,"enemies":"2 Orb Walkers","floor":48,"turns":6},{"damage":43,"enemies":"Time Eater","floor":50,"turns":6}],"seed_played":"1553304552629228904","potions_obtained":[{"floor":7.0,"key":"DistilledChaos"},{"floor":8.0,"key":"Explosive Potion"},{"floor":12.0,"key":"GamblersBrew"},{"floor":14.0,"key":"StancePotion"},{"floor":16.0,"key":"FearPotion"},{"floor":18.0,"key":"Fire Potion"},{"floor":21.0,"key":"FairyPotion"},{"floor":24.0,"key":"SpeedPotion"},{"floor":29,"key":"BottledMiracle"},{"floor":31,"key":"Fruit Juice"},{"floor":33,"key":"Ancient Potion"},{"floor":35,"key":"SteroidPotion"},{"floor":45,"key":"GamblersBrew"},{"floor":47,"key":"StancePotion"},{"floor":48,"key":"FearPotion"}],"is_trial":false,"path_per_floor":["M","?","M","M","M","R","E","M","T","E","R","M","$","M","R","B",null,"M","?","?","?","?","R","E","?","T","R","M","E","?","M","R","B",null,"M","$","?","T","?","R","M","?","T","T","M","R","M","?","R","B",null],"character_chosen":"WATCHER","items_purchased":["White Beast Statue","Apotheosis","ClockworkSouvenir","Fasting2"],"campfire_rested":3,"item_purchase_floors":[13,36,36,36],"current_hp_per_floor":[61,61,61,50,43,43,18,18,18,18,38,38,38,38,58,7,53,53,68,68,68,68,68,65,65,65,65,65,64,64,62,62,43,66,66,66,56,56,47,47,47,47,47,47,47,68,68,56,56,13],"gold":221,"neow_bonus":"RANDOM_COMMON_RELIC","is_daily":false,"chose_seed":false,"campfire_upgraded":6,"win_rate":0.0,"timestamp":1612495293,"path_taken":["M","?","M","M","?","R","E","M","T","E","R","M","$","M","R","BOSS","M","?","?","?","?","R","E","?","T","R","?","E","?","M","R","BOSS","M","$","?","?","?","R","M","?","T","?","M","R","?","?","R","BOSS"],"items_purchased_type":["Relic","Card","Relic","Card"],"build_version":"2020-12-22","purchased_purges":2,"victory":true,"max_hp_per_floor":[68,68,68,68,68,68,68,68,68,68,68,68,68,68,68,68,68,68,68,68,68,68,68,68,68,68,68,68,68,68,68,68,73,73,73,73,73,73,73,73,73,73,73,73,73,73,73,73,73,73],"relic_stats":{"Gremlin Horn":[21,21],"counters":[23,103],"CeramicFish":90,"Letter Opener":[150],"obtain_stats":[{"Lantern":0,"Gremlin Horn":10,"CeramicFish":29,"The Courier":24,"Incense Burner":48,"Letter Opener":9,"Bottled Tornado":7,"Empty Cage":17,"White Beast Statue":13,"ClockworkSouvenir":36,"Mercury Hourglass":43,"Molten Egg 2":26,"Philosopher\u0027s Stone":34,"Red Mask":21,"PureWater":0,"InkBottle":44},{"Lantern":0,"Gremlin Horn":7,"CeramicFish":15,"The Courier":13,"Incense Burner":22,"Letter Opener":6,"Bottled Tornado":5,"Empty Cage":10,"White Beast Statue":8,"ClockworkSouvenir":18,"Mercury Hourglass":19,"Molten Egg 2":13,"Philosopher\u0027s Stone":17,"Red Mask":12,"PureWater":0,"InkBottle":19},{"Lantern":0,"Gremlin Horn":26,"CeramicFish":63,"The Courier":55,"Incense Burner":97,"Letter Opener":24,"Bottled Tornado":21,"Empty Cage":43,"White Beast Statue":28,"ClockworkSouvenir":77,"Mercury Hourglass":80,"Molten Egg 2":55,"Philosopher\u0027s Stone":74,"Red Mask":49,"PureWater":0,"InkBottle":80}],"InkBottle":[12],"Mercury Hourglass":[84]},"card_choices":[{"not_picked":["Prostrate","Consecrate"],"picked":"FollowUp","floor":1.0},{"not_picked":["EmptyMind","FlyingSleeves"],"picked":"MentalFortress","floor":3.0},{"not_picked":["FlyingSleeves","CrushJoints"],"picked":"EmptyFist","floor":4.0},{"not_picked":["EmptyBody","ClearTheMind"],"picked":"CutThroughFate","floor":5.0},{"not_picked":["Fasting2","Study"],"picked":"Judgement","floor":7.0},{"not_picked":["ThirdEye","EmptyBody","FlyingSleeves"],"picked":"SKIP","floor":8.0},{"not_picked":["DeusExMachina","MentalFortress"],"picked":"Vault","floor":10.0},{"not_picked":["CrushJoints","CutThroughFate","ThirdEye"],"picked":"SKIP","floor":12.0},{"not_picked":["Sanctity","FlyingSleeves","WaveOfTheHand"],"picked":"SKIP","floor":14.0},{"not_picked":["Establishment","Devotion"],"picked":"Vault","floor":16.0},{"not_picked":["Conclude","BattleHymn","Collect"],"picked":"SKIP","floor":18.0},{"not_picked":["Prostrate","ThirdEye"],"picked":"InnerPeace+1","floor":21.0},{"not_picked":["ClearTheMind","EmptyBody"],"picked":"Adaptation+1","floor":24.0},{"not_picked":["PathToVictory","ThirdEye"],"picked":"CrushJoints+1","floor":28.0},{"not_picked":["FollowUp+1","EmptyBody","ForeignInfluence"],"picked":"SKIP","floor":29},{"not_picked":["PathToVictory","Wish"],"picked":"Meditate+1","floor":31},{"not_picked":["Wish","Vault"],"picked":"Scrawl","floor":33},{"not_picked":["JustLucky+1","SandsOfTime+1","EmptyFist+1"],"picked":"SKIP","floor":35},{"not_picked":["Dark Shackles","The Bomb"],"picked":"Flash of Steel+1","floor":37},{"not_picked":["Panache","Violence"],"picked":"Finesse","floor":37},{"not_picked":["Discovery","Magnetism"],"picked":"Thinking Ahead","floor":37},{"not_picked":["PathToVictory+1","FlyingSleeves+1","Prostrate"],"picked":"SKIP","floor":41},{"not_picked":["CrushJoints+1","SashWhip+1","Worship"],"picked":"SKIP","floor":45},{"not_picked":["EmptyBody+1","WreathOfFlame","Fasting2"],"picked":"SKIP","floor":47},{"not_picked":["CrushJoints+1","FlurryOfBlows+1"],"picked":"Halt","floor":48}],"player_experience":728726,"relics_obtained":[{"floor":7.0,"key":"Bottled Tornado"},{"floor":9.0,"key":"Letter Opener"},{"floor":10.0,"key":"Gremlin Horn"},{"floor":21.0,"key":"Red Mask"},{"floor":24.0,"key":"The Courier"},{"floor":26.0,"key":"Molten Egg 2"},{"floor":29,"key":"CeramicFish"},{"floor":43,"key":"Mercury Hourglass"},{"floor":44,"key":"InkBottle"},{"floor":48,"key":"Incense Burner"}],"event_choices":[{"damage_healed":0.0,"max_hp_gain":0.0,"max_hp_loss":0.0,"gold_gain":100.0,"event_name":"Golden Shrine","player_choice":"Pray","floor":2.0,"gold_loss":0.0,"damage_taken":0.0},{"damage_healed":22.0,"max_hp_gain":0.0,"max_hp_loss":0.0,"gold_gain":0.0,"event_name":"The Library","player_choice":"Heal","floor":19.0,"gold_loss":0.0,"damage_taken":0.0},{"damage_healed":0.0,"max_hp_gain":0.0,"max_hp_loss":0.0,"gold_gain":0.0,"event_name":"The Mausoleum","player_choice":"Ignored","floor":20.0,"gold_loss":0.0,"damage_taken":0.0},{"damage_healed":0.0,"max_hp_gain":0.0,"max_hp_loss":0.0,"gold_gain":0.0,"event_name":"Masked Bandits","player_choice":"Fought Bandits","floor":21.0,"gold_loss":0.0,"damage_taken":0.0},{"damage_healed":0.0,"max_hp_gain":0.0,"max_hp_loss":0.0,"gold_gain":0.0,"event_name":"Ghosts","player_choice":"Ignored","floor":22.0,"gold_loss":0.0,"damage_taken":0.0},{"damage_healed":0.0,"max_hp_gain":0.0,"max_hp_loss":0.0,"gold_gain":100.0,"event_name":"Golden Shrine","player_choice":"Pray","floor":25.0,"gold_loss":0.0,"damage_taken":0.0},{"cards_removed":["Defend_P"],"damage_healed":0,"gold_gain":0,"player_choice":"Purged","damage_taken":0,"max_hp_gain":0,"max_hp_loss":0,"event_name":"Purifier","floor":30,"gold_loss":0},{"damage_healed":0,"gold_gain":0,"player_choice":"Memory 3","damage_taken":10,"max_hp_gain":0,"max_hp_loss":0,"event_name":"SensoryStone","floor":37,"gold_loss":0},{"damage_healed":0,"gold_gain":0,"player_choice":"Embrace Madness","damage_taken":9,"max_hp_gain":0,"max_hp_loss":0,"event_name":"Winding Halls","floor":39,"gold_loss":0,"cards_obtained":["Madness","Madness"]},{"damage_healed":0,"gold_gain":0,"player_choice":"Ignored","damage_taken":0,"max_hp_gain":0,"max_hp_loss":0,"event_name":"Tomb of Lord Red Mask","floor":42,"gold_loss":0},{"damage_healed":0,"gold_gain":0,"player_choice":"Fight","damage_taken":0,"max_hp_gain":0,"max_hp_loss":0,"event_name":"Mysterious Sphere","floor":48,"gold_loss":0}],"is_beta":false,"boss_relics":[{"not_picked":["Coffee Dripper","Calling Bell"],"picked":"Empty Cage"},{"not_picked":["Tiny House","Velvet Choker"],"picked":"Philosopher\u0027s Stone"}],"items_purged_floors":[13,36],"is_endless":false,"potions_floor_spawned":[7,8,12,14,16,18,21,24,28,29,31,33,35,41,45,47,48],"ascension_level":14}}