{"host":"yq2wmfr0u0wuvxc0","time":1612562368,"event":{"mods":["Act Like it!","Aspiration","BaseMod","Colored Powertips","Curses Come First","Defuse TimeMaze Blight","Downfall","Friendly Minions","Gensokyo","Gremlin Mod","Hallownest","Hubris","Infinite Spire","Koishi","Marisa????????","Minty Spire (QoL Compilation)","Pale of the Ancients","Quick Restart","Rare Cards Sparkle","Remilia??????","Shop Mod","Smile Girya","Spicy Shops","StSLib","The Servant 0.9.4","Wide Potions","Youmu??????"],"gold_per_floor":[99,126,126,126,126,126,153,63,74,107,127,144,144,155,173,277,277,277,297,397,210,210,310,310,335,355,388,403,429,429,429],"floor_reached":29,"language":"ZHS","playtime":2166,"items_purged":["Hallownest:curseDreamersLament","Decay"],"score":302,"play_id":"57be8f95-bb7f-487a-a6a5-8d0b4f979b12","local_time":"20210205135928","is_ascension_mode":true,"campfire_choices":[{"data":"sneckomod:TailWhip","floor":1.0,"key":"SMITH"},{"data":"sneckomod:SerpentIdol","floor":6.0,"key":"SMITH"},{"data":"sneckomod:SoulExchange","floor":13.0,"key":"SMITH"},{"data":"sneckomod:CheapStock","floor":18.0,"key":"SMITH"}],"circlet_count":0,"master_deck":["sneckomod:Strike","sneckomod:Strike","sneckomod:Defend","sneckomod:Defend","sneckomod:Defend","sneckomod:TailWhip+1","sneckomod:SnekBite","sneckomod:Unknown","sneckomod:Unknown","sneckomod:SerpentIdol+1","hubris:Wrath","sneckomod:SoulExchange+1","sneckomod:CheapStock+1","sneckomod:PureSnecko","sneckomod:ImprovisedGuard","sneckomod:CheapStock","sneckomod:ImprovisedGuard","sneckomod:UnknownUncommonSkill","sneckomod:UnknownClassMARISA_COLOR","sneckomod:UnknownRarePower","sneckomod:MasterEye","sneckomod:UnknownExhaust","sneckomod:UnknownUncommonPower+1","sneckomod:UnknownUncommonAttack+1","sneckomod:CheapStock","Pain","hubris:Lust","sneckomod:DefensiveFlair","sneckomod:MorePower","sneckomod:UnknownClassINFINITE_BLACK+1"],"relics":["Philosopher\u0027s Stone","downfall:ExtraCursedKey","aspiration:Lifesprig","infinitespire:ShieldingShard","hubris:GrandSneckoEye","Toy Ornithopter","aspiration:RitualStick","downfall:GremlinWheel","aspiration:SeaSaltIceCream","aspiration:HiddenCompartment","WingedGreaves","aspiration:FetidBarrel"],"acts_visited":["Exordium","TheCity"],"potions_floor_usage":[29,29],"damage_taken":[{"damage":0.0,"enemies":"Small Slimes","floor":2.0,"turns":4.0},{"damage":0.0,"enemies":"downfall:FleeingMerchant","floor":8.0,"turns":4.0},{"damage":0.0,"enemies":"2 Louse","floor":9.0,"turns":1.0},{"damage":15.0,"enemies":"3 Sentries","floor":10.0,"turns":4.0},{"damage":0.0,"enemies":"Cultist","floor":11.0,"turns":3.0},{"damage":8.0,"enemies":"3 Louse","floor":12.0,"turns":3.0},{"damage":21.0,"enemies":"Lots of Slimes","floor":14.0,"turns":5.0},{"damage":6.0,"enemies":"Blue Slaver","floor":15.0,"turns":4.0},{"damage":29.0,"enemies":"IC_STATUS_ARCHETYPE","floor":16.0,"turns":9.0},{"damage":7.0,"enemies":"Spheric Guardian","floor":19.0,"turns":4.0},{"damage":0.0,"enemies":"downfall:LadyInBlue","floor":20.0,"turns":5.0},{"damage":0.0,"enemies":"downfall:FleeingMerchant","floor":21.0,"turns":4.0},{"damage":10.0,"enemies":"downfall:FleeingMerchant","floor":23.0,"turns":3.0},{"damage":37.0,"enemies":"Slavers","floor":25.0,"turns":4.0},{"damage":0.0,"enemies":"3 Byrds","floor":26.0,"turns":4.0},{"damage":17.0,"enemies":"Book of Stabbing","floor":27.0,"turns":4.0},{"damage":0.0,"enemies":"Shelled Parasite and Fungi","floor":28.0,"turns":3.0},{"damage":41,"enemies":"Slavers","floor":29,"turns":3}],"seed_played":"4782759863164705283","potions_obtained":[{"floor":2.0,"key":"SpeedPotion"},{"floor":12.0,"key":"bronze:BurnAndBuffPotion"},{"floor":15.0,"key":"BlessingOfTheForge"},{"floor":20.0,"key":"SkillPotion"},{"floor":20.0,"key":"sneckomod:CheatPotion"},{"floor":20.0,"key":"SneckoOil"},{"floor":23.0,"key":"Fruit Juice"},{"floor":26.0,"key":"DistilledChaos"},{"floor":28.0,"key":"bronze:BurnAndBuffPotion"}],"is_trial":false,"path_per_floor":["R","M","?","?","?","R","T","$","M","E","M","M","R","M","M","B",null,"R","M","?","$","?","?","T","E","M","E","M","E"],"character_chosen":"THE_SNECKO","items_purchased":["sneckomod:CheapStock"],"campfire_rested":0,"item_purchase_floors":[21],"current_hp_per_floor":[90,90,90,90,90,90,90,90,90,75,75,67,67,61,55,26,90,90,83,83,84,66,70,70,38,38,21,26,0,0,0],"gold":429,"neow_bonus":"BOSS_RELIC","is_daily":false,"chose_seed":false,"campfire_upgraded":4,"win_rate":0.0,"timestamp":1612562368,"path_taken":["R","M","?","?","?","R","T","$","M","E","M","M","R","M","M","BOSS","R","M","?","$","?","?","T","E","?","E","M","E"],"items_purchased_type":["Card"],"build_version":"2020-12-22","purchased_purges":2,"victory":false,"max_hp_per_floor":[90,90,90,90,90,90,90,90,90,90,90,90,90,90,90,90,90,90,90,90,90,90,95,95,95,95,95,95,95,95,95],"card_choices":[{"not_picked":["sneckomod:IronFang","sneckomod:SoulRoll"],"picked":"sneckomod:SerpentIdol","floor":2.0},{"not_picked":["sneckomod:DiceBlock","sneckomod:UnknownClassMARISA_COLOR"],"picked":"sneckomod:CheapStock","floor":8.0},{"not_picked":["sneckomod:Nope","sneckomod:SerpentIdol"],"picked":"sneckomod:PureSnecko","floor":9.0},{"not_picked":["sneckomod:Unknown0Cost","sneckomod:UnknownClassMARISA_COLOR"],"picked":"sneckomod:ImprovisedGuard","floor":10.0},{"not_picked":["sneckomod:UnknownClassMARISA_COLOR","sneckomod:Unknown0Cost"],"picked":"sneckomod:CheapStock","floor":11.0},{"not_picked":["sneckomod:Unknown1Cost","sneckomod:UnknownCommonSkill"],"picked":"sneckomod:ImprovisedGuard","floor":12.0},{"not_picked":["sneckomod:WideSting","sneckomod:RainOfDice"],"picked":"sneckomod:UnknownUncommonSkill","floor":14.0},{"not_picked":["sneckomod:QuickBite","sneckomod:Mudshield"],"picked":"sneckomod:UnknownClassMARISA_COLOR","floor":15.0},{"not_picked":["sneckomod:UnknownBoss","sneckomod:SerpentMind"],"picked":"sneckomod:UnknownRarePower","floor":16.0},{"not_picked":["sneckomod:UnknownBlock","sneckomod:QuickBite+1"],"picked":"sneckomod:MasterEye","floor":19.0},{"not_picked":["sneckomod:UnknownClassMARISA_COLOR","sneckomod:SoulCleanse"],"picked":"sneckomod:UnknownExhaust","floor":20.0},{"not_picked":["sneckomod:Unknown3Cost+1","sneckomod:UnknownBlock+1"],"picked":"sneckomod:UnknownUncommonPower+1","floor":21.0},{"not_picked":["sneckomod:DiceCrush","sneckomod:QuickBite"],"picked":"sneckomod:UnknownUncommonAttack+1","floor":21.0},{"not_picked":["sneckomod:UnknownUncommonAttack+1","sneckomod:UnknownVulnerable"],"picked":"sneckomod:DefensiveFlair","floor":25.0},{"not_picked":["sneckomod:UnknownCommonAttack","sneckomod:SoulCleanse+1","sneckomod:UnknownX"],"picked":"SKIP","floor":26.0},{"not_picked":["sneckomod:SlitherStrike","sneckomod:DiceBlock"],"picked":"sneckomod:MorePower","floor":27.0},{"not_picked":["sneckomod:Unknown1Cost","sneckomod:SoulRoll"],"picked":"sneckomod:UnknownClassINFINITE_BLACK+1","floor":28.0}],"player_experience":334562,"relics_obtained":[{"floor":7.0,"key":"aspiration:Lifesprig"},{"floor":10.0,"key":"infinitespire:ShieldingShard"},{"floor":20.0,"key":"Toy Ornithopter"},{"floor":23.0,"key":"downfall:GremlinWheel"},{"floor":24.0,"key":"aspiration:SeaSaltIceCream"},{"floor":25.0,"key":"WingedGreaves"},{"floor":27.0,"key":"aspiration:FetidBarrel"}],"event_choices":[{"cards_removed":["sneckomod:Strike"],"damage_healed":0.0,"max_hp_gain":0.0,"max_hp_loss":0.0,"gold_gain":0.0,"event_name":"The Cleric","player_choice":"Card Removal","floor":3.0,"gold_loss":0.0,"damage_taken":0.0}],"is_beta":false,"boss_relics":[{"not_picked":["Pandora\u0027s Box","hubris:TerracottaHorce"],"picked":"hubris:GrandSneckoEye"}],"items_purged_floors":[8,21],"is_endless":false,"potions_floor_spawned":[12,15,23,26,28],"killed_by":"Slavers","ascension_level":1}}