{"host":"qdfumeom6htv8yxl","time":1612535299,"event":{"mods":["AchievementEnabler","BaseMod","Bestiary","Block Reminder","Colored Powertips","Highlight Path","Minty Spire (QoL Compilation)","Quick Restart","Relic Stats"],"gold_per_floor":[111,186,6,6,6,6,18,18,91,116,135,154,154,167,167,243,243,260,175,192,192,203,203,228,244,244,244,244,244],"floor_reached":28,"language":"ENG","playtime":27129,"items_purged":[],"score":526,"play_id":"1ba5b19d-5fbe-4d74-9e3c-a8dcaf882312","local_time":"20210205082819","is_ascension_mode":true,"campfire_choices":[{"floor":6.0,"key":"REST"},{"data":"Sunder","floor":8.0,"key":"SMITH"},{"data":"Beam Cell","floor":13.0,"key":"SMITH"},{"data":"Go for the Eyes","floor":15.0,"key":"SMITH"},{"data":"Darkness","floor":23.0,"key":"SMITH"}],"circlet_count":0,"master_deck":["AscendersBane","Strike_B","Strike_B","Strike_B","Defend_B+1","Defend_B","Defend_B+1","Defend_B","Zap","Dualcast","Sunder+1","Master of Strategy","Doom and Gloom","Beam Cell+1","Rebound","Sweeping Beam","Go for the Eyes+1","Multi-Cast","Doom and Gloom","Darkness+1","Writhe","Hologram"],"relics":["Cracked Core","NeowsBlessing","StrikeDummy","Lantern","Velvet Choker","Centennial Puzzle","Bag of Marbles","Peace Pipe","Turnip"],"acts_visited":["Exordium","TheCity"],"potions_floor_usage":[24,27],"damage_taken":[{"damage":0.0,"enemies":"Small Slimes","floor":1.0,"turns":1.0},{"damage":0.0,"enemies":"Jaw Worm","floor":7.0,"turns":1.0},{"damage":0.0,"enemies":"3 Sentries","floor":10.0,"turns":1.0},{"damage":0.0,"enemies":"Cultist","floor":11.0,"turns":2.0},{"damage":14.0,"enemies":"Lots of Slimes","floor":12.0,"turns":3.0},{"damage":0.0,"enemies":"Large Slime","floor":14.0,"turns":3.0},{"damage":21.0,"enemies":"The Guardian","floor":16.0,"turns":8.0},{"damage":0.0,"enemies":"Chosen","floor":18.0,"turns":2.0},{"damage":3.0,"enemies":"Spheric Guardian","floor":20.0,"turns":3.0},{"damage":19.0,"enemies":"Centurion and Healer","floor":22.0,"turns":2.0},{"damage":13,"enemies":"Slavers","floor":24,"turns":3},{"damage":13,"enemies":"Snecko","floor":25,"turns":3},{"damage":16,"enemies":"Snake Plant","floor":28,"turns":2}],"seed_played":"-427580445125686002","potions_obtained":[{"floor":1.0,"key":"Dexterity Potion"},{"floor":11.0,"key":"Block Potion"},{"floor":12.0,"key":"LiquidMemories"},{"floor":16.0,"key":"Explosive Potion"},{"floor":18.0,"key":"Explosive Potion"},{"floor":20.0,"key":"ColorlessPotion"},{"floor":27,"key":"Fruit Juice"},{"floor":27,"key":"EssenceOfDarkness"}],"is_trial":false,"path_per_floor":["M","?","$","?","?","R","M","R","T","E","M","M","R","M","R","B",null,"M","?","M","?","M","R","E","M","T","?","M"],"character_chosen":"DEFECT","items_purchased":["Master of Strategy"],"campfire_rested":1,"item_purchase_floors":[3],"current_hp_per_floor":[64,53,53,53,32,53,53,53,53,53,53,39,39,39,39,18,58,58,58,55,55,36,36,23,10,10,15,0,0],"gold":244,"neow_bonus":"THREE_ENEMY_KILL","is_daily":false,"chose_seed":false,"campfire_upgraded":4,"win_rate":0.0,"timestamp":1612535299,"path_taken":["M","?","$","?","?","R","M","R","T","E","M","M","R","M","R","BOSS","M","?","M","?","M","R","E","M","T","?","M"],"items_purchased_type":["Card"],"build_version":"2020-12-22","purchased_purges":0,"victory":false,"max_hp_per_floor":[71,71,71,71,71,71,71,71,71,71,71,71,71,71,71,71,71,71,71,71,71,71,71,71,71,71,76,76,76],"relic_stats":{"Peace Pipe":0,"Centennial Puzzle":[15],"counters":[13,34],"Turnip":[2],"obtain_stats":[{"Peace Pipe":24,"Lantern":10,"Centennial Puzzle":19,"NeowsBlessing":0,"Velvet Choker":17,"Turnip":26,"Bag of Marbles":21,"Cracked Core":0,"StrikeDummy":9},{"Peace Pipe":11,"Lantern":3,"Centennial Puzzle":8,"NeowsBlessing":0,"Velvet Choker":7,"Turnip":12,"Bag of Marbles":9,"Cracked Core":0,"StrikeDummy":2},{"Peace Pipe":29,"Lantern":3,"Centennial Puzzle":21,"NeowsBlessing":0,"Velvet Choker":19,"Turnip":32,"Bag of Marbles":24,"Cracked Core":0,"StrikeDummy":2}]},"card_choices":[{"not_picked":["Conserve Battery","Storm"],"picked":"Sunder","floor":1.0},{"not_picked":["Leap","Stack"],"picked":"Beam Cell","floor":7.0},{"not_picked":["Glacier","Double Energy"],"picked":"Rebound","floor":10.0},{"not_picked":["Cold Snap","Rebound","Heatsinks"],"picked":"SKIP","floor":11.0},{"not_picked":["Sunder","Consume"],"picked":"Sweeping Beam","floor":12.0},{"not_picked":["Capacitor","Beam Cell"],"picked":"Go for the Eyes","floor":14.0},{"not_picked":["Creative AI","Thunder Strike"],"picked":"Multi-Cast","floor":16.0},{"not_picked":["Leap","Sunder"],"picked":"Doom and Gloom","floor":18.0},{"not_picked":["Sweeping Beam","Conserve Battery"],"picked":"Darkness","floor":20.0},{"not_picked":["Fusion","Recycle","Cold Snap"],"picked":"SKIP","floor":22.0},{"not_picked":["Auto Shields","Rebound","BootSequence"],"picked":"SKIP","floor":24},{"not_picked":["Storm","Stack+1"],"picked":"Hologram","floor":25}],"player_experience":2012987,"relics_obtained":[{"floor":9.0,"key":"StrikeDummy"},{"floor":10.0,"key":"Lantern"},{"floor":24,"key":"Peace Pipe"},{"floor":26,"key":"Turnip"}],"event_choices":[{"damage_healed":0.0,"max_hp_gain":0.0,"max_hp_loss":0.0,"gold_gain":75.0,"event_name":"World of Goop","player_choice":"Gather Gold","floor":2.0,"gold_loss":0.0,"damage_taken":11.0},{"damage_healed":0.0,"max_hp_gain":0.0,"max_hp_loss":0.0,"gold_gain":0.0,"cards_transformed":["Strike_B"],"event_name":"Living Wall","player_choice":"Change","floor":4.0,"gold_loss":0.0,"damage_taken":0.0,"cards_obtained":["Doom and Gloom"]},{"damage_healed":0.0,"max_hp_gain":0.0,"max_hp_loss":0.0,"gold_gain":0.0,"event_name":"Shining Light","player_choice":"Entered Light","floor":5.0,"gold_loss":0.0,"damage_taken":21.0,"cards_upgraded":["Defend_B","Defend_B"]},{"damage_healed":0.0,"max_hp_gain":0.0,"max_hp_loss":0.0,"gold_gain":0.0,"event_name":"Addict","player_choice":"Obtained Relic","floor":19.0,"gold_loss":85.0,"damage_taken":0.0,"relics_obtained":["Centennial Puzzle"]},{"damage_healed":0.0,"max_hp_gain":0.0,"max_hp_loss":0.0,"gold_gain":0.0,"event_name":"The Mausoleum","player_choice":"Opened","floor":21.0,"gold_loss":0.0,"damage_taken":0.0,"relics_obtained":["Bag of Marbles"],"cards_obtained":["Writhe"]},{"damage_healed":0,"gold_gain":0,"player_choice":"Got Potions","damage_taken":0,"max_hp_gain":0,"max_hp_loss":0,"event_name":"Lab","floor":27,"gold_loss":0}],"is_beta":false,"boss_relics":[{"not_picked":["FrozenCore","Black Star"],"picked":"Velvet Choker"}],"items_purged_floors":[],"is_endless":false,"potions_floor_spawned":[1,11,12,16,18,20,22],"killed_by":"Snake Plant","ascension_level":20}}