{"host":"8d3fefv2347kqkpz","time":1612569109,"event":{"mods":["AchievementEnabler","Act Like it!","Aspiration","BaseMod","Better Vampires","Colored Map","Colored Powertips","Conspire","GifTheSpireLib","Highlight Path","Hubris","Mimic Mod","Minty Spire (QoL Compilation)","Quick Restart","Rare Cards Sparkle","Relic Stats","Replay The Spire","Spicy Shops","StSLib","The Jungle","Waifu the Spire"],"gold_per_floor":[115,290,314,314,8,38,38,48,75,88,103,138,157,157,157,260,260,275,289,388,406,85,85,98,98,146,179,190,225,225,239,239,344,344,360,360,374,262,276,276,293,293,293,293,293,293,311,325,325,58,58,58],"floor_reached":53,"language":"ZHS","playtime":2081,"items_purged":["Doubt","Strike_R","Strike_R","Strike_R","Rupture","Defend_R"],"score":690,"play_id":"fb007f8b-9423-43f9-99a3-74e5c79e737d","local_time":"20210206075149","is_ascension_mode":true,"campfire_choices":[{"data":"Demon Form","floor":7.0,"key":"SMITH"},{"floor":15.0,"key":"REST"},{"floor":23.0,"key":"REST"},{"floor":25.0,"key":"REST"},{"floor":32.0,"key":"REST"},{"data":"hubris:ReadiedAction","floor":40.0,"key":"SMITH"},{"floor":42.0,"key":"REST"},{"data":"Metallicize","floor":46.0,"key":"SMITH"},{"floor":49.0,"key":"REST"},{"data":"Heavy Blade","floor":51,"key":"SMITH"}],"circlet_count":0,"master_deck":["Strike_R","Strike_R","Defend_R","Defend_R","Defend_R","Bash","ReplayTheSpireMod:Private Reserves","Reaper","Warcry+1","Heavy Blade+1","hubris:ReadiedAction+1","Cleave","Metallicize+1","ReplayTheSpireMod:Stacked+1","hubris:DuctTapeCard","hubris:SharpeningStone"],"relics":["Burning Blood","Bag of Marbles","Membership Card","Replay:Mystery Machine","Happy Flower","Replay:Fungal Core","Red Skull","Pantograph","ReplayTheSpireMod:Lightbulb","ReplayTheSpireMod:Spearhead","Toy Ornithopter","aspiration:RitualStick","Electric Blood","hubris:DuctTape","Turnip"],"acts_visited":["Exordium","TheCity","TheBeyond"],"potions_floor_usage":[],"damage_taken":[{"damage":6.0,"enemies":"Jaw Worm","floor":1.0,"turns":6.0},{"damage":39.0,"enemies":"3 Sentries","floor":6.0,"turns":9.0},{"damage":7.0,"enemies":"Small Slimes","floor":8.0,"turns":4.0},{"damage":1.0,"enemies":"Cultist","floor":10.0,"turns":4.0},{"damage":14.0,"enemies":"Blue Slaver","floor":11.0,"turns":4.0},{"damage":16.0,"enemies":"Lagavulin","floor":12.0,"turns":6.0},{"damage":6.0,"enemies":"2 Fungi Beasts","floor":13.0,"turns":4.0},{"damage":35.0,"enemies":"Hexaghost","floor":16.0,"turns":7.0},{"damage":40.0,"enemies":"Spheric Guardian","floor":18.0,"turns":6.0},{"damage":38.0,"enemies":"Chosen","floor":19.0,"turns":7.0},{"damage":23.0,"enemies":"Centurion and Healer","floor":21.0,"turns":5.0},{"damage":54.0,"enemies":"Cultist and Chosen","floor":24.0,"turns":8.0},{"damage":55.0,"enemies":"conspire:MimicChest","floor":27.0,"turns":6.0},{"damage":10.0,"enemies":"Snecko","floor":28.0,"turns":4.0},{"damage":26.0,"enemies":"conspire:SneckoGhost","floor":29.0,"turns":4.0},{"damage":29.0,"enemies":"Shelled Parasite and Fungi","floor":31.0,"turns":4.0},{"damage":71.0,"enemies":"Champ","floor":33.0,"turns":8.0},{"damage":51.0,"enemies":"Orb Walker","floor":35.0,"turns":5.0},{"damage":23.0,"enemies":"3 Shapes","floor":37.0,"turns":4.0},{"damage":45.0,"enemies":"Sphere and 2 Shapes","floor":39.0,"turns":4.0},{"damage":43.0,"enemies":"Spire Growth","floor":41.0,"turns":4.0},{"damage":41.0,"enemies":"Maw","floor":47.0,"turns":6.0},{"damage":17.0,"enemies":"Sphere and 2 Shapes","floor":48.0,"turns":6.0},{"damage":52,"enemies":"Replay:Hell Engine","floor":52,"turns":7}],"seed_played":"1515873983770492602","potions_obtained":[{"floor":1.0,"key":"AttackPotion"},{"floor":10.0,"key":"Dexterity Potion"},{"floor":24.0,"key":"Milkshake"},{"floor":28.0,"key":"Reflective Coating"},{"floor":31.0,"key":"Block Potion"},{"floor":41.0,"key":"Weak Potion"}],"is_trial":false,"path_per_floor":["M","?","T","?","$","E","R","M","T","M","M","E","M","?","R","B",null,"M","M","?","M","$","R","M","R","T","?","M","E","?","M","R_BF","B",null,"M","?","M","$","M","R","M","R","PTL","PTL","T","R","M","M","R","$","R","B",null],"character_chosen":"IRONCLAD","items_purchased":["Membership Card","Demon Form","ReplayTheSpireMod:Private Reserves","Red Skull","Pantograph","hubris:ReadiedAction","Metallicize","Energy Potion","hubris:SharpeningStone"],"campfire_rested":6,"item_purchase_floors":[5,5,5,22,22,22,38,50,50],"current_hp_per_floor":[88,88,88,88,88,55,55,54,54,59,51,41,41,41,67,38,88,54,26,26,37,37,63,44,70,70,40,57,56,38,46,72,50,88,52,52,88,88,49,49,24,50,50,50,50,50,39,48,74,74,74,71],"gold":58,"neow_bonus":"TEN_PERCENT_HP_BONUS","is_daily":false,"chose_seed":false,"campfire_upgraded":4,"win_rate":0.0,"timestamp":1612569109,"path_taken":["M","?","?","?","$","E","R","M","T","M","M","E","?","?","R","BOSS","M","M","?","M","$","R","M","R","T","?","M","E","?","M","R_BF","BOSS","M","?","M","$","?","R","M","R","PTL","PTL","T","R","M","M","R","?","R","BOSS"],"items_purchased_type":["Relic","Card","Card","Relic","Relic","Card","Card","Potion","Card"],"build_version":"2020-12-22","purchased_purges":6,"victory":true,"max_hp_per_floor":[88,88,88,88,88,88,88,88,88,88,88,88,88,88,88,88,88,88,88,88,88,88,88,88,88,88,88,88,88,88,88,88,88,88,88,88,88,88,88,88,88,88,88,88,88,88,88,88,88,88,88,88],"relic_stats":{"Happy Flower":[37],"counters":[24,132],"Pantograph":30,"Turnip":[8],"obtain_stats":[{"Happy Flower":9,"Replay:Fungal Core":17,"hubris:DuctTape":36,"Replay:Mystery Machine":6,"Burning Blood":0,"aspiration:RitualStick":30,"ReplayTheSpireMod:Spearhead":27,"Pantograph":22,"Turnip":45,"Bag of Marbles":3,"Membership Card":5,"ReplayTheSpireMod:Lightbulb":26,"Electric Blood":34,"Red Skull":22,"Toy Ornithopter":29},{"Happy Flower":3,"Replay:Fungal Core":8,"hubris:DuctTape":18,"Replay:Mystery Machine":2,"Burning Blood":0,"aspiration:RitualStick":15,"ReplayTheSpireMod:Spearhead":13,"Pantograph":11,"Turnip":21,"Bag of Marbles":1,"Membership Card":1,"ReplayTheSpireMod:Lightbulb":12,"Electric Blood":17,"Red Skull":11,"Toy Ornithopter":15},{"Happy Flower":19,"Replay:Fungal Core":44,"hubris:DuctTape":101,"Replay:Mystery Machine":15,"Burning Blood":0,"aspiration:RitualStick":84,"ReplayTheSpireMod:Spearhead":76,"Pantograph":62,"Turnip":113,"Bag of Marbles":6,"Membership Card":6,"ReplayTheSpireMod:Lightbulb":70,"Electric Blood":96,"Red Skull":62,"Toy Ornithopter":84}],"Burning Blood":142,"Toy Ornithopter":0,"aspiration:RitualStick":[1]},"card_choices":[{"not_picked":["Power Through","ReplayTheSpireMod:LeadingStrike","True Grit"],"picked":"SKIP","floor":1.0},{"not_picked":["Flex","Wild Strike","Second Wind"],"picked":"SKIP","floor":6.0},{"not_picked":["Flex","Clash"],"picked":"Demon Form","floor":8.0},{"not_picked":["Disarm","Carnage","Havoc"],"picked":"SKIP","floor":10.0},{"not_picked":["Flame Barrier","ReplayTheSpireMod:Corrosion Curse","Battle Trance"],"picked":"SKIP","floor":11.0},{"not_picked":["Reckless Charge","Juggernaut","Dual Wield"],"picked":"SKIP","floor":12.0},{"not_picked":["Pommel Strike","Wild Strike","Flex"],"picked":"SKIP","floor":13.0},{"not_picked":["Fiend Fire","Feed"],"picked":"Reaper","floor":16.0},{"not_picked":["Body Slam","ReplayTheSpireMod:Strike From Hell+1"],"picked":"Warcry+1","floor":18.0},{"not_picked":["Dual Wield+1","Infernal Blade","Blood for Blood"],"picked":"SKIP","floor":19.0},{"not_picked":["Perfected Strike+1","Armaments"],"picked":"Heavy Blade","floor":21.0},{"not_picked":["Wild Strike","Heavy Blade+1","Shrug It Off"],"picked":"SKIP","floor":24.0},{"not_picked":["Body Slam+1","Anger+1"],"picked":"Cleave","floor":27.0},{"not_picked":["Shockwave","Second Wind","Wild Strike"],"picked":"SKIP","floor":28.0},{"not_picked":["Double Tap","Shockwave","True Grit"],"picked":"SKIP","floor":29.0},{"not_picked":["Clothesline","True Grit","ReplayTheSpireMod:Strike From Hell+1"],"picked":"SKIP","floor":31.0},{"not_picked":["Run Through","Warcry+1","Clothesline+1"],"picked":"SKIP","floor":35.0},{"not_picked":["ReplayReversal+1","Burning Pact","Infernal Blade+1"],"picked":"SKIP","floor":37.0},{"not_picked":["Abandon","ReplayReversal","Ghostly Armor"],"picked":"SKIP","floor":39.0},{"not_picked":["Combust","Replay:Undeath\u0027s Touch"],"picked":"Rupture","floor":41.0},{"not_picked":["ReplayTheSpireMod:Limb From Limb","Body Slam+1"],"picked":"ReplayTheSpireMod:Stacked+1","floor":47.0},{"not_picked":["Armaments+1","Evolve","Pommel Strike"],"picked":"SKIP","floor":48.0}],"player_experience":257591,"relics_obtained":[{"floor":3.0,"key":"Bag of Marbles"},{"floor":6.0,"key":"Replay:Mystery Machine"},{"floor":9.0,"key":"Happy Flower"},{"floor":26.0,"key":"ReplayTheSpireMod:Lightbulb"},{"floor":27.0,"key":"ReplayTheSpireMod:Spearhead"},{"floor":29.0,"key":"Toy Ornithopter"},{"floor":36.0,"key":"hubris:DuctTape"},{"floor":45.0,"key":"Turnip"}],"event_choices":[{"damage_healed":0.0,"max_hp_gain":0.0,"max_hp_loss":0.0,"gold_gain":175.0,"event_name":"Liars Game","player_choice":"AGREE","floor":2.0,"gold_loss":0.0,"damage_taken":0.0,"cards_obtained":["Doubt"]},{"damage_healed":0.0,"max_hp_gain":0.0,"max_hp_loss":0.0,"gold_gain":0.0,"event_name":"The Woman in Blue","player_choice":"Bought 0 Potions","floor":4.0,"gold_loss":0.0,"damage_taken":0.0},{"damage_healed":0.0,"max_hp_gain":0.0,"max_hp_loss":0.0,"gold_gain":0.0,"event_name":"Upgrade Shrine","player_choice":"Upgraded","floor":14.0,"gold_loss":0.0,"damage_taken":0.0,"cards_upgraded":["Demon Form"]},{"damage_healed":0.0,"max_hp_gain":0.0,"max_hp_loss":0.0,"gold_gain":99.0,"event_name":"Nest","player_choice":"Stole From Cult","floor":20.0,"gold_loss":0.0,"damage_taken":0.0},{"damage_healed":0.0,"max_hp_gain":0.0,"max_hp_loss":0.0,"gold_gain":0.0,"event_name":"Wheel of Change","player_choice":"Relic","floor":36.0,"gold_loss":0.0,"damage_taken":0.0}],"is_beta":false,"boss_relics":[{"not_picked":["Fusion Hammer","Snecko Eye"],"picked":"Replay:Fungal Core"},{"not_picked":["Mark of Pain","Snecko Heart"],"picked":"Electric Blood"}],"items_purged_floors":[5,22,22,38,50,50],"is_endless":false,"potions_floor_spawned":[1,10,18,24,28,31,37,41],"ascension_level":1}}