{"host":"yx5rao87132cy5xq","time":1612487561,"event":{"mods":["2.2 Compatiblity","AchievementEnabler","BaseMod","Bestiary","Colored Map","Colored Powertips","Minty Spire (QoL Compilation)","Quick Restart","Relic Stats","Slay-I","SuperFastMode"],"gold_per_floor":[115,131,131,131,144,177,177,210,237,237,257,257,273,300,300,372,372,392,392,392,411,84,115,115,115],"floor_reached":24,"language":"ENG","playtime":1450,"items_purged":["Strike_R"],"score":433,"play_id":"774e5bd6-6a4d-4f0c-ac00-a9039851b6a0","local_time":"20210205021241","is_ascension_mode":true,"campfire_choices":[{"data":"Armaments","floor":7,"key":"SMITH"},{"floor":12,"key":"REST"},{"floor":15,"key":"REST"}],"circlet_count":0,"master_deck":["AscendersBane","Strike_R","Strike_R","Strike_R","Strike_R","Defend_R","Defend_R+1","Defend_R","Defend_R+1","Bash","Hemokinesis+1","Cleave","Armaments+1","Pommel Strike","Flame Barrier","Intimidate","Warcry","Metallicize","Impervious","Shrug It Off","Shrug It Off"],"relics":["Burning Blood","NeowsBlessing","Tiny Chest","War Paint","Boot","Red Skull","Thread and Needle","Sundial","SlaversCollar","Nilry\u0027s Codex","Ornamental Fan","Bronze Scales","Turnip"],"acts_visited":["Exordium","TheCity"],"potions_floor_usage":[8,14,16,23,23],"damage_taken":[{"damage":0,"enemies":"Jaw Worm","floor":1,"turns":1},{"damage":0,"enemies":"2 Louse","floor":2,"turns":2},{"damage":0,"enemies":"Small Slimes","floor":5,"turns":1},{"damage":26,"enemies":"Gremlin Nob","floor":6,"turns":4},{"damage":21,"enemies":"Lagavulin","floor":8,"turns":7},{"damage":4,"enemies":"Red Slaver","floor":11,"turns":2},{"damage":7,"enemies":"3 Louse","floor":13,"turns":3},{"damage":12,"enemies":"Gremlin Nob","floor":14,"turns":4},{"damage":43,"enemies":"Slime Boss","floor":16,"turns":11},{"damage":2,"enemies":"3 Byrds","floor":18,"turns":5},{"damage":20,"enemies":"Spheric Guardian","floor":21,"turns":4},{"damage":15,"enemies":"Slavers","floor":23,"turns":5},{"damage":22,"enemies":"3 Cultists","floor":24,"turns":4}],"seed_played":"-9113037508708385594","potions_obtained":[{"floor":1,"key":"Strength Potion"},{"floor":2,"key":"ColorlessPotion"},{"floor":8,"key":"Weak Potion"},{"floor":14,"key":"SteroidPotion"},{"floor":21,"key":"Strength Potion"}],"is_trial":false,"path_per_floor":["M","M","?","?","M","E","R","E","T","T","M","R","M","E","R","B",null,"M","?","T","M","$","E","M"],"character_chosen":"IRONCLAD","items_purchased":["Bronze Scales","Shrug It Off","PowerPotion"],"campfire_rested":2,"item_purchase_floors":[22,22,22],"current_hp_per_floor":[74,75,49,49,55,35,35,20,20,20,22,44,43,37,59,22,62,66,45,45,31,31,22,0,0],"gold":115,"neow_bonus":"THREE_ENEMY_KILL","is_daily":false,"chose_seed":false,"campfire_upgraded":1,"win_rate":0.0,"timestamp":1612487561,"path_taken":["M","M","?","?","M","E","R","E","T","?","M","R","M","E","R","BOSS","M","?","?","M","$","E","M"],"items_purchased_type":["Relic","Card","Potion"],"build_version":"2020-12-22","purchased_purges":1,"victory":false,"max_hp_per_floor":[75,75,75,75,75,75,75,75,75,75,75,75,75,75,75,75,75,75,75,75,75,75,75,75,75],"relic_stats":{"counters":[13,53],"Sundial":[4],"Ornamental Fan":[8],"Bronze Scales":[42],"Tiny Chest":1,"Turnip":[0],"War Paint":["Defend_R","Defend_R"],"Boot":[5],"obtain_stats":[{"NeowsBlessing":0,"Nilry\u0027s Codex":19,"Thread and Needle":10,"War Paint":6,"Boot":8,"Burning Blood":0,"SlaversCollar":17,"Sundial":14,"Ornamental Fan":20,"Bronze Scales":22,"Tiny Chest":3,"Turnip":23,"Red Skull":9},{"NeowsBlessing":0,"Nilry\u0027s Codex":10,"Thread and Needle":5,"War Paint":4,"Boot":5,"Burning Blood":0,"SlaversCollar":9,"Sundial":8,"Ornamental Fan":10,"Bronze Scales":11,"Tiny Chest":2,"Turnip":12,"Red Skull":5},{"NeowsBlessing":0,"Nilry\u0027s Codex":40,"Thread and Needle":15,"War Paint":8,"Boot":15,"Burning Blood":0,"SlaversCollar":35,"Sundial":24,"Ornamental Fan":40,"Bronze Scales":44,"Tiny Chest":3,"Turnip":49,"Red Skull":15}],"Burning Blood":67},"card_choices":[{"not_picked":["Sever Soul","Flex"],"picked":"Hemokinesis","floor":1},{"not_picked":["Evolve","Rage"],"picked":"Cleave","floor":2},{"not_picked":["Battle Trance","Juggernaut"],"picked":"Armaments","floor":5},{"not_picked":["Body Slam","Pummel"],"picked":"Pommel Strike","floor":6},{"not_picked":["Wild Strike","Body Slam"],"picked":"Flame Barrier","floor":8},{"not_picked":["Seeing Red","Searing Blow"],"picked":"Intimidate","floor":11},{"not_picked":["Carnage","Twin Strike"],"picked":"Warcry","floor":13},{"not_picked":["Headbutt","Heavy Blade"],"picked":"Metallicize","floor":14},{"not_picked":["Demon Form","Fiend Fire"],"picked":"Impervious","floor":16},{"not_picked":["Reckless Charge+1","Body Slam","Twin Strike"],"picked":"SKIP","floor":18},{"not_picked":["Heavy Blade","Armaments","Havoc"],"picked":"SKIP","floor":21},{"not_picked":["Anger","Headbutt"],"picked":"Shrug It Off","floor":23}],"player_experience":989230,"relics_obtained":[{"floor":6,"key":"War Paint"},{"floor":8,"key":"Boot"},{"floor":9,"key":"Red Skull"},{"floor":10,"key":"Thread and Needle"},{"floor":14,"key":"Sundial"},{"floor":19,"key":"Nilry\u0027s Codex"},{"floor":20,"key":"Ornamental Fan"},{"floor":23,"key":"Turnip"}],"event_choices":[{"damage_healed":0,"gold_gain":0,"player_choice":"Success","damage_taken":26,"relics_obtained":["Tiny Chest"],"max_hp_gain":0,"max_hp_loss":0,"event_name":"Scrap Ooze","floor":3,"gold_loss":0},{"damage_healed":0,"gold_gain":0,"player_choice":"Grow","damage_taken":0,"max_hp_gain":0,"max_hp_loss":0,"event_name":"Living Wall","floor":4,"gold_loss":0,"cards_upgraded":["Hemokinesis"]},{"damage_healed":0,"gold_gain":0,"player_choice":"Obtained Book","damage_taken":21,"max_hp_gain":0,"max_hp_loss":0,"event_name":"Cursed Tome","floor":19,"gold_loss":0}],"is_beta":false,"boss_relics":[{"not_picked":["Coffee Dripper","SacredBark"],"picked":"SlaversCollar"}],"items_purged_floors":[22],"is_endless":false,"potions_floor_spawned":[1,2,8,14,21],"killed_by":"3 Cultists","ascension_level":17}}