{"host":"7nopzcxpi7o4g3yx","time":1612552428,"event":{"mods":["AchievementEnabler","BaseMod","Colored Powertips","Hermit","Minty Spire (QoL Compilation)","Quick Restart","StSLib","The Cursed","The Servant 0.9.4"],"gold_per_floor":[114,52,52,52,52,82,106,31,31,61,61,73,98,110,110,208,208,221,221,146,146,170,182,182,199,199,199,199,214,214,241,241,343,343,356,356,356,369,369,369],"floor_reached":39,"language":"ENG","playtime":2002,"items_purged":[],"score":629,"play_id":"21bd8521-8030-401a-8568-d31f4f3e08cd","local_time":"20210205201348","is_ascension_mode":true,"campfire_choices":[{"data":"Infinite Blades","floor":11,"key":"SMITH"},{"data":"Noxious Fumes","floor":15,"key":"SMITH"},{"data":"Venomology","floor":24,"key":"SMITH"},{"floor":27,"key":"REST"},{"floor":32,"key":"REST"}],"circlet_count":0,"master_deck":["Survivor","Neutralize","Blade Dance+1","Infinite Blades+1","Footwork","Prepared","Noxious Fumes+1","Cloak And Dagger","Poisoned Stab+1","Venomology+1","Burst","Quick Slash+1","Sucker Punch+1","Finisher+1","Quick Slash+1","Slice+1","Distraction","Unload+1","Terror","Backflip","Bite+1","Bite+1","Bite+1","Bite+1","Bite+1","Necronomicurse","PiercingWail+1","Dagger Spray+1","Acrobatics","Bullet Time","CurseOfTheBell","Infinite Blades+1","Slice+1"],"relics":["Ring of the Snake","NeowsBlessing","Tiny Chest","Question Card","Boot","Potion Belt","Paper Crane","Molten Egg 2","Pandora\u0027s Box","Necronomicon","Smiling Mask","Darkstone Periapt","Unceasing Top","Calling Bell","MealTicket","Eternal Feather","Ginger","Pen Nib"],"acts_visited":["Exordium","TheCity","TheBeyond"],"potions_floor_usage":[16,23,23,25,28,28,29,31,31,33,33,38],"damage_taken":[{"damage":0,"enemies":"Jaw Worm","floor":1,"turns":1},{"damage":0,"enemies":"Lagavulin","floor":6,"turns":1},{"damage":0,"enemies":"3 Sentries","floor":10,"turns":1},{"damage":0,"enemies":"Cultist","floor":12,"turns":3},{"damage":11,"enemies":"Lagavulin","floor":13,"turns":7},{"damage":1,"enemies":"2 Louse","floor":14,"turns":2},{"damage":29,"enemies":"The Guardian","floor":16,"turns":10},{"damage":5,"enemies":"Spheric Guardian","floor":18,"turns":3},{"damage":0,"enemies":"3 Byrds","floor":23,"turns":3},{"damage":30,"enemies":"Centurion and Healer","floor":25,"turns":5},{"damage":29,"enemies":"Book of Stabbing","floor":28,"turns":4},{"damage":1,"enemies":"Snecko","floor":29,"turns":3},{"damage":7,"enemies":"Gremlin Leader","floor":31,"turns":6},{"damage":60,"enemies":"Champ","floor":33,"turns":11},{"damage":17,"enemies":"Orb Walker","floor":35,"turns":3},{"damage":24,"enemies":"3 Shapes","floor":38,"turns":4},{"damage":0,"enemies":"Spire Growth","floor":39,"turns":1}],"seed_played":"3851775362669019192","potions_obtained":[{"floor":10,"key":"DuplicationPotion"},{"floor":13,"key":"DistilledChaos"},{"floor":14,"key":"Poison Potion"},{"floor":23,"key":"SmokeBomb"},{"floor":25,"key":"Dexterity Potion"},{"floor":29,"key":"CunningPotion"},{"floor":31,"key":"FearPotion"},{"floor":33,"key":"Energy Potion"},{"floor":38,"key":"Fire Potion"}],"is_trial":false,"path_per_floor":["M","?","$","?","?","E","T","$","T","E","R","M","E","M","R","B",null,"M","?","?","?","T","M","R","M","T","R","E","M","?","E","R","B",null,"M","?","T","M","M"],"character_chosen":"THE_SILENT","items_purchased":["Footwork"],"campfire_rested":2,"item_purchase_floors":[8],"current_hp_per_floor":[70,70,70,70,70,70,70,70,70,70,70,70,59,58,58,29,60,55,49,49,33,33,39,39,21,21,35,12,20,36,38,49,7,45,31,31,31,13,13,13],"gold":369,"neow_bonus":"THREE_ENEMY_KILL","is_daily":false,"chose_seed":false,"campfire_upgraded":3,"win_rate":0.0,"timestamp":1612552428,"path_taken":["M","?","?","?","?","E","?","$","T","E","R","M","E","M","R","BOSS","M","?","?","?","?","M","R","M","T","R","E","?","?","E","R","BOSS","M","?","?","M","M"],"items_purchased_type":["Card"],"build_version":"2020-12-22","purchased_purges":0,"victory":false,"max_hp_per_floor":[70,70,70,70,70,70,70,70,70,70,70,70,70,70,70,70,70,70,49,49,49,49,49,49,49,49,49,49,49,49,49,49,49,55,55,55,55,55,55,55],"card_choices":[{"not_picked":["Infinite Blades","Choke"],"picked":"Blade Dance","floor":1},{"not_picked":["Night Terror","Poisoned Stab"],"picked":"Infinite Blades","floor":6},{"not_picked":["Deadly Poison","Riddle With Holes","Predator"],"picked":"Prepared","floor":10},{"not_picked":["Slice","Endless Agony","Flying Knee"],"picked":"Noxious Fumes","floor":12},{"not_picked":["Slice+1","Adrenaline","Infinite Blades"],"picked":"Cloak And Dagger","floor":13},{"not_picked":["Outmaneuver","Prepared","Flying Knee+1"],"picked":"Poisoned Stab+1","floor":14},{"not_picked":["Storm of Steel","Burst","Doppelganger"],"picked":"Venomology","floor":16},{"not_picked":["Underhanded Strike+1","Outmaneuver+1","Deflect"],"picked":"Backflip","floor":18},{"not_picked":["Prepared","Masterful Stab+1","Deadly Poison"],"picked":"PiercingWail+1","floor":23},{"not_picked":["Flechettes+1","Outmaneuver","Poisoned Stab+1"],"picked":"Dagger Spray+1","floor":25},{"not_picked":["Concentrate","Escape Plan","Sucker Punch+1","Dagger Throw+1"],"picked":"SKIP","floor":29},{"not_picked":["Malaise","Sucker Punch+1","Poisoned Stab+1"],"picked":"Acrobatics","floor":31},{"not_picked":["Tools of the Trade","Unload+1","Night Terror"],"picked":"Bullet Time","floor":33},{"not_picked":["Leg Sweep+1","Outmaneuver+1","Acrobatics+1"],"picked":"Infinite Blades+1","floor":35},{"not_picked":["Concentrate+1","Infinite Blades","Backflip+1"],"picked":"Slice+1","floor":38}],"player_experience":286111,"relics_obtained":[{"floor":6,"key":"Question Card"},{"floor":7,"key":"Boot"},{"floor":9,"key":"Potion Belt"},{"floor":10,"key":"Paper Crane"},{"floor":13,"key":"Molten Egg 2"},{"floor":21,"key":"Necronomicon"},{"floor":22,"key":"Smiling Mask"},{"floor":26,"key":"Darkstone Periapt"},{"floor":31,"key":"Unceasing Top"},{"floor":34,"key":"MealTicket"},{"floor":34,"key":"Eternal Feather"},{"floor":34,"key":"Ginger"},{"floor":37,"key":"Pen Nib"}],"event_choices":[{"damage_healed":0,"gold_gain":0,"player_choice":"Paid Gold","damage_taken":0,"relics_obtained":["Tiny Chest"],"max_hp_gain":0,"max_hp_loss":0,"event_name":"WeMeetAgain","floor":2,"gold_loss":62},{"damage_healed":0,"gold_gain":0,"player_choice":"Grow","damage_taken":0,"max_hp_gain":0,"max_hp_loss":0,"event_name":"Living Wall","floor":4,"gold_loss":0,"cards_upgraded":["Blade Dance"]},{"damage_healed":0,"gold_gain":0,"player_choice":"Ignored","damage_taken":0,"max_hp_gain":0,"max_hp_loss":0,"event_name":"Liars Game","floor":5,"gold_loss":0},{"damage_healed":0,"gold_gain":0,"player_choice":"Became a vampire","damage_taken":0,"max_hp_gain":0,"max_hp_loss":21,"event_name":"Vampires","floor":19,"gold_loss":0,"cards_obtained":["Bite","Bite","Bite","Bite","Bite"]},{"cards_removed":["Night Terror"],"damage_healed":0,"gold_gain":0,"player_choice":"Gave Gold","damage_taken":0,"max_hp_gain":0,"max_hp_loss":0,"event_name":"Beggar","floor":20,"gold_loss":75},{"damage_healed":0,"gold_gain":0,"player_choice":"Obtained Book","damage_taken":16,"max_hp_gain":0,"max_hp_loss":0,"event_name":"Cursed Tome","floor":21,"gold_loss":0},{"damage_healed":16,"gold_gain":0,"player_choice":"Heal","damage_taken":0,"max_hp_gain":0,"max_hp_loss":0,"event_name":"The Library","floor":30,"gold_loss":0},{"damage_healed":0,"gold_gain":0,"player_choice":"Ignored","damage_taken":0,"max_hp_gain":0,"max_hp_loss":0,"event_name":"Tomb of Lord Red Mask","floor":36,"gold_loss":0}],"is_beta":false,"boss_relics":[{"not_picked":["SacredBark","Runic Pyramid"],"picked":"Pandora\u0027s Box"},{"not_picked":["Snecko Eye","Sozu"],"picked":"Calling Bell"}],"items_purged_floors":[],"is_endless":false,"potions_floor_spawned":[10,13,14,23,25,29,31,33,38],"killed_by":"Spire Growth","ascension_level":5}}