{"host":"9qgbal69wq5palas","time":1612541792,"event":{"mods":["2.2 Compatiblity","Abigail Mod","AchievementEnabler","Act Like it!","Aspiration","Astrologer","Bartender","BaseMod","Better Altar","Better Note","Better Skull","Better Third Choice","Colored Powertips","Hallownest","Hermit","Highlight Path","Hubris","Infinite Spire","Jorbs\u0027s Wanderer Trilogy","Koishi","Lobotomy","Minty Spire (QoL Compilation)","Potionbrewer","Quick Restart","Random Character Button","Replay The Spire","Shade Mod","Shop Mod","Spicy Shops","StSLib","The Animator","The Bug Knight","The Cursed","The Disciple","The Exalted","The Hierophant","The Necromancer","The Servant 0.9.4","Wandering Minibosses"],"gold_per_floor":[369,387,397,48,62,89,89,116,116,148,159,159,84,84,84,84,84],"floor_reached":16,"language":"ENG","playtime":965,"items_purged":[],"score":156,"play_id":"d00b181a-8bad-44c5-8ede-2d7b5f20c177","local_time":"20210205171632","is_ascension_mode":true,"campfire_choices":[{"floor":12,"key":"REST"},{"floor":15,"key":"REST"}],"circlet_count":0,"master_deck":["HollowMod:NailStrikeStart","HollowMod:NailStrikeStart","HollowMod:NailStrikeStart","HollowMod:NailStrikeStart","HollowMod:QuickDashStart","HollowMod:QuickDashStart","HollowMod:QuickDashStart","HollowMod:QuickDashStart","HollowMod:FocusHealStart","HollowMod:PogoStrike","HollowMod:DescendingDark","HollowMod:VengefulVoid","HollowMod:DoubleDash","HollowMod:GreatSlash+1","HollowMod:BlackTendrils","HollowMod:Weaversong","HollowMod:ShadowDash","HollowMod:DescendingDark","Hallownest:skillGreenpathMap+1"],"relics":["HollowMod:VesselMask","HollowMod:KingsBrand","Sling","Blue Doll","infinitespire:BottledMercury","ReplayTheSpireMod:Shallot"],"acts_visited":["Exordium"],"potions_floor_usage":[8,16,16],"damage_taken":[{"damage":0,"enemies":"Hallownest:2_Baldur","floor":1,"turns":6},{"damage":0,"enemies":"Hallownest:monsterHuskGuard","floor":2,"turns":3},{"damage":1,"enemies":"2_ Uuma","floor":3,"turns":4},{"damage":19,"enemies":"Hallownest:1_Ooma_and_2_Uuma","floor":5,"turns":5},{"damage":26,"enemies":"Hallownest:eliteMossKnight","floor":6,"turns":10},{"damage":9,"enemies":"Hallownest:eliteCrystalGuardian","floor":8,"turns":5},{"damage":17,"enemies":"Hallownest:eliteVengeflyKing","floor":10,"turns":5},{"damage":33,"enemies":"Hallownest:Guard_and_Warrior","floor":11,"turns":5},{"damage":58,"enemies":"Hallownest:BossHornet","floor":16,"turns":6}],"seed_played":"-8833925381476494557","potions_obtained":[{"floor":1,"key":"Regen Potion"},{"floor":3,"key":"Reflective Coating"},{"floor":5,"key":"potionbrewer:CleansingPotion"},{"floor":10,"key":"potionbrewer:BoundlessPotion"}],"is_trial":false,"path_per_floor":["M","M","M","$","M","E","?","E","T","E","M","R","?","?","R","B"],"character_chosen":"THE_BUGKNIGHT","items_purchased":["HollowMod:GreatSlash+1","HollowMod:KingsBrand","Sling"],"campfire_rested":2,"item_purchase_floors":[4,4,4],"current_hp_per_floor":[68,68,67,67,48,25,32,47,47,33,3,23,23,23,43,0,0],"gold":84,"neow_bonus":"TWO_FIFTY_GOLD","is_daily":false,"chose_seed":false,"campfire_upgraded":0,"win_rate":0.0,"timestamp":1612541792,"path_taken":["M","M","M","$","M","E","?","E","T","E","?","R","?","?","R","BOSS"],"items_purchased_type":["Card","Relic","Relic"],"build_version":"2020-12-22","purchased_purges":0,"victory":false,"max_hp_per_floor":[68,68,68,68,68,68,68,68,68,68,68,68,68,68,68,68,68],"card_choices":[{"not_picked":["HollowMod:DungDefenderAura","HollowMod:InfectedCysts"],"picked":"HollowMod:DescendingDark","floor":1},{"not_picked":["HollowMod:LifebloodCocoon","HollowMod:CloakDash"],"picked":"HollowMod:VengefulVoid","floor":2},{"not_picked":["HollowMod:ChannelNail","HollowMod:SoulVessel"],"picked":"HollowMod:DoubleDash","floor":3},{"not_picked":["HollowMod:CloakDash","HollowMod:CoiledNail"],"picked":"HollowMod:BlackTendrils","floor":5},{"not_picked":["HollowMod:FastStrike","HollowMod:MantisMark"],"picked":"HollowMod:Weaversong","floor":6},{"not_picked":["HollowMod:GreatSlash","HollowMod:CoiledNail","HollowMod:BaldurShell"],"picked":"SKIP","floor":8},{"not_picked":["HollowMod:SiblingsSouls","HollowMod:BaldurShell"],"picked":"HollowMod:ShadowDash","floor":10},{"not_picked":["HollowMod:FallenFury","HollowMod:HuntersJournal"],"picked":"HollowMod:DescendingDark","floor":11}],"player_experience":2720054,"relics_obtained":[{"floor":8,"key":"Blue Doll"},{"floor":9,"key":"infinitespire:BottledMercury"},{"floor":10,"key":"ReplayTheSpireMod:Shallot"}],"event_choices":[],"is_beta":false,"boss_relics":[],"items_purged_floors":[],"is_endless":false,"potions_floor_spawned":[1,3,5,10],"killed_by":"Hallownest:BossHornet","ascension_level":8}}