{"host":"bf5upntvbdompq33","time":1612511437,"event":{"mods":["BaseMod","Colored Map","Colored Powertips","Curses Come First","Minty Spire (QoL Compilation)","StSLib","The Dragon Tamer","The Hierophant","The Marked","The Mystic","The Servant 0.9.4"],"gold_per_floor":[119,132,147,165,340,368,62,62,62],"floor_reached":8,"language":"ENG","playtime":303,"items_purged":["Doubt"],"score":99,"play_id":"12ab1714-9ba1-4be9-b0f1-4e4812031676","local_time":"20210205005037","is_ascension_mode":true,"campfire_choices":[],"circlet_count":0,"master_deck":["AscendersBane","Strike_R","Strike_R","Strike_R","Strike_R","Strike_R","Defend_R","Defend_R","Defend_R","Defend_R","Bash","Shockwave","Body Slam","Searing Blow","Rupture","Combust","Apotheosis","Carnage"],"relics":["Burning Blood","NeowsBlessing","Pantograph"],"acts_visited":["Exordium"],"potions_floor_usage":[6],"damage_taken":[{"damage":0,"enemies":"Small Slimes","floor":1,"turns":1},{"damage":0,"enemies":"2 Louse","floor":2,"turns":1},{"damage":0,"enemies":"Jaw Worm","floor":3,"turns":1},{"damage":10,"enemies":"Blue Slaver","floor":4,"turns":6},{"damage":59,"enemies":"Gremlin Nob","floor":6,"turns":6},{"damage":25,"enemies":"3 Sentries","floor":8,"turns":3}],"seed_played":"3432012910967427062","potions_obtained":[{"floor":1,"key":"Ancient Potion"},{"floor":2,"key":"Strength Potion"}],"is_trial":false,"path_per_floor":["M","M","M","M","?","E","$","E"],"character_chosen":"IRONCLAD","items_purchased":["Apotheosis","Carnage"],"campfire_rested":0,"item_purchase_floors":[7,7],"current_hp_per_floor":[74,75,75,71,71,18,18,0,0],"gold":62,"neow_bonus":"THREE_ENEMY_KILL","is_daily":false,"chose_seed":false,"campfire_upgraded":0,"win_rate":0.0,"timestamp":1612511437,"path_taken":["M","M","M","M","?","E","$","E"],"items_purchased_type":["Card","Card"],"build_version":"2020-12-22","purchased_purges":1,"victory":false,"max_hp_per_floor":[75,75,75,75,75,75,75,75,75],"card_choices":[{"not_picked":["Iron Wave","Shrug It Off"],"picked":"Shockwave","floor":1},{"not_picked":["Heavy Blade","Disarm"],"picked":"Body Slam","floor":2},{"not_picked":["Combust","Shrug It Off"],"picked":"Searing Blow","floor":3},{"not_picked":["Iron Wave","Perfected Strike"],"picked":"Rupture","floor":4},{"not_picked":["Sever Soul","Impervious"],"picked":"Combust","floor":6}],"player_experience":1425307,"relics_obtained":[{"floor":6,"key":"Pantograph"}],"event_choices":[{"damage_healed":0,"gold_gain":175,"player_choice":"AGREE","damage_taken":0,"max_hp_gain":0,"max_hp_loss":0,"event_name":"Liars Game","floor":5,"gold_loss":0,"cards_obtained":["Doubt"]}],"is_beta":false,"boss_relics":[],"items_purged_floors":[7],"is_endless":false,"potions_floor_spawned":[1,2],"killed_by":"3 Sentries","ascension_level":14}}