{"host":"o3b7ow6d1xe49css","time":1612488254,"event":{"mods":["Act Like it!","Aspiration","BaseMod","Bestiary","Better Altar","Better Match","Better Note","Better Sensory Stone","Better Skull","Better Third Choice","Colored Powertips","Conspire","Energized Spire","Force Act Four","GifTheSpireLib","Halation","Hermit","Hubris","Infinite Spire","Lobotomy","Minty Spire (QoL Compilation)","Quick Restart","Rare Cards Sparkle","Relic Filter Mod","Reliquary","Replay The Spire","Spicy Shops","Spikes Relics","Spire Arcade","StSLib","Stuff the Spire","The Blue Laboratory","Wandering Minibosses"],"gold_per_floor":[110,125,136,154,7,42,42,68,92,124,151,151,326,344,344,447,447,464,464,464,464,514,571,571,623,673,735,215,286,286,310,310,448,448,510,155,155,237,264,264,264,335,386,30,30,93,93,159,159,301,301,301,130,200,419],"floor_reached":56,"language":"ENG","playtime":3706,"items_purged":["Doubt","Parasite","hubris:Gluttony","infinitespire:Pacifist","Replay:Hysterical Blindness"],"score":1954,"play_id":"972a7a4b-f3f0-491d-bf8f-4b949f7ed954","local_time":"20210204162414","daily_mods":["Heirloom","Flight"],"is_ascension_mode":true,"campfire_choices":[{"data":"Blade Dance","floor":7,"key":"SMITH"},{"data":"Venomology","floor":12,"key":"SMITH"},{"data":"Neutralize","floor":15,"key":"SMITH"},{"floor":24,"key":"REST"},{"floor":30,"key":"REST"},{"data":"Adrenaline","floor":32,"key":"SMITH"},{"floor":40,"key":"REST"},{"data":"Burst","floor":41,"key":"SMITH"},{"floor":47,"key":"REST"},{"data":"Prepared","floor":49,"key":"SMITH"},{"data":"Adrenaline","floor":52,"key":"SMITH"}],"circlet_count":0,"master_deck":["Strike_G","Strike_G","Strike_G","Strike_G","Defend_G","Defend_G","Defend_G","Defend_G","Defend_G","Survivor","Neutralize+1","Backstab","OldLady","PiercingWail","Slice","Blade Dance+1","Backflip","UniverseFragment","Leg Sweep","Venomology+1","Adrenaline+1","Cloak And Dagger+1","conspire:Blindness","PiercingWail","Mercenary","Infinite Blades","Infinite Blades+1","Riddle With Holes","Burst+1","GreedKing","infinitespire:Pacifist","Bullet Time","Blade Dance","Purity","StuffTheSpire:Vigor","Prepared+1","Amnesia","Hallucinations","Adrenaline+1","conspire:Blindness","hubris:Compulsion"],"relics":["Ring of the Snake","Ring of Chaos","halation:BlackBeret","CogitoBucket","Blood Vial","SuspiciousGoo","Pondfish Scales","Pen Nib","StrikeDummy","SkinProphecy","SacredBark","Strawberry","ReplayTheSpireMod:Ring of Collecting","Ring of Greed","Replay:Bandana","halation:IllGainedPizza","Ring of Hypnosis","Dream Catcher","reliquary:SilkGlove","conspire:BottledYoYo","Medical Kit","reliquary:RedPaperclip","ReplayTheSpireMod:TigerMarble","The Specimen","ReplayTheSpireMod:Ring of Exchange","Nunchaku","aspiration:Lifesprig","Ring of Fury","Smiling Mask","reliquary:Pushpin","ToxicTincture","Ring of Chaos","OrangePellets","halation:VictoryRuler"],"acts_visited":["Exordium","TheCity","TheBeyond","Exordium","TheEnding"],"potions_floor_usage":[6,8,11,14,16,23,23,25,27,27,29,33,35,35,38,38,42,42,42,48,50,50,54,55,55,55,55],"damage_taken":[{"damage":2,"enemies":"Cultist","floor":1,"turns":5},{"damage":10,"enemies":"Small Slimes","floor":2,"turns":6},{"damage":0,"enemies":"2 Louse","floor":3,"turns":2},{"damage":0,"enemies":"2 Fungi Beasts","floor":4,"turns":2},{"damage":7,"enemies":"3 Sentries","floor":6,"turns":8},{"damage":0,"enemies":"Gremlin Nob","floor":8,"turns":2},{"damage":8,"enemies":"3 Sentries","floor":10,"turns":5},{"damage":16,"enemies":"Lagavulin","floor":11,"turns":4},{"damage":8,"enemies":"Looter","floor":14,"turns":8},{"damage":9,"enemies":"Fading Forest","floor":16,"turns":11},{"damage":13,"enemies":"2 Thieves","floor":18,"turns":4},{"damage":28,"enemies":"Nightmare","floor":23,"turns":7},{"damage":0,"enemies":"Slavers","floor":25,"turns":7},{"damage":18,"enemies":"Book of Stabbing","floor":27,"turns":7},{"damage":24,"enemies":"Chosen","floor":29,"turns":7},{"damage":0,"enemies":"Snake Plant","floor":31,"turns":1},{"damage":31,"enemies":"hubris:MusketHawk","floor":33,"turns":5},{"damage":66,"enemies":"3 Shapes","floor":35,"turns":5},{"damage":14,"enemies":"Mind Bloom Boss Battle","floor":38,"turns":7},{"damage":10,"enemies":"Nightmare","floor":42,"turns":5},{"damage":14,"enemies":"Reptomancer","floor":46,"turns":4},{"damage":4,"enemies":"Giant Head","floor":48,"turns":5},{"damage":1,"enemies":"Donu and Deca","floor":50,"turns":4},{"damage":62,"enemies":"Shield and Spear","floor":54,"turns":5},{"damage":29,"enemies":"The Heart","floor":55,"turns":7}],"seed_played":"-5749860451655108198","potions_obtained":[{"floor":1,"key":"EssenceOfSteel"},{"floor":2,"key":"FearPotion"},{"floor":10,"key":"Strength Potion"},{"floor":16,"key":"blueLaboratory:ArtistsPotion"},{"floor":25,"key":"Elixir"},{"floor":29,"key":"conspire:TimeTravelPotion"},{"floor":38,"key":"ColorlessPotion"},{"floor":50,"key":"blueLaboratory:FrostheartPotion"},{"floor":55,"key":"FearPotion"}],"is_trial":true,"path_per_floor":["M","M","M","M","$","E","R","E","T","E","E","R","?","M","R","B",null,"M","AVR","?","$","?","NM","R","E","T","E","$","M","R","M","R","B",null,"M","$","?","?","T","R","R","NM","T","$","?","E","R","E","R","B",null,"R","$","E","B",null],"character_chosen":"THE_SILENT","items_purchased":["Blood Vial","conspire:BottledYoYo","Medical Kit","Infinite Blades","GhostInAJar","ReplayTheSpireMod:TigerMarble","Blade Dance","Purity","blueLaboratory:EnvenomedCoating","blueLaboratory:HorrorPotion","OrangePellets"],"campfire_rested":4,"item_purchase_floors":[5,28,28,28,36,36,44,44,44,53,53],"current_hp_per_floor":[68,58,58,58,58,53,53,58,58,52,38,38,38,48,48,45,68,53,63,63,63,63,33,59,57,57,37,37,9,37,38,38,5,77,59,59,59,43,43,74,74,62,62,62,62,46,78,72,72,69,110,110,110,50,23],"gold":419,"neow_bonus":"","is_daily":false,"chose_seed":false,"campfire_upgraded":7,"win_rate":0.0,"timestamp":1612488254,"path_taken":["M","M","M","?","?","E","R","E","T","E","E","R","?","M","R","BOSS","M","AVR","?","$","?","NM","R","E","T","E","$","M","R","?","R","BOSS","M","$","?","?","?","R","R","NM","T","$","?","E","R","E","R","BOSS","R","$","E","BOSS"],"items_purchased_type":["Relic","Relic","Relic","Card","Potion","Relic","Card","Card","Potion","Potion","Relic"],"build_version":"2020-12-22","purchased_purges":5,"victory":true,"max_hp_per_floor":[70,70,70,70,70,70,70,73,73,73,73,73,73,73,73,75,75,77,87,87,87,87,89,89,91,91,93,90,94,94,99,99,101,101,103,103,103,105,105,105,105,107,107,107,107,109,109,111,111,113,113,113,113,115,121],"card_choices":[{"not_picked":["PiercingWail","Prepared"],"picked":"Backstab","floor":1},{"not_picked":["Bloodbath","FairyFestival","MHz"],"picked":"Singing Bowl","floor":1},{"not_picked":["Laetitia","WallGazer"],"picked":"OldLady","floor":2},{"not_picked":["Deadly Poison","Poisoned Stab"],"picked":"PiercingWail","floor":2},{"not_picked":["Deadly Poison","Poisoned Stab"],"picked":"Slice","floor":3},{"not_picked":["QueenOfHatred","WallGazer","Murderer"],"picked":"Singing Bowl","floor":3},{"not_picked":["Underhanded Strike","Predator"],"picked":"Blade Dance","floor":4},{"not_picked":["OSAHOGD","Freischutz","CrumblingArmor"],"picked":"Singing Bowl","floor":4},{"not_picked":["StuffTheSpire:ClusterCrunch","StuffTheSpire:ReptileScales"],"picked":"Backflip","floor":6},{"not_picked":["ShyLook","VoidDream","HeroicMonk"],"picked":"Singing Bowl","floor":6},{"not_picked":["Scorched","QueenBee","Bloodbath"],"picked":"Singing Bowl","floor":8},{"not_picked":["LongBird","Alriune"],"picked":"UniverseFragment","floor":8},{"not_picked":["Flying Knee","Sucker Punch","Fluid Movement"],"picked":"SKIP","floor":8},{"not_picked":["WallGazer","NakedNest","VoidDream"],"picked":"Singing Bowl","floor":10},{"not_picked":["Sucker Punch","StuffTheSpire:Injection"],"picked":"Leg Sweep","floor":10},{"not_picked":["Poisoned Stab","hubris:TrickCloak"],"picked":"Venomology","floor":11},{"not_picked":["BeautyBeast","CherryBlossoms","BlackSwan"],"picked":"Singing Bowl","floor":11},{"not_picked":["Porccubus","ShyLook","CrumblingArmor"],"picked":"Singing Bowl","floor":14},{"not_picked":["Pace","Deflect","StuffTheSpire:Sprint"],"picked":"SKIP","floor":14},{"not_picked":["Grand Finale","Atom Bomb"],"picked":"Adrenaline","floor":16},{"not_picked":["MeatLantern","Scorched","VoidDream"],"picked":"Singing Bowl","floor":16},{"not_picked":["FieryBird","BigBadWolf","CrumblingArmor"],"picked":"Singing Bowl","floor":18},{"not_picked":["Blur","StuffTheSpire:ClusterCrunch"],"picked":"Cloak And Dagger+1","floor":18},{"not_picked":["FairyFestival","SpiderBud","WallGazer"],"picked":"Singing Bowl","floor":23},{"not_picked":["Outmaneuver","Eviscerate","Backstab"],"picked":"SKIP","floor":23},{"not_picked":["Predator","Crippling Poison"],"picked":"PiercingWail","floor":25},{"not_picked":["WallGazer","Bloodbath"],"picked":"Mercenary","floor":27},{"not_picked":["StuffTheSpire:Shiver","Choke","Predator+1"],"picked":"SKIP","floor":27},{"not_picked":["Concentrate","StuffTheSpire:ClusterCrunch+1"],"picked":"Infinite Blades+1","floor":29},{"not_picked":["Laetitia","Alriune","WallGazer"],"picked":"Singing Bowl","floor":29},{"not_picked":["Backflip","StuffTheSpire:Injection"],"picked":"Riddle With Holes","floor":31},{"not_picked":["Murderer","Scorched","FairyFestival"],"picked":"Singing Bowl","floor":31},{"not_picked":["ReplayTheSpireMod:From All Sides","infinitespire:Neurotoxin"],"picked":"Burst","floor":33},{"not_picked":["LongBird","HappyTeddy","Bloodbath"],"picked":"Singing Bowl","floor":33},{"not_picked":["WhiteNight","HappyTeddy"],"picked":"GreedKing","floor":35},{"not_picked":["ReplayTheSpireMod:Tripwire","ReplayTheSpireMod:Shiv Toss","Skewer+1"],"picked":"SKIP","floor":35},{"not_picked":["NakedNest","BigBird","QueenBee"],"picked":"Singing Bowl","floor":38},{"not_picked":["Underhanded Strike","hubris:TrickCloak+1"],"picked":"Bullet Time","floor":42},{"not_picked":["StuffTheSpire:Harmony","StuffTheSpire:Ambrosia"],"picked":"StuffTheSpire:Vigor","floor":45},{"not_picked":["Fluid Movement","Flying Knee"],"picked":"Prepared","floor":46},{"not_picked":["Unload","hubris:Sniper","Bane"],"picked":"SKIP","floor":48},{"not_picked":["ReplayTheSpireMod:Necrosis","A Thousand Cuts"],"picked":"Adrenaline","floor":50},{"not_picked":["Flying Knee","StuffTheSpire:Incursion+1","Sucker Punch+1"],"picked":"SKIP","floor":54},{"not_picked":["Flying Knee","StuffTheSpire:Incursion+1","Sucker Punch+1"],"picked":"SKIP","floor":54}],"player_experience":1293683,"relics_obtained":[{"floor":6,"key":"SuspiciousGoo"},{"floor":8,"key":"Pondfish Scales"},{"floor":9,"key":"Ancient Tea Set"},{"floor":10,"key":"Pen Nib"},{"floor":11,"key":"StrikeDummy"},{"floor":22,"key":"ReplayTheSpireMod:Ring of Collecting"},{"floor":22,"key":"Ring of Greed"},{"floor":22,"key":"infinitespire:Midas Blood"},{"floor":22,"key":"Replay:Bandana"},{"floor":23,"key":"infinitespire:BottledMercury"},{"floor":25,"key":"halation:IllGainedPizza"},{"floor":26,"key":"Ring of Hypnosis"},{"floor":26,"key":"Dream Catcher"},{"floor":27,"key":"reliquary:SilkGlove"},{"floor":38,"key":"The Specimen"},{"floor":39,"key":"ReplayTheSpireMod:Ring of Exchange"},{"floor":42,"key":"Nunchaku"},{"floor":43,"key":"aspiration:Lifesprig"},{"floor":43,"key":"Ring of Fury"},{"floor":46,"key":"Smiling Mask"},{"floor":48,"key":"reliquary:Pushpin"},{"floor":54,"key":"halation:VictoryRuler"}],"event_choices":[{"damage_healed":0,"gold_gain":175,"player_choice":"AGREE","damage_taken":151,"max_hp_gain":0,"max_hp_loss":0,"event_name":"betterThird:BetterSerpent","floor":13,"gold_loss":0},{"damage_healed":0,"gold_gain":0,"player_choice":"Ignored","damage_taken":0,"max_hp_gain":0,"max_hp_loss":0,"event_name":"betterNote:BetterNote","floor":20,"gold_loss":0,"cards_obtained":["Strike_R"]},{"damage_healed":0,"gold_gain":0,"player_choice":"Leave","damage_taken":0,"max_hp_gain":0,"max_hp_loss":0,"event_name":"conspire:Investor","floor":37,"gold_loss":0},{"damage_healed":0,"gold_gain":0,"player_choice":"Fight","damage_taken":0,"max_hp_gain":0,"max_hp_loss":0,"event_name":"MindBloom","floor":38,"gold_loss":0}],"is_beta":false,"boss_relics":[{"not_picked":["Sozu","aspiration:FutureDiary"],"picked":"SacredBark"},{"not_picked":["Painkiller Herb","ChewingGum"],"picked":"reliquary:RedPaperclip"},{"not_picked":["Runic Dome","energizedSpire:StickyHand"],"picked":"ToxicTincture"}],"items_purged_floors":[19,28,36,44,53],"is_endless":true,"potions_floor_spawned":[1,2,10,16,25,29,38,48,50,54,55],"ascension_level":5}}