{"host":"3jpwrwmmgyabjceh","time":1612519237,"event":{"mods":["AchievementEnabler","BaseMod","Colored Map","Colored Powertips","Highlight Path","Minty Spire (QoL Compilation)","Quick Restart","Relic Stats","StSLib","SuperFastMode"],"gold_per_floor":[113,113,124,139,157,182,182,207,207,207,224,224,236,263,263,367,367,385,84,99,99,115,115,133,133,160,195,195,217,217,257,257,363,363,392,392,221,239,239,239,239,239],"floor_reached":41,"language":"ENG","playtime":1292,"items_purged":["Strike_B","Strike_B"],"score":685,"play_id":"3317b422-c887-4a22-b21a-56ccbe68df56","local_time":"20210205130037","is_ascension_mode":true,"campfire_choices":[{"floor":7,"key":"REST"},{"data":"Buffer","floor":15,"key":"SMITH"},{"floor":23,"key":"REST"},{"data":"Electrodynamics","floor":25,"key":"SMITH"},{"floor":28,"key":"REST"},{"floor":30,"key":"REST"},{"data":"Capacitor","floor":32,"key":"SMITH"},{"data":"Coolheaded","floor":40,"key":"SMITH"}],"circlet_count":0,"master_deck":["Defend_B","Defend_B","Defend_B","Defend_B","Zap","Dualcast","Buffer+1","Capacitor+1","Leap","Lockon","Auto Shields","Ball Lightning","Coolheaded+1","Cold Snap","Electrodynamics+1","BootSequence+1","Loop","Static Discharge+1","Barrage","Coolheaded+1","Hologram+1","Ball Lightning","Echo Form","White Noise+1","Reboot+1","Dark Shackles+1","PanicButton+1"],"relics":["Cracked Core","Shuriken","Matryoshka","Potion Belt","Bottled Tornado","Odd Mushroom","Velvet Choker","Frozen Eye","CeramicFish","Lantern","Toxic Egg 2","Dream Catcher","Nuclear Battery"],"acts_visited":["Exordium","TheCity","TheBeyond"],"potions_floor_usage":[8,16,31],"damage_taken":[{"damage":7,"enemies":"Jaw Worm","floor":1,"turns":4},{"damage":0,"enemies":"Cultist","floor":3,"turns":5},{"damage":0,"enemies":"Small Slimes","floor":4,"turns":4},{"damage":13,"enemies":"3 Louse","floor":5,"turns":4},{"damage":26,"enemies":"3 Sentries","floor":6,"turns":11},{"damage":0,"enemies":"Lagavulin","floor":8,"turns":5},{"damage":0,"enemies":"Looter","floor":11,"turns":3},{"damage":0,"enemies":"Large Slime","floor":13,"turns":6},{"damage":12,"enemies":"The Mushroom Lair","floor":14,"turns":5},{"damage":36,"enemies":"Slime Boss","floor":16,"turns":16},{"damage":9,"enemies":"2 Thieves","floor":18,"turns":4},{"damage":18,"enemies":"3 Byrds","floor":20,"turns":3},{"damage":14,"enemies":"Snake Plant","floor":22,"turns":4},{"damage":17,"enemies":"Sentry and Sphere","floor":24,"turns":5},{"damage":31,"enemies":"Slavers","floor":27,"turns":4},{"damage":0,"enemies":"3 Cultists","floor":29,"turns":5},{"damage":0,"enemies":"Gremlin Leader","floor":31,"turns":8},{"damage":35,"enemies":"Champ","floor":33,"turns":11},{"damage":12,"enemies":"3 Darklings","floor":35,"turns":4},{"damage":104,"enemies":"Giant Head","floor":41,"turns":9}],"seed_played":"5930063934262222456","potions_obtained":[{"floor":3,"key":"FairyPotion"},{"floor":4,"key":"Ancient Potion"},{"floor":6,"key":"Fire Potion"},{"floor":13,"key":"Block Potion"},{"floor":18,"key":"FearPotion"},{"floor":22,"key":"LiquidMemories"},{"floor":29,"key":"LiquidBronze"},{"floor":33,"key":"LiquidMemories"},{"floor":35,"key":"CultistPotion"}],"is_trial":false,"path_per_floor":["M","?","M","M","M","E","R","E","T","?","M","?","M","?","R","B",null,"M","$","M","?","M","R","M","R","T","E","R","M","R","E","R","B",null,"M","?","$","?","?","R","E"],"character_chosen":"DEFECT","items_purchased":["Loop","Frozen Eye","Reboot+1"],"campfire_rested":4,"item_purchase_floors":[19,19,37],"current_hp_per_floor":[61,61,61,61,48,22,44,44,44,49,49,42,42,30,30,24,66,57,57,39,39,25,49,32,32,32,1,25,25,49,49,49,14,64,52,52,52,47,47,47,0,0],"gold":239,"neow_bonus":"ONE_RANDOM_RARE_CARD","is_daily":false,"chose_seed":false,"campfire_upgraded":4,"win_rate":0.0,"timestamp":1612519237,"path_taken":["M","?","?","M","M","E","R","E","T","?","M","?","M","?","R","BOSS","M","$","M","?","M","R","M","R","T","E","R","M","R","E","R","BOSS","M","?","?","?","?","R","E"],"items_purchased_type":["Card","Relic","Card"],"build_version":"2020-12-22","purchased_purges":2,"victory":false,"max_hp_per_floor":[75,75,75,75,75,75,75,75,75,80,80,80,80,80,80,80,80,80,80,80,80,80,80,80,80,80,80,80,80,80,80,80,80,80,80,80,80,80,76,76,76,76],"relic_stats":{"Dream Catcher":0,"counters":[20,120],"Shuriken":[9],"CeramicFish":72,"obtain_stats":[{"Potion Belt":9,"Lantern":26,"CeramicFish":26,"Velvet Choker":17,"Bottled Tornado":9,"Odd Mushroom":14,"Nuclear Battery":34,"Frozen Eye":19,"Dream Catcher":31,"Matryoshka":8,"Shuriken":6,"Toxic Egg 2":27,"Cracked Core":0},{"Potion Belt":6,"Lantern":14,"CeramicFish":14,"Velvet Choker":10,"Bottled Tornado":6,"Odd Mushroom":9,"Nuclear Battery":18,"Frozen Eye":11,"Dream Catcher":17,"Matryoshka":6,"Shuriken":5,"Toxic Egg 2":15,"Cracked Core":0},{"Potion Belt":33,"Lantern":79,"CeramicFish":79,"Velvet Choker":63,"Bottled Tornado":33,"Odd Mushroom":47,"Nuclear Battery":107,"Frozen Eye":67,"Dream Catcher":96,"Matryoshka":33,"Shuriken":28,"Toxic Egg 2":83,"Cracked Core":0}]},"card_choices":[{"not_picked":["Rebound","Redo"],"picked":"Capacitor","floor":1},{"not_picked":["Turbo","Gash"],"picked":"Leap","floor":3},{"not_picked":["Compile Driver","Stack"],"picked":"Lockon","floor":4},{"not_picked":["Gash","Turbo"],"picked":"Auto Shields","floor":5},{"not_picked":["Seek","Streamline"],"picked":"Ball Lightning","floor":6},{"not_picked":["Beam Cell","Hologram","Redo"],"picked":"SKIP","floor":8},{"not_picked":["Ball Lightning","Gash"],"picked":"Coolheaded","floor":11},{"not_picked":["Turbo","Stack","Blizzard"],"picked":"SKIP","floor":13},{"not_picked":["Steam","Hologram"],"picked":"Cold Snap","floor":14},{"not_picked":["All For One","Machine Learning"],"picked":"Electrodynamics","floor":16},{"not_picked":["Gash","Rebound"],"picked":"BootSequence+1","floor":18},{"not_picked":["Redo","Reprogram"],"picked":"Static Discharge+1","floor":20},{"not_picked":["Aggregate","Steam Power","Redo"],"picked":"SKIP","floor":22},{"not_picked":["Ball Lightning","Gash"],"picked":"Barrage","floor":24},{"not_picked":["Rebound","Buffer"],"picked":"Coolheaded+1","floor":27},{"not_picked":["Sweeping Beam","Leap+1"],"picked":"Hologram+1","floor":29},{"not_picked":["Machine Learning","Steam+1"],"picked":"Ball Lightning","floor":31},{"not_picked":["Biased Cognition","Core Surge"],"picked":"Echo Form","floor":33},{"not_picked":["Melter","Hologram+1"],"picked":"White Noise+1","floor":35},{"not_picked":["Master of Strategy+1","Bandage Up+1"],"picked":"Dark Shackles+1","floor":38},{"not_picked":["Flash of Steel","HandOfGreed"],"picked":"PanicButton+1","floor":38}],"player_experience":327596,"relics_obtained":[{"floor":6,"key":"Shuriken"},{"floor":8,"key":"Matryoshka"},{"floor":9,"key":"Potion Belt"},{"floor":9,"key":"Bottled Tornado"},{"floor":14,"key":"Odd Mushroom"},{"floor":26,"key":"CeramicFish"},{"floor":26,"key":"Lantern"},{"floor":27,"key":"Toxic Egg 2"},{"floor":31,"key":"Dream Catcher"}],"event_choices":[{"cards_removed":["Strike_B"],"damage_healed":0,"gold_gain":0,"player_choice":"Offered Basic","damage_taken":0,"max_hp_gain":0,"max_hp_loss":0,"event_name":"Bonfire Elementals","floor":2,"gold_loss":0},{"damage_healed":0,"gold_gain":0,"player_choice":"Donut","damage_taken":0,"max_hp_gain":5,"max_hp_loss":0,"event_name":"Big Fish","floor":10,"gold_loss":0},{"cards_removed":["Strike_B"],"damage_healed":0,"gold_gain":0,"player_choice":"Card Removal","damage_taken":7,"max_hp_gain":0,"max_hp_loss":0,"event_name":"Golden Wing","floor":12,"gold_loss":0},{"damage_healed":0,"gold_gain":0,"player_choice":"Fought Mushrooms","damage_taken":0,"max_hp_gain":0,"max_hp_loss":0,"event_name":"Mushrooms","floor":14,"gold_loss":0},{"damage_healed":0,"gold_gain":0,"player_choice":"Ignored","damage_taken":0,"max_hp_gain":0,"max_hp_loss":0,"event_name":"Ghosts","floor":21,"gold_loss":0},{"damage_healed":0,"gold_gain":0,"player_choice":"Ignored","damage_taken":0,"max_hp_gain":0,"max_hp_loss":0,"event_name":"SecretPortal","floor":36,"gold_loss":0},{"damage_healed":0,"gold_gain":0,"player_choice":"Memory 2","damage_taken":5,"max_hp_gain":0,"max_hp_loss":0,"event_name":"SensoryStone","floor":38,"gold_loss":0},{"damage_healed":0,"gold_gain":0,"player_choice":"Max HP","damage_taken":0,"max_hp_gain":0,"max_hp_loss":4,"event_name":"Winding Halls","floor":39,"gold_loss":0}],"is_beta":false,"boss_relics":[{"not_picked":["Busted Crown","SacredBark"],"picked":"Velvet Choker"},{"not_picked":["Empty Cage","Snecko Eye"],"picked":"Nuclear Battery"}],"items_purged_floors":[19,37],"is_endless":false,"potions_floor_spawned":[3,4,6,13,18,22,29,33,35],"killed_by":"Giant Head","ascension_level":8}}