{"host":"fortuna","time":1612552056,"event":{"mods":["100% Spire Juice","Act Like it!","Arknights","BaseMod","Gensokyo","Hallownest","Minty Spire (QoL Compilation)","Reimu£®≤©¿ˆ¡È√Œ£©","Relic Stats","StSLib","The Administrix","The Bug Knight","Waifu the Spire","WarShipGirlsR/’ΩΩ¢…Ÿ≈ÆR mod","Yakumo Yukari mod"],"gold_per_floor":[113,113,113,113,131,131,165,165,165,194,213,213,223,233,233,330,330,348,348,360,360,360],"floor_reached":21,"language":"ZHS","playtime":1043,"items_purged":[],"score":214,"play_id":"47940b04-b4cc-4abc-b412-e6d9420ce53d","local_time":"20210206030736","is_ascension_mode":false,"campfire_choices":[{"data":"HollowMod:MantisMark","floor":6,"key":"SMITH"},{"data":"HollowMod:FocusHealStart","floor":8,"key":"SMITH"},{"data":"HollowMod:theNailsmith","floor":12,"key":"SMITH"},{"data":"HollowMod:ChannelNail","floor":15,"key":"SMITH"}],"circlet_count":0,"master_deck":["HollowMod:NailStrikeStart+1","HollowMod:NailStrikeStart+1","HollowMod:QuickDashStart","HollowMod:QuickDashStart","HollowMod:QuickDashStart","HollowMod:FocusHealStart+1","HollowMod:PogoStrike","HollowMod:SoulSplash","HollowMod:MantisMark+1","HollowMod:HuntersJournal","HollowMod:theNailsmith+1","HollowMod:MantisMark","HollowMod:ChannelNail+1","HollowMod:Hiveblood","HollowMod:LifebloodCore","HollowMod:MawleksShell+1","HollowMod:VoidDash+1","HollowMod:BrokenVessel+1","HollowMod:SharpenedNail","Regret","HollowMod:InfectionAssault"],"relics":["HollowMod:VesselMask","NeowsBlessing","Hallownest:DreamNailRelic","Bronze Scales","Gremlin Horn","Astrolabe","Mummified Hand"],"acts_visited":["Hallownest:Greenpath","Hallownest:CityofTears"],"potions_floor_usage":[],"damage_taken":[{"damage":0,"enemies":"Hallownest:2_Tiktiks_and_1_Crawlid","floor":1,"turns":1},{"damage":0,"enemies":"2_ Uuma","floor":5,"turns":1},{"damage":0,"enemies":"Hallownest:eliteVengeflyKing","floor":7,"turns":1},{"damage":16,"enemies":"Hallownest:eliteCrystalGuardian","floor":10,"turns":4},{"damage":6,"enemies":"Hallownest:2_Baldur","floor":11,"turns":2},{"damage":8,"enemies":"Hallownest:Guard_and_Warrior","floor":13,"turns":4},{"damage":21,"enemies":"Hallownest:1_Ooma_and_2_Uuma","floor":14,"turns":5},{"damage":76,"enemies":"Hallownest:BossFalseKnight","floor":16,"turns":7},{"damage":65,"enemies":"Hallownest:2_Mistakes","floor":18,"turns":15},{"damage":27,"enemies":"Hallownest:Guard_and_Sentry","floor":20,"turns":5},{"damage":58,"enemies":"Hallownest:2_Husk_Sentries","floor":21,"turns":4}],"seed_played":"-6420609033092140295","potions_obtained":[{"floor":7,"key":"PowerPotion"},{"floor":10,"key":"Energy Potion"}],"is_trial":false,"path_per_floor":["M","?","?","?","M","R","E","R","T","?","M","R","M","M","R","B",null,"M","?","M","M"],"character_chosen":"THE_BUGKNIGHT","items_purchased":[],"campfire_rested":0,"item_purchase_floors":[],"current_hp_per_floor":[75,75,75,75,75,75,75,75,75,65,65,65,67,58,58,9,75,37,37,34,0,0],"gold":360,"neow_bonus":"THREE_ENEMY_KILL","is_daily":false,"chose_seed":false,"campfire_upgraded":4,"win_rate":0.0,"timestamp":1612552056,"path_taken":["M","?","?","?","?","R","E","R","T","?","M","R","M","M","R","BOSS","M","?","M","M"],"items_purchased_type":[],"build_version":"2020-12-18","purchased_purges":0,"victory":false,"max_hp_per_floor":[75,75,75,75,75,75,75,75,75,75,75,75,75,75,75,75,75,75,75,75,75,75],"relic_stats":{"Gremlin Horn":[7,7],"counters":[11,49],"Mummified Hand":[2],"Bronze Scales":[138],"Astrolabe":["HollowMod:MawleksShell","HollowMod:VoidDash","HollowMod:BrokenVessel"],"obtain_stats":[{"NeowsBlessing":0,"Gremlin Horn":10,"Mummified Hand":19,"Bronze Scales":7,"Astrolabe":17,"HollowMod:VesselMask":0,"Hallownest:DreamNailRelic":4},{"NeowsBlessing":0,"Gremlin Horn":4,"Mummified Hand":9,"Bronze Scales":3,"Astrolabe":8,"HollowMod:VesselMask":0,"Hallownest:DreamNailRelic":1},{"NeowsBlessing":0,"Gremlin Horn":7,"Mummified Hand":40,"Bronze Scales":3,"Astrolabe":25,"HollowMod:VesselMask":0,"Hallownest:DreamNailRelic":1}]},"card_choices":[{"not_picked":["HollowMod:InfectedAttack","HollowMod:NewLittleFool"],"picked":"HollowMod:SoulSplash","floor":1},{"not_picked":["HollowMod:BlackTendrils","HollowMod:InfectedAttack"],"picked":"HollowMod:MantisMark","floor":5},{"not_picked":["HollowMod:SharpenedNail","HollowMod:VengefulVoid"],"picked":"HollowMod:HuntersJournal","floor":7},{"not_picked":["HollowMod:DescendingDark","HollowMod:MothsMistake"],"picked":"HollowMod:theNailsmith","floor":10},{"not_picked":["HollowMod:LifebloodCocoon","HollowMod:NewLittleFool"],"picked":"HollowMod:MantisMark","floor":11},{"not_picked":["HollowMod:SiblingsShadow","HollowMod:SharpenedNail"],"picked":"HollowMod:ChannelNail","floor":13},{"not_picked":["HollowMod:CornifersMapStart","HollowMod:NewJinnsSoul"],"picked":"HollowMod:Hiveblood","floor":14},{"not_picked":["HollowMod:PureVessel","HollowMod:MidwifesHunger"],"picked":"HollowMod:LifebloodCore","floor":16},{"not_picked":["HollowMod:CornifersMapStart","HollowMod:HowlingWraiths"],"picked":"HollowMod:SharpenedNail","floor":18},{"not_picked":["HollowMod:LifebloodCocoon","HollowMod:DoubleDash+1"],"picked":"HollowMod:InfectionAssault","floor":20}],"player_experience":317369,"relics_obtained":[{"floor":7,"key":"Bronze Scales"},{"floor":10,"key":"Gremlin Horn"}],"event_choices":[],"is_beta":true,"boss_relics":[{"not_picked":["Runic Pyramid","Ectoplasm"],"picked":"Astrolabe"}],"items_purged_floors":[],"is_endless":false,"potions_floor_spawned":[7,10,16,20],"killed_by":"Hallownest:2_Husk_Sentries","ascension_level":0}}