{"host":"6a9c3xws62y7efyw","time":1612498198,"event":{"mods":["BaseMod","Colored Map","Minty Spire (QoL Compilation)","Relic Stats","StSLib"],"gold_per_floor":[115,128,128,75,75,75,105,121,121,121,152,166,177,177,177,177,177],"floor_reached":16,"language":"ENG","playtime":684,"items_purged":[],"score":220,"play_id":"a50599b7-62a9-4940-b211-98e37fd4e1a2","local_time":"20210204200958","is_ascension_mode":true,"campfire_choices":[{"data":"Poisoned Stab","floor":6.0,"key":"SMITH"},{"floor":10.0,"key":"REST"},{"data":"1","floor":15,"key":"LIFT"}],"circlet_count":0,"master_deck":["AscendersBane","Strike_G+1","Strike_G","Strike_G+1","Strike_G","Defend_G","Defend_G","Defend_G","Survivor","Neutralize","Doppelganger","Poisoned Stab+1","Backflip","Flying Knee","Bouncing Flask","Cloak And Dagger","Bane+1","Blade Dance"],"relics":["Ring of the Snake","Girya","Molten Egg 2","Anchor","Blood Vial"],"acts_visited":["Exordium"],"potions_floor_usage":[11,11],"damage_taken":[{"damage":7.0,"enemies":"Jaw Worm","floor":1.0,"turns":4.0},{"damage":0.0,"enemies":"Small Slimes","floor":2.0,"turns":4.0},{"damage":27.0,"enemies":"3 Sentries","floor":7.0,"turns":10.0},{"damage":0.0,"enemies":"Cultist","floor":8.0,"turns":3.0},{"damage":2,"enemies":"Gremlin Nob","floor":11,"turns":3},{"damage":3,"enemies":"Exordium Thugs","floor":12,"turns":4},{"damage":6,"enemies":"3 Louse","floor":13,"turns":3},{"damage":16,"enemies":"The Guardian","floor":16,"turns":5}],"seed_played":"-5230652667542710209","potions_obtained":[{"floor":7.0,"key":"DuplicationPotion"}],"is_trial":false,"path_per_floor":["M","M","?","$","?","R","E","M","T","R","E","M","M","T","R","B"],"character_chosen":"THE_SILENT","items_purchased":["Poison Potion"],"campfire_rested":1,"item_purchase_floors":[4],"current_hp_per_floor":[52,52,34,34,34,34,7,7,7,25,23,20,14,14,14,0,0],"gold":177,"neow_bonus":"TRANSFORM_TWO_CARDS","is_daily":false,"chose_seed":false,"campfire_upgraded":1,"win_rate":0.0,"timestamp":1612498198,"path_taken":["M","M","?","$","?","R","E","?","T","R","E","M","M","?","R","BOSS"],"items_purchased_type":["Potion"],"build_version":"2020-12-22","purchased_purges":0,"victory":false,"max_hp_per_floor":[60,60,60,60,60,60,60,60,60,60,60,60,60,60,60,60,60],"relic_stats":{"Blood Vial":2,"counters":[8,36],"obtain_stats":[{"Blood Vial":14,"Girya":7,"Anchor":11,"Molten Egg 2":9,"Ring of the Snake":0},{"Blood Vial":7,"Girya":3,"Anchor":5,"Molten Egg 2":4,"Ring of the Snake":0},{"Blood Vial":31,"Girya":18,"Anchor":24,"Molten Egg 2":21,"Ring of the Snake":0}],"Ring of the Snake":[16]},"card_choices":[{"not_picked":["Acrobatics","PiercingWail"],"picked":"Backflip","floor":1.0},{"not_picked":["Slice","Finisher"],"picked":"Flying Knee","floor":2.0},{"not_picked":["Grand Finale","Masterful Stab"],"picked":"Bouncing Flask","floor":7.0},{"not_picked":["Prepared","Slice"],"picked":"Cloak And Dagger","floor":8.0},{"not_picked":["Flechettes+1","Outmaneuver"],"picked":"Bane+1","floor":11},{"not_picked":["Outmaneuver","Calculated Gamble"],"picked":"Blade Dance","floor":12},{"not_picked":["Infinite Blades","Outmaneuver","Blade Dance"],"picked":"SKIP","floor":13}],"player_experience":1485375,"relics_obtained":[{"floor":7.0,"key":"Girya"},{"floor":9.0,"key":"Molten Egg 2"},{"floor":11,"key":"Anchor"},{"floor":14,"key":"Blood Vial"}],"event_choices":[{"damage_healed":0.0,"max_hp_gain":0.0,"max_hp_loss":0.0,"gold_gain":0.0,"event_name":"Shining Light","player_choice":"Entered Light","floor":3.0,"gold_loss":0.0,"damage_taken":18.0,"cards_upgraded":["Strike_G","Strike_G"]},{"cards_removed":["Defend_G"],"damage_healed":0.0,"max_hp_gain":0.0,"max_hp_loss":0.0,"gold_gain":0.0,"event_name":"Wheel of Change","player_choice":"Card Removal","floor":5.0,"gold_loss":0.0,"damage_taken":0.0}],"is_beta":false,"boss_relics":[],"items_purged_floors":[],"is_endless":false,"potions_floor_spawned":[7,8],"killed_by":"The Guardian","ascension_level":20}}