{"host":"1gxyv4nzk9y6vrq3","time":1612559796,"event":{"mods":["Bartender","BaseMod","Downfall","Duelist Mod","Marisa????????","Minty Spire (QoL Compilation)","Relic Stats","StSLib","The Servant 0.9.4"],"gold_per_floor":[99,116,101,176,276,118,143,128,138,152,52,71,83,116,130,228,228,128,140,140,50,50,50,50],"floor_reached":22,"language":"ENG","playtime":1717,"items_purged":[],"score":184,"play_id":"6f0825a5-7e0c-48e4-a5b2-3cd6659a13eb","local_time":"20210205131636","is_ascension_mode":false,"campfire_choices":[{"floor":1,"key":"RECALL"},{"floor":11,"key":"REST"},{"data":"Slimebound:DuplicatedForm","floor":18,"key":"SMITH"}],"circlet_count":0,"master_deck":["Slimebound:Strike_Slimebound","Slimebound:Strike_Slimebound","Slimebound:Strike_Slimebound","Slimebound:Tackle","Slimebound:Defend_Slimebound","Slimebound:Defend_Slimebound","Slimebound:Defend_Slimebound","Slimebound:Defend_Slimebound","Slimebound:Split","Slimebound:CorrosiveSpit","Slimebound:GoopSpray","Slimebound:SplitAcid","Slimebound:CheckThePlaybook","Slimebound:SamplingLick","Slimebound:Schlurp","Slimebound:SplitBruiser","Slimebound:Gluttony","Slimebound:LeadByExample","Slimebound:MassRepurpose","Slimebound:DuplicatedForm+1","Slimebound:Prepare","Slimebound:LevelUp"],"relics":["Slimebound:AbsorbEndCombatUpgraded","PreservedInsect","Regal Pillow","downfall:HeartBlessingRed","Nunchaku","downfall:HeartBlessingGreen"],"acts_visited":["Exordium","TheCity"],"potions_floor_usage":[14,14,14,16,19],"damage_taken":[{"damage":8,"enemies":"Cultist","floor":2,"turns":4},{"damage":8,"enemies":"downfall:FleeingMerchant","floor":3,"turns":4},{"damage":0,"enemies":"downfall:FleeingMerchant","floor":6,"turns":4},{"damage":31,"enemies":"downfall:FleeingMerchant","floor":8,"turns":4},{"damage":4,"enemies":"2 Louse","floor":9,"turns":3},{"damage":6,"enemies":"Jaw Worm","floor":10,"turns":3},{"damage":7,"enemies":"Blue Slaver","floor":12,"turns":3},{"damage":16,"enemies":"3 Louse","floor":13,"turns":4},{"damage":4,"enemies":"3 Sentries","floor":14,"turns":4},{"damage":12,"enemies":"Exordium Thugs","floor":15,"turns":4},{"damage":28,"enemies":"IC_STATUS_ARCHETYPE","floor":16,"turns":7},{"damage":33,"enemies":"Shell Parasite","floor":19,"turns":4},{"damage":40,"enemies":"downfall:FleeingMerchant","floor":21,"turns":4},{"damage":37,"enemies":"3 Byrds","floor":22,"turns":3}],"seed_played":"5932033532335931906","potions_obtained":[{"floor":0,"key":"PowerPotion"},{"floor":0,"key":"SkillPotion"},{"floor":0,"key":"AttackPotion"},{"floor":12,"key":"Fire Potion"},{"floor":15,"key":"FearPotion"},{"floor":16,"key":"Energy Potion"}],"is_trial":false,"path_per_floor":["R","M","$","?","?","$","T","$","M","M","R","M","M","E","M","B",null,"R","M","?","$","M"],"character_chosen":"SLIMEBOUND","items_purchased":["PreservedInsect","Slimebound:LevelUp"],"campfire_rested":1,"item_purchase_floors":[6,21],"current_hp_per_floor":[65,58,54,54,54,58,58,29,25,23,57,54,44,44,36,14,65,65,50,50,31,0,0,0],"gold":50,"neow_bonus":"THREE_SMALL_POTIONS","is_daily":false,"chose_seed":false,"campfire_upgraded":1,"win_rate":0.0,"timestamp":1612559796,"path_taken":["R","M","?","?","?","?","T","$","M","M","R","M","M","E","M","BOSS","R","M","?","?","M"],"items_purchased_type":["Relic","Card"],"build_version":"2020-12-22","purchased_purges":0,"victory":false,"max_hp_per_floor":[65,65,65,65,65,65,65,65,65,65,65,65,65,65,65,65,65,65,65,65,65,65,65,65],"relic_stats":{"Regal Pillow":15,"Nunchaku":[1],"counters":[14,53],"PreservedInsect":39,"obtain_stats":[{"Regal Pillow":7,"Nunchaku":14,"downfall:HeartBlessingRed":11,"downfall:HeartBlessingGreen":18,"PreservedInsect":6,"Slimebound:AbsorbEndCombat":0,"Slimebound:AbsorbEndCombatUpgraded":17},{"Regal Pillow":3,"Nunchaku":9,"downfall:HeartBlessingRed":6,"downfall:HeartBlessingGreen":11,"PreservedInsect":3,"Slimebound:AbsorbEndCombat":0,"Slimebound:AbsorbEndCombatUpgraded":11},{"Regal Pillow":11,"Nunchaku":31,"downfall:HeartBlessingRed":20,"downfall:HeartBlessingGreen":42,"PreservedInsect":11,"Slimebound:AbsorbEndCombat":0,"Slimebound:AbsorbEndCombatUpgraded":42}]},"card_choices":[{"not_picked":["Slimebound:Grow","Slimebound:ComboTackle"],"picked":"Slimebound:GoopSpray","floor":2},{"not_picked":["Slimebound:GrowthPunch","Slimebound:AcidTongue"],"picked":"Slimebound:SplitAcid","floor":3},{"not_picked":["Slimebound:HauntingLick","Slimebound:LeechingTouch"],"picked":"Slimebound:CheckThePlaybook","floor":6},{"not_picked":["Slimebound:ComboTackle","Slimebound:BestDefense"],"picked":"Slimebound:SamplingLick","floor":8},{"not_picked":["Slimebound:FinishingTackle","Slimebound:Prepare"],"picked":"Slimebound:Schlurp","floor":9},{"not_picked":["Slimebound:Prepare","Slimebound:SpikyOuterGoop"],"picked":"Slimebound:SplitBruiser","floor":10},{"not_picked":["Slimebound:LeechingTouch","Slimebound:HauntingLick"],"picked":"Slimebound:Gluttony","floor":12},{"not_picked":["Slimebound:Dissolve","Slimebound:SpikyOuterGoop"],"picked":"Slimebound:LeadByExample","floor":13},{"not_picked":["Slimebound:TongueLash","Slimebound:GoopSpray"],"picked":"Slimebound:MassRepurpose","floor":14},{"not_picked":["Slimebound:Gluttony","Slimebound:BestDefense","Slimebound:LeechingTouch"],"picked":"SKIP","floor":15},{"not_picked":["Slimebound:SelfFormingGoo","Slimebound:FirmFortitude"],"picked":"Slimebound:DuplicatedForm","floor":16},{"not_picked":["Slimebound:RejuvenatingLick+1","Slimebound:GoopTackle"],"picked":"Slimebound:Prepare","floor":19},{"not_picked":["Slimebound:SplitLeeching","Slimebound:FinishingTackle","Slimebound:AcidTongue"],"picked":"SKIP","floor":21}],"player_experience":57403,"relics_obtained":[{"floor":7,"key":"Regal Pillow"},{"floor":14,"key":"Nunchaku"}],"event_choices":[{"damage_healed":0,"gold_gain":0,"player_choice":"Ignored","damage_taken":0,"max_hp_gain":0,"max_hp_loss":0,"event_name":"Vampires","floor":20,"gold_loss":0}],"is_beta":false,"boss_relics":[{"not_picked":["Runic Dome","SlaversCollar"],"picked":"Slimebound:AbsorbEndCombatUpgraded"}],"items_purged_floors":[],"is_endless":false,"potions_floor_spawned":[9,10,12,15,16],"killed_by":"3 Byrds","ascension_level":0}}