{"host":"bvp2uifzy1c463d9","time":1612503157,"event":{"mods":["AchievementEnabler","BaseMod","Block Reminder","ChefMod","Colored Map","Colored Powertips","Hermit","Highlight Path","Infinite Spire","Minty Spire (QoL Compilation)","Random Character Button","Relic Stats","Reliquary","Replay The Spire","StSLib","The Jungle","The Servant 0.9.4"],"gold_per_floor":[119,119,135,154,6,35,47,89,101,13,33,48,68,31,31,127,127,147,167,178,192,16,16,43,70,141,141,141],"floor_reached":27,"language":"ENG","playtime":2300,"items_purged":["hermit:Strike_Hermit","hermit:Defend_Hermit","hermit:Strike_Hermit"],"score":257,"play_id":"9ce5445e-ced2-4151-ad7b-de14c50df015","local_time":"20210204233237","is_ascension_mode":true,"campfire_choices":[{"data":"hermit:Vantage","floor":7,"key":"SMITH"},{"floor":15,"key":"REST"},{"floor":23,"key":"REST"}],"circlet_count":0,"master_deck":["hermit:Strike_Hermit","hermit:Strike_Hermit","hermit:Defend_Hermit","hermit:Defend_Hermit","hermit:Snapshot","hermit:Covet","hermit:Vantage+1","hermit:TakeAim","hermit:ItchyTrigger","hermit:BigShot","hermit:Snipe","hermit:Vantage","hermit:Vantage","hermit:Dive","hermit:Ricochet","hermit:Ricochet+1","hermit:Magnum","hermit:Virtue","hermit:Snipe","hermit:Feint","hermit:EyeOfTheStorm+1","hermit:TrackingShot+1"],"relics":["Honey Jar","MawBank","Bottled Lightning","reliquary:ExpiredCoupon","Black Star","Incense Burner","Bag of Preparation","CeramicFish","Question Card"],"acts_visited":["Exordium","TheCity"],"potions_floor_usage":[19,21,21,24,27],"damage_taken":[{"damage":0,"enemies":"Small Slimes","floor":1,"turns":3},{"damage":6,"enemies":"Cultist","floor":3,"turns":3},{"damage":0,"enemies":"2 Louse","floor":4,"turns":2},{"damage":18,"enemies":"3 Sentries","floor":6,"turns":8},{"damage":33,"enemies":"Gremlin Nob","floor":8,"turns":5},{"damage":0,"enemies":"Blue Slaver","floor":11,"turns":3},{"damage":1,"enemies":"Red Slaver","floor":12,"turns":5},{"damage":0,"enemies":"Large Slime","floor":13,"turns":7},{"damage":4,"enemies":"The Guardian","floor":16,"turns":9},{"damage":0,"enemies":"Chosen","floor":18,"turns":6},{"damage":3,"enemies":"3 Byrds","floor":19,"turns":5},{"damage":36,"enemies":"Snake Plant","floor":20,"turns":5},{"damage":34,"enemies":"3 Cultists","floor":21,"turns":5},{"damage":11,"enemies":"Nightmare","floor":24,"turns":7},{"damage":14,"enemies":"Shelled Parasite and Fungi","floor":27,"turns":4}],"seed_played":"-8341106375471320012","potions_obtained":[{"floor":1,"key":"Milkshake"},{"floor":3,"key":"SpeedPotion"},{"floor":12,"key":"SpeedPotion"},{"floor":13,"key":"LifebloodPotion"},{"floor":21,"key":"Block Potion"},{"floor":24,"key":"Fire Potion"}],"is_trial":false,"path_per_floor":["M","?","M","M","$","E","R","E","T","$","M","M","M","$","R","B",null,"M","M","M","M","$","R","NM","T","T","M"],"character_chosen":"HERMIT","items_purchased":["hermit:BigShot","hermit:Ricochet+1","hermit:EyeOfTheStorm+1"],"campfire_rested":2,"item_purchase_floors":[5,14,22],"current_hp_per_floor":[75,75,69,69,69,51,51,18,18,18,18,17,17,17,39,35,75,75,72,36,2,2,24,13,13,13,0,0],"gold":141,"neow_bonus":"BOSS_RELIC","is_daily":false,"chose_seed":false,"campfire_upgraded":1,"win_rate":0.0,"timestamp":1612503157,"path_taken":["M","?","M","M","$","E","R","E","T","$","M","M","?","?","R","BOSS","M","M","M","M","$","R","NM","?","T","M"],"items_purchased_type":["Card","Card","Card"],"build_version":"2020-12-22","purchased_purges":3,"victory":false,"max_hp_per_floor":[75,75,75,75,75,75,75,75,75,75,75,75,75,75,75,75,75,75,75,75,75,75,75,75,75,75,75,75],"relic_stats":{"counters":[15,77],"CeramicFish":0,"Black Star":1,"Bag of Preparation":[2],"MawBank":48,"Question Card":0,"obtain_stats":[{"reliquary:ExpiredCoupon":9,"CeramicFish":25,"Honey Jar":0,"Black Star":17,"Incense Burner":24,"Bag of Preparation":24,"Bottled Lightning":8,"MawBank":6,"Question Card":26,"hermit:Momento":0},{"reliquary:ExpiredCoupon":5,"CeramicFish":14,"Honey Jar":0,"Black Star":9,"Incense Burner":14,"Bag of Preparation":14,"Bottled Lightning":5,"MawBank":4,"Question Card":14,"hermit:Momento":0},{"reliquary:ExpiredCoupon":21,"CeramicFish":73,"Honey Jar":0,"Black Star":45,"Incense Burner":73,"Bag of Preparation":73,"Bottled Lightning":21,"MawBank":16,"Question Card":73,"hermit:Momento":0}]},"card_choices":[{"not_picked":["hermit:ItchyTrigger","hermit:EyeOfTheStorm","hermit:HoleUp"],"picked":"hermit:Vantage","floor":1},{"not_picked":["hermit:LowProfile","hermit:Roulette","hermit:Manifest"],"picked":"hermit:TakeAim","floor":3},{"not_picked":["hermit:TakeCover","hermit:SprayPray","hermit:Desperado"],"picked":"hermit:ItchyTrigger","floor":4},{"not_picked":["hermit:SprayPray","hermit:Shortfuse","hermit:ShadowCloak"],"picked":"hermit:Snipe","floor":6},{"not_picked":["hermit:Reprieve","hermit:Virtue","hermit:Showdown"],"picked":"hermit:Vantage","floor":8},{"not_picked":["hermit:Grudge","hermit:Showdown","hermit:TakeCover"],"picked":"hermit:Vantage","floor":11},{"not_picked":["hermit:SprayPray","hermit:FullyLoaded","hermit:WideOpen"],"picked":"hermit:Dive","floor":12},{"not_picked":["hermit:Feint","hermit:CursedWeapon","hermit:HeroicBravado"],"picked":"hermit:Ricochet","floor":13},{"not_picked":["hermit:Dissolve","hermit:Adapt","hermit:FatalDesire"],"picked":"hermit:Magnum","floor":16},{"not_picked":["hermit:Showdown","hermit:Horror","hermit:NoHoldsBarred"],"picked":"hermit:Virtue","floor":18},{"not_picked":["hermit:SprayPray+1","hermit:Manifest","hermit:Headshot"],"picked":"hermit:Snipe","floor":19},{"not_picked":["hermit:HighCaliber","hermit:Desperado","hermit:DeadMansHand","hermit:Roulette"],"picked":"SKIP","floor":20},{"not_picked":["hermit:Shortfuse","hermit:TakeCover+1","hermit:PistolWhip"],"picked":"hermit:Feint","floor":21},{"not_picked":["hermit:Maintenance+1","hermit:DeadOrAlive","hermit:DeadMansHand+1"],"picked":"hermit:TrackingShot+1","floor":24}],"player_experience":238208,"relics_obtained":[{"floor":6,"key":"MawBank"},{"floor":8,"key":"Bottled Lightning"},{"floor":9,"key":"reliquary:ExpiredCoupon"},{"floor":24,"key":"Incense Burner"},{"floor":24,"key":"Bag of Preparation"},{"floor":25,"key":"CeramicFish"},{"floor":26,"key":"Question Card"}],"event_choices":[{"cards_removed":["hermit:Defend_Hermit"],"damage_healed":0,"gold_gain":0,"player_choice":"Offered Basic","damage_taken":0,"max_hp_gain":0,"max_hp_loss":0,"event_name":"Bonfire Elementals","floor":2,"gold_loss":0}],"is_beta":false,"boss_relics":[{"not_picked":["ChewingGum","Sozu"],"picked":"Black Star"}],"items_purged_floors":[5,10,22],"is_endless":true,"potions_floor_spawned":[1,3,12,13,21,24],"killed_by":"Shelled Parasite and Fungi","ascension_level":1}}