{"host":"7jl348xfsxr8glry","time":1612522132,"event":{"mods":["AchievementEnabler","BaseMod","Colored Map","Minty Spire (QoL Compilation)","Random Character Button","Unceasing Turn Reminder"],"gold_per_floor":[112,112,131,72,81,81,106,106,129,16,0,184,219,76,76,189,198,227,236,236,161,182,182,207,207,234,255,255,255],"floor_reached":28,"language":"ENG","playtime":5966,"items_purged":["Regret","Doubt"],"score":255,"play_id":"a717fc2e-f304-4241-83a0-0c85df73e1bc","local_time":"20210205214852","is_ascension_mode":true,"campfire_choices":[{"data":"Iron Wave","floor":6,"key":"SMITH"},{"floor":8,"key":"REST"},{"floor":15,"key":"REST"},{"data":"Armaments","floor":23,"key":"SMITH"},{"data":"Berserk","floor":25,"key":"SMITH"}],"circlet_count":0,"master_deck":["Strike_R","Strike_R","Strike_R","Defend_R","Defend_R","Defend_R","Defend_R","Bash","Good Instincts","Whirlwind","Iron Wave+1","Shrug It Off","Flex","Perfected Strike","Rampage","Shrug It Off","Berserk+1","CurseOfTheBell","Cleave","Carnage","Armaments+1","Flex","Twin Strike"],"relics":["Burning Blood","CeramicFish","HornCleat","White Beast Statue","Pen Nib","Magic Flower","Calling Bell","Juzu Bracelet","Ornamental Fan","Calipers","Nunchaku"],"acts_visited":["Exordium","TheCity"],"potions_floor_usage":[16,22],"damage_taken":[{"damage":3,"enemies":"Small Slimes","floor":1,"turns":3},{"damage":0,"enemies":"2 Louse","floor":3,"turns":1},{"damage":59,"enemies":"Gremlin Nob","floor":7,"turns":6},{"damage":20,"enemies":"3 Sentries","floor":13,"turns":7},{"damage":51,"enemies":"Hexaghost","floor":16,"turns":12},{"damage":8,"enemies":"3 Byrds","floor":18,"turns":5},{"damage":10,"enemies":"Chosen","floor":22,"turns":4},{"damage":1,"enemies":"Snecko","floor":24,"turns":5},{"damage":73,"enemies":"3 Cultists","floor":27,"turns":8},{"damage":17,"enemies":"Cultist and Chosen","floor":28,"turns":4}],"seed_played":"8262033600294561097","potions_obtained":[{"floor":3,"key":"GamblersBrew"},{"floor":13,"key":"ColorlessPotion"},{"floor":16,"key":"AttackPotion"},{"floor":18,"key":"PowerPotion"},{"floor":22,"key":"PowerPotion"},{"floor":27,"key":"Weak Potion"}],"is_trial":false,"path_per_floor":["M","?","M","$","?","R","E","R","T","$","?","?","E","$","R","B",null,"M","?","?","?","M","R","M","R","T","M","M"],"character_chosen":"IRONCLAD","items_purchased":["Shrug It Off","Flex","Perfected Strike","Shrug It Off"],"campfire_rested":2,"item_purchase_floors":[4,4,10,14],"current_hp_per_floor":[80,73,79,79,79,79,26,50,50,50,50,50,36,36,60,18,80,80,80,80,80,79,79,80,80,80,16,0,0],"gold":255,"neow_bonus":"RANDOM_COLORLESS","is_daily":false,"chose_seed":false,"campfire_upgraded":3,"win_rate":0.0,"timestamp":1612522132,"path_taken":["M","?","M","$","?","R","E","R","T","$","?","?","E","$","R","BOSS","M","?","?","?","M","R","M","R","T","M","M"],"items_purchased_type":["Card","Card","Card","Card"],"build_version":"2020-12-22","purchased_purges":2,"victory":false,"max_hp_per_floor":[80,80,80,80,80,80,80,80,80,80,80,80,80,80,80,80,80,80,80,80,80,80,80,80,80,80,80,80,80],"card_choices":[{"not_picked":["Forethought","Discovery"],"picked":"Good Instincts","floor":0},{"not_picked":["Perfected Strike","Flex"],"picked":"Whirlwind","floor":1},{"not_picked":["Whirlwind","Body Slam"],"picked":"Iron Wave","floor":3},{"not_picked":["Rage","Pummel","Body Slam"],"picked":"SKIP","floor":7},{"not_picked":["True Grit","Infernal Blade"],"picked":"Rampage","floor":13},{"not_picked":["Reaper","Immolate"],"picked":"Berserk","floor":16},{"not_picked":["Carnage","Feel No Pain"],"picked":"Cleave","floor":18},{"not_picked":["Barricade","True Grit"],"picked":"Armaments","floor":22},{"not_picked":["Seeing Red","Heavy Blade"],"picked":"Flex","floor":24},{"not_picked":["Entrench+1","Heavy Blade"],"picked":"Twin Strike","floor":27}],"player_experience":238477,"relics_obtained":[{"floor":7,"key":"White Beast Statue"},{"floor":9,"key":"Pen Nib"},{"floor":13,"key":"Magic Flower"},{"floor":17,"key":"Juzu Bracelet"},{"floor":17,"key":"Ornamental Fan"},{"floor":17,"key":"Calipers"},{"floor":26,"key":"Nunchaku"}],"event_choices":[{"damage_healed":0,"gold_gain":0,"player_choice":"Success","damage_taken":7,"relics_obtained":["CeramicFish"],"max_hp_gain":0,"max_hp_loss":0,"event_name":"Scrap Ooze","floor":2,"gold_loss":0},{"damage_healed":0,"gold_gain":0,"player_choice":"Box","damage_taken":0,"relics_obtained":["HornCleat"],"max_hp_gain":0,"max_hp_loss":0,"event_name":"Big Fish","floor":5,"gold_loss":0,"cards_obtained":["Regret"]},{"damage_healed":0,"gold_gain":0,"player_choice":"Left Gold","damage_taken":0,"max_hp_gain":0,"max_hp_loss":0,"event_name":"World of Goop","floor":11,"gold_loss":16},{"damage_healed":0,"gold_gain":175,"player_choice":"AGREE","damage_taken":0,"max_hp_gain":0,"max_hp_loss":0,"event_name":"Liars Game","floor":12,"gold_loss":0,"cards_obtained":["Doubt"]},{"damage_healed":0,"gold_gain":0,"cards_transformed":["Strike_R"],"player_choice":"Transformed","damage_taken":0,"max_hp_gain":0,"max_hp_loss":0,"event_name":"Transmorgrifier","floor":19,"gold_loss":0,"cards_obtained":["Carnage"]},{"damage_healed":0,"gold_gain":0,"player_choice":"Ignored","damage_taken":0,"max_hp_gain":0,"max_hp_loss":0,"event_name":"Ghosts","floor":20,"gold_loss":0},{"cards_removed":["Strike_R"],"damage_healed":0,"gold_gain":0,"player_choice":"Gave Gold","damage_taken":0,"max_hp_gain":0,"max_hp_loss":0,"event_name":"Beggar","floor":21,"gold_loss":75}],"is_beta":false,"boss_relics":[{"not_picked":["Philosopher\u0027s Stone","SacredBark"],"picked":"Calling Bell"}],"items_purged_floors":[10,14],"is_endless":false,"potions_floor_spawned":[3,13,16,18,22,24,27],"killed_by":"Cultist and Chosen","ascension_level":3}}