{"host":"f9mdfzi4ns4wieu7","time":1612505092,"event":{"mods":["Arknights","BaseMod","Better Note","Better Skull","Better Third Choice","Colored Powertips","Curses Come First","DeckTracker","GungeonMod","Hermit","Infinite Spire","Minty Spire (QoL Compilation)","Quick Restart","Random Character Button","Rare Cards Sparkle","Relic Sorter","Reliquary","Robot Space Explorer","Shade Mod","Smile Girya","StSLib","The Poker Player","The Saiyan","The Servant 0.9.4","TheBandit","WarShipGirlsR/????R mod","Yuyuko"],"gold_per_floor":[119,119,119,133,18,18,18,34,60,77,77,95,24,37,37,133,133,153,166,166,166,166],"floor_reached":21,"language":"ENG","playtime":983,"items_purged":[],"score":171,"play_id":"c3f53593-1efd-4fd0-aee7-861faaeb7fd6","local_time":"20210204230452","is_ascension_mode":false,"campfire_choices":[{"data":"Shade:MadHubris","floor":7,"key":"SMITH"},{"data":"Shade:FreshBones","floor":15,"key":"SMITH"}],"circlet_count":0,"master_deck":["Shade:Defend_Shade","Shade:Defend_Shade","Shade:Defend_Shade","Shade:Defend_Shade","Shade:AnimateDead","Shade:CarefulCut+1","Shade:Trample","Shade:MadHubris+1","Shade:SkeletonArmy+1","Shade:CommandSoldier","Shade:CloudOfShrapnel","Shade:FreshBones+1","Shade:PressTheAttack","Shade:Patience","Shade:MadHubris","Shade:GraveStillness","Shade:ScuttlingHand+1"],"relics":["Shade:YorickSkull","NeowsBlessing","DemoMod:GnawedKey","infinitespire:Lucky Rock","Empty Cage"],"acts_visited":["Exordium","TheCity"],"potions_floor_usage":[],"damage_taken":[{"damage":0,"enemies":"Jaw Worm","floor":1,"turns":1},{"damage":0,"enemies":"2 Louse","floor":4,"turns":1},{"damage":0,"enemies":"Cultist","floor":8,"turns":1},{"damage":5,"enemies":"Large Slime","floor":10,"turns":3},{"damage":4,"enemies":"Red Slaver","floor":12,"turns":2},{"damage":0,"enemies":"Looter","floor":14,"turns":1},{"damage":14,"enemies":"The Guardian","floor":16,"turns":7},{"damage":16,"enemies":"Shell Parasite","floor":18,"turns":5},{"damage":33,"enemies":"2 Thieves","floor":19,"turns":4},{"damage":18,"enemies":"Snecko","floor":21,"turns":3}],"seed_played":"7304908043507195357","potions_obtained":[{"floor":1,"key":"FearPotion"},{"floor":8,"key":"GamblersBrew"},{"floor":10,"key":"EssenceOfSteel"},{"floor":11,"key":"Strength Potion"}],"is_trial":false,"path_per_floor":["M","?","?","M","$","?","R","M","T","M","?","M","$","M","R","B",null,"M","M","?","M"],"character_chosen":"SHADE","items_purchased":["DemoMod:GnawedKey","Shade:PressTheAttack"],"campfire_rested":0,"item_purchase_floors":[5,13],"current_hp_per_floor":[65,65,65,65,65,52,52,52,52,47,47,43,43,43,43,29,65,49,16,16,0,0],"gold":166,"neow_bonus":"THREE_ENEMY_KILL","is_daily":false,"chose_seed":false,"campfire_upgraded":2,"win_rate":0.0,"timestamp":1612505092,"path_taken":["M","?","?","?","$","?","R","M","T","M","?","M","$","?","R","BOSS","M","M","?","M"],"items_purchased_type":["Relic","Card"],"build_version":"2020-12-22","purchased_purges":0,"victory":false,"max_hp_per_floor":[65,65,65,65,65,65,65,65,65,65,65,65,65,65,65,65,65,65,65,65,65,65],"card_choices":[{"not_picked":["Shade:GreyBargain","Shade:ClawBack"],"picked":"Shade:Trample","floor":1},{"not_picked":["Shade:ScuttlingHand","Shade:AncientSpear"],"picked":"Shade:SkeletonArmy","floor":4},{"not_picked":["Shade:Patience","Shade:FuneraryJewels"],"picked":"Shade:CommandSoldier","floor":8},{"not_picked":["Shade:Premonition","Shade:BoneShards"],"picked":"Shade:CloudOfShrapnel","floor":10},{"not_picked":["Shade:LyeBath","Shade:Brains"],"picked":"Shade:FreshBones","floor":12},{"not_picked":["Shade:Asphyxiate","Shade:FingerOfDeath"],"picked":"Shade:Patience","floor":14},{"not_picked":["Shade:Tombstone","Shade:OfferingToTheBeyond"],"picked":"Shade:MadHubris","floor":16},{"not_picked":["Shade:Frenzy","Shade:AncientSpear+1"],"picked":"Shade:GraveStillness","floor":18},{"not_picked":["Shade:WallOfFlesh+1","Shade:CallOfTheGrave"],"picked":"Shade:ScuttlingHand+1","floor":19}],"player_experience":109134,"relics_obtained":[{"floor":9,"key":"infinitespire:Lucky Rock"}],"event_choices":[{"cards_removed":["Shade:Strike_Shade"],"damage_healed":0,"gold_gain":0,"player_choice":"Forget","damage_taken":0,"max_hp_gain":0,"max_hp_loss":0,"event_name":"Living Wall","floor":2,"gold_loss":0},{"damage_healed":0,"gold_gain":0,"cards_transformed":["Shade:Strike_Shade"],"player_choice":"Transformed","damage_taken":0,"max_hp_gain":0,"max_hp_loss":0,"event_name":"Transmorgrifier","floor":3,"gold_loss":0,"cards_obtained":["Shade:MadHubris"]},{"damage_healed":65,"gold_gain":0,"player_choice":"Upgrade","damage_taken":13,"max_hp_gain":0,"max_hp_loss":65,"event_name":"betterThird:BetterShining","floor":6,"gold_loss":0,"cards_upgraded":["Shade:CarefulCut","Shade:SkeletonArmy"]},{"damage_healed":0,"gold_gain":0,"player_choice":"Got Potions","damage_taken":0,"max_hp_gain":0,"max_hp_loss":0,"event_name":"Lab","floor":11,"gold_loss":0},{"cards_removed":["Shade:Patience"],"damage_healed":0,"gold_gain":0,"player_choice":"Give","damage_taken":0,"max_hp_gain":0,"max_hp_loss":0,"event_name":"betterNote:BetterNote","floor":20,"gold_loss":0,"cards_obtained":["Brutality"]}],"is_beta":false,"boss_relics":[{"not_picked":["reliquary:Ember","Runic Pyramid"],"picked":"Empty Cage"}],"items_purged_floors":[],"is_endless":false,"potions_floor_spawned":[1,8,10,14,19],"killed_by":"Snecko","ascension_level":0}}