{"host":"8a72fthmlk1o8pdb","time":1612553618,"event":{"mods":["AchievementEnabler","Aspiration","Astrologer","Bard","BaseMod","Beaked The Cultist","Better Sensory Stone","Better Skull","Better Third Choice","ChefMod","Colored Map","Colored Powertips","Dark Map","Downfall","Friendly Minions","GifTheSpireLib","Googly Eyes","Gremlin Mod","Hermit","Hubris","JesterMod","Jorbs\u0027s Wanderer Trilogy","Marisa????????","Minty Spire (QoL Compilation)","Permanent Neow","Random Character Button","Rare Cards Sparkle","Relic Stats","Reliquary","Robot Space Explorer","Shade Mod","Shop Mod","Somnambulant","StSLib","The Alterego","The Animator","The Blue Laboratory","The Construct","The Cursed","The Disciple","The Hayseed","The Hierophant","The Jungle","The Marked","The Mystic","The Necromancer","The Poker Player","The Problem Sleuth","The Runesmith","thorton"],"gold_per_floor":[118,118,134,32,32,32,61,36,36,52,40,50,50,12,12,116,116,130,130,30,47,47,60,60,76,101,128,140,157,157,185,185,281,281,293,310,320,320,126,126,154,172,197,222,234,246,258,284,296,308],"floor_reached":51,"language":"ENG","playtime":3964,"items_purged":["hubris:Wrath","Strike_G","downfall:Bewildered"],"score":769,"play_id":"561118d7-9487-4c3e-bcfb-b124d190281a","local_time":"20210205113338","is_ascension_mode":false,"campfire_choices":[{"data":"Leg Sweep","floor":6,"key":"SMITH"},{"floor":13,"key":"REST"},{"data":"Infinite Blades","floor":15,"key":"SMITH"},{"floor":24,"key":"REST"},{"floor":30,"key":"REST"},{"floor":32,"key":"REST"},{"floor":40,"key":"DIG"},{"floor":45,"key":"REST"},{"floor":49,"key":"REST"}],"circlet_count":0,"master_deck":["Strike_G","Strike_G","Strike_G","Strike_G","Defend_G","Defend_G","Defend_G","Defend_G","Defend_G","Survivor","Neutralize","Leg Sweep+1","Adrenaline","PiercingWail","Dodge and Roll","Quick Slash","PiercingWail","Infinite Blades+1","Acrobatics","Corpse Explosion","Backflip","Blade Dance","Backflip","PiercingWail","Clumsy","Dagger Spray","Dash","Acrobatics","Burst","After Image","PiercingWail+1","Blade Dance","Deflect+1","Well Laid Plans+1","Blade Dance+1","Parasite","Dash","hubris:Gluttony","animator:Curse_Nutcracker","Caltrops"],"relics":["Ring of the Serpent","aspiration:DSix","downfall:ExtraCursedKey","Bottled Lightning","Empty Cage","Shovel","hubris:Icosahedron","Mercury Hourglass","TheSimpletonMod:GardenGlove","reliquary:Firecrackers","reliquary:RadioactivePellet","reliquary:RosewoodLute","MawBank","Happy Flower"],"acts_visited":["Exordium","theJungle:Jungle","TheBeyond"],"potions_floor_usage":[12,16,25,31,33,42,50,50,50],"damage_taken":[{"damage":5,"enemies":"Small Slimes","floor":1,"turns":5},{"damage":0,"enemies":"2 Louse","floor":3,"turns":4},{"damage":28,"enemies":"Lagavulin","floor":7,"turns":17},{"damage":0,"enemies":"Jaw Worm","floor":10,"turns":4},{"damage":0,"enemies":"Exordium Thugs","floor":11,"turns":4},{"damage":8,"enemies":"Large Slime","floor":12,"turns":8},{"damage":16,"enemies":"The Guardian","floor":16,"turns":14},{"damage":0,"enemies":"theJungle:MUSHROOMGANG","floor":18,"turns":4},{"damage":26,"enemies":"theJungle:GiantWrat","floor":21,"turns":9},{"damage":11,"enemies":"theJungle:Snecko_Cultist_And_Trap","floor":23,"turns":6},{"damage":11,"enemies":"theJungle:JungleHuntersEncounter","floor":25,"turns":6},{"damage":0,"enemies":"theJungle:2_Phrogs","floor":27,"turns":6},{"damage":0,"enemies":"theJungle:2_Snecko_Cultists","floor":28,"turns":3},{"damage":3,"enemies":"theJungle:SlimyTreeVines","floor":29,"turns":7},{"damage":44,"enemies":"theJungle:MamaSnecko","floor":31,"turns":9},{"damage":30,"enemies":"theJungle:TotemBoss","floor":33,"turns":8},{"damage":27,"enemies":"3 Darklings","floor":35,"turns":3},{"damage":7,"enemies":"3 Shapes","floor":36,"turns":2},{"damage":0,"enemies":"3 Darklings","floor":37,"turns":3},{"damage":24,"enemies":"Nemesis","floor":41,"turns":10},{"damage":0,"enemies":"Writhing Mass","floor":42,"turns":9},{"damage":9,"enemies":"4 Shapes","floor":44,"turns":3},{"damage":0,"enemies":"3 Darklings","floor":48,"turns":3},{"damage":39,"enemies":"hubris:GrandSnecko","floor":50,"turns":14}],"seed_played":"3438525327091077664","potions_obtained":[{"floor":7,"key":"blueLaboratory:BlinkPotion"},{"floor":12,"key":"CultistPotion"},{"floor":18,"key":"Strength Potion"},{"floor":23,"key":"DuplicationPotion"},{"floor":27,"key":"LiquidBronze"},{"floor":29,"key":"blueLaboratory:BottleOfRum"},{"floor":36,"key":"blueLaboratory:EnvenomedCoating"},{"floor":42,"key":"Fruit Juice"},{"floor":44,"key":"Weak Potion"},{"floor":48,"key":"LiquidBronze"}],"is_trial":false,"path_per_floor":["M","?","M","$","?","R","E","$","T","M","M","M","R","?","R","B",null,"M","?","$","M","?","M","R","M","T","E","M","M","R","E","R","B",null,"M","M","M","?","$","R","E","M","T","M","R","?","?","M","R","B",null],"character_chosen":"THE_SILENT","items_purchased":["Dodge and Roll","PiercingWail","Well Laid Plans"],"campfire_rested":6,"item_purchase_floors":[4,8,39],"current_hp_per_floor":[65,65,65,65,65,65,37,37,37,37,37,29,50,50,50,34,70,70,60,60,34,34,23,44,33,33,33,33,36,57,13,34,4,70,43,36,36,36,36,36,12,17,17,8,29,29,29,29,50,11],"gold":320,"neow_bonus":"DSIX","is_daily":false,"chose_seed":false,"campfire_upgraded":2,"win_rate":0.0,"timestamp":1612553618,"path_taken":["M","?","M","$","?","R","E","$","T","M","M","M","R","?","R","BOSS","M","?","$","M","?","?","R","M","T","E","M","M","R","E","R","BOSS","M","M","M","?","$","R","E","M","T","M","R","?","?","?","R","BOSS"],"items_purchased_type":["Card","Card","Card"],"build_version":"2020-12-22","purchased_purges":3,"victory":true,"max_hp_per_floor":[70,70,70,70,70,70,70,70,70,70,70,70,70,70,70,70,70,70,70,70,70,70,70,70,70,70,70,70,70,70,70,70,70,70,70,70,70,66,66,66,66,71,71,71,71,71,71,71,71,71],"relic_stats":{"Shovel":1,"Happy Flower":[5],"counters":[24,160],"MawBank":96,"obtain_stats":[{"Happy Flower":47,"reliquary:Firecrackers":31,"reliquary:RosewoodLute":41,"Empty Cage":17,"MawBank":43,"Mercury Hourglass":26,"Shovel":19,"hubris:Icosahedron":22,"downfall:ExtraCursedKey":2,"Bottled Lightning":7,"reliquary:RadioactivePellet":40,"aspiration:DSix":0,"TheSimpletonMod:GardenGlove":27,"Ring of the Serpent":34,"Ring of the Snake":0},{"Happy Flower":22,"reliquary:Firecrackers":15,"reliquary:RosewoodLute":20,"Empty Cage":7,"MawBank":21,"Mercury Hourglass":11,"Shovel":8,"hubris:Icosahedron":9,"downfall:ExtraCursedKey":1,"Bottled Lightning":3,"reliquary:RadioactivePellet":19,"aspiration:DSix":0,"TheSimpletonMod:GardenGlove":12,"Ring of the Serpent":16,"Ring of the Snake":0},{"Happy Flower":143,"reliquary:Firecrackers":106,"reliquary:RosewoodLute":131,"Empty Cage":56,"MawBank":140,"Mercury Hourglass":81,"Shovel":60,"hubris:Icosahedron":69,"downfall:ExtraCursedKey":5,"Bottled Lightning":26,"reliquary:RadioactivePellet":122,"aspiration:DSix":0,"TheSimpletonMod:GardenGlove":87,"Ring of the Serpent":114,"Ring of the Snake":0}],"Mercury Hourglass":[379]},"card_choices":[{"not_picked":["Dagger Throw","Dodge and Roll"],"picked":"Leg Sweep","floor":1},{"not_picked":["Infinite Blades","hubris:Sniper"],"picked":"PiercingWail","floor":3},{"not_picked":["Eviscerate","Slice"],"picked":"Quick Slash","floor":7},{"not_picked":["Choke","Eviscerate"],"picked":"Infinite Blades","floor":10},{"not_picked":["Flying Knee","Poisoned Stab","Distraction"],"picked":"SKIP","floor":11},{"not_picked":["Slice","Skewer"],"picked":"Acrobatics","floor":12},{"not_picked":["Bullet Time","Envenom"],"picked":"Corpse Explosion","floor":16},{"not_picked":["Slice","Choke+1"],"picked":"Backflip","floor":18},{"not_picked":["Masterful Stab","Poisoned Stab"],"picked":"Blade Dance","floor":21},{"not_picked":["Poisoned Stab+1","Slice"],"picked":"Backflip","floor":23},{"not_picked":["Acrobatics","Flying Knee+1"],"picked":"PiercingWail","floor":25},{"not_picked":["Quick Slash","Bouncing Flask"],"picked":"Dagger Spray","floor":27},{"not_picked":["Dodge and Roll","Dagger Spray"],"picked":"Dash","floor":28},{"not_picked":["Quick Slash+1","Deadly Poison"],"picked":"Acrobatics","floor":29},{"not_picked":["Underhanded Strike","Sucker Punch"],"picked":"Burst","floor":31},{"not_picked":["Adrenaline","Glass Knife"],"picked":"After Image","floor":33},{"not_picked":["Prepared","hubris:SlightOfHand"],"picked":"PiercingWail+1","floor":35},{"not_picked":["Dagger Throw+1","Underhanded Strike"],"picked":"Blade Dance","floor":36},{"not_picked":["Reflex+1","Prepared+1"],"picked":"Deflect+1","floor":37},{"not_picked":["Doppelganger","Riddle With Holes"],"picked":"Blade Dance+1","floor":41},{"not_picked":["Deadly Poison","Deflect+1"],"picked":"Dash","floor":42},{"not_picked":["Sucker Punch+1","Dagger Spray","Poisoned Stab+1"],"picked":"SKIP","floor":44},{"not_picked":["Predator+1","Choke"],"picked":"Caltrops","floor":48}],"player_experience":172518,"relics_obtained":[{"floor":7,"key":"Bottled Lightning"},{"floor":26,"key":"Mercury Hourglass"},{"floor":27,"key":"TheSimpletonMod:GardenGlove"},{"floor":31,"key":"reliquary:Firecrackers"},{"floor":40,"key":"reliquary:RadioactivePellet"},{"floor":41,"key":"reliquary:RosewoodLute"},{"floor":43,"key":"MawBank"}],"event_choices":[{"damage_healed":0,"gold_gain":0,"player_choice":"Left","damage_taken":0,"max_hp_gain":0,"max_hp_loss":0,"event_name":"betterThird:BetterGoop","floor":14,"gold_loss":38},{"damage_healed":0,"gold_gain":0,"player_choice":"Max HP","damage_taken":0,"max_hp_gain":0,"max_hp_loss":4,"event_name":"Winding Halls","floor":38,"gold_loss":0},{"damage_healed":0,"gold_gain":0,"player_choice":"Gave Potion","damage_taken":0,"relics_obtained":["Happy Flower"],"max_hp_gain":0,"max_hp_loss":0,"event_name":"WeMeetAgain","floor":47,"gold_loss":0}],"is_beta":false,"boss_relics":[{"not_picked":["Calling Bell","Ectoplasm"],"picked":"Empty Cage"},{"not_picked":["Coffee Dripper","Philosopher\u0027s Stone"],"picked":"Ring of the Serpent"}],"items_purged_floors":[4,20,39],"is_endless":false,"potions_floor_spawned":[7,12,18,23,27,29,36,42,44,48],"ascension_level":0}}