{"host":"rdkn868dy8jmb7gs","time":1612535684,"event":{"mods":["Act Like it!","Arknights","BaseMod","BetterRewards","Colored Map","Colored Powertips","Custom Start","Decade(Õı–°√˜)","DeckTracker","Gensokyo","Marisa£®ÏF”Í°°ƒß¿Ì…≥£©","Minty Spire (QoL Compilation)","Reimu£®≤©¿ˆ¡È√Œ£©","Remilia£®¿Ÿ√◊¿Ú—«£©","Replay The Spire","Spicy Shops","StSLib","The Servant 0.9.4","Youmu£®ªÍ∆«—˝√Œ£©","[IsaacMod]“‘»ˆº‚À˛","ÛÙª÷∏ƒœ"],"gold_per_floor":[118,132,92,108,122,122,180,212,239,239,239,264,264,284,284,381,381,393,405,405,422,50,50,61,86,111,129,129,129,145,156,156,253,253,266,266,327,0,0,0,18,18,18,18,18,122,155,205,205,205],"floor_reached":51,"language":"ZHS","playtime":2659,"items_purged":["ats:Strike C","ats:Leaping Hammer"],"score":753,"play_id":"5834ed60-089c-4614-9819-3e744a8c3a1e","local_time":"20210205223444","is_ascension_mode":false,"campfire_choices":[{"data":"ats:Sword Rain","floor":6.0,"key":"SMITH"},{"data":"ats:Overload","floor":10.0,"key":"SMITH"},{"data":"ats:Rapid Magazine","floor":15.0,"key":"SMITH"},{"data":"ats:True Silver Slash","floor":23.0,"key":"SMITH"},{"floor":29.0,"key":"REST"},{"floor":32.0,"key":"REST"},{"data":"ats:Roar Of Ursus","floor":40.0,"key":"SMITH"},{"floor":42.0,"key":"REST"},{"floor":44.0,"key":"REST"},{"data":"ats:Shell Defense","floor":49,"key":"SMITH"}],"circlet_count":0,"master_deck":["ats:Armor Crushing Shot+1","ats:Defend","ats:Defend","ats:Defend","ats:Defend","ats:Emotion Absorption","ats:Hammer On","ats:Literary Storm","ats:Curse Doll+1","ats:Sword Rain+1","ats:Overload+1","ats:Shell Defense+1","ats:Dogmatic Field+1","ats:Rapid Magazine+1","ats:True Silver Slash+1","ats:Support Order","ats:Closed Bolt Burst Fire","ats:Song Of Battle+1","ats:Roar Of Ursus+1","ats:Cat Scratch+1","ats:Sword Rain","ats:LN2 Cannon+1","ats:Apocalypse","ats:Echo Reverb","ats:Sashimi Platter","ats:Soul Absorption+1","ats:Revitalization","ats:Demon Strength+1"],"relics":["ats:Sanity","HushsDoor","NeowsBlessing","BookofShadows","PaintedHorse:ReiMu","Blood Vial","ats:Originium","SharpPlug","ReplayTheSpireMod:TigerMarble","ReplayTheSpireMod:Lightbulb","Runic Pyramid","Strawberry","Pen Nib","HowToJump","Gremlin Food","Busted Crown","Ginger","ats:Ability Aura","Replay:Bottled Steam","Akabeko","Gambling Chip","CaptainsWheel"],"acts_visited":["Exordium","TheCity","TheBeyond"],"potions_floor_usage":[47,50],"damage_taken":[{"damage":0.0,"enemies":"Jaw Worm","floor":1.0,"turns":1.0},{"damage":0.0,"enemies":"Small Slimes","floor":2.0,"turns":1.0},{"damage":0.0,"enemies":"Cultist","floor":4.0,"turns":1.0},{"damage":8.0,"enemies":"Large Slime","floor":5.0,"turns":5.0},{"damage":16.0,"enemies":"Gremlin Nob","floor":7.0,"turns":5.0},{"damage":16.0,"enemies":"3 Sentries","floor":8.0,"turns":6.0},{"damage":12.0,"enemies":"Replay:BlueRogue","floor":12.0,"turns":4.0},{"damage":3.0,"enemies":"2 Fungi Beasts","floor":14.0,"turns":4.0},{"damage":35.0,"enemies":"Hexaghost","floor":16.0,"turns":11.0},{"damage":0.0,"enemies":"Spheric Guardian","floor":18.0,"turns":3.0},{"damage":25.0,"enemies":"2 Thieves","floor":19.0,"turns":3.0},{"damage":10.0,"enemies":"Chosen and Byrds","floor":21.0,"turns":4.0},{"damage":2.0,"enemies":"Snake Plant","floor":24.0,"turns":5.0},{"damage":30.0,"enemies":"Gremlin Leader","floor":25.0,"turns":5.0},{"damage":19.0,"enemies":"Shelled Parasite and Fungi","floor":27.0,"turns":3.0},{"damage":10.0,"enemies":"Chosen and Byrds","floor":30.0,"turns":3.0},{"damage":1.0,"enemies":"Cultist and Chosen","floor":31.0,"turns":3.0},{"damage":63.0,"enemies":"Automaton","floor":33.0,"turns":9.0},{"damage":17.0,"enemies":"3 Shapes","floor":35.0,"turns":3.0},{"damage":11.0,"enemies":"Orb Walker","floor":41.0,"turns":3.0},{"damage":3,"enemies":"Reptomancer","floor":47,"turns":3},{"damage":0,"enemies":"Mind Bloom Boss Battle","floor":48,"turns":4},{"damage":70,"enemies":"Awakened One","floor":50,"turns":9}],"seed_played":"-8265666298838069821","potions_obtained":[{"floor":1.0,"key":"Elixir"},{"floor":4.0,"key":"Energy Potion"},{"floor":12.0,"key":"PowerPotion"},{"floor":16.0,"key":"Explosive Potion"},{"floor":24.0,"key":"ats:Emergency Sanity Potion"},{"floor":25.0,"key":"Doom Potion"},{"floor":27.0,"key":"PowerPotion"},{"floor":30.0,"key":"FearPotion"},{"floor":41.0,"key":"Adrenaline Potion"},{"floor":48,"key":"FairyPotion"}],"is_trial":false,"path_per_floor":["M","M","?","M","M","R","?","E","T","R","?","E","?","M","R","B",null,"M","M","?","M","$","R","M","E","T","M","?","R","M","M","R","B",null,"M","?","?","$","T","R","M","R","T","R","$","?","E","?","R","B",null],"character_chosen":"DOCTOR_CLASS","items_purchased":["Strawberry","Pen Nib","Ginger","ats:Ability Aura"],"campfire_rested":4,"item_purchase_floors":[22,22,38,38],"current_hp_per_floor":[72,72,72,72,64,64,48,34,34,34,34,24,17,21,21,6,72,72,47,47,39,46,46,46,24,24,7,7,30,22,27,50,4,79,66,66,51,51,51,51,44,67,67,79,79,60,65,79,79,35],"gold":205,"neow_bonus":"THREE_ENEMY_KILL","is_daily":false,"chose_seed":false,"campfire_upgraded":6,"win_rate":0.0,"timestamp":1612535684,"path_taken":["M","M","?","?","M","R","?","E","T","R","?","E","?","?","R","BOSS","M","?","?","M","$","R","M","E","T","?","?","R","M","M","R","BOSS","M","?","?","$","?","R","?","R","T","R","$","?","E","?","R","BOSS"],"items_purchased_type":["Relic","Relic","Relic","Relic"],"build_version":"2020-12-22","purchased_purges":2,"victory":true,"max_hp_per_floor":[72,72,72,72,72,72,72,72,72,72,72,72,72,72,72,72,72,72,72,72,72,79,79,79,79,79,79,79,79,79,79,79,79,79,79,79,79,79,79,79,79,79,79,79,79,79,79,79,79,79],"card_choices":[{"not_picked":["ats:Poison Spread","ats:Blood Oath"],"picked":"ats:Hammer On","floor":1.0},{"not_picked":["ats:Revitalization","ats:Poison Spread"],"picked":"ats:Literary Storm","floor":2.0},{"not_picked":["ats:Soul Absorption","ats:Blood Oath"],"picked":"ats:Curse Doll","floor":4.0},{"not_picked":["ats:Literary Storm","ats:Shell Defense"],"picked":"ats:Sword Rain","floor":5.0},{"not_picked":["ats:Assault Order","ats:Very Hot Blade"],"picked":"ats:Overload","floor":7.0},{"not_picked":["ats:Absolute Focus","ats:Explosion Area Strengthen"],"picked":"ats:Shell Defense","floor":8.0},{"not_picked":["ats:Blood Oath","ats:Explosion Area Strengthen"],"picked":"ats:Dogmatic Field","floor":12.0},{"not_picked":["ats:Very Hot Blade","ats:Absolute Focus"],"picked":"ats:Rapid Magazine","floor":14.0},{"not_picked":["ats:Roar Of Ursus","ats:Durian"],"picked":"ats:True Silver Slash","floor":16.0},{"not_picked":["ats:Poison Spread","ats:Very Hot Blade+1"],"picked":"ats:Leaping Hammer","floor":18.0},{"not_picked":["ats:Absolute Focus+1","ats:Encircling Forest"],"picked":"ats:Support Order","floor":19.0},{"not_picked":["ats:Literary Storm+1","ats:Absolute Focus"],"picked":"ats:Closed Bolt Burst Fire","floor":21.0},{"not_picked":["ats:Closed Bolt Burst Fire","ats:Thorns"],"picked":"ats:Song Of Battle+1","floor":24.0},{"not_picked":["ats:Explosion Area Strengthen","ats:Assault Order"],"picked":"ats:Roar Of Ursus","floor":25.0},{"not_picked":["ats:Leaping Hammer","ats:Collapsing Strike"],"picked":"ats:Cat Scratch+1","floor":27.0},{"not_picked":["ats:Support Order+1","ats:Guard Mode"],"picked":"ats:Apocalypse","floor":30.0},{"not_picked":["ats:Blood Oath","ats:Overload+1","ats:Very Hot Blade+1"],"picked":"SKIP","floor":31.0},{"not_picked":["ats:Volcano","ats:Ambush"],"picked":"ats:Echo Reverb","floor":33.0},{"not_picked":[],"picked":"ats:Sashimi Platter","floor":35.0},{"not_picked":["ats:Curse Doll"],"picked":"SKIP","floor":41.0},{"not_picked":[],"picked":"ats:Soul Absorption+1","floor":46},{"not_picked":[],"picked":"ats:Revitalization","floor":46},{"not_picked":[],"picked":"ats:Demon Strength+1","floor":47}],"player_experience":438628,"relics_obtained":[{"floor":7.0,"key":"Blood Vial"},{"floor":8.0,"key":"ats:Originium"},{"floor":8.0,"key":"SharpPlug"},{"floor":9.0,"key":"ReplayTheSpireMod:TigerMarble"},{"floor":12.0,"key":"ats:Originium"},{"floor":12.0,"key":"ReplayTheSpireMod:Lightbulb"},{"floor":25.0,"key":"ats:Originium"},{"floor":25.0,"key":"HowToJump"},{"floor":26.0,"key":"Gremlin Food"},{"floor":39.0,"key":"Replay:Bottled Steam"},{"floor":43.0,"key":"Akabeko"},{"floor":47,"key":"ats:Originium"},{"floor":47,"key":"Gambling Chip"},{"floor":48,"key":"CaptainsWheel"}],"event_choices":[{"damage_healed":0.0,"max_hp_gain":0.0,"max_hp_loss":0.0,"gold_gain":0.0,"event_name":"yidonshenshe","player_choice":"»˚«Æ","floor":3.0,"gold_loss":40.0,"damage_taken":0.0,"relics_obtained":["PaintedHorse:ReiMu"]},{"damage_healed":0.0,"max_hp_gain":0.0,"max_hp_loss":0.0,"gold_gain":0.0,"event_name":"Dead Adventurer","player_choice":"Searched \u00271\u0027 times","floor":7.0,"gold_loss":0.0,"damage_taken":0.0},{"damage_healed":0.0,"max_hp_gain":0.0,"max_hp_loss":0.0,"gold_gain":0.0,"event_name":"Liars Game","player_choice":"Ignored","floor":11.0,"gold_loss":0.0,"damage_taken":0.0},{"cards_removed":["ats:Strike S"],"damage_healed":0.0,"max_hp_gain":0.0,"max_hp_loss":0.0,"gold_gain":0.0,"event_name":"Golden Wing","player_choice":"Card Removal","floor":13.0,"gold_loss":0.0,"damage_taken":7.0},{"damage_healed":0.0,"max_hp_gain":0.0,"max_hp_loss":0.0,"gold_gain":0.0,"cards_transformed":["ats:Strike V","ats:Strike G"],"event_name":"Drug Dealer","player_choice":"Became Test Subject","floor":28.0,"gold_loss":0.0,"damage_taken":0.0,"cards_obtained":["ats:Sword Rain","ats:LN2 Cannon"]},{"damage_healed":0.0,"max_hp_gain":0.0,"max_hp_loss":0.0,"gold_gain":0.0,"event_name":"Tomb of Lord Red Mask","player_choice":"Ignored","floor":36.0,"gold_loss":0.0,"damage_taken":0.0},{"damage_healed":0,"gold_gain":0,"player_choice":"Fight","damage_taken":0,"max_hp_gain":0,"max_hp_loss":0,"event_name":"MindBloom","floor":48,"gold_loss":0}],"is_beta":false,"boss_relics":[{"not_picked":["Replay:Wanted Poster","Honey Jar"],"picked":"Runic Pyramid"},{"not_picked":[]},{"not_picked":["Kintsugi","Replay:Bronze Core"],"picked":"Busted Crown"},{"not_picked":[]}],"items_purged_floors":[22,38],"is_endless":false,"potions_floor_spawned":[1,4,12,16,24,25,27,30,41,48],"ascension_level":0}}