{"host":"zsnmfqgcm92hlreo","time":1612567523,"event":{"mods":["AchievementEnabler","BaseMod","Bestiary","Block Reminder","Colored Map","Colored Powertips","Minty Spire (QoL Compilation)","Permanent Neow","Quick Restart","Relic Stats","StSLib","Weighted Paths"],"gold_per_floor":[359,359,370,389,75,102,102,115,115,115,145,165,182,207,207,281,281,293,293,121,121,141,141,156,156,156,182,182,196,196,207,207,280,280,295,311,331,331,346,346,381,381,408,408,421,81,107,123,123,123,123],"floor_reached":50,"language":"ENG","playtime":1883,"items_purged":["Regret","Parasite"],"score":1173,"play_id":"1f4fcc71-cc6e-4855-be3c-559350d8673c","local_time":"20210205172523","is_ascension_mode":true,"campfire_choices":[{"floor":7.0,"key":"REST"},{"floor":10.0,"key":"REST"},{"data":"Fasting2","floor":15.0,"key":"SMITH"},{"floor":23.0,"key":"REST"},{"floor":25.0,"key":"REST"},{"data":"SpiritShield","floor":28.0,"key":"SMITH"},{"data":"Eruption","floor":30.0,"key":"SMITH"},{"data":"Fasting2","floor":32.0,"key":"SMITH"},{"data":"Scrawl","floor":40.0,"key":"SMITH"},{"floor":42.0,"key":"REST"},{"floor":49.0,"key":"RECALL"}],"circlet_count":0,"master_deck":["AscendersBane","Defend_P","Defend_P","Defend_P","Defend_P","Eruption+1","Vigilance","Consecrate+1","CutThroughFate","Wallop","Fasting2+1","Establishment","CutThroughFate","Consecrate","FlurryOfBlows","DevaForm","SpiritShield+1","Tantrum+1","Bite+1","Bite","Bite","Bite","Bite","FlurryOfBlows","Parasite","Fasting2+1","Scrawl+1","CutThroughFate","Protect","Tantrum+1","Fasting2","Meditate"],"relics":["HolyWater","Bag of Marbles","Vajra","Bottled Flame","Potion Belt","Dead Branch","Oddly Smooth Stone","Cursed Key","OrangePellets","Enchiridion","Whetstone","FossilizedHelix","Lantern","Blood Vial"],"acts_visited":["Exordium","TheCity","TheBeyond"],"potions_floor_usage":[],"damage_taken":[{"damage":4.0,"enemies":"Jaw Worm","floor":1.0,"turns":4.0},{"damage":0.0,"enemies":"Small Slimes","floor":3.0,"turns":2.0},{"damage":0.0,"enemies":"2 Louse","floor":4.0,"turns":1.0},{"damage":36.0,"enemies":"Lagavulin","floor":6.0,"turns":8.0},{"damage":0.0,"enemies":"Lots of Slimes","floor":8.0,"turns":1.0},{"damage":16.0,"enemies":"Gremlin Nob","floor":11.0,"turns":3.0},{"damage":0.0,"enemies":"3 Louse","floor":12.0,"turns":1.0},{"damage":0.0,"enemies":"Large Slime","floor":13.0,"turns":3.0},{"damage":0.0,"enemies":"Lagavulin","floor":14.0,"turns":4.0},{"damage":24.0,"enemies":"Hexaghost","floor":16.0,"turns":8.0},{"damage":25.0,"enemies":"Shell Parasite","floor":18.0,"turns":6.0},{"damage":0.0,"enemies":"3 Byrds","floor":22.0,"turns":2.0},{"damage":0.0,"enemies":"Sentry and Sphere","floor":24.0,"turns":3.0},{"damage":7.0,"enemies":"3 Cultists","floor":29.0,"turns":4.0},{"damage":5.0,"enemies":"Snake Plant","floor":31.0,"turns":2.0},{"damage":33.0,"enemies":"Automaton","floor":33.0,"turns":8.0},{"damage":12.0,"enemies":"3 Darklings","floor":35.0,"turns":3.0},{"damage":0.0,"enemies":"Orb Walker","floor":36.0,"turns":2.0},{"damage":5.0,"enemies":"3 Darklings","floor":37.0,"turns":2.0},{"damage":0.0,"enemies":"Transient","floor":39.0,"turns":6.0},{"damage":26.0,"enemies":"Giant Head","floor":41.0,"turns":4.0},{"damage":0.0,"enemies":"Writhing Mass","floor":45.0,"turns":3.0},{"damage":0.0,"enemies":"Nemesis","floor":47.0,"turns":1.0},{"damage":0.0,"enemies":"Sphere and 2 Shapes","floor":48.0,"turns":1.0},{"damage":46,"enemies":"Awakened One","floor":50,"turns":5}],"seed_played":"5671446700989917106","potions_obtained":[{"floor":3.0,"key":"Ambrosia"},{"floor":6.0,"key":"ColorlessPotion"},{"floor":12.0,"key":"SteroidPotion"},{"floor":14.0,"key":"Strength Potion"},{"floor":18.0,"key":"SpeedPotion"},{"floor":36.0,"key":"LiquidBronze"},{"floor":39.0,"key":"AttackPotion"},{"floor":47.0,"key":"Ambrosia"},{"floor":48.0,"key":"Ancient Potion"}],"is_trial":false,"path_per_floor":["M","?","M","M","$","E","R","M","T","R","E","M","M","E","R","B",null,"M","?","$","?","M","R","M","R","T","T","R","M","R","M","R","B",null,"M","M","M","?","M","R","E","R","T","?","M","$","E","M","R","B"],"character_chosen":"WATCHER","items_purchased":["Fasting2","Vajra","OrangePellets","Fasting2","Lantern"],"campfire_rested":5,"item_purchase_floors":[5,5,20,46,46],"current_hp_per_floor":[39,39,39,39,39,3,23,23,23,43,27,27,27,27,27,3,52,27,27,27,6,8,22,26,40,40,40,40,42,42,39,39,18,40,33,37,38,38,47,47,25,39,39,39,47,44,44,44,44,0,0],"gold":123,"neow_bonus":"TWO_FIFTY_GOLD","is_daily":false,"chose_seed":false,"campfire_upgraded":5,"win_rate":0.0,"timestamp":1612567523,"path_taken":["M","?","M","M","$","E","R","M","T","R","E","M","M","E","R","BOSS","M","?","$","?","M","R","M","R","T","?","R","M","R","M","R","BOSS","M","M","M","?","M","R","E","R","T","?","?","$","E","M","R","BOSS"],"items_purchased_type":["Card","Relic","Relic","Card","Relic"],"build_version":"2020-12-22","purchased_purges":2,"victory":false,"max_hp_per_floor":[68,68,68,68,68,68,68,68,68,68,68,68,68,68,68,68,68,68,47,47,47,47,47,47,47,47,47,47,47,47,47,47,47,47,47,47,47,47,47,47,47,47,47,47,47,44,44,44,44,44,44],"relic_stats":{"Blood Vial":0,"OrangePellets":[14],"counters":[25,87],"Dead Branch":[58],"Whetstone":["Consecrate","Bite"],"Cursed Key":2,"obtain_stats":[{"Potion Belt":9,"Lantern":46,"Dead Branch":11,"Vajra":5,"Oddly Smooth Stone":14,"Enchiridion":21,"Whetstone":27,"Cursed Key":17,"Blood Vial":47,"OrangePellets":20,"Bottled Flame":6,"HolyWater":34,"Bag of Marbles":2,"PureWater":0,"FossilizedHelix":41},{"Potion Belt":5,"Lantern":22,"Dead Branch":6,"Vajra":3,"Oddly Smooth Stone":9,"Enchiridion":11,"Whetstone":13,"Cursed Key":10,"Blood Vial":23,"OrangePellets":11,"Bottled Flame":4,"HolyWater":16,"Bag of Marbles":1,"PureWater":0,"FossilizedHelix":21},{"Potion Belt":16,"Lantern":80,"Dead Branch":19,"Vajra":7,"Oddly Smooth Stone":27,"Enchiridion":41,"Whetstone":46,"Cursed Key":35,"Blood Vial":81,"OrangePellets":41,"Bottled Flame":15,"HolyWater":60,"Bag of Marbles":4,"PureWater":0,"FossilizedHelix":77}]},"card_choices":[{"not_picked":["FollowUp","ClearTheMind"],"picked":"Consecrate","floor":1.0},{"not_picked":["Crescendo","Consecrate"],"picked":"CutThroughFate","floor":3.0},{"not_picked":["CrushJoints","PathToVictory"],"picked":"Wallop","floor":4.0},{"not_picked":["Establishment","Sanctity","FollowUp"],"picked":"SKIP","floor":6.0},{"not_picked":["Sanctity","FollowUp"],"picked":"Establishment","floor":6.0},{"not_picked":["Consecrate","Perseverance"],"picked":"CutThroughFate","floor":8.0},{"not_picked":["SashWhip","FlyingSleeves"],"picked":"Consecrate","floor":11.0},{"not_picked":["CrushJoints","DeceiveReality"],"picked":"BowlingBash","floor":12.0},{"not_picked":["BowlingBash","EmptyBody"],"picked":"FlurryOfBlows","floor":13.0},{"not_picked":["Study","Fasting2"],"picked":"DevaForm","floor":14.0},{"not_picked":["DevaForm","DeusExMachina"],"picked":"SpiritShield","floor":16.0},{"not_picked":["Consecrate","TalkToTheHand"],"picked":"Tantrum+1","floor":18.0},{"not_picked":["WaveOfTheHand","JustLucky","ForeignInfluence"],"picked":"SKIP","floor":22.0},{"not_picked":["SandsOfTime","LikeWater"],"picked":"FlurryOfBlows","floor":24.0},{"not_picked":["Indignation","ForeignInfluence","Swivel"],"picked":"SKIP","floor":29.0},{"not_picked":["Evaluate","Swivel"],"picked":"Fasting2","floor":31.0},{"not_picked":["Brilliance","Alpha"],"picked":"Scrawl","floor":33.0},{"not_picked":["Halt","FlurryOfBlows","BowlingBash"],"picked":"SKIP","floor":35.0},{"not_picked":["ReachHeaven","Crescendo"],"picked":"CutThroughFate","floor":36.0},{"not_picked":["ThirdEye","Sanctity","EmptyMind"],"picked":"SKIP","floor":37.0},{"not_picked":["EmptyMind","Evaluate"],"picked":"Protect","floor":39.0},{"not_picked":["Meditate","FollowUp","Worship"],"picked":"SKIP","floor":41.0},{"not_picked":["DevaForm","Prostrate+1"],"picked":"Tantrum+1","floor":45.0},{"not_picked":["SandsOfTime","Weave"],"picked":"Meditate","floor":47.0},{"not_picked":["CarveReality","FlurryOfBlows","BowlingBash+1"],"picked":"SKIP","floor":48.0}],"player_experience":1028192,"relics_obtained":[{"floor":6.0,"key":"Bottled Flame"},{"floor":9.0,"key":"Potion Belt"},{"floor":11.0,"key":"Dead Branch"},{"floor":14.0,"key":"Oddly Smooth Stone"},{"floor":21.0,"key":"Enchiridion"},{"floor":27.0,"key":"Whetstone"},{"floor":41.0,"key":"FossilizedHelix"},{"floor":47.0,"key":"Blood Vial"}],"event_choices":[{"damage_healed":0.0,"max_hp_gain":0.0,"max_hp_loss":0.0,"gold_gain":0.0,"event_name":"Big Fish","player_choice":"Box","floor":2.0,"gold_loss":0.0,"damage_taken":0.0,"relics_obtained":["Bag of Marbles"],"cards_obtained":["Regret"]},{"damage_healed":0.0,"max_hp_gain":0.0,"max_hp_loss":21.0,"gold_gain":0.0,"event_name":"Vampires","player_choice":"Became a vampire","floor":19.0,"gold_loss":0.0,"damage_taken":0.0,"cards_obtained":["Bite","Bite","Bite","Bite","Bite"]},{"damage_healed":0.0,"max_hp_gain":0.0,"max_hp_loss":0.0,"gold_gain":0.0,"event_name":"Cursed Tome","player_choice":"Obtained Book","floor":21.0,"gold_loss":0.0,"damage_taken":21.0},{"cards_removed":["BowlingBash"],"damage_healed":0.0,"max_hp_gain":0.0,"max_hp_loss":0.0,"gold_gain":0.0,"event_name":"Falling","player_choice":"Removed Attack","floor":38.0,"gold_loss":0.0,"damage_taken":0.0},{"cards_removed":["Writhe"],"damage_healed":0.0,"max_hp_gain":0.0,"max_hp_loss":0.0,"gold_gain":0.0,"event_name":"Wheel of Change","player_choice":"Card Removal","floor":44.0,"gold_loss":0.0,"damage_taken":0.0}],"is_beta":false,"boss_relics":[{"not_picked":["Black Star","Astrolabe"],"picked":"Cursed Key"},{"not_picked":["SlaversCollar","Empty Cage"],"picked":"HolyWater"}],"items_purged_floors":[5,46],"is_endless":false,"potions_floor_spawned":[3,6,12,14,18,36,39,47,48],"killed_by":"Awakened One","ascension_level":20}}