{"host":"lktusdb9orijgc6z","time":1612484357,"event":{"mods":["BaseMod","Bestiary","Colored Map","Colored Powertips","Minty Spire (QoL Compilation)","Permanent Neow","Quick Restart","Relic Stats","StSLib","everything is the same but u backflip on backflip","slay the spire mod where everything is the same but ironclad has a cowboy hat"],"gold_per_floor":[361,119,135,145,145,145,203,232,232,250,92,92,111,129,129,129,129],"floor_reached":16,"language":"ENG","playtime":607,"items_purged":["Decay","Strike_G"],"score":204,"play_id":"1e97334a-f125-434e-aabf-6ca290243d26","local_time":"20210205011917","is_ascension_mode":true,"campfire_choices":[{"data":"Bouncing Flask","floor":6,"key":"SMITH"},{"floor":15,"key":"REST"}],"circlet_count":0,"master_deck":["AscendersBane","Strike_G","Strike_G","Strike_G","Strike_G","Defend_G","Defend_G","Defend_G","Defend_G","Defend_G","Survivor","Neutralize","Quick Slash","Heel Hook","Blade Dance","Terror","All Out Attack","Sucker Punch","Bouncing Flask+1","Endless Agony","Crippling Poison","PiercingWail","Noxious Fumes","Deadly Poison","Dagger Throw","Leg Sweep"],"relics":["Ring of the Snake","Orrery","Ancient Tea Set","Pantograph","HornCleat"],"acts_visited":["Exordium"],"potions_floor_usage":[8,13,13],"damage_taken":[{"damage":6,"enemies":"Small Slimes","floor":1,"turns":4},{"damage":7,"enemies":"Jaw Worm","floor":3,"turns":2},{"damage":7,"enemies":"2 Louse","floor":4,"turns":2},{"damage":22,"enemies":"3 Sentries","floor":7,"turns":6},{"damage":12,"enemies":"Lagavulin","floor":8,"turns":4},{"damage":6,"enemies":"Large Slime","floor":10,"turns":5},{"damage":1,"enemies":"Gremlin Gang","floor":13,"turns":4},{"damage":0,"enemies":"3 Louse","floor":14,"turns":2},{"damage":50,"enemies":"Slime Boss","floor":16,"turns":8}],"seed_played":"5957593005647459512","potions_obtained":[{"floor":4,"key":"Strength Potion"},{"floor":7,"key":"SkillPotion"},{"floor":10,"key":"Dexterity Potion"},{"floor":13,"key":"BlessingOfTheForge"}],"is_trial":false,"path_per_floor":["M","$","M","M","?","R","?","E","T","M","$","?","M","M","R","B"],"character_chosen":"THE_SILENT","items_purchased":["Orrery","Deadly Poison"],"campfire_rested":1,"item_purchase_floors":[2,11],"current_hp_per_floor":[53,53,46,39,44,44,22,10,10,4,4,4,3,3,24,0,0],"gold":129,"neow_bonus":"TWO_FIFTY_GOLD","is_daily":false,"chose_seed":false,"campfire_upgraded":1,"win_rate":0.0,"timestamp":1612484357,"path_taken":["M","$","M","M","?","R","?","E","T","M","$","?","M","M","R","BOSS"],"items_purchased_type":["Relic","Card"],"build_version":"2020-12-22","purchased_purges":2,"victory":false,"max_hp_per_floor":[66,66,66,66,71,71,71,71,71,71,71,71,71,71,71,71,71],"relic_stats":{"counters":[9,37],"Pantograph":25,"obtain_stats":[{"HornCleat":9,"Pantograph":8,"Orrery":2,"Ancient Tea Set":7,"Ring of the Snake":0},{"HornCleat":5,"Pantograph":5,"Orrery":1,"Ancient Tea Set":4,"Ring of the Snake":0},{"HornCleat":18,"Pantograph":18,"Orrery":4,"Ancient Tea Set":14,"Ring of the Snake":0}],"Ring of the Snake":[18]},"card_choices":[{"not_picked":["Bane","Blur"],"picked":"Quick Slash","floor":1},{"not_picked":["Outmaneuver","PiercingWail"],"picked":"Heel Hook","floor":2},{"not_picked":["PiercingWail","Blur"],"picked":"Blade Dance","floor":2},{"not_picked":["Distraction","Prepared"],"picked":"Terror","floor":2},{"not_picked":["Sucker Punch","Flechettes"],"picked":"All Out Attack","floor":2},{"not_picked":["Prepared","Escape Plan"],"picked":"Sucker Punch","floor":2},{"not_picked":["PiercingWail","Tactician"],"picked":"Bouncing Flask","floor":3},{"not_picked":["Cloak And Dagger","Caltrops"],"picked":"Endless Agony","floor":4},{"not_picked":["Flying Knee","Backstab"],"picked":"Crippling Poison","floor":7},{"not_picked":["Grand Finale","Riddle With Holes"],"picked":"PiercingWail","floor":8},{"not_picked":["Crippling Poison","Dagger Throw"],"picked":"Noxious Fumes","floor":10},{"not_picked":["Deflect","Distraction"],"picked":"Dagger Throw","floor":13},{"not_picked":["Underhanded Strike","Backflip"],"picked":"Leg Sweep","floor":14}],"player_experience":760521,"relics_obtained":[{"floor":7,"key":"Ancient Tea Set"},{"floor":8,"key":"Pantograph"},{"floor":9,"key":"HornCleat"}],"event_choices":[{"damage_healed":0,"gold_gain":0,"player_choice":"Donut","damage_taken":0,"max_hp_gain":5,"max_hp_loss":0,"event_name":"Big Fish","floor":5,"gold_loss":0},{"damage_healed":0,"gold_gain":0,"player_choice":"Searched \u00271\u0027 times","damage_taken":0,"max_hp_gain":0,"max_hp_loss":0,"event_name":"Dead Adventurer","floor":7,"gold_loss":0},{"damage_healed":0,"gold_gain":0,"player_choice":"Fled","damage_taken":0,"max_hp_gain":0,"max_hp_loss":0,"event_name":"Scrap Ooze","floor":12,"gold_loss":0}],"is_beta":false,"boss_relics":[],"items_purged_floors":[2,11],"is_endless":false,"potions_floor_spawned":[4,7,10,13],"killed_by":"Slime Boss","ascension_level":20}}