{"host":"630px4nyj50z5id8","time":1612512195,"event":{"mods":["BaseMod","Colored Powertips","Downfall","Minty Spire (QoL Compilation)","Quick Restart","Replay The Spire","StSLib","Waifu the Spire"],"gold_per_floor":[113,204,204,224,299,328,348,365,389,389,389],"floor_reached":10,"language":"ZHS","playtime":302,"items_purged":[],"score":172,"play_id":"c3f27cf4-ee5f-40d5-86d0-fcd33c607c93","local_time":"20210205160315","is_ascension_mode":true,"campfire_choices":[],"circlet_count":0,"master_deck":["AscendersBane","Strike_G","Strike_G","Strike_G","Strike_G","Defend_G","Defend_G","Defend_G","Defend_G","Defend_G","Survivor","Neutralize","Deadly Poison","Noxious Fumes","Blur","Calculated Gamble","Toxin Wave","Replay:Poison Smokescreen","Footwork","Escape Plan"],"relics":["Ring of the Snake","NeowsBlessing","Replay:Mystery Machine","Lantern","Tiny Chest"],"acts_visited":["Exordium"],"potions_floor_usage":[10,10],"damage_taken":[{"damage":0.0,"enemies":"2 Louse","floor":1.0,"turns":1.0},{"damage":0.0,"enemies":"Jaw Worm","floor":4.0,"turns":1.0},{"damage":0.0,"enemies":"Lagavulin","floor":6.0,"turns":1.0},{"damage":0.0,"enemies":"Small Slimes","floor":7.0,"turns":4.0},{"damage":14.0,"enemies":"Exordium Thugs","floor":8.0,"turns":5.0},{"damage":29,"enemies":"Gremlin Nob","floor":10,"turns":4}],"seed_played":"-8072415244020892078","potions_obtained":[{"floor":4.0,"key":"Languid Potion"},{"floor":6.0,"key":"AttackPotion"}],"is_trial":false,"path_per_floor":["M","?","?","M","?","E","M","M","T","E"],"character_chosen":"THE_SILENT","items_purchased":[],"campfire_rested":0,"item_purchase_floors":[],"current_hp_per_floor":[59,38,38,38,27,27,27,13,13,0,0],"gold":389,"neow_bonus":"THREE_ENEMY_KILL","is_daily":false,"chose_seed":false,"campfire_upgraded":0,"win_rate":0.0,"timestamp":1612512195,"path_taken":["M","?","?","M","?","E","M","M","T","E"],"items_purchased_type":[],"build_version":"2020-12-22","purchased_purges":0,"victory":false,"max_hp_per_floor":[66,66,66,66,66,66,66,66,66,66,66],"card_choices":[{"not_picked":["Slice","Heel Hook"],"picked":"Deadly Poison","floor":1.0},{"not_picked":["Cloak And Dagger","Hidden Blade"],"picked":"Noxious Fumes","floor":2.0},{"not_picked":["Slice","ReplayTheSpireMod:Scrap Shanks"],"picked":"Blur","floor":2.0},{"not_picked":["Blur","Deadly Poison"],"picked":"Toxin Wave","floor":4.0},{"not_picked":["Predator","ReplayTheSpireMod:Scrap Shanks"],"picked":"Replay:Poison Smokescreen","floor":6.0},{"not_picked":["ReplayTheSpireMod:Speed Training","Masterful Stab"],"picked":"Footwork","floor":7.0},{"not_picked":["Deadly Poison","Bouncing Flask"],"picked":"Escape Plan","floor":8.0}],"player_experience":374824,"relics_obtained":[{"floor":2.0,"key":"Replay:Mystery Machine"},{"floor":6.0,"key":"Lantern"},{"floor":9.0,"key":"Tiny Chest"}],"event_choices":[{"damage_healed":0.0,"max_hp_gain":0.0,"max_hp_loss":0.0,"gold_gain":0.0,"cards_transformed":["Strike_G"],"event_name":"Living Wall","player_choice":"Change","floor":3.0,"gold_loss":0.0,"damage_taken":0.0,"cards_obtained":["Calculated Gamble"]},{"damage_healed":0.0,"max_hp_gain":0.0,"max_hp_loss":0.0,"gold_gain":75.0,"event_name":"World of Goop","player_choice":"Gather Gold","floor":5.0,"gold_loss":0.0,"damage_taken":11.0}],"is_beta":false,"boss_relics":[],"items_purged_floors":[],"is_endless":false,"potions_floor_spawned":[4,6,7],"killed_by":"Gremlin Nob","ascension_level":17}}