{"host":"2m6tiise24ys9klz","time":1612506722,"event":{"mods":["BaseMod","Better Third Choice","Colored Map","Downfall","Highlight Path","Minty Spire (QoL Compilation)","StSLib"],"gold_per_floor":[99,119,139,139,201,201,274,287,287,3,13,13,13,42,58,158,158,158,158,175,88,98,198,198,55,55,83,102,134,148,176,189,285,285,285,285],"floor_reached":34,"language":"ENG","playtime":2807,"items_purged":["downfall:Malfunctioning"],"score":456,"play_id":"4bd264e4-b2b6-401e-81eb-f35fd44121e4","local_time":"20210204223202","is_ascension_mode":true,"campfire_choices":[{"data":"sneckomod:TailWhip","floor":1.0,"key":"SMITH"},{"floor":9.0,"key":"REST"},{"data":"Slimebound:TagTeam","floor":18.0,"key":"SMITH"},{"floor":26.0,"key":"REST"}],"circlet_count":0,"master_deck":["sneckomod:Strike","sneckomod:Strike","sneckomod:Strike","sneckomod:Defend","sneckomod:Defend+1","sneckomod:Defend+1","sneckomod:TailWhip+1","sneckomod:SnekBite","sneckomod:Unknown","sneckomod:Unknown","sneckomod:UnknownStrike+1","sneckomod:WideSting","sneckomod:IronFang","sneckomod:UnknownColorless","expansioncontent:StudyTheSpire","sneckomod:IronFang","sneckomod:DefensiveFlair","Slimebound:TagTeam+1","sneckomod:Cheat","sneckomod:UnknownUncommonSkill","sneckomod:Unknown2Cost","sneckomod:Cheat","sneckomod:Unknown0Cost+1","sneckomod:SnakeSap","sneckomod:QuickBite+1","sneckomod:UnknownUncommonPower","sneckomod:UnknownWeak","champ:EnGarde","sneckomod:QuickMove","sneckomod:UnknownUncommonPower","sneckomod:UnknownRareAttack","Good Instincts","Normality","sneckomod:UnknownRareAttack","sneckomod:CheapStock","sneckomod:DiceCrush","sneckomod:UnknownBoss","sneckomod:UnknownStrength+1","sneckomod:SnakeSap+1","sneckomod:UnknownRareAttack+1","sneckomod:SerpentMind"],"relics":["sneckomod:SneckoSoul","Tiny Chest","InkBottle","White Beast Statue","Toy Ornithopter","Oddly Smooth Stone","Runic Dome","downfall:GremlinSack","PreservedInsect","HornCleat","Molten Egg 2"],"acts_visited":["Exordium","TheCity"],"potions_floor_usage":[],"damage_taken":[{"damage":0.0,"enemies":"2 Louse","floor":2.0,"turns":3.0},{"damage":0.0,"enemies":"Small Slimes","floor":3.0,"turns":3.0},{"damage":53.0,"enemies":"Lagavulin Event","floor":5.0,"turns":7.0},{"damage":0.0,"enemies":"Jaw Worm","floor":8.0,"turns":5.0},{"damage":2.0,"enemies":"downfall:FleeingMerchant","floor":10.0,"turns":4.0},{"damage":1.0,"enemies":"Exordium Wildlife","floor":11.0,"turns":3.0},{"damage":4.0,"enemies":"Lagavulin","floor":14.0,"turns":5.0},{"damage":1.0,"enemies":"Exordium Thugs","floor":15.0,"turns":6.0},{"damage":27.0,"enemies":"SI_SHIV_ARCHETYPE","floor":16.0,"turns":7.0},{"damage":0.0,"enemies":"Chosen","floor":19.0,"turns":1.0},{"damage":26.0,"enemies":"3 Cultists","floor":20.0,"turns":5.0},{"damage":0.0,"enemies":"downfall:FleeingMerchant","floor":21.0,"turns":4.0},{"damage":12.0,"enemies":"Snecko","floor":22.0,"turns":4.0},{"damage":3.0,"enemies":"Snecko","floor":23.0,"turns":2.0},{"damage":2.0,"enemies":"downfall:FleeingMerchant","floor":25.0,"turns":4.0},{"damage":46.0,"enemies":"Book of Stabbing","floor":27.0,"turns":6.0},{"damage":0.0,"enemies":"Centurion and Healer","floor":28.0,"turns":7.0},{"damage":19.0,"enemies":"Slavers","floor":29.0,"turns":3.0},{"damage":20.0,"enemies":"Cultist and Chosen","floor":30.0,"turns":6.0},{"damage":12.0,"enemies":"Gremlin Leader","floor":31.0,"turns":6.0},{"damage":21.0,"enemies":"Snake Plant","floor":32.0,"turns":3.0},{"damage":23.0,"enemies":"WA_ARCHETYPE_CALM","floor":33.0,"turns":10.0}],"seed_played":"8172109088698964771","potions_obtained":[{"floor":2.0,"key":"Ancient Potion"},{"floor":5.0,"key":"Strength Potion"},{"floor":8.0,"key":"Dexterity Potion"},{"floor":10.0,"key":"sneckomod:OffclassReductionPotion"},{"floor":14.0,"key":"DuplicationPotion"},{"floor":15.0,"key":"Strength Potion"},{"floor":21.0,"key":"SkillPotion"},{"floor":22.0,"key":"PowerPotion"},{"floor":23.0,"key":"champ:CounterPotion"},{"floor":25.0,"key":"EntropicBrew"},{"floor":27.0,"key":"DistilledChaos"},{"floor":28.0,"key":"SneckoOil"},{"floor":29.0,"key":"sneckomod:MuddlingPotion"},{"floor":30.0,"key":"Dexterity Potion"},{"floor":30.0,"key":"CultistPotion"},{"floor":31.0,"key":"Guardian:BlockOnCardUsePotion"},{"floor":32.0,"key":"LiquidBronze"},{"floor":33.0,"key":"SteroidPotion"}],"is_trial":false,"path_per_floor":["R","M","M","?","?","?","T","M","R","$","M","R","T","E","M","B",null,"R","M","M","$","M","?","T","$","R","E","M","E","M","E","M","B",null],"character_chosen":"THE_SNECKO","items_purchased":["expansioncontent:StudyTheSpire","sneckomod:IronFang","sneckomod:UnknownUncommonPower","sneckomod:CheapStock","sneckomod:DiceCrush"],"campfire_rested":2,"item_purchase_floors":[10,10,21,25,25],"current_hp_per_floor":[90,90,90,90,37,37,37,37,64,62,61,61,61,69,73,46,90,90,90,64,69,62,59,59,57,84,60,60,46,31,44,23,15,15,15,15],"gold":285,"neow_bonus":"RANDOM_COMMON_RELIC","is_daily":false,"chose_seed":false,"campfire_upgraded":2,"win_rate":0.0,"timestamp":1612506722,"path_taken":["R","M","M","?","?","?","T","M","R","$","M","R","?","E","M","BOSS","R","M","M","$","M","?","T","?","R","E","M","E","M","E","M","BOSS"],"items_purchased_type":["Card","Card","Card","Card","Card"],"build_version":"2020-12-22","purchased_purges":1,"victory":false,"max_hp_per_floor":[90,90,90,90,90,90,90,90,90,90,90,90,90,90,90,90,90,90,90,90,90,90,90,90,90,90,90,90,90,90,90,90,90,90,90,90],"card_choices":[{"not_picked":["sneckomod:RainOfDice","sneckomod:PureSnecko"],"picked":"sneckomod:UnknownStrike","floor":2.0},{"not_picked":["sneckomod:MasterEye","sneckomod:UnknownX"],"picked":"sneckomod:WideSting","floor":3.0},{"not_picked":["sneckomod:MasterEye","sneckomod:WideSting"],"picked":"sneckomod:Unknown2Cost","floor":5.0},{"not_picked":["sneckomod:ImprovisedAttack","sneckomod:WideSting"],"picked":"sneckomod:IronFang","floor":8.0},{"not_picked":["sneckomod:UnknownDexterity","sneckomod:UnknownUncommonPower"],"picked":"sneckomod:UnknownColorless","floor":10.0},{"not_picked":["sneckomod:DiceCrush","sneckomod:DiceBoulder"],"picked":"sneckomod:DefensiveFlair","floor":11.0},{"not_picked":["sneckomod:ImprovisedGuard","sneckomod:UnknownCommonAttack"],"picked":"sneckomod:Cheat","floor":14.0},{"not_picked":["sneckomod:UnknownCommonSkill","sneckomod:SoulRoll"],"picked":"sneckomod:UnknownUncommonSkill","floor":15.0},{"not_picked":["sneckomod:SoulDraw","sneckomod:PureSnecko"],"picked":"sneckomod:Unknown2Cost","floor":15.0},{"not_picked":["sneckomod:Mudshield","sneckomod:SoulExchange"],"picked":"sneckomod:Cheat","floor":16.0},{"not_picked":["sneckomod:IronFang+1","sneckomod:UnknownCommonAttack"],"picked":"sneckomod:Unknown0Cost+1","floor":19.0},{"not_picked":["sneckomod:UnknownStrength+1","sneckomod:QuickBite"],"picked":"sneckomod:SnakeSap","floor":20.0},{"not_picked":["sneckomod:UnknownDraw","sneckomod:Unknown1Cost"],"picked":"sneckomod:QuickBite+1","floor":21.0},{"not_picked":["sneckomod:UnknownCommonSkill","sneckomod:UnknownClassHEXA_GHOST_PURPLE","sneckomod:SoulRoll"],"picked":"SKIP","floor":22.0},{"not_picked":["sneckomod:UnknownClassHEXA_GHOST_PURPLE+1","sneckomod:MasterEye"],"picked":"sneckomod:UnknownWeak","floor":23.0},{"not_picked":["sneckomod:UnknownWeak","sneckomod:UnknownClassSLIMEBOUND"],"picked":"sneckomod:UnknownRareAttack","floor":25.0},{"not_picked":["sneckomod:UnknownClassBLUE","sneckomod:UnknownClassHEXA_GHOST_PURPLE"],"picked":"sneckomod:UnknownBoss","floor":27.0},{"not_picked":["sneckomod:QuickMove+1","sneckomod:UnknownDraw","sneckomod:IronFang"],"picked":"SKIP","floor":28.0},{"not_picked":["sneckomod:UnknownClassHEXA_GHOST_PURPLE","sneckomod:ImprovisedGuard"],"picked":"sneckomod:UnknownStrength+1","floor":29.0},{"not_picked":["sneckomod:Unknown1Cost","sneckomod:Rotation","sneckomod:SoulDraw"],"picked":"SKIP","floor":30.0},{"not_picked":["sneckomod:TrashToTreasure+1","sneckomod:UnknownExhaust"],"picked":"sneckomod:SnakeSap+1","floor":31.0},{"not_picked":["sneckomod:UnknownClassSLIMEBOUND","sneckomod:Nope+1"],"picked":"sneckomod:UnknownRareAttack+1","floor":32.0},{"not_picked":["sneckomod:DangerNoodle+1","sneckomod:SoulExchange"],"picked":"sneckomod:SerpentMind","floor":33.0}],"player_experience":809804,"relics_obtained":[{"floor":5.0,"key":"InkBottle"},{"floor":7.0,"key":"White Beast Statue"},{"floor":13.0,"key":"Toy Ornithopter"},{"floor":14.0,"key":"Oddly Smooth Stone"},{"floor":23.0,"key":"downfall:GremlinSack"},{"floor":27.0,"key":"PreservedInsect"},{"floor":29.0,"key":"HornCleat"},{"floor":31.0,"key":"Molten Egg 2"}],"event_choices":[],"is_beta":false,"boss_relics":[{"not_picked":["bronze:MakeshiftBattery","Sozu"],"picked":"Runic Dome"}],"items_purged_floors":[10],"is_endless":false,"potions_floor_spawned":[2,5,8,10,11,14,15,16,19,20,21,22,23,25,27,28,29,30,31,32,33],"ascension_level":1}}