{"host":"yqw1zpryoutrnocq","time":1612543760,"event":{"mods":["2.2 Compatiblity","AchievementEnabler","BaseMod","Colored Map","Custom Start","DeckTracker","Minty Spire (QoL Compilation)","StSLib","SuperFastMode"],"gold_per_floor":[114,129,141,101,112,112,147,147,173,215,215,237,257,257,257,368,368,389,407,434,454,483,483,518,518,542,551,560,583,625,163,163,271,334,361,387,446,406,423,423,441,478,560,560,572,572,572],"floor_reached":46,"language":"KOR","playtime":1450,"items_purged":["Decay"],"score":830,"play_id":"40ae843f-92dd-46e9-9e44-c16c98f8b91e","local_time":"20210205104920","is_ascension_mode":true,"campfire_choices":[{"data":"Body Slam","floor":6.0,"key":"SMITH"},{"data":"Immolate","floor":8.0,"key":"SMITH"},{"data":"True Grit","floor":11.0,"key":"SMITH"},{"data":"Body Slam","floor":15.0,"key":"SMITH"},{"floor":23.0,"key":"REST"},{"data":"Offering","floor":25.0,"key":"SMITH"},{"data":"Seeing Red","floor":32.0,"key":"SMITH"},{"data":"Barricade","floor":40.0,"key":"SMITH"},{"data":"Decay","floor":44.0,"key":"PURGE"}],"circlet_count":0,"master_deck":["Bash","Body Slam+1","Anger","Thunderclap","Pommel Strike","Body Slam+1","Immolate+1","True Grit+1","Inflame","Havoc","Offering+1","Sentinel+1","Blood for Blood","Disarm","Wild Strike+1","Burning Pact+1","Wild Strike+1","Offering+1","True Grit","Seeing Red+1","Purity","Barricade+1","Reaper","Berserk","Reckless Charge","Pummel","Dropkick","Impervious","Sword Boomerang","Shrug It Off+1","Shrug It Off","Body Slam","Madness","Madness","Second Wind+1"],"relics":["Burning Blood","Bag of Marbles","CeramicFish","Orichalcum","Calipers","Runic Pyramid","Meat on the Bone","Akabeko","Pocketwatch","Peace Pipe","Pandora\u0027s Box","TungstenRod","InkBottle"],"acts_visited":["Exordium","TheCity","TheBeyond"],"potions_floor_usage":[46],"damage_taken":[{"damage":0.0,"enemies":"Small Slimes","floor":1.0,"turns":4.0},{"damage":6.0,"enemies":"Cultist","floor":2.0,"turns":3.0},{"damage":10.0,"enemies":"2 Louse","floor":3.0,"turns":2.0},{"damage":19.0,"enemies":"Blue Slaver","floor":5.0,"turns":4.0},{"damage":2.0,"enemies":"Gremlin Nob","floor":7.0,"turns":3.0},{"damage":31.0,"enemies":"Lagavulin","floor":10.0,"turns":6.0},{"damage":9.0,"enemies":"Red Slaver","floor":12.0,"turns":2.0},{"damage":0.0,"enemies":"Looter","floor":13.0,"turns":1.0},{"damage":4.0,"enemies":"Slime Boss","floor":16.0,"turns":7.0},{"damage":15.0,"enemies":"3 Byrds","floor":18.0,"turns":3.0},{"damage":23.0,"enemies":"2 Thieves","floor":20.0,"turns":2.0},{"damage":19.0,"enemies":"Snecko","floor":21.0,"turns":3.0},{"damage":19.0,"enemies":"Centurion and Healer","floor":22.0,"turns":3.0},{"damage":19.0,"enemies":"Book of Stabbing","floor":24.0,"turns":3.0},{"damage":12.0,"enemies":"Sentry and Sphere","floor":29.0,"turns":1.0},{"damage":6.0,"enemies":"Slavers","floor":30.0,"turns":1.0},{"damage":12.0,"enemies":"Champ","floor":33.0,"turns":5.0},{"damage":6.0,"enemies":"3 Shapes","floor":35.0,"turns":3.0},{"damage":6.0,"enemies":"Orb Walker","floor":36.0,"turns":4.0},{"damage":66.0,"enemies":"2 Orb Walkers","floor":37.0,"turns":5.0},{"damage":10.0,"enemies":"Spire Growth","floor":39.0,"turns":4.0},{"damage":10.0,"enemies":"Nemesis","floor":42.0,"turns":3.0},{"damage":5.0,"enemies":"4 Shapes","floor":45.0,"turns":3.0},{"damage":84,"enemies":"Giant Head","floor":46,"turns":7}],"seed_played":"3996510462029840945","potions_obtained":[{"floor":4.0,"key":"ElixirPotion"},{"floor":4.0,"key":"LiquidBronze"},{"floor":4.0,"key":"SkillPotion"},{"floor":5.0,"key":"Strength Potion"},{"floor":10.0,"key":"DuplicationPotion"},{"floor":12.0,"key":"EntropicBrew"},{"floor":16.0,"key":"Regen Potion"},{"floor":24.0,"key":"Swift Potion"},{"floor":29.0,"key":"BlessingOfTheForge"},{"floor":30.0,"key":"BloodPotion"},{"floor":33.0,"key":"Dexterity Potion"},{"floor":36.0,"key":"ColorlessPotion"},{"floor":42.0,"key":"ColorlessPotion"},{"floor":45.0,"key":"Dexterity Potion"}],"is_trial":false,"path_per_floor":["M","M","M","?","M","R","E","R","T","E","R","M","M","T","R","B",null,"M","?","M","M","M","R","E","R","T","?","?","M","E","$","R","B",null,"M","M","?","?","M","R","?","E","T","R","M","E"],"character_chosen":"IRONCLAD","items_purchased":["Peace Pipe","Purity"],"campfire_rested":1,"item_purchase_floors":[31,31],"current_hp_per_floor":[78,78,74,74,61,61,65,65,65,40,40,37,43,43,43,45,71,62,62,45,32,19,43,30,30,30,30,30,36,48,48,48,58,75,75,80,44,44,58,58,49,54,54,54,55,0,0],"gold":572,"neow_bonus":"THREE_CARDS","is_daily":false,"chose_seed":false,"campfire_upgraded":7,"win_rate":0.0,"timestamp":1612543760,"path_taken":["M","M","M","?","?","R","E","R","T","E","R","M","M","?","R","BOSS","M","?","M","M","M","R","E","R","T","?","?","M","E","$","R","BOSS","M","M","?","?","?","R","?","E","T","R","M","E"],"items_purchased_type":["Relic","Card"],"build_version":"2020-12-22","purchased_purges":1,"victory":false,"max_hp_per_floor":[80,80,80,80,80,80,80,80,80,80,80,80,80,80,80,80,80,80,80,80,80,80,80,80,80,80,80,80,80,80,80,80,80,80,80,80,80,80,80,80,80,80,80,80,80,80,80],"card_choices":[{"not_picked":["Havoc","Thunderclap"],"picked":"Body Slam","floor":0.0},{"not_picked":["Headbutt","Infernal Blade"],"picked":"Anger","floor":1.0},{"not_picked":["Clash","Anger"],"picked":"Thunderclap","floor":2.0},{"not_picked":["Hemokinesis","Rampage"],"picked":"Pommel Strike","floor":3.0},{"not_picked":["Sword Boomerang","Warcry"],"picked":"Body Slam","floor":5.0},{"not_picked":["Armaments","Shrug It Off"],"picked":"Immolate","floor":7.0},{"not_picked":["Sword Boomerang","Dual Wield"],"picked":"True Grit","floor":10.0},{"not_picked":["Armaments","Rage"],"picked":"Inflame","floor":12.0},{"not_picked":["Intimidate","Rampage"],"picked":"Havoc","floor":13.0},{"not_picked":["Immolate","Juggernaut"],"picked":"Offering","floor":16.0},{"not_picked":["Whirlwind","Feel No Pain"],"picked":"Sentinel+1","floor":18.0},{"not_picked":["Iron Wave","Perfected Strike+1"],"picked":"Wild Strike","floor":20.0},{"not_picked":["Sentinel+1","Battle Trance+1"],"picked":"Burning Pact+1","floor":21.0},{"not_picked":["Armaments","Rupture+1"],"picked":"Wild Strike+1","floor":22.0},{"not_picked":["Body Slam","Pommel Strike"],"picked":"Offering","floor":24.0},{"not_picked":["Warcry","Armaments"],"picked":"True Grit","floor":29.0},{"not_picked":["Combust","Body Slam"],"picked":"Seeing Red","floor":30.0},{"not_picked":["Limit Break","Exhume"],"picked":"Barricade","floor":33.0},{"not_picked":["Anger+1","Uppercut"],"picked":"Shrug It Off+1","floor":35.0},{"not_picked":["Twin Strike","Fire Breathing"],"picked":"Shrug It Off","floor":36.0},{"not_picked":["True Grit","Fiend Fire"],"picked":"Body Slam","floor":37.0},{"not_picked":["Hemokinesis+1","Blood for Blood","Pummel+1"],"picked":"SKIP","floor":39.0},{"not_picked":["Perfected Strike+1","Feel No Pain"],"picked":"Second Wind+1","floor":42.0},{"not_picked":["Cleave","Thunderclap","Iron Wave"],"picked":"SKIP","floor":45.0}],"player_experience":284838,"relics_obtained":[{"floor":7.0,"key":"Bag of Marbles"},{"floor":9.0,"key":"CeramicFish"},{"floor":10.0,"key":"Orichalcum"},{"floor":14.0,"key":"Calipers"},{"floor":24.0,"key":"Meat on the Bone"},{"floor":26.0,"key":"Akabeko"},{"floor":30.0,"key":"Pocketwatch"},{"floor":37.0,"key":"TungstenRod"},{"floor":42.0,"key":"InkBottle"}],"event_choices":[{"damage_healed":0.0,"max_hp_gain":0.0,"max_hp_loss":0.0,"gold_gain":0.0,"event_name":"The Woman in Blue","player_choice":"Bought 3 Potions","floor":4.0,"gold_loss":0.0,"damage_taken":0.0},{"damage_healed":0.0,"max_hp_gain":0.0,"max_hp_loss":0.0,"gold_gain":0.0,"cards_transformed":["Strike_R","Strike_R"],"event_name":"Drug Dealer","player_choice":"Became Test Subject","floor":19.0,"gold_loss":0.0,"damage_taken":0.0,"cards_obtained":["Blood for Blood","Disarm"]},{"damage_healed":0.0,"max_hp_gain":0.0,"max_hp_loss":0.0,"gold_gain":0.0,"event_name":"Forgotten Altar","player_choice":"Smashed Altar","floor":27.0,"gold_loss":0.0,"damage_taken":0.0,"cards_obtained":["Decay"]},{"damage_healed":0.0,"max_hp_gain":0.0,"max_hp_loss":0.0,"gold_gain":0.0,"event_name":"Wheel of Change","player_choice":"Cursed","floor":28.0,"gold_loss":0.0,"damage_taken":0.0,"cards_obtained":["Decay"]},{"damage_healed":0.0,"max_hp_gain":0.0,"max_hp_loss":0.0,"gold_gain":0.0,"event_name":"Mysterious Sphere","player_choice":"Fight","floor":37.0,"gold_loss":0.0,"damage_taken":0.0},{"damage_healed":0.0,"max_hp_gain":0.0,"max_hp_loss":0.0,"gold_gain":0.0,"event_name":"Designer","player_choice":"Upgraded Two","floor":38.0,"gold_loss":40.0,"damage_taken":0.0,"cards_upgraded":["Wild Strike","Offering"]},{"damage_healed":0.0,"max_hp_gain":0.0,"max_hp_loss":0.0,"gold_gain":0.0,"event_name":"Winding Halls","player_choice":"Embrace Madness","floor":41.0,"gold_loss":0.0,"damage_taken":10.0,"cards_obtained":["Madness","Madness"]}],"is_beta":false,"boss_relics":[{"not_picked":["Mark of Pain","SacredBark"],"picked":"Runic Pyramid"},{"not_picked":["Velvet Choker","Runic Cube"],"picked":"Pandora\u0027s Box"}],"items_purged_floors":[31],"is_endless":false,"potions_floor_spawned":[5,10,12,13,16,24,29,30,33,36,42,45],"killed_by":"Giant Head","ascension_level":6}}