{"host":"1c52r9kaxdyo25eq","time":1612524252,"event":{"mods":["AchievementEnabler","BaseMod","DeckTracker","Minty Spire (QoL Compilation)","Rare Cards Sparkle","SuperFastMode","everything is the same but u backflip on backflip"],"gold_per_floor":[112,37,50,70,89,89,89,89,89,89,121,133,159,174,174,249,249,268,284,309,65,78,113,38,38,38,38,55,55,74,86,86,160,160,176,231,231,247,266,266,292,292,292,292,89,119,341,357,357,357,357,357,67,97,97,97],"floor_reached":55,"language":"KOR","playtime":2108,"items_purged":["Strike_R","Defend_G","Defend_P"],"score":1447,"play_id":"d4997d95-9095-43a6-aafe-19155c01c616","local_time":"20210205202412","is_ascension_mode":true,"campfire_choices":[{"floor":6.0,"key":"RECALL"},{"floor":8.0,"key":"REST"},{"floor":15.0,"key":"REST"},{"floor":27.0,"key":"REST"},{"floor":29.0,"key":"REST"},{"floor":32.0,"key":"REST"},{"floor":40.0,"key":"REST"},{"floor":42,"key":"REST"},{"floor":44,"key":"REST"},{"floor":49,"key":"REST"},{"floor":52,"key":"REST"}],"circlet_count":0,"master_deck":["AscendersBane","Strike_G+1","Defend_R","Bash","Apotheosis+1","Predator","Strike_P","Fire Breathing","Headbutt+1","Evaluate","Static Discharge","Seek","Buffer","CurseOfTheBell","Twin Strike","WheelKick","Conserve Battery","Flash of Steel","Demon Form","Self Repair","Finesse","Sanctity+1","Outmaneuver","Pommel Strike","Prostrate","Purity"],"relics":["Burning Blood","PrismaticShard","Bottled Lightning","Mercury Hourglass","Self Forming Clay","Happy Flower","Calling Bell","MealTicket","StrikeDummy","Ginger","Red Mask","PreservedInsect","Lizard Tail","Pen Nib","Fusion Hammer","Gambling Chip","Blood Vial","Potion Belt","Orrery","Orichalcum"],"acts_visited":["Exordium","TheCity","TheBeyond","TheEnding"],"potions_floor_usage":[46,50],"damage_taken":[{"damage":4.0,"enemies":"Small Slimes","floor":1.0,"turns":3.0},{"damage":0.0,"enemies":"2 Louse","floor":3.0,"turns":2.0},{"damage":3.0,"enemies":"Cultist","floor":4.0,"turns":4.0},{"damage":6.0,"enemies":"Red Slaver","floor":5.0,"turns":4.0},{"damage":15.0,"enemies":"3 Sentries","floor":11.0,"turns":4.0},{"damage":4.0,"enemies":"2 Fungi Beasts","floor":12.0,"turns":3.0},{"damage":20.0,"enemies":"Gremlin Nob","floor":13.0,"turns":4.0},{"damage":3.0,"enemies":"Blue Slaver","floor":14.0,"turns":4.0},{"damage":4.0,"enemies":"Slime Boss","floor":16.0,"turns":5.0},{"damage":14.0,"enemies":"Spheric Guardian","floor":18.0,"turns":4.0},{"damage":7.0,"enemies":"3 Byrds","floor":19.0,"turns":2.0},{"damage":25.0,"enemies":"Masked Bandits","floor":20.0,"turns":3.0},{"damage":25.0,"enemies":"Centurion and Healer","floor":22.0,"turns":6.0},{"damage":28.0,"enemies":"Book of Stabbing","floor":23.0,"turns":5.0},{"damage":16.0,"enemies":"Snake Plant","floor":28.0,"turns":4.0},{"damage":0.0,"enemies":"Cultist and Chosen","floor":30.0,"turns":5.0},{"damage":0.0,"enemies":"Snecko","floor":31.0,"turns":3.0},{"damage":56.0,"enemies":"Automaton","floor":33.0,"turns":10.0},{"damage":26.0,"enemies":"3 Darklings","floor":35.0,"turns":5.0},{"damage":44.0,"enemies":"2 Orb Walkers","floor":36.0,"turns":4.0},{"damage":2.0,"enemies":"Orb Walker","floor":38.0,"turns":4.0},{"damage":11.0,"enemies":"3 Darklings","floor":39.0,"turns":4.0},{"damage":8,"enemies":"Reptomancer","floor":41,"turns":4},{"damage":0,"enemies":"Giant Head","floor":46,"turns":6},{"damage":0,"enemies":"Maw","floor":48,"turns":5},{"damage":83,"enemies":"Time Eater","floor":50,"turns":8},{"damage":64,"enemies":"Shield and Spear","floor":54,"turns":5},{"damage":69,"enemies":"The Heart","floor":55,"turns":3}],"seed_played":"1102860801228267990","potions_obtained":[{"floor":3.0,"key":"SpeedPotion"},{"floor":5.0,"key":"Ancient Potion"},{"floor":19.0,"key":"Regen Potion"},{"floor":30.0,"key":"PowerPotion"},{"floor":31.0,"key":"Swift Potion"},{"floor":38.0,"key":"LiquidBronze"},{"floor":41,"key":"DuplicationPotion"},{"floor":48,"key":"BlessingOfTheForge"}],"is_trial":false,"path_per_floor":["M","?","M","M","M","R","?","R","T","?","E","M","E","M","R","B",null,"M","M","?","$","M","E","?","?","T","R","M","R","M","M","R","B",null,"M","?","?","M","M","R","E","R","T","R","$","E","?","M","R","B",null,"R","$","E","B"],"character_chosen":"IRONCLAD","items_purchased":["PreservedInsect","Finesse","Orrery"],"campfire_rested":10,"item_purchase_floors":[21,45,53],"current_hp_per_floor":[70,70,75,75,75,75,52,74,74,74,65,67,53,56,75,75,75,67,66,47,62,43,35,35,14,14,38,28,52,58,64,80,30,68,48,10,10,14,9,33,31,55,55,79,80,80,80,80,80,56,74,80,80,32,0,0],"gold":97,"neow_bonus":"UPGRADE_CARD","is_daily":false,"chose_seed":false,"campfire_upgraded":0,"win_rate":0.0,"timestamp":1612524252,"path_taken":["M","?","M","M","M","R","?","R","T","?","E","?","E","M","R","BOSS","M","M","?","$","M","E","?","?","T","R","M","R","M","?","R","BOSS","M","?","?","M","M","R","E","R","T","R","?","E","?","M","R","BOSS","R","$","E","BOSS"],"items_purchased_type":["Relic","Card","Relic"],"build_version":"2020-12-22","purchased_purges":3,"victory":false,"max_hp_per_floor":[75,75,75,75,75,75,75,75,75,75,75,75,75,75,75,75,75,75,75,75,75,75,75,75,80,80,80,80,80,80,80,80,80,80,80,80,80,80,80,80,80,80,80,80,80,80,80,80,80,80,80,80,80,80,80,80],"card_choices":[{"not_picked":["Evaluate","Acrobatics"],"picked":"Predator","floor":1.0},{"not_picked":["Sword Boomerang","Protect"],"picked":"Fire Breathing","floor":3.0},{"not_picked":["Clash","Wild Strike"],"picked":"Headbutt","floor":4.0},{"not_picked":["Entrench","Tempest"],"picked":"Evaluate","floor":5.0},{"not_picked":["FlurryOfBlows","Collect","Spot Weakness"],"picked":"SKIP","floor":11.0},{"not_picked":["FlurryOfBlows","Collect","Spot Weakness"],"picked":"SKIP","floor":11.0},{"not_picked":["Shrug It Off","Pommel Strike"],"picked":"Static Discharge","floor":12.0},{"not_picked":["Blood for Blood","Beam Cell"],"picked":"Seek","floor":13.0},{"not_picked":["FlyingSleeves","Indignation"],"picked":"Shrug It Off","floor":14.0},{"not_picked":["Seek","SpiritShield"],"picked":"Buffer","floor":16.0},{"not_picked":["Dodge and Roll","Bane","PathToVictory"],"picked":"SKIP","floor":18.0},{"not_picked":["Bane","MentalFortress+1"],"picked":"Twin Strike","floor":19.0},{"not_picked":["Flex","Perfected Strike+1"],"picked":"WheelKick","floor":20.0},{"not_picked":["Armaments","Slice+1","Sever Soul"],"picked":"SKIP","floor":22.0},{"not_picked":["Blade Dance","Collect+1","CarveReality"],"picked":"SKIP","floor":23.0},{"not_picked":["Darkness","Wireheading","PathToVictory+1"],"picked":"SKIP","floor":28.0},{"not_picked":["LikeWater","Poisoned Stab"],"picked":"Conserve Battery","floor":30.0},{"not_picked":["Sword Boomerang","Venomology"],"picked":"Flash of Steel","floor":31.0},{"not_picked":["Rainbow","SpiritShield"],"picked":"Demon Form","floor":33.0},{"not_picked":["Clothesline+1","Barrage","Chaos"],"picked":"SKIP","floor":35.0},{"not_picked":["Tantrum","Cloak And Dagger","Panacea"],"picked":"SKIP","floor":38.0},{"not_picked":["Chaos+1","Shrug It Off","Bane"],"picked":"SKIP","floor":39.0},{"not_picked":["Inflame","Coolheaded+1"],"picked":"Self Repair","floor":41},{"not_picked":["Flex","Streamline+1"],"picked":"Sanctity+1","floor":46},{"not_picked":["Outmaneuver","EmptyBody","Sword Boomerang"],"picked":"SKIP","floor":48},{"not_picked":["Outmaneuver","EmptyBody","Sword Boomerang"],"picked":"SKIP","floor":48},{"not_picked":["Outmaneuver","EmptyBody","Sword Boomerang"],"picked":"SKIP","floor":48},{"not_picked":["EmptyBody","Sword Boomerang"],"picked":"Outmaneuver","floor":48},{"not_picked":["Gash+1","SashWhip"],"picked":"Pommel Strike","floor":53},{"not_picked":["PathToVictory","Iron Wave"],"picked":"Prostrate","floor":53},{"not_picked":["Wireheading","Leap"],"picked":"Purity","floor":53},{"not_picked":["WreathOfFlame","Warcry+1","Backstab+1"],"picked":"SKIP","floor":54},{"not_picked":["WreathOfFlame","Warcry+1","Backstab+1"],"picked":"SKIP","floor":54}],"player_experience":642826,"relics_obtained":[{"floor":9.0,"key":"Mercury Hourglass"},{"floor":11.0,"key":"Self Forming Clay"},{"floor":13.0,"key":"Happy Flower"},{"floor":17.0,"key":"MealTicket"},{"floor":17.0,"key":"StrikeDummy"},{"floor":17.0,"key":"Ginger"},{"floor":20.0,"key":"Red Mask"},{"floor":23.0,"key":"Lizard Tail"},{"floor":26.0,"key":"Pen Nib"},{"floor":36.0,"key":"Gambling Chip"},{"floor":41,"key":"Blood Vial"},{"floor":46,"key":"Potion Belt"},{"floor":54,"key":"Orichalcum"}],"event_choices":[{"cards_removed":["Strike_R"],"damage_healed":0.0,"max_hp_gain":0.0,"max_hp_loss":0.0,"gold_gain":0.0,"event_name":"The Cleric","player_choice":"Card Removal","floor":2.0,"gold_loss":75.0,"damage_taken":0.0},{"damage_healed":0.0,"max_hp_gain":0.0,"max_hp_loss":0.0,"gold_gain":0.0,"event_name":"Shining Light","player_choice":"Entered Light","floor":7.0,"gold_loss":0.0,"damage_taken":23.0,"cards_upgraded":["Headbutt","Strike_G"]},{"damage_healed":0.0,"max_hp_gain":0.0,"max_hp_loss":0.0,"gold_gain":0.0,"cards_transformed":["Defend_B"],"event_name":"Transmorgrifier","player_choice":"Transformed","floor":10.0,"gold_loss":0.0,"damage_taken":0.0,"cards_obtained":["Combust"]},{"damage_healed":0.0,"max_hp_gain":0.0,"max_hp_loss":0.0,"gold_gain":0.0,"event_name":"Masked Bandits","player_choice":"Fought Bandits","floor":20.0,"gold_loss":0.0,"damage_taken":0.0},{"cards_removed":["Combust"],"damage_healed":0.0,"max_hp_gain":0.0,"max_hp_loss":0.0,"gold_gain":0.0,"event_name":"Beggar","player_choice":"Gave Gold","floor":24.0,"gold_loss":75.0,"damage_taken":0.0},{"damage_healed":0.0,"max_hp_gain":5.0,"max_hp_loss":0.0,"gold_gain":0.0,"event_name":"Forgotten Altar","player_choice":"Shed Blood","floor":25.0,"gold_loss":0.0,"damage_taken":26.0},{"damage_healed":0.0,"max_hp_gain":0.0,"max_hp_loss":0.0,"gold_gain":0.0,"event_name":"Mysterious Sphere","player_choice":"Fight","floor":36.0,"gold_loss":0.0,"damage_taken":0.0},{"cards_removed":["Shrug It Off"],"damage_healed":0.0,"max_hp_gain":0.0,"max_hp_loss":0.0,"gold_gain":0.0,"event_name":"Falling","player_choice":"Removed Skill","floor":37.0,"gold_loss":0.0,"damage_taken":0.0},{"damage_healed":0,"gold_gain":222,"player_choice":"Wore Mask","damage_taken":0,"max_hp_gain":0,"max_hp_loss":0,"event_name":"Tomb of Lord Red Mask","floor":47,"gold_loss":0}],"is_beta":false,"boss_relics":[{"not_picked":["Empty Cage","Runic Pyramid"],"picked":"Calling Bell"},{"not_picked":["Mark of Pain","Philosopher\u0027s Stone"],"picked":"Fusion Hammer"}],"items_purged_floors":[21,45,53],"is_endless":false,"potions_floor_spawned":[3,5,11,12,19,22,30,31,38,41,48],"killed_by":"The Heart","ascension_level":17}}