{"host":"7jl4uf745pjtflnx","time":1612521665,"event":{"mods":["BaseMod","BetterRewards","Hubris","Minty Spire (QoL Compilation)","Reliquary","Replay The Spire","StSLib","SuperFastMode","The Construct"],"gold_per_floor":[112,112,131,167,167,167,200,214,214,214,214,6,26,41,41,41],"floor_reached":15,"language":"ENG","playtime":226,"items_purged":["Strike_B"],"score":265,"play_id":"720e4fcf-0c08-4ea8-9a7c-7790283563fa","local_time":"20210205054105","is_ascension_mode":true,"campfire_choices":[{"floor":6,"key":"REST"}],"circlet_count":0,"master_deck":["AscendersBane","Strike_B","Strike_B","Strike_B","Defend_B","Defend_B","Defend_B","Defend_B","Zap","Dualcast","Loop","Barrage","Defragment","FIFO Queue","BootSequence","Capacitor","Turbo","Chill","Conserve Battery"],"relics":["Cracked Core","NeowsBlessing","Regal Pillow","Quantum Egg","Mango"],"acts_visited":["Exordium"],"potions_floor_usage":[15],"damage_taken":[{"damage":0,"enemies":"Small Slimes","floor":1,"turns":1},{"damage":0,"enemies":"Jaw Worm","floor":3,"turns":1},{"damage":0,"enemies":"3 Sentries","floor":7,"turns":1},{"damage":7,"enemies":"Cultist","floor":8,"turns":4},{"damage":6,"enemies":"Looter","floor":13,"turns":4},{"damage":3,"enemies":"2 Fungi Beasts","floor":14,"turns":5},{"damage":75,"enemies":"Gremlin Nob","floor":15,"turns":4}],"seed_played":"6744136426835468234","potions_obtained":[{"floor":4,"key":"Cursed Concoction"},{"floor":13,"key":"Languid Potion"}],"is_trial":false,"path_per_floor":["M","?","M","?","?","R","E","M","T","PTL","PTL","$","M","M","E"],"character_chosen":"DEFECT","items_purchased":["Capacitor","Turbo"],"campfire_rested":1,"item_purchase_floors":[12,12],"current_hp_per_floor":[64,69,69,44,33,70,70,63,77,77,77,77,71,68,0,0],"gold":41,"neow_bonus":"THREE_ENEMY_KILL","is_daily":false,"chose_seed":false,"campfire_upgraded":0,"win_rate":0.0,"timestamp":1612521665,"path_taken":["M","?","M","?","?","R","E","M","T","PTL","PTL","$","M","M","E"],"items_purchased_type":["Card","Card"],"build_version":"2020-12-22","purchased_purges":1,"victory":false,"max_hp_per_floor":[71,76,76,76,76,76,76,76,90,90,90,90,90,90,90,90],"card_choices":[{"not_picked":["Beam Cell","Hologram"],"picked":"Loop","floor":1},{"not_picked":["Skim","Streamline","Panic Button"],"picked":"SKIP","floor":3},{"not_picked":["Compile Driver","Sweeping Beam"],"picked":"Barrage","floor":4},{"not_picked":["ReplayGash","Redo"],"picked":"Defragment","floor":4},{"not_picked":["Blizzard","Compile Driver"],"picked":"FIFO Queue","floor":7},{"not_picked":["Rebound","Hello World"],"picked":"BootSequence","floor":8},{"not_picked":["ReplayTheSpireMod:Reroute Power","Streamline"],"picked":"Chill","floor":13},{"not_picked":["Stack","Aggregate"],"picked":"Conserve Battery","floor":14}],"player_experience":768572,"relics_obtained":[{"floor":4,"key":"Regal Pillow"},{"floor":7,"key":"Quantum Egg"},{"floor":9,"key":"Mango"}],"event_choices":[{"damage_healed":0,"gold_gain":0,"player_choice":"Donut","damage_taken":0,"max_hp_gain":5,"max_hp_loss":0,"event_name":"Big Fish","floor":2,"gold_loss":0},{"damage_healed":0,"gold_gain":0,"player_choice":"Damaged","damage_taken":11,"max_hp_gain":0,"max_hp_loss":0,"event_name":"Wheel of Change","floor":5,"gold_loss":0}],"is_beta":false,"boss_relics":[],"items_purged_floors":[12],"is_endless":false,"potions_floor_spawned":[13],"killed_by":"Gremlin Nob","ascension_level":20}}