{"host":"52m1o8iwwagurbjs","time":1612489625,"event":{"mods":["AchievementEnabler","BaseMod","Bestiary","Challenge The Spire","Colored Powertips","GifTheSpireLib","Minty Spire (QoL Compilation)","Quick Restart","Relic Stats","StSLib"],"gold_per_floor":[113,129,142,142,18,51,61,96,96,121,148,148,174,184,184,286,286,300,319,244,260,260,287,287,300,382,397,425,425,456,468,468,563,563,580,580,580,630,648,648,683,701,752,766,766,786,786,786],"floor_reached":47,"language":"ENG","playtime":2610,"items_purged":["Strike_G"],"score":627,"play_id":"586096e8-46a6-4edf-bb88-e2107e8e368b","local_time":"20210204204705","is_ascension_mode":true,"campfire_choices":[{"data":"Footwork","floor":12.0,"key":"SMITH"},{"data":"Envenom","floor":15.0,"key":"SMITH"},{"floor":24.0,"key":"REST"},{"data":"Noxious Fumes","floor":29,"key":"SMITH"},{"floor":32,"key":"REST"},{"floor":40,"key":"RECALL"}],"circlet_count":0,"master_deck":["Strike_G","Defend_G","Defend_G","Defend_G","Defend_G","Survivor","Neutralize","Glass Knife+1","Deadly Poison","Dash","Dodge and Roll","Dagger Throw","PiercingWail","Deflect","Footwork+1","Envenom+1","Dagger Spray","Noxious Fumes+1","Escape Plan","PiercingWail","Acrobatics+1","Backflip","Tools of the Trade","Blur","Burst","Well Laid Plans+1","A Thousand Cuts","Catalyst+1","Deadly Poison+1"],"relics":["Ring of the Snake","Nunchaku","Ancient Tea Set","Ninja Scroll","Odd Mushroom","Paper Crane","Toy Ornithopter","Empty Cage","Omamori","Vajra","Bottled Flame","HoveringKite","Smiling Mask","Pocketwatch","Strawberry","Potion Belt"],"acts_visited":["Exordium","TheCity","TheBeyond"],"potions_floor_usage":[27,28,30,30,33,33,41,42],"damage_taken":[{"damage":0.0,"enemies":"Jaw Worm","floor":1.0,"turns":3.0},{"damage":0.0,"enemies":"Small Slimes","floor":2.0,"turns":3.0},{"damage":0.0,"enemies":"2 Louse","floor":3.0,"turns":2.0},{"damage":16.0,"enemies":"Lagavulin","floor":6.0,"turns":5.0},{"damage":0.0,"enemies":"Looter","floor":7.0,"turns":2.0},{"damage":4.0,"enemies":"Gremlin Nob","floor":8.0,"turns":4.0},{"damage":0.0,"enemies":"The Mushroom Lair","floor":10.0,"turns":4.0},{"damage":0.0,"enemies":"Lagavulin","floor":11.0,"turns":8.0},{"damage":4.0,"enemies":"Gremlin Nob","floor":13.0,"turns":3.0},{"damage":0.0,"enemies":"Exordium Wildlife","floor":14.0,"turns":4.0},{"damage":4.0,"enemies":"The Guardian","floor":16.0,"turns":9.0},{"damage":9.0,"enemies":"Shell Parasite","floor":18.0,"turns":4.0},{"damage":8.0,"enemies":"Spheric Guardian","floor":19.0,"turns":6.0},{"damage":12.0,"enemies":"Cultist and Chosen","floor":21.0,"turns":7.0},{"damage":16.0,"enemies":"Gremlin Leader","floor":23.0,"turns":6.0},{"damage":4.0,"enemies":"Shelled Parasite and Fungi","floor":25.0,"turns":7.0},{"damage":11,"enemies":"Snecko","floor":27,"turns":5},{"damage":10,"enemies":"Slavers","floor":28,"turns":7},{"damage":14,"enemies":"Gremlin Leader","floor":30,"turns":6},{"damage":4,"enemies":"Snake Plant","floor":31,"turns":8},{"damage":13,"enemies":"Automaton","floor":33,"turns":13},{"damage":34,"enemies":"Orb Walker","floor":35,"turns":5},{"damage":1,"enemies":"Mind Bloom Boss Battle","floor":38,"turns":9},{"damage":0,"enemies":"3 Darklings","floor":39,"turns":5},{"damage":36,"enemies":"Reptomancer","floor":41,"turns":7},{"damage":0,"enemies":"Transient","floor":42,"turns":5},{"damage":9,"enemies":"4 Shapes","floor":44,"turns":7},{"damage":23,"enemies":"3 Darklings","floor":46,"turns":5},{"damage":22,"enemies":"Giant Head","floor":47,"turns":7}],"seed_played":"1758803755244927105","potions_obtained":[{"floor":2.0,"key":"FearPotion"},{"floor":3.0,"key":"Block Potion"},{"floor":8.0,"key":"DistilledChaos"},{"floor":13.0,"key":"Strength Potion"},{"floor":16.0,"key":"ColorlessPotion"},{"floor":19.0,"key":"SneckoOil"},{"floor":25.0,"key":"AttackPotion"},{"floor":28,"key":"EntropicBrew"},{"floor":31,"key":"Ancient Potion"},{"floor":38,"key":"SpeedPotion"},{"floor":41,"key":"FairyPotion"}],"is_trial":false,"path_per_floor":["M","M","M","?","$","E","M","E","T","?","E","R","E","M","R","B",null,"M","M","?","M","?","E","R","M","T","M","E","R","E","M","R","B",null,"M","?","T","?","M","R","E","M","T","M","?","M","E"],"character_chosen":"THE_SILENT","items_purchased":["Dagger Throw"],"campfire_rested":2,"item_purchase_floors":[5],"current_hp_per_floor":[49,49,49,49,49,33,33,29,29,29,29,29,25,25,25,26,70,61,53,53,41,41,30,51,47,47,41,36,36,32,28,49,46,70,36,36,36,35,35,35,11,16,16,7,7,7,0,0],"gold":786,"neow_bonus":"THREE_RARE_CARDS","is_daily":false,"chose_seed":false,"campfire_upgraded":3,"win_rate":0.0,"timestamp":1612489625,"path_taken":["M","M","M","?","$","E","M","E","T","?","E","R","E","M","R","BOSS","M","M","?","M","?","E","R","M","T","M","E","R","E","?","R","BOSS","M","?","?","?","M","R","E","M","T","?","?","M","E"],"items_purchased_type":["Card"],"build_version":"2020-12-22","purchased_purges":1,"victory":false,"max_hp_per_floor":[70,70,70,70,70,70,70,70,70,70,70,70,70,70,70,70,70,70,70,70,70,70,70,70,70,70,70,70,70,70,70,70,70,70,70,70,70,70,70,70,77,77,77,77,77,77,77,77],"relic_stats":{"Nunchaku":[24],"counters":[29,166],"HoveringKite":[31],"Smiling Mask":0,"obtain_stats":[{"Potion Belt":43,"Vajra":28,"HoveringKite":34,"Omamori":23,"Odd Mushroom":10,"Paper Crane":11,"Ancient Tea Set":8,"Empty Cage":17,"Smiling Mask":37,"Nunchaku":6,"Bottled Flame":30,"Ninja Scroll":9,"Strawberry":41,"Toy Ornithopter":13,"Ring of the Snake":0,"Pocketwatch":38},{"Potion Belt":26,"Vajra":18,"HoveringKite":21,"Omamori":15,"Odd Mushroom":7,"Paper Crane":8,"Ancient Tea Set":6,"Empty Cage":11,"Smiling Mask":22,"Nunchaku":4,"Bottled Flame":19,"Ninja Scroll":6,"Strawberry":25,"Toy Ornithopter":9,"Ring of the Snake":0,"Pocketwatch":23},{"Potion Belt":147,"Vajra":89,"HoveringKite":116,"Omamori":70,"Odd Mushroom":23,"Paper Crane":31,"Ancient Tea Set":19,"Empty Cage":47,"Smiling Mask":121,"Nunchaku":13,"Bottled Flame":95,"Ninja Scroll":19,"Strawberry":142,"Toy Ornithopter":34,"Ring of the Snake":0,"Pocketwatch":130}],"Toy Ornithopter":50,"Ring of the Snake":[58],"Pocketwatch":[30]},"card_choices":[{"not_picked":["Grand Finale","Wraith Form v2"],"picked":"Glass Knife","floor":0.0},{"not_picked":["Poisoned Stab","Predator"],"picked":"Deadly Poison","floor":1.0},{"not_picked":["Deadly Poison","Escape Plan"],"picked":"Dash","floor":2.0},{"not_picked":["Heel Hook","Cloak And Dagger"],"picked":"Dodge and Roll","floor":3.0},{"not_picked":["Dagger Throw","Acrobatics"],"picked":"PiercingWail","floor":6.0},{"not_picked":["Flying Knee","Quick Slash"],"picked":"Deflect","floor":7.0},{"not_picked":["Leg Sweep","Calculated Gamble"],"picked":"Footwork","floor":8.0},{"not_picked":["Cloak And Dagger","Heel Hook"],"picked":"Envenom","floor":10.0},{"not_picked":["Backflip","Cloak And Dagger"],"picked":"Dagger Spray","floor":11.0},{"not_picked":["Deflect","Distraction"],"picked":"Noxious Fumes","floor":13.0},{"not_picked":["Quick Slash","Accuracy"],"picked":"Escape Plan","floor":14.0},{"not_picked":["Flying Knee+1","Bane"],"picked":"PiercingWail","floor":18.0},{"not_picked":["Deadly Poison","Quick Slash"],"picked":"Acrobatics+1","floor":19.0},{"not_picked":["Flying Knee","Eviscerate+1"],"picked":"Backflip","floor":21.0},{"not_picked":["Sucker Punch","Eviscerate"],"picked":"Tools of the Trade","floor":23.0},{"not_picked":["Outmaneuver","PiercingWail","Infinite Blades"],"picked":"SKIP","floor":25.0},{"not_picked":["Dodge and Roll","PiercingWail"],"picked":"Blur","floor":27},{"not_picked":["Skewer+1","Blur"],"picked":"Burst","floor":28},{"not_picked":["Tactician","Dagger Spray","Riddle With Holes"],"picked":"SKIP","floor":30},{"not_picked":["Tactician","Dagger Spray","Riddle With Holes"],"picked":"SKIP","floor":30},{"not_picked":["Reflex+1","Eviscerate"],"picked":"Well Laid Plans+1","floor":31},{"not_picked":["Tools of the Trade","Venomology"],"picked":"A Thousand Cuts","floor":33},{"not_picked":["Backflip","Dodge and Roll","Poisoned Stab"],"picked":"SKIP","floor":35},{"not_picked":["Quick Slash+1","Flying Knee+1"],"picked":"Catalyst+1","floor":38},{"not_picked":["Backflip+1","Eviscerate","Flechettes"],"picked":"SKIP","floor":39},{"not_picked":["Heel Hook+1","Deflect+1","Choke"],"picked":"SKIP","floor":41},{"not_picked":["Concentrate+1","Slice"],"picked":"Deadly Poison+1","floor":42},{"not_picked":["Reflex","Noxious Fumes","PiercingWail"],"picked":"SKIP","floor":44},{"not_picked":["Cloak And Dagger+1","Blade Dance+1","Flying Knee+1"],"picked":"SKIP","floor":46}],"player_experience":1307323,"relics_obtained":[{"floor":6.0,"key":"Nunchaku"},{"floor":8.0,"key":"Ancient Tea Set"},{"floor":9.0,"key":"Ninja Scroll"},{"floor":10.0,"key":"Odd Mushroom"},{"floor":11.0,"key":"Paper Crane"},{"floor":13.0,"key":"Toy Ornithopter"},{"floor":23.0,"key":"Omamori"},{"floor":28,"key":"Vajra"},{"floor":30,"key":"Bottled Flame"},{"floor":37,"key":"Smiling Mask"},{"floor":38,"key":"Pocketwatch"},{"floor":41,"key":"Strawberry"},{"floor":43,"key":"Potion Belt"}],"event_choices":[{"damage_healed":0.0,"max_hp_gain":0.0,"max_hp_loss":0.0,"gold_gain":0.0,"event_name":"Living Wall","player_choice":"Grow","floor":4.0,"gold_loss":0.0,"damage_taken":0.0,"cards_upgraded":["Glass Knife"]},{"damage_healed":0.0,"max_hp_gain":0.0,"max_hp_loss":0.0,"gold_gain":0.0,"event_name":"Mushrooms","player_choice":"Fought Mushrooms","floor":10.0,"gold_loss":0.0,"damage_taken":0.0},{"cards_removed":["Strike_G"],"damage_healed":0.0,"max_hp_gain":0.0,"max_hp_loss":0.0,"gold_gain":0.0,"event_name":"Beggar","player_choice":"Gave Gold","floor":20.0,"gold_loss":75.0,"damage_taken":0.0},{"damage_healed":0.0,"max_hp_gain":0.0,"max_hp_loss":0.0,"gold_gain":0.0,"event_name":"Vampires","player_choice":"Ignored","floor":22.0,"gold_loss":0.0,"damage_taken":0.0},{"cards_removed":["Defend_G"],"damage_healed":0,"gold_gain":0,"player_choice":"Removed Skill","damage_taken":0,"max_hp_gain":0,"max_hp_loss":0,"event_name":"Falling","floor":36,"gold_loss":0},{"damage_healed":0,"gold_gain":0,"player_choice":"Fight","damage_taken":0,"max_hp_gain":0,"max_hp_loss":0,"event_name":"MindBloom","floor":38,"gold_loss":0},{"damage_healed":0,"gold_gain":0,"player_choice":"Ignored","damage_taken":0,"max_hp_gain":0,"max_hp_loss":0,"event_name":"Mysterious Sphere","floor":45,"gold_loss":0}],"is_beta":false,"boss_relics":[{"not_picked":["Snecko Eye","Velvet Choker"],"picked":"Empty Cage"},{"not_picked":["Ring of the Serpent","Busted Crown"],"picked":"HoveringKite"}],"items_purged_floors":[5],"is_endless":false,"potions_floor_spawned":[2,3,8,13,16,19,25,28,31,38,41],"killed_by":"Giant Head","ascension_level":1}}