{"host":"3r0rstuivtslg15m","time":1612537481,"event":{"mods":["AchievementEnabler","BaseMod","Colored Map","DeckTracker","Minty Spire (QoL Compilation)","Permanent Neow","StSLib","SuperFastMode"],"gold_per_floor":[119,194,214,228,242,273,273,164,164,164,182,182,212,223,223,325,325,337,351,366,266,277,301,481,501,501,501,426,301,301,315,315,412,412,431,202,215,215,40,74,74,89,89,109,137,154,183,196,196,196],"floor_reached":51,"language":"KOR","playtime":1297,"items_purged":["Strike_R","Strike_R","Strike_R","Strike_R","Defend_R"],"score":801,"play_id":"b3519613-4bf9-4df4-bd16-a4410e626e0b","local_time":"20210206000441","is_ascension_mode":false,"campfire_choices":[{"data":"Uppercut","floor":7.0,"key":"SMITH"},{"data":"Rampage","floor":10.0,"key":"SMITH"},{"data":"True Grit","floor":12.0,"key":"SMITH"},{"data":"Headbutt","floor":15.0,"key":"SMITH"},{"data":"Intimidate","floor":27,"key":"SMITH"},{"data":"Feel No Pain","floor":32,"key":"SMITH"},{"data":"Madness","floor":41,"key":"SMITH"},{"data":"Double Tap","floor":49,"key":"SMITH"}],"circlet_count":0,"master_deck":["Defend_R","Defend_R","Defend_R","Bash","Uppercut+1","Rampage+1","Shrug It Off","Pommel Strike","Feel No Pain+1","True Grit+1","Second Wind","Headbutt+1","Corruption","Warcry+1","Intimidate+1","Shrug It Off+1","Double Tap+1","Madness+1","Madness","Battle Trance"],"relics":["Burning Blood","Bronze Scales","Anchor","Paper Frog","Sozu","Strawberry","Blood Vial","Philosopher\u0027s Stone","Ice Cream","Shuriken","Lizard Tail","Orichalcum"],"acts_visited":["Exordium","TheCity","TheBeyond"],"potions_floor_usage":[33],"damage_taken":[{"damage":6.0,"enemies":"Cultist","floor":1.0,"turns":3.0},{"damage":0.0,"enemies":"2 Louse","floor":3.0,"turns":2.0},{"damage":8.0,"enemies":"Jaw Worm","floor":4.0,"turns":2.0},{"damage":16.0,"enemies":"Exordium Thugs","floor":5.0,"turns":4.0},{"damage":28.0,"enemies":"3 Sentries","floor":6.0,"turns":8.0},{"damage":3.0,"enemies":"3 Louse","floor":11.0,"turns":2.0},{"damage":9.0,"enemies":"Lagavulin","floor":13.0,"turns":7.0},{"damage":0.0,"enemies":"Blue Slaver","floor":14.0,"turns":2.0},{"damage":32.0,"enemies":"The Guardian","floor":16.0,"turns":8.0},{"damage":5.0,"enemies":"Chosen","floor":18.0,"turns":5.0},{"damage":16,"enemies":"3 Byrds","floor":19,"turns":4},{"damage":7,"enemies":"3 Cultists","floor":20,"turns":5},{"damage":0,"enemies":"Shelled Parasite and Fungi","floor":22,"turns":6},{"damage":7,"enemies":"Snake Plant","floor":25,"turns":3},{"damage":7,"enemies":"Cultist and Chosen","floor":31,"turns":8},{"damage":31,"enemies":"Champ","floor":33,"turns":8},{"damage":11,"enemies":"3 Darklings","floor":35,"turns":6},{"damage":1,"enemies":"Orb Walker","floor":37,"turns":3},{"damage":26,"enemies":"Nemesis","floor":40,"turns":7},{"damage":15,"enemies":"Sphere and 2 Shapes","floor":42,"turns":7},{"damage":0,"enemies":"Transient","floor":44,"turns":5},{"damage":10,"enemies":"Giant Head","floor":45,"turns":7},{"damage":0,"enemies":"4 Shapes","floor":46,"turns":8},{"damage":0,"enemies":"Nemesis","floor":47,"turns":5},{"damage":10,"enemies":"Sphere and 2 Shapes","floor":48,"turns":6},{"damage":48,"enemies":"Awakened One","floor":50,"turns":7}],"seed_played":"-3187829773188137642","potions_obtained":[{"floor":1.0,"key":"FairyPotion"},{"floor":4.0,"key":"SteroidPotion"},{"floor":6.0,"key":"Fire Potion"},{"floor":11.0,"key":"DistilledChaos"}],"is_trial":false,"path_per_floor":["M","?","M","M","M","E","R","$","T","R","M","R","E","M","R","B",null,"M","M","M","$","M","T","?","M","T","R","?","$","?","M","R","B",null,"M","$","M","?","$","E","R","M","T","M","E","M","E","M","R","B",null],"character_chosen":"IRONCLAD","items_purchased":["Feel No Pain","Double Tap"],"campfire_rested":0,"item_purchase_floors":[8,36],"current_hp_per_floor":[80,72,78,76,66,44,44,44,44,44,47,47,44,50,50,24,80,80,70,69,69,75,82,63,62,62,62,62,62,62,63,63,40,87,82,82,87,76,76,58,58,51,51,59,57,65,73,71,71,31],"gold":196,"neow_bonus":"","is_daily":false,"chose_seed":false,"campfire_upgraded":8,"win_rate":0.0,"timestamp":1612537481,"path_taken":["M","?","M","M","M","E","R","$","T","R","M","R","E","M","R","BOSS","M","M","?","$","M","?","?","?","T","R","?","?","?","?","R","BOSS","M","$","M","?","$","E","R","M","T","M","E","M","E","M","R","BOSS"],"items_purchased_type":["Card","Card"],"build_version":"2020-12-22","purchased_purges":5,"victory":true,"max_hp_per_floor":[80,80,80,80,80,80,80,80,80,80,80,80,80,80,80,80,80,80,80,80,80,80,87,87,87,87,87,87,87,87,87,87,87,87,87,87,87,87,87,87,87,87,87,87,87,87,87,87,87,87],"card_choices":[{"not_picked":["Clash","Reckless Charge"],"picked":"Uppercut","floor":1.0},{"not_picked":["Combust","Iron Wave"],"picked":"Rampage","floor":3.0},{"not_picked":["Anger","Pummel"],"picked":"Shrug It Off","floor":4.0},{"not_picked":["Thunderclap","Body Slam"],"picked":"Pommel Strike","floor":5.0},{"not_picked":["Reaper","Armaments","Entrench"],"picked":"SKIP","floor":6.0},{"not_picked":["Fire Breathing","Armaments"],"picked":"True Grit","floor":11.0},{"not_picked":["Twin Strike","Infernal Blade"],"picked":"Second Wind","floor":13.0},{"not_picked":["Perfected Strike","Anger"],"picked":"Headbutt","floor":14.0},{"not_picked":["Fiend Fire","Bludgeon"],"picked":"Corruption","floor":16.0},{"not_picked":["Dropkick","Rampage+1","True Grit"],"picked":"SKIP","floor":18},{"not_picked":["Rage","Hemokinesis"],"picked":"Warcry+1","floor":19},{"not_picked":["Combust","Searing Blow"],"picked":"Intimidate","floor":20},{"not_picked":["Rampage","Inflame","Flex"],"picked":"SKIP","floor":22},{"not_picked":["Thunderclap","Warcry+1","Flame Barrier+1"],"picked":"SKIP","floor":25},{"not_picked":["Inflame","Sword Boomerang","Iron Wave"],"picked":"SKIP","floor":31},{"not_picked":["Warcry+1","Perfected Strike"],"picked":"Shrug It Off+1","floor":35},{"not_picked":["Thunderclap","Ghostly Armor+1","True Grit"],"picked":"SKIP","floor":37},{"not_picked":["Iron Wave","Cleave+1","Corruption"],"picked":"SKIP","floor":40},{"not_picked":["Cleave","Warcry+1","Entrench"],"picked":"SKIP","floor":42},{"not_picked":["Hemokinesis+1","Twin Strike+1","Flex"],"picked":"SKIP","floor":44},{"not_picked":["Searing Blow","Blood for Blood+1","Demon Form"],"picked":"SKIP","floor":45},{"not_picked":["Thunderclap","Iron Wave"],"picked":"Battle Trance","floor":46},{"not_picked":["Cleave+1","Dual Wield+1","Armaments"],"picked":"SKIP","floor":47},{"not_picked":["Uppercut+1","Flex","Armaments"],"picked":"SKIP","floor":48}],"player_experience":0,"relics_obtained":[{"floor":6.0,"key":"Bronze Scales"},{"floor":9.0,"key":"Anchor"},{"floor":13.0,"key":"Paper Frog"},{"floor":23,"key":"Strawberry"},{"floor":26,"key":"Blood Vial"},{"floor":40,"key":"Ice Cream"},{"floor":43,"key":"Shuriken"},{"floor":45,"key":"Lizard Tail"},{"floor":47,"key":"Orichalcum"}],"event_choices":[{"damage_healed":0.0,"max_hp_gain":0.0,"max_hp_loss":0.0,"gold_gain":75.0,"event_name":"FaceTrader","player_choice":"Touch","floor":2.0,"gold_loss":0.0,"damage_taken":8.0},{"damage_healed":0,"gold_gain":180,"player_choice":"GOLD GOLD ","damage_taken":19,"max_hp_gain":0,"max_hp_loss":0,"event_name":"Knowing Skull","floor":24,"potions_obtained":[],"gold_loss":0,"cards_obtained":[]},{"cards_removed":["Strike_R"],"damage_healed":0,"gold_gain":0,"player_choice":"Gave Gold","damage_taken":0,"max_hp_gain":0,"max_hp_loss":0,"event_name":"Beggar","floor":28,"gold_loss":75},{"damage_healed":0,"gold_gain":0,"player_choice":"Ignored","damage_taken":0,"max_hp_gain":0,"max_hp_loss":0,"event_name":"NoteForYourself","floor":30,"gold_loss":0},{"damage_healed":0,"gold_gain":0,"player_choice":"Embrace Madness","damage_taken":11,"max_hp_gain":0,"max_hp_loss":0,"event_name":"Winding Halls","floor":38,"gold_loss":0,"cards_obtained":["Madness","Madness"]}],"is_beta":false,"boss_relics":[{"not_picked":["Runic Pyramid","Mark of Pain"],"picked":"Sozu"},{"not_picked":["Coffee Dripper","Velvet Choker"],"picked":"Philosopher\u0027s Stone"}],"items_purged_floors":[8,21,29,36,39],"is_endless":false,"potions_floor_spawned":[1,4,6,11,18,20,33,42,44,47],"ascension_level":0}}