{"host":"4eao2pkwlmv012cz","time":1612509468,"event":{"mods":["BaseMod","Colored Powertips","Minty Spire (QoL Compilation)","Permanent Neow","Quick Restart","Random Character Button","StSLib"],"gold_per_floor":[116,116,129,146,165,165,200,200,200,231,231,231,250,280,280,358,358,358,32,49,49,49,49,78,78,78,28,28,48,73,91,91,91,91],"floor_reached":33,"language":"ENG","playtime":1077,"items_purged":["Strike_B","Strike_B"],"score":655,"play_id":"17f2cfe8-f76e-4ee3-b056-5b65e6665aeb","local_time":"20210205021748","is_ascension_mode":true,"campfire_choices":[{"data":"Redo","floor":6,"key":"SMITH"},{"floor":8,"key":"REST"},{"data":"Zap","floor":11,"key":"SMITH"},{"data":"Defragment","floor":15,"key":"SMITH"},{"data":"Rip and Tear","floor":23,"key":"SMITH"},{"data":"Undo","floor":25,"key":"SMITH"},{"data":"All For One","floor":28,"key":"SMITH"},{"data":"Creative AI","floor":32,"key":"SMITH"}],"circlet_count":0,"master_deck":["AscendersBane","Defend_B","Defend_B","Defend_B","Zap+1","Dualcast","Rip and Tear+1","Rainbow+1","Redo+1","Ball Lightning","Leap","Chill","White Noise","Compile Driver","Defragment+1","Undo+1","Core Surge","Capacitor","White Noise","All For One+1","Heatsinks+1","FTL","Ball Lightning+1","Creative AI+1"],"relics":["Cracked Core","Meat on the Bone","Dead Branch","Du-Vu Doll","Spirit Poop","Tiny Chest","Black Star","Membership Card","Incense Burner","Singing Bowl","Letter Opener","Blue Candle","Torii"],"acts_visited":["Exordium","TheCity"],"potions_floor_usage":[14,14,18,24,30],"damage_taken":[{"damage":0,"enemies":"Small Slimes","floor":1,"turns":2},{"damage":11,"enemies":"2 Louse","floor":3,"turns":2},{"damage":4,"enemies":"Cultist","floor":4,"turns":3},{"damage":5,"enemies":"Large Slime","floor":5,"turns":5},{"damage":26,"enemies":"Lagavulin","floor":7,"turns":4},{"damage":25,"enemies":"Gremlin Nob","floor":10,"turns":4},{"damage":0,"enemies":"2 Fungi Beasts","floor":13,"turns":2},{"damage":0,"enemies":"3 Sentries","floor":14,"turns":6},{"damage":7,"enemies":"Slime Boss","floor":16,"turns":8},{"damage":0,"enemies":"Shell Parasite","floor":18,"turns":1},{"damage":2,"enemies":"Spheric Guardian","floor":20,"turns":3},{"damage":28,"enemies":"Slavers","floor":24,"turns":6},{"damage":1,"enemies":"Centurion and Healer","floor":29,"turns":4},{"damage":25,"enemies":"Gremlin Leader","floor":30,"turns":7},{"damage":8,"enemies":"Chosen and Byrds","floor":31,"turns":5},{"damage":43,"enemies":"Collector","floor":33,"turns":6}],"seed_played":"-4081505771964295300","potions_obtained":[{"floor":3,"key":"SmokeBomb"},{"floor":10,"key":"EntropicBrew"},{"floor":16,"key":"Explosive Potion"},{"floor":24,"key":"FocusPotion"}],"is_trial":false,"path_per_floor":["M","?","M","M","M","R","E","R","T","E","R","?","M","E","R","B",null,"M","$","M","?","?","R","E","R","T","$","R","M","E","M","R","B"],"character_chosen":"DEFECT","items_purchased":["Membership Card","Capacitor","White Noise","All For One"],"campfire_rested":1,"item_purchase_floors":[19,19,19,19],"current_hp_per_floor":[64,64,53,49,44,44,18,39,39,26,26,26,38,38,38,43,64,64,64,62,62,62,62,46,46,46,46,46,45,32,38,38,0,0],"gold":91,"neow_bonus":"TRANSFORM_TWO_CARDS","is_daily":false,"chose_seed":false,"campfire_upgraded":7,"win_rate":0.0,"timestamp":1612509468,"path_taken":["M","?","M","M","M","R","E","R","T","E","R","?","M","E","R","BOSS","M","$","M","?","?","R","E","R","T","$","R","M","E","M","R","BOSS"],"items_purchased_type":["Relic","Card","Card","Card"],"build_version":"2020-12-22","purchased_purges":2,"victory":false,"max_hp_per_floor":[71,71,71,71,71,71,71,71,71,71,71,71,71,71,71,71,71,71,71,71,71,71,71,71,71,71,71,71,71,71,73,73,73,73],"card_choices":[{"not_picked":["Consume","Coolheaded"],"picked":"Redo","floor":1},{"not_picked":["Self Repair","Sweeping Beam"],"picked":"Ball Lightning","floor":3},{"not_picked":["Redo","Aggregate"],"picked":"Leap","floor":4},{"not_picked":["Lockon","Storm"],"picked":"Chill","floor":5},{"not_picked":["Double Energy","Go for the Eyes"],"picked":"White Noise","floor":7},{"not_picked":["Ball Lightning","Turbo"],"picked":"Compile Driver","floor":10},{"not_picked":["FTL","Blizzard"],"picked":"Defragment","floor":13},{"not_picked":["Barrage","Beam Cell"],"picked":"Undo","floor":14},{"not_picked":["Fission","Thunder Strike"],"picked":"Core Surge","floor":16},{"not_picked":["Sweeping Beam","Compile Driver"],"picked":"Heatsinks+1","floor":20},{"not_picked":["Beam Cell","Recycle"],"picked":"FTL","floor":24},{"not_picked":["Self Repair","Conserve Battery"],"picked":"Ball Lightning+1","floor":29},{"not_picked":["Gash","Stack"],"picked":"Creative AI","floor":30},{"not_picked":["Reprogram","Hologram","Auto Shields"],"picked":"Singing Bowl","floor":31}],"player_experience":2881747,"relics_obtained":[{"floor":7,"key":"Meat on the Bone"},{"floor":9,"key":"Dead Branch"},{"floor":10,"key":"Du-Vu Doll"},{"floor":14,"key":"Tiny Chest"},{"floor":24,"key":"Incense Burner"},{"floor":24,"key":"Singing Bowl"},{"floor":26,"key":"Letter Opener"},{"floor":30,"key":"Blue Candle"},{"floor":30,"key":"Torii"}],"event_choices":[{"damage_healed":0,"gold_gain":0,"player_choice":"Grow","damage_taken":0,"max_hp_gain":0,"max_hp_loss":0,"event_name":"Living Wall","floor":2,"gold_loss":0,"cards_upgraded":["Rainbow"]},{"cards_removed":["Shame"],"damage_healed":0,"gold_gain":0,"player_choice":"Offered Curse","damage_taken":0,"relics_obtained":["Spirit Poop"],"max_hp_gain":0,"max_hp_loss":0,"event_name":"Bonfire Elementals","floor":12,"gold_loss":0},{"damage_healed":0,"gold_gain":0,"player_choice":"Ignored","damage_taken":0,"max_hp_gain":0,"max_hp_loss":0,"event_name":"Vampires","floor":21,"gold_loss":0},{"cards_removed":["Strike_B"],"damage_healed":0,"gold_gain":0,"player_choice":"Elegance","damage_taken":0,"max_hp_gain":0,"max_hp_loss":0,"event_name":"Back to Basics","floor":22,"gold_loss":0}],"is_beta":false,"boss_relics":[{"not_picked":["Nuclear Battery","Runic Dome"],"picked":"Black Star"}],"items_purged_floors":[19,27],"is_endless":false,"potions_floor_spawned":[3,10,16,18,24],"killed_by":"Collector","ascension_level":20}}