{"host":"6wux4armhsntp4yb","time":1612517063,"event":{"mods":["BaseMod","Colored Map","DeckTracker","Minty Spire (QoL Compilation)","Relic Stats"],"gold_per_floor":[17,17,17,17,36,36,36,67,67,111,136,136,136,161,161,264,264,297,342,364,364,109,109,157,157,191,248,248,276,276,276],"floor_reached":30,"language":"JPN","playtime":1738,"items_purged":[],"score":533,"play_id":"bc6829c9-dbf3-4ca1-a592-8e6df272aeee","local_time":"20210205182423","is_ascension_mode":true,"campfire_choices":[{"data":"Slice","floor":6.0,"key":"SMITH"},{"data":"Footwork","floor":7.0,"key":"SMITH"},{"floor":13.0,"key":"REST"},{"data":"Envenom","floor":15.0,"key":"SMITH"},{"data":"A Thousand Cuts","floor":23.0,"key":"SMITH"},{"data":"Crippling Poison","floor":25,"key":"SMITH"},{"data":"Finisher","floor":28,"key":"SMITH"}],"circlet_count":0,"master_deck":["AscendersBane","Defend_G","Defend_G","Defend_G","Defend_G","Defend_G","Survivor","Neutralize+1","Slice+1","Footwork+1","Finisher+1","Envenom+1","Flechettes","Predator","A Thousand Cuts+1","Deflect","Bite","Bite","Bite","Bite","Bite","Endless Agony","Crippling Poison+1","Normality","Decay","Backflip"],"relics":["Ring of the Snake","WingedGreaves","Golden Idol","Boot","HornCleat","CeramicFish","Bag of Preparation","Cursed Key","Snake Skull","Ancient Tea Set","Potion Belt"],"acts_visited":["Exordium","TheCity"],"potions_floor_usage":[24,30],"damage_taken":[{"damage":7.0,"enemies":"Small Slimes","floor":1.0,"turns":5.0},{"damage":5.0,"enemies":"Jaw Worm","floor":5.0,"turns":4.0},{"damage":23.0,"enemies":"3 Sentries","floor":8.0,"turns":15.0},{"damage":13.0,"enemies":"Lagavulin","floor":10.0,"turns":9.0},{"damage":0.0,"enemies":"2 Louse","floor":11.0,"turns":3.0},{"damage":1.0,"enemies":"Blue Slaver","floor":14.0,"turns":4.0},{"damage":15.0,"enemies":"Hexaghost","floor":16.0,"turns":9.0},{"damage":25.0,"enemies":"2 Thieves","floor":18.0,"turns":5.0},{"damage":16.0,"enemies":"Shell Parasite","floor":20.0,"turns":7.0},{"damage":15,"enemies":"Slavers","floor":24,"turns":5},{"damage":22,"enemies":"Snake Plant","floor":29,"turns":5},{"damage":23,"enemies":"Book of Stabbing","floor":30,"turns":4}],"seed_played":"-6852683504226245549","potions_obtained":[{"floor":5.0,"key":"Block Potion"},{"floor":8.0,"key":"Swift Potion"},{"floor":10.0,"key":"LiquidBronze"},{"floor":11.0,"key":"Regen Potion"},{"floor":29,"key":"Ancient Potion"}],"is_trial":false,"path_per_floor":["M","?","?","?","M","R","R","E","T","E","M","?","R","M","R","B",null,"M","?","M","?","$","R","E","R","T","T","R","M","E"],"character_chosen":"THE_SILENT","items_purchased":["Snake Skull","LiquidMemories"],"campfire_rested":1,"item_purchase_floors":[22,22],"current_hp_per_floor":[52,52,52,52,47,47,47,24,24,11,11,6,24,35,35,20,50,25,25,25,25,25,25,24,24,24,24,24,12,0,0],"gold":276,"neow_bonus":"ONE_RARE_RELIC","is_daily":false,"chose_seed":false,"campfire_upgraded":6,"win_rate":0.0,"timestamp":1612517063,"path_taken":["M","?","?","?","M","R","R","E","T","E","M","?","R","M","R","BOSS","M","?","M","?","$","R","E","R","T","?","R","?","E"],"items_purchased_type":["Relic","Potion"],"build_version":"2020-12-22","purchased_purges":0,"victory":false,"max_hp_per_floor":[66,60,60,60,60,60,60,60,60,60,60,60,60,60,60,60,60,60,42,42,42,42,42,42,42,42,42,42,42,42,42],"relic_stats":{"counters":[12,75],"Golden Idol":62,"CeramicFish":135,"Snake Skull":[35],"Bag of Preparation":[14],"Boot":[57],"Cursed Key":2,"obtain_stats":[{"Potion Belt":26,"HornCleat":9,"Golden Idol":2,"CeramicFish":10,"WingedGreaves":0,"Snake Skull":22,"Bag of Preparation":12,"Boot":8,"Cursed Key":17,"Ancient Tea Set":24,"Ring of the Snake":0},{"Potion Belt":10,"HornCleat":3,"Golden Idol":1,"CeramicFish":4,"WingedGreaves":0,"Snake Skull":9,"Bag of Preparation":5,"Boot":3,"Cursed Key":7,"Ancient Tea Set":10,"Ring of the Snake":0},{"Potion Belt":66,"HornCleat":24,"Golden Idol":5,"CeramicFish":33,"WingedGreaves":0,"Snake Skull":61,"Bag of Preparation":36,"Boot":24,"Cursed Key":49,"Ancient Tea Set":66,"Ring of the Snake":0}],"Ring of the Snake":[25]},"card_choices":[{"not_picked":["Reflex","Tactician"],"picked":"Slice","floor":1.0},{"not_picked":["Accuracy","Slice"],"picked":"Footwork","floor":5.0},{"not_picked":["Outmaneuver","Blade Dance"],"picked":"Finisher","floor":8.0},{"not_picked":["Heel Hook","Escape Plan"],"picked":"Envenom","floor":10.0},{"not_picked":["Escape Plan","Bane"],"picked":"Flechettes","floor":11.0},{"not_picked":["Deadly Poison","All Out Attack"],"picked":"Predator","floor":14.0},{"not_picked":["Burst","Night Terror"],"picked":"A Thousand Cuts","floor":16.0},{"not_picked":["Poisoned Stab","Bane"],"picked":"Deflect","floor":18.0},{"not_picked":["Concentrate","Eviscerate"],"picked":"Endless Agony","floor":20.0},{"not_picked":["Acrobatics","Expertise+1"],"picked":"Crippling Poison","floor":24},{"not_picked":["Caltrops","Deflect"],"picked":"Backflip","floor":29}],"player_experience":5851816,"relics_obtained":[{"floor":8.0,"key":"Boot"},{"floor":9.0,"key":"HornCleat"},{"floor":10.0,"key":"CeramicFish"},{"floor":24,"key":"Ancient Tea Set"},{"floor":26,"key":"Potion Belt"}],"event_choices":[{"damage_healed":0.0,"max_hp_gain":0.0,"max_hp_loss":6.0,"gold_gain":0.0,"event_name":"Golden Idol","player_choice":"Lose Max HP","floor":2.0,"gold_loss":0.0,"damage_taken":0.0,"relics_obtained":["Golden Idol"]},{"damage_healed":0.0,"max_hp_gain":0.0,"max_hp_loss":0.0,"gold_gain":0.0,"event_name":"Living Wall","player_choice":"Grow","floor":3.0,"gold_loss":0.0,"damage_taken":0.0,"cards_upgraded":["Neutralize"]},{"damage_healed":0.0,"max_hp_gain":0.0,"max_hp_loss":0.0,"gold_gain":0.0,"event_name":"Liars Game","player_choice":"Ignored","floor":4.0,"gold_loss":0.0,"damage_taken":0.0},{"damage_healed":0.0,"max_hp_gain":0.0,"max_hp_loss":0.0,"gold_gain":0.0,"event_name":"Scrap Ooze","player_choice":"Success","floor":12.0,"gold_loss":0.0,"damage_taken":5.0,"relics_obtained":["Bag of Preparation"]},{"damage_healed":0.0,"max_hp_gain":0.0,"max_hp_loss":18.0,"gold_gain":0.0,"event_name":"Vampires","player_choice":"Became a vampire","floor":19.0,"gold_loss":0.0,"damage_taken":0.0,"cards_obtained":["Bite","Bite","Bite","Bite","Bite"]},{"damage_healed":0.0,"max_hp_gain":0.0,"max_hp_loss":0.0,"gold_gain":0.0,"event_name":"Cursed Tome","player_choice":"Ignored","floor":21.0,"gold_loss":0.0,"damage_taken":0.0}],"is_beta":false,"boss_relics":[{"not_picked":["Empty Cage","Snecko Eye"],"picked":"Cursed Key"}],"items_purged_floors":[],"is_endless":false,"potions_floor_spawned":[5,8,10,11,29],"killed_by":"Book of Stabbing","ascension_level":20}}