{"host":"benup6enu91i1qg3","time":1612532155,"event":{"mods":["Act Like it!","BaseMod","Challenge The Spire","Downfall","Minty Spire (QoL Compilation)","Reorder Act Four","Replay The Spire","StSLib","UnlockEverythingMod","¡¾ÒÅÎï¿¨ÅÆ¡¿REMEMod"],"gold_per_floor":[99,99,48,59,77,77,103,103,129,129,17,51,70,101,111,111,111,111],"floor_reached":16,"language":"ZHS","playtime":1074,"items_purged":[],"score":118,"play_id":"bda744bb-f325-48f0-a686-5276759432a2","local_time":"20210205213555","is_ascension_mode":false,"campfire_choices":[{"data":"sneckomod:TrashToTreasure","floor":6,"key":"SMITH"},{"data":"sneckomod:SerpentIdol","floor":8,"key":"SMITH"},{"data":"sneckomod:UnknownRarePower","floor":10,"key":"SMITH"}],"circlet_count":0,"master_deck":["sneckomod:Strike","sneckomod:Strike","sneckomod:Defend","sneckomod:Defend","sneckomod:Defend","sneckomod:TailWhip","sneckomod:SnekBite","sneckomod:Unknown","Master of Strategy","PiercingWail","sneckomod:QuickMove","sneckomod:TrashToTreasure+1","sneckomod:SerpentIdol+1","sneckomod:UnknownDraw","sneckomod:UnknownRarePower+1","Madness","sneckomod:UnknownUncommonAttack","sneckomod:SoulDraw","sneckomod:WideSting"],"relics":["sneckomod:SneckoSoul","REME_ComplimentaryCards","Boot","ReplayFunnel","REME_LimitBreaker","Singing Bowl"],"acts_visited":["Exordium"],"potions_floor_usage":[14,14,14,16],"damage_taken":[{"damage":0,"enemies":"downfall:FleeingMerchant","floor":3,"turns":4},{"damage":5,"enemies":"Small Slimes","floor":4,"turns":4},{"damage":4,"enemies":"Cultist","floor":5,"turns":4},{"damage":8,"enemies":"Gremlin Nob","floor":9,"turns":3},{"damage":20,"enemies":"downfall:FleeingMerchant","floor":11,"turns":4},{"damage":9,"enemies":"Lagavulin","floor":12,"turns":7},{"damage":0,"enemies":"2 Louse","floor":13,"turns":2},{"damage":14,"enemies":"3 Sentries","floor":14,"turns":11},{"damage":0,"enemies":"Lots of Slimes","floor":15,"turns":1},{"damage":45,"enemies":"WA_ARCHETYPE_RETAIN","floor":16,"turns":10}],"seed_played":"6814242243973851494","potions_obtained":[{"floor":5,"key":"LiquidMemories"},{"floor":12,"key":"LifebloodPotion"},{"floor":13,"key":"Fire Potion"},{"floor":15,"key":"Fire Potion"}],"is_trial":false,"path_per_floor":["R","?","$","M","M","R","T","R","E","R","$","E","M","E","M","B"],"character_chosen":"THE_SNECKO","items_purchased":["sneckomod:TrashToTreasure","Madness"],"campfire_rested":0,"item_purchase_floors":[3,11],"current_hp_per_floor":[99,99,99,94,90,90,90,90,82,82,62,53,53,41,41,0,0,0],"gold":111,"neow_bonus":"TEN_PERCENT_HP_BONUS","is_daily":false,"chose_seed":false,"campfire_upgraded":3,"win_rate":0.0,"timestamp":1612532155,"path_taken":["R","?","$","M","?","R","T","R","E","R","$","E","M","E","M","BOSS"],"items_purchased_type":["Card","Card"],"build_version":"2020-12-22","purchased_purges":0,"victory":false,"max_hp_per_floor":[99,99,99,99,99,99,99,99,99,99,99,99,99,101,101,101,101,101],"card_choices":[{"not_picked":["sneckomod:UnknownCommonSkill","sneckomod:UnknownVulnerable"],"picked":"sneckomod:QuickMove","floor":3},{"not_picked":["sneckomod:DiceBoulder","sneckomod:UnknownVulnerable"],"picked":"sneckomod:SerpentIdol","floor":4},{"not_picked":["sneckomod:DefensiveFlair","sneckomod:UnknownCommonAttack"],"picked":"sneckomod:UnknownDraw","floor":5},{"not_picked":["sneckomod:UnendingSupply","sneckomod:SnakeSap"],"picked":"sneckomod:UnknownRarePower","floor":9},{"not_picked":["sneckomod:UnknownCommonAttack","sneckomod:UnknownStrike","sneckomod:DiceCrush"],"picked":"SKIP","floor":11},{"not_picked":["sneckomod:DangerNoodle","sneckomod:DiceBlock"],"picked":"sneckomod:UnknownUncommonAttack","floor":12},{"not_picked":["sneckomod:DiceCrush","sneckomod:UnknownCommonAttack"],"picked":"sneckomod:SoulDraw","floor":13},{"not_picked":["sneckomod:SoulRoll","sneckomod:DefensiveFlair","sneckomod:UnknownCommonAttack"],"picked":"Singing Bowl","floor":14},{"not_picked":["sneckomod:UnknownBlock","sneckomod:QuickBite"],"picked":"sneckomod:WideSting","floor":15}],"player_experience":42961,"relics_obtained":[{"floor":7,"key":"Boot"},{"floor":9,"key":"ReplayFunnel"},{"floor":12,"key":"REME_LimitBreaker"},{"floor":14,"key":"Singing Bowl"}],"event_choices":[{"cards_removed":["sneckomod:Strike"],"damage_healed":0,"gold_gain":0,"player_choice":"Offered Basic","damage_taken":0,"max_hp_gain":0,"max_hp_loss":0,"event_name":"Bonfire Elementals","floor":2,"gold_loss":0}],"is_beta":false,"boss_relics":[],"items_purged_floors":[],"is_endless":false,"potions_floor_spawned":[5,12,13,15],"killed_by":"WA_ARCHETYPE_RETAIN","ascension_level":0}}