{"host":"vt6dr1xq3iy14a3e","time":1612545436,"event":{"mods":["AchievementEnabler","BaseMod","Colored Map","DeckTracker","Minty Spire (QoL Compilation)","StSLib","SuperFastMode"],"gold_per_floor":[159,66,66,16,31,65,65,99,122,133,147,147,182,194,194,295,295,309,329,279,291,46,78,94,18,43,43,62,75,85,103,103,201,201,217,217,227,277,277,277,290,290,290,290,35,67,67,84,84,84,84,84,84,120,120],"floor_reached":56,"language":"KOR","playtime":4099,"items_purged":["Strike_P","Defend_P"],"score":1607,"play_id":"271fdcfe-60bc-4ac2-aa5f-474abae26356","local_time":"20210206021716","is_ascension_mode":true,"campfire_choices":[{"data":"Adaptation","floor":7.0,"key":"SMITH"},{"data":"LessonLearned","floor":15.0,"key":"SMITH"},{"floor":27.0,"key":"REST"},{"floor":32.0,"key":"REST"},{"floor":40.0,"key":"REST"},{"floor":42.0,"key":"REST"},{"floor":44.0,"key":"REST"},{"floor":49.0,"key":"RECALL"},{"floor":52.0,"key":"REST"}],"circlet_count":0,"master_deck":["Strike_P+1","Defend_P+1","Eruption+1","Vigilance+1","SandsOfTime+1","Wallop+1","Adaptation+1","Crescendo+1","Prostrate+1","FearNoEvil+1","Consecrate+1","DeusExMachina+1","Meditate+1","LessonLearned+1","Indignation+1","CutThroughFate+1","InnerPeace+1","Secret Technique","Vault+1","Adaptation","Sanctity+1","Prostrate+1","Protect+1","DeusExMachina","TalkToTheHand+1","Vengeance+1","Study+1","Madness+1","Secret Weapon","Impatience+1","Scrawl+1","Scrawl"],"relics":["Tiny House","Bronze Scales","Prayer Wheel","Nunchaku","Darkstone Periapt","Fusion Hammer","Bottled Tornado","Astrolabe","Ice Cream","StrikeDummy","Regal Pillow","CeramicFish","Gremlin Horn"],"acts_visited":["Exordium","TheCity","TheBeyond","TheEnding"],"potions_floor_usage":[55,55,55],"damage_taken":[{"damage":6.0,"enemies":"2 Louse","floor":1.0,"turns":4.0},{"damage":7.0,"enemies":"Jaw Worm","floor":5.0,"turns":3.0},{"damage":8.0,"enemies":"3 Sentries","floor":6.0,"turns":8.0},{"damage":2.0,"enemies":"Gremlin Nob","floor":8.0,"turns":3.0},{"damage":0.0,"enemies":"Cultist","floor":10.0,"turns":3.0},{"damage":0.0,"enemies":"Gremlin Gang","floor":11.0,"turns":3.0},{"damage":0.0,"enemies":"Lagavulin","floor":13.0,"turns":5.0},{"damage":0.0,"enemies":"Red Slaver","floor":14.0,"turns":2.0},{"damage":7.0,"enemies":"Slime Boss","floor":16.0,"turns":8.0},{"damage":0.0,"enemies":"Chosen","floor":18.0,"turns":4.0},{"damage":0.0,"enemies":"Shell Parasite","floor":19.0,"turns":2.0},{"damage":15.0,"enemies":"Snake Plant","floor":21.0,"turns":3.0},{"damage":17.0,"enemies":"Slavers","floor":23.0,"turns":4.0},{"damage":7.0,"enemies":"Chosen and Byrds","floor":24.0,"turns":3.0},{"damage":9.0,"enemies":"Centurion and Healer","floor":28.0,"turns":3.0},{"damage":0.0,"enemies":"Snecko","floor":29.0,"turns":3.0},{"damage":29.0,"enemies":"Sentry and Sphere","floor":30.0,"turns":4.0},{"damage":7.0,"enemies":"Snake Plant","floor":31.0,"turns":3.0},{"damage":20.0,"enemies":"Automaton","floor":33.0,"turns":7.0},{"damage":17.0,"enemies":"Orb Walker","floor":35.0,"turns":5.0},{"damage":18.0,"enemies":"3 Shapes","floor":37.0,"turns":4.0},{"damage":0.0,"enemies":"Mind Bloom Boss Battle","floor":38.0,"turns":5.0},{"damage":8.0,"enemies":"3 Darklings","floor":41.0,"turns":5.0},{"damage":7.0,"enemies":"Giant Head","floor":46.0,"turns":3.0},{"damage":5.0,"enemies":"Spire Growth","floor":48.0,"turns":3.0},{"damage":51.0,"enemies":"Awakened One","floor":50.0,"turns":6.0},{"damage":1.0,"enemies":"Shield and Spear","floor":54.0,"turns":5.0},{"damage":42,"enemies":"The Heart","floor":55,"turns":8}],"seed_played":"456100310854829174","potions_obtained":[{"floor":0.0,"key":"Swift Potion"},{"floor":1.0,"key":"Swift Potion"},{"floor":5.0,"key":"SkillPotion"},{"floor":10.0,"key":"PowerPotion"},{"floor":13.0,"key":"DistilledChaos"},{"floor":19.0,"key":"StancePotion"},{"floor":23.0,"key":"ColorlessPotion"},{"floor":29.0,"key":"CultistPotion"},{"floor":37.0,"key":"EntropicBrew"},{"floor":39.0,"key":"Ancient Potion"},{"floor":39.0,"key":"FairyPotion"},{"floor":48.0,"key":"SteroidPotion"},{"floor":54.0,"key":"DuplicationPotion"}],"is_trial":false,"path_per_floor":["M","$","?","?","M","E","R","E","T","M","M","?","E","M","R","B",null,"M","M","?","M","$","E","M","$","T","R","M","M","M","M","R","B",null,"M","?","M","?","?","R","M","R","T","R","$","E","$","M","R","B",null,"R","$","E","B",null],"character_chosen":"WATCHER","items_purchased":["Adaptation","Crescendo","Secret Technique","Adaptation","Regal Pillow"],"campfire_rested":6,"item_purchase_floors":[2,2,22,25,45],"current_hp_per_floor":[64,64,64,64,57,49,49,47,47,47,47,47,47,47,47,40,68,68,68,68,53,53,36,29,29,29,52,43,43,14,7,30,10,60,43,33,15,15,15,38,30,53,53,76,76,69,69,64,64,13,61,77,77,76,34],"gold":120,"neow_bonus":"BOSS_RELIC","is_daily":false,"chose_seed":false,"campfire_upgraded":2,"win_rate":0.0,"timestamp":1612545436,"path_taken":["M","$","?","?","M","E","R","E","T","M","M","?","E","M","R","BOSS","M","M","?","?","?","E","M","$","T","R","M","M","?","M","R","BOSS","M","?","M","?","?","R","?","R","T","R","?","E","$","M","R","BOSS","R","$","E","BOSS"],"items_purchased_type":["Card","Card","Card","Card","Relic"],"build_version":"2020-12-22","purchased_purges":2,"victory":true,"max_hp_per_floor":[77,77,77,77,77,77,77,77,77,77,77,77,77,77,77,77,77,77,77,77,77,77,77,77,77,77,77,77,77,77,77,77,77,77,77,77,77,77,77,77,77,77,77,77,77,77,77,77,77,77,77,77,77,77,77],"card_choices":[{"not_picked":["InnerPeace","BowlingBash"],"picked":"SandsOfTime","floor":0.0},{"not_picked":["Study","JustLucky"],"picked":"Wallop","floor":1.0},{"not_picked":["EmptyFist","PathToVictory"],"picked":"Prostrate","floor":5.0},{"not_picked":["Indignation","Crescendo"],"picked":"FearNoEvil","floor":6.0},{"not_picked":["ClearTheMind","ForeignInfluence"],"picked":"Consecrate","floor":8.0},{"not_picked":["WheelKick","CutThroughFate"],"picked":"DeusExMachina","floor":10.0},{"not_picked":["Perseverance","Crescendo","EmptyFist"],"picked":"SKIP","floor":10.0},{"not_picked":["Perseverance","Crescendo","EmptyFist"],"picked":"SKIP","floor":10.0},{"not_picked":["ThirdEye","Fasting2","Protect"],"picked":"SKIP","floor":11.0},{"not_picked":["PathToVictory","BowlingBash","CrushJoints"],"picked":"SKIP","floor":11.0},{"not_picked":["Evaluate","Wireheading"],"picked":"Meditate","floor":13.0},{"not_picked":["SandsOfTime","Crescendo"],"picked":"LessonLearned","floor":14.0},{"not_picked":["Wallop","Consecrate"],"picked":"Indignation","floor":14.0},{"not_picked":["Perseverance","SashWhip"],"picked":"CutThroughFate","floor":18.0},{"not_picked":["Evaluate","Collect","ReachHeaven"],"picked":"SKIP","floor":18.0},{"not_picked":["FlyingSleeves","Evaluate"],"picked":"InnerPeace","floor":19.0},{"not_picked":["FlyingSleeves+1","EmptyBody","SandsOfTime"],"picked":"SKIP","floor":19.0},{"not_picked":["FlyingSleeves","ReachHeaven","Prostrate"],"picked":"SKIP","floor":21.0},{"not_picked":["Tantrum+1","BowlingBash","Perseverance"],"picked":"SKIP","floor":21.0},{"not_picked":["Judgement","Consecrate+1"],"picked":"Vault","floor":23.0},{"not_picked":["WreathOfFlame+1","FlyingSleeves","Weave"],"picked":"SKIP","floor":24.0},{"not_picked":["SandsOfTime","Evaluate","FlyingSleeves"],"picked":"SKIP","floor":24.0},{"not_picked":["Wireheading","JustLucky"],"picked":"Sanctity","floor":28.0},{"not_picked":["Tantrum","Indignation+1","FearNoEvil"],"picked":"SKIP","floor":28.0},{"not_picked":["Weave","BattleHymn","Protect"],"picked":"SKIP","floor":29.0},{"not_picked":["EmptyBody","FollowUp","Pray"],"picked":"SKIP","floor":29.0},{"not_picked":["CrushJoints","EmptyBody"],"picked":"Prostrate+1","floor":30.0},{"not_picked":["JustLucky","PathToVictory+1","CrushJoints"],"picked":"SKIP","floor":30.0},{"not_picked":["ReachHeaven+1","Sanctity"],"picked":"Protect+1","floor":31.0},{"not_picked":["Conclude","Crescendo","Fasting2+1"],"picked":"SKIP","floor":31.0},{"not_picked":["DevaForm","Vault"],"picked":"DeusExMachina","floor":33.0},{"not_picked":["Conclude+1","Meditate+1","Worship+1"],"picked":"SKIP","floor":35.0},{"not_picked":["BowlingBash+1","Study+1","SashWhip+1"],"picked":"SKIP","floor":35.0},{"not_picked":["Jack Of All Trades","PanicButton"],"picked":"Madness","floor":36.0},{"not_picked":["Impatience","Enlightenment"],"picked":"Secret Weapon","floor":36.0},{"not_picked":["Secret Weapon","Swift Strike"],"picked":"Impatience","floor":36.0},{"not_picked":["CutThroughFate+1","JustLucky+1","Wireheading+1"],"picked":"SKIP","floor":37.0},{"not_picked":["EmptyBody+1","PathToVictory+1","Meditate"],"picked":"SKIP","floor":37.0},{"not_picked":["ForeignInfluence","EmptyBody+1"],"picked":"Scrawl","floor":41.0},{"not_picked":["SashWhip+1","Protect","ThirdEye"],"picked":"SKIP","floor":41.0},{"not_picked":["DeceiveReality+1","Prostrate","SandsOfTime"],"picked":"SKIP","floor":46.0},{"not_picked":["PathToVictory","LikeWater+1","Protect"],"picked":"SKIP","floor":48.0},{"not_picked":["ClearTheMind","Indignation+1","Crescendo"],"picked":"SKIP","floor":48.0},{"not_picked":["Vengeance","Conclude"],"picked":"Scrawl","floor":54.0}],"player_experience":1040134,"relics_obtained":[{"floor":6.0,"key":"Bronze Scales"},{"floor":8.0,"key":"Prayer Wheel"},{"floor":9.0,"key":"Nunchaku"},{"floor":13.0,"key":"Darkstone Periapt"},{"floor":23.0,"key":"Bottled Tornado"},{"floor":38.0,"key":"Ice Cream"},{"floor":43.0,"key":"StrikeDummy"},{"floor":46.0,"key":"CeramicFish"},{"floor":54.0,"key":"Gremlin Horn"}],"event_choices":[{"damage_healed":0.0,"max_hp_gain":0.0,"max_hp_loss":0.0,"gold_gain":0.0,"event_name":"Living Wall","player_choice":"Grow","floor":3.0,"gold_loss":0.0,"damage_taken":0.0,"cards_upgraded":["Eruption"]},{"cards_removed":["Strike_P"],"damage_healed":0.0,"max_hp_gain":0.0,"max_hp_loss":0.0,"gold_gain":0.0,"event_name":"The Cleric","player_choice":"Card Removal","floor":4.0,"gold_loss":50.0,"damage_taken":0.0},{"damage_healed":0.0,"max_hp_gain":0.0,"max_hp_loss":0.0,"gold_gain":0.0,"event_name":"Accursed Blacksmith","player_choice":"Forge","floor":12.0,"gold_loss":0.0,"damage_taken":0.0,"cards_upgraded":["Consecrate"]},{"damage_healed":0.0,"max_hp_gain":0.0,"max_hp_loss":0.0,"gold_gain":0.0,"event_name":"The Joust","player_choice":"Bet on Murderer","floor":20.0,"gold_loss":50.0,"damage_taken":0.0},{"damage_healed":0.0,"max_hp_gain":0.0,"max_hp_loss":0.0,"gold_gain":0.0,"event_name":"SensoryStone","player_choice":"Memory 3","floor":36.0,"gold_loss":0.0,"damage_taken":10.0},{"damage_healed":0.0,"max_hp_gain":0.0,"max_hp_loss":0.0,"gold_gain":0.0,"event_name":"MindBloom","player_choice":"Fight","floor":38.0,"gold_loss":0.0,"damage_taken":0.0},{"damage_healed":0.0,"max_hp_gain":0.0,"max_hp_loss":0.0,"gold_gain":0.0,"event_name":"Lab","player_choice":"Got Potions","floor":39.0,"gold_loss":0.0,"damage_taken":0.0}],"is_beta":false,"boss_relics":[{"not_picked":["Coffee Dripper","SacredBark"],"picked":"Fusion Hammer"},{"not_picked":["Cursed Key","Snecko Eye"],"picked":"Astrolabe"}],"items_purged_floors":[22,45],"is_endless":false,"potions_floor_spawned":[1,5,10,13,19,23,29,37,48,54],"ascension_level":8}}