{"host":"i0avyit1s6jb1siw","time":1612512669,"event":{"mods":["BaseMod","DeckTracker","Dota2Spire","Highlight Path","Minty Spire (QoL Compilation)","Quick Restart","StSLib","SuperFastMode"],"gold_per_floor":[367,241,46,66,82,82,109,109,127,144,169,169,169,169,195,223,235,266,278,290,377,389,416,439,467,193,193,193,228,228,252,277,298,298,298,298],"floor_reached":35,"language":"ENG","playtime":720,"items_purged":["Defend_P","Strike_P","Defend_P"],"score":574,"play_id":"de6e3e25-4f75-454d-a3ed-0d08a91858fe","local_time":"20210205091109","is_ascension_mode":true,"campfire_choices":[{"data":"Eruption","floor":6.0,"key":"SMITH"},{"floor":8.0,"key":"REST"},{"floor":13.0,"key":"REST"},{"data":"Adaptation","floor":17.0,"key":"SMITH"},{"floor":19.0,"key":"REST"},{"data":"Meditate","floor":20.0,"key":"SMITH"},{"data":"Adaptation","floor":28.0,"key":"SMITH"},{"floor":30.0,"key":"REST"}],"circlet_count":0,"master_deck":["AscendersBane","Strike_P","Strike_P","Defend_P","Eruption+1","Vigilance","Vengeance","EmptyFist","Adaptation+1","FlurryOfBlows","Meditate+1","ClearTheMind","Halt","Vault","Adaptation+1","MentalFortress","BowlingBash","FearNoEvil"],"relics":["HolyWater","Bottled Tornado","Dota2Spire:UrnOfShadows","StoneCalendar","MawBank","TheAbacus","Smiling Mask","CeramicFish"],"acts_visited":["Exordium","TheCity"],"potions_floor_usage":[],"damage_taken":[{"damage":7.0,"enemies":"Cultist","floor":1.0,"turns":3.0},{"damage":4.0,"enemies":"Jaw Worm","floor":4.0,"turns":2.0},{"damage":10.0,"enemies":"2 Louse","floor":5.0,"turns":3.0},{"damage":16.0,"enemies":"Gremlin Nob","floor":7.0,"turns":3.0},{"damage":0.0,"enemies":"Large Slime","floor":9.0,"turns":4.0},{"damage":14.0,"enemies":"Exordium Thugs","floor":10.0,"turns":4.0},{"damage":12.0,"enemies":"Lagavulin","floor":15.0,"turns":4.0},{"damage":10.0,"enemies":"Red Slaver","floor":16.0,"turns":3.0},{"damage":6.0,"enemies":"Looter","floor":18.0,"turns":2.0},{"damage":12.0,"enemies":"The Guardian","floor":21.0,"turns":9.0},{"damage":8.0,"enemies":"Chosen","floor":23.0,"turns":5.0},{"damage":3.0,"enemies":"Spheric Guardian","floor":24.0,"turns":3.0},{"damage":13.0,"enemies":"Centurion and Healer","floor":25.0,"turns":5.0},{"damage":19.0,"enemies":"Gremlin Leader","floor":29.0,"turns":6.0},{"damage":8.0,"enemies":"Snecko","floor":33.0,"turns":6.0},{"damage":29,"enemies":"Slavers","floor":35,"turns":1}],"seed_played":"8025210685092711784","potions_obtained":[{"floor":4.0,"key":"ColorlessPotion"},{"floor":10.0,"key":"Dexterity Potion"},{"floor":15.0,"key":"LiquidMemories"},{"floor":23.0,"key":"Dota2Spire:Clarity"},{"floor":29.0,"key":"Energy Potion"}],"is_trial":false,"path_per_floor":["M","$","$","M","M","R","E","R","M","M","T","T","R","?","E","M","R","M","R","R","B",null,"M","M","M","$","?","R","E","R","T","T","M","?","E"],"character_chosen":"WATCHER","items_purchased":["EmptyFist","Adaptation","SteroidPotion","TheAbacus"],"campfire_rested":4,"item_purchase_floors":[2,3,3,26],"current_hp_per_floor":[54,54,54,50,40,40,24,42,42,28,28,28,46,46,34,24,24,18,36,36,30,54,46,43,30,30,30,30,11,29,29,29,21,21,0,0],"gold":298,"neow_bonus":"TWO_FIFTY_GOLD","is_daily":false,"chose_seed":false,"campfire_upgraded":4,"win_rate":0.0,"timestamp":1612512669,"path_taken":["M","?","$","M","M","R","E","R","?","M","T","T","R","?","E","M","R","M","R","R","BOSS","M","?","M","$","?","R","E","R","T","T","M","?","E"],"items_purchased_type":["Card","Card","Potion","Relic"],"build_version":"2020-12-22","purchased_purges":3,"victory":false,"max_hp_per_floor":[62,62,62,62,62,62,62,62,62,62,62,62,62,62,62,62,62,62,62,62,62,62,62,62,62,62,62,62,62,62,62,62,62,62,62,62],"card_choices":[{"not_picked":["ThirdEye","Protect"],"picked":"Vengeance","floor":1.0},{"not_picked":["EmptyBody","Fasting2"],"picked":"FlurryOfBlows","floor":4.0},{"not_picked":["Crescendo","Devotion","SignatureMove"],"picked":"SKIP","floor":5.0},{"not_picked":["Crescendo","EmptyFist","WreathOfFlame"],"picked":"SKIP","floor":7.0},{"not_picked":["PathToVictory","CutThroughFate"],"picked":"Meditate","floor":9.0},{"not_picked":["PathToVictory","FlurryOfBlows","Prostrate"],"picked":"SKIP","floor":10.0},{"not_picked":["Evaluate","Pray","Nirvana"],"picked":"SKIP","floor":15.0},{"not_picked":["Blasphemy","Protect"],"picked":"ClearTheMind","floor":16.0},{"not_picked":["FollowUp","ThirdEye"],"picked":"Halt","floor":18.0},{"not_picked":["Alpha","ConjureBlade"],"picked":"Vault","floor":21.0},{"not_picked":["WindmillStrike","JustLucky"],"picked":"Adaptation","floor":23.0},{"not_picked":["FlurryOfBlows","BowlingBash+1"],"picked":"MentalFortress","floor":24.0},{"not_picked":["FlurryOfBlows","Crescendo","Evaluate"],"picked":"SKIP","floor":25.0},{"not_picked":["EmptyFist","FollowUp"],"picked":"BowlingBash","floor":29.0},{"not_picked":["Prostrate","DevaForm"],"picked":"FearNoEvil","floor":33.0}],"player_experience":2408127,"relics_obtained":[{"floor":7.0,"key":"Bottled Tornado"},{"floor":11.0,"key":"Dota2Spire:UrnOfShadows"},{"floor":12.0,"key":"StoneCalendar"},{"floor":15.0,"key":"MawBank"},{"floor":29.0,"key":"Smiling Mask"},{"floor":32.0,"key":"CeramicFish"}],"event_choices":[{"cards_removed":["Strike_P"],"damage_healed":0.0,"max_hp_gain":0.0,"max_hp_loss":0.0,"gold_gain":0.0,"event_name":"Wheel of Change","player_choice":"Card Removal","floor":14.0,"gold_loss":0.0,"damage_taken":0.0},{"damage_healed":0.0,"max_hp_gain":0.0,"max_hp_loss":0.0,"gold_gain":0.0,"event_name":"Cursed Tome","player_choice":"Ignored","floor":27.0,"gold_loss":0.0,"damage_taken":0.0},{"cards_removed":["Defend_P"],"damage_healed":0.0,"max_hp_gain":0.0,"max_hp_loss":0.0,"gold_gain":0.0,"event_name":"Purifier","player_choice":"Purged","floor":34.0,"gold_loss":0.0,"damage_taken":0.0}],"is_beta":false,"boss_relics":[{"not_picked":["Tiny House","Black Star"],"picked":"HolyWater"}],"items_purged_floors":[2,3,26],"is_endless":false,"potions_floor_spawned":[4,10,15,16,23,29],"killed_by":"Slavers","ascension_level":20}}