{"host":"oigynbtg272c19pw","time":1612518640,"event":{"mods":["BaseMod","Colored Map","Minty Spire (QoL Compilation)","Relic Stats","Slay the Relics Exporter","StSLib"],"gold_per_floor":[367,377,377,112,112,112,112,112],"floor_reached":7,"playtime":237,"items_purged":["Regret"],"score":78,"play_id":"fffee5b2-f9a9-47a0-bea9-43e7bffd219f","local_time":"20210205105040","is_ascension_mode":true,"campfire_choices":[{"floor":6,"key":"REST"}],"circlet_count":0,"master_deck":["AscendersBane","Strike_G+1","Strike_G","Strike_G","Strike_G","Defend_G","Defend_G","Defend_G","Defend_G","Defend_G","Survivor+1","Neutralize","Backstab","Finisher","Deadly Poison"],"relics":["Ring of the Snake","Boot"],"acts_visited":["Exordium"],"potions_floor_usage":[],"damage_taken":[{"damage":19,"enemies":"Jaw Worm","floor":1,"turns":6},{"damage":6,"enemies":"Cultist","floor":2,"turns":4},{"damage":29,"enemies":"3 Sentries","floor":7,"turns":10}],"seed_played":"-4479482380726653330","potions_obtained":[{"floor":1,"key":"FearPotion"}],"is_trial":false,"path_per_floor":["M","M","?","$","?","R","E"],"character_chosen":"THE_SILENT","items_purchased":["Deadly Poison","Boot"],"campfire_rested":1,"item_purchase_floors":[4,4],"current_hp_per_floor":[40,34,14,14,14,33,4,4],"gold":112,"neow_bonus":"TWO_FIFTY_GOLD","is_daily":false,"chose_seed":false,"campfire_upgraded":0,"win_rate":0.0,"timestamp":1612518640,"path_taken":["M","M","?","$","?","R","E"],"items_purchased_type":["Card","Relic"],"build_version":"2020-12-13","purchased_purges":1,"victory":false,"max_hp_per_floor":[66,66,66,66,66,66,66,66],"relic_stats":{"counters":[3,20],"Boot":[4],"obtain_stats":[{"Boot":4,"Ring of the Snake":0},{"Boot":2,"Ring of the Snake":0},{"Boot":10,"Ring of the Snake":0}],"Ring of the Snake":[6]},"card_choices":[{"not_picked":["Skewer","Flying Knee"],"picked":"Backstab","floor":1},{"not_picked":["Quick Slash","PiercingWail"],"picked":"Finisher","floor":2}],"player_experience":1542735,"relics_obtained":[],"event_choices":[{"damage_healed":0,"gold_gain":0,"player_choice":"Entered Light","damage_taken":20,"max_hp_gain":0,"max_hp_loss":0,"event_name":"Shining Light","floor":3,"gold_loss":0,"cards_upgraded":["Strike_G","Survivor"]},{"cards_removed":["Strike_G"],"damage_healed":0,"gold_gain":0,"player_choice":"Purged","damage_taken":0,"max_hp_gain":0,"max_hp_loss":0,"event_name":"Purifier","floor":5,"gold_loss":0}],"is_beta":false,"boss_relics":[],"items_purged_floors":[4],"is_endless":false,"potions_floor_spawned":[1],"killed_by":"3 Sentries","ascension_level":20}}