{"host":"gaqyve1328ta0etl","time":1612520585,"event":{"mods":["BaseMod","Colored Map","Colored Powertips","Duelist Mod","Googly Eyes","Hero for Fun","Minty Spire (QoL Compilation)","Shop Mod","StSLib","SuperFastMode","The Hierophant","The Runesmith"],"gold_per_floor":[109,284,298,72,72,72,82,82,128,144,44,65,77,93,93,189,189,202,220,220,234,149,149,166,166,166,166,191,209,209,222,222,222,222],"floor_reached":33,"language":"ENG","playtime":861,"items_purged":["Doubt","Strike_B"],"score":389,"play_id":"de0eb4b0-689d-4004-a59c-c71dfad7f86e","local_time":"20210205022305","is_ascension_mode":true,"campfire_choices":[{"data":"Zap","floor":6.0,"key":"SMITH"},{"data":"Dualcast","floor":8.0,"key":"SMITH"},{"floor":15.0,"key":"REST"},{"floor":23.0,"key":"REST"},{"floor":25.0,"key":"REST"},{"floor":30,"key":"REST"},{"floor":32,"key":"REST"}],"circlet_count":0,"master_deck":["AscendersBane","Strike_B","Strike_B","Strike_B","Defend_B","Defend_B","Defend_B","Defend_B","Zap+1","Dualcast+1","Skim","Streamline","Genetic Algorithm","Genetic Algorithm","Beam Cell","Seek","Self Repair","Gash","Buffer","Coolheaded","Hologram"],"relics":["Cracked Core","Pen Nib","Omamori","Akabeko","Bronze Scales","Odd Mushroom","Sozu","MealTicket","Bottled Tornado","Runesmith:Locket","Gremlin Horn"],"acts_visited":["Exordium","TheCity"],"potions_floor_usage":[],"damage_taken":[{"damage":1.0,"enemies":"Cultist","floor":1.0,"turns":3.0},{"damage":1.0,"enemies":"2 Louse","floor":3.0,"turns":2.0},{"damage":4.0,"enemies":"Jaw Worm","floor":7.0,"turns":3.0},{"damage":13.0,"enemies":"Large Slime","floor":10.0,"turns":4.0},{"damage":4.0,"enemies":"The Mushroom Lair","floor":12.0,"turns":3.0},{"damage":6.0,"enemies":"3 Louse","floor":13.0,"turns":3.0},{"damage":0.0,"enemies":"Lots of Slimes","floor":14.0,"turns":3.0},{"damage":45.0,"enemies":"The Guardian","floor":16.0,"turns":12.0},{"damage":15.0,"enemies":"Spheric Guardian","floor":18.0,"turns":4.0},{"damage":7.0,"enemies":"Chosen","floor":19.0,"turns":4.0},{"damage":21.0,"enemies":"Snake Plant","floor":21.0,"turns":4.0},{"damage":40.0,"enemies":"Centurion and Healer","floor":24.0,"turns":7.0},{"damage":37.0,"enemies":"Book of Stabbing","floor":28.0,"turns":6.0},{"damage":24.0,"enemies":"Snecko","floor":29.0,"turns":7.0},{"damage":16,"enemies":"Snake Plant","floor":31,"turns":3},{"damage":52,"enemies":"Automaton","floor":33,"turns":8}],"seed_played":"-4587390026358315831","potions_obtained":[{"floor":7.0,"key":"Strength Potion"},{"floor":10.0,"key":"Energy Potion"},{"floor":12.0,"key":"FairyPotion"},{"floor":13.0,"key":"SkillPotion"}],"is_trial":false,"path_per_floor":["M","?","M","$","?","R","M","R","T","M","$","?","M","M","R","B",null,"M","M","?","M","?","R","M","R","T","T","E","M","R","M","R","B"],"character_chosen":"DEFECT","items_purchased":["Omamori"],"campfire_rested":5,"item_purchase_floors":[4],"current_hp_per_floor":[67,67,66,66,59,59,55,55,55,42,42,38,32,32,54,9,59,44,44,44,30,30,52,19,41,41,41,11,17,39,30,52,0,0],"gold":222,"neow_bonus":"RANDOM_COMMON_RELIC","is_daily":false,"chose_seed":false,"campfire_upgraded":2,"win_rate":0.0,"timestamp":1612520585,"path_taken":["M","?","M","$","?","R","?","R","T","M","$","?","M","M","R","BOSS","M","M","?","?","?","R","M","R","T","?","E","M","R","M","R","BOSS"],"items_purchased_type":["Relic"],"build_version":"2020-12-22","purchased_purges":2,"victory":false,"max_hp_per_floor":[75,75,75,75,75,75,75,75,75,75,75,75,75,75,75,75,75,75,75,75,75,75,75,75,75,75,75,75,75,75,75,75,75,75],"card_choices":[{"not_picked":["Streamline","Reinforced Body"],"picked":"Skim","floor":1.0},{"not_picked":["Force Field","Barrage"],"picked":"Streamline","floor":3.0},{"not_picked":["Steam","Streamline","Leap"],"picked":"SKIP","floor":7.0},{"not_picked":["Leap","Steam"],"picked":"Genetic Algorithm","floor":10.0},{"not_picked":["Leap","Storm"],"picked":"Genetic Algorithm","floor":13.0},{"not_picked":["Fusion","Ball Lightning"],"picked":"Beam Cell","floor":14.0},{"not_picked":["Creative AI","Echo Form"],"picked":"Seek","floor":16.0},{"not_picked":["Reprogram","Sunder"],"picked":"Self Repair","floor":18.0},{"not_picked":["Storm+1","Steam"],"picked":"Gash","floor":19.0},{"not_picked":["Loop","Coolheaded","Redo"],"picked":"SKIP","floor":21.0},{"not_picked":["Barrage","Reprogram","BootSequence"],"picked":"SKIP","floor":24.0},{"not_picked":["Fission","Streamline+1"],"picked":"Buffer","floor":28.0},{"not_picked":["Chill","Steam+1"],"picked":"Coolheaded","floor":29},{"not_picked":["Steam","Capacitor"],"picked":"Hologram","floor":31}],"player_experience":2077388,"relics_obtained":[{"floor":9.0,"key":"Bronze Scales"},{"floor":12.0,"key":"Odd Mushroom"},{"floor":26.0,"key":"Bottled Tornado"},{"floor":27.0,"key":"Runesmith:Locket"},{"floor":28.0,"key":"Gremlin Horn"}],"event_choices":[{"damage_healed":0.0,"max_hp_gain":0.0,"max_hp_loss":0.0,"gold_gain":175.0,"event_name":"Liars Game","player_choice":"AGREE","floor":2.0,"gold_loss":0.0,"damage_taken":0.0,"cards_obtained":["Doubt"]},{"damage_healed":0.0,"max_hp_gain":0.0,"max_hp_loss":0.0,"gold_gain":0.0,"event_name":"Scrap Ooze","player_choice":"Success","floor":5.0,"gold_loss":0.0,"damage_taken":7.0,"relics_obtained":["Akabeko"]},{"damage_healed":0.0,"max_hp_gain":0.0,"max_hp_loss":0.0,"gold_gain":0.0,"event_name":"Mushrooms","player_choice":"Fought Mushrooms","floor":12.0,"gold_loss":0.0,"damage_taken":0.0},{"damage_healed":0.0,"max_hp_gain":0.0,"max_hp_loss":0.0,"gold_gain":0.0,"event_name":"Lab","player_choice":"Got Potions","floor":20.0,"gold_loss":0.0,"damage_taken":0.0},{"damage_healed":0.0,"max_hp_gain":0.0,"max_hp_loss":0.0,"gold_gain":0.0,"event_name":"Addict","player_choice":"Obtained Relic","floor":22.0,"gold_loss":85.0,"damage_taken":0.0,"relics_obtained":["MealTicket"]}],"is_beta":false,"boss_relics":[{"not_picked":["Inserter","Runic Dome"],"picked":"Sozu"}],"items_purged_floors":[4,11],"is_endless":false,"potions_floor_spawned":[7,10,12,13,19,24,28],"killed_by":"Automaton","ascension_level":10}}