{"host":"jxmsv4d84jcvxth5","time":1612494321,"event":{"mods":["BaseMod","Colored Map","Minty Spire (QoL Compilation)","Relic Stats","StSLib"],"gold_per_floor":[359,409,90,109,127,156,156,186,210,210,210,226,237,81,81,158,158,178,197,197,167,177,177,206,206,206,206,206,216,216,235,235,307,307,325,225,225,225,235,235,264,264,264,264,278,278,278],"floor_reached":46,"language":"ENG","playtime":2335,"items_purged":["Strike_G","Bite"],"score":982,"play_id":"4288a55e-de57-4363-bcc8-062ac5348ca1","local_time":"20210204220521","is_ascension_mode":true,"campfire_choices":[{"floor":7.0,"key":"REST"},{"data":"All Out Attack","floor":10.0,"key":"SMITH"},{"floor":15.0,"key":"REST"},{"floor":23.0,"key":"REST"},{"floor":25.0,"key":"REST"},{"data":"Well Laid Plans","floor":27.0,"key":"SMITH"},{"floor":32.0,"key":"REST"},{"data":"Footwork","floor":40.0,"key":"SMITH"},{"floor":42.0,"key":"REST"},{"data":"Poisoned Stab","floor":44,"key":"SMITH"}],"circlet_count":0,"master_deck":["AscendersBane","Defend_G","Defend_G","Defend_G","Defend_G","Defend_G","Survivor","Neutralize","All Out Attack+1","Poisoned Stab+1","Deadly Poison+1","Blur+1","Deadly Poison+1","Catalyst+1","Crippling Poison+1","Burst+1","Well Laid Plans+1","Dash","Bite","Bite","Bite","Bite","Deflect+1","Crippling Poison+1","Footwork+1","PiercingWail+1","Bouncing Flask+1"],"relics":["Ring of the Snake","Toxic Egg 2","Oddly Smooth Stone","Anchor","Cursed Key","Ancient Tea Set","Black Star","Bag of Marbles","Blue Candle"],"acts_visited":["Exordium","TheCity","TheBeyond"],"potions_floor_usage":[],"damage_taken":[{"damage":1.0,"enemies":"Small Slimes","floor":1.0,"turns":4.0},{"damage":4.0,"enemies":"Cultist","floor":4.0,"turns":4.0},{"damage":1.0,"enemies":"2 Louse","floor":5.0,"turns":2.0},{"damage":39.0,"enemies":"Gremlin Nob","floor":6.0,"turns":4.0},{"damage":1.0,"enemies":"Exordium Wildlife","floor":12.0,"turns":4.0},{"damage":0.0,"enemies":"Red Slaver","floor":13.0,"turns":3.0},{"damage":37.0,"enemies":"Slime Boss","floor":16.0,"turns":10.0},{"damage":0.0,"enemies":"3 Byrds","floor":18.0,"turns":2.0},{"damage":8.0,"enemies":"Shell Parasite","floor":19.0,"turns":3.0},{"damage":24.0,"enemies":"Snake Plant","floor":22.0,"turns":4.0},{"damage":24.0,"enemies":"Slavers","floor":24.0,"turns":8.0},{"damage":20.0,"enemies":"Sentry and Sphere","floor":29.0,"turns":5.0},{"damage":11.0,"enemies":"Chosen and Byrds","floor":31.0,"turns":5.0},{"damage":36.0,"enemies":"Champ","floor":33.0,"turns":9.0},{"damage":3.0,"enemies":"Orb Walker","floor":35.0,"turns":4.0},{"damage":3.0,"enemies":"3 Shapes","floor":39.0,"turns":5.0},{"damage":41.0,"enemies":"Giant Head","floor":41.0,"turns":7.0},{"damage":28,"enemies":"Spire Growth","floor":45,"turns":5},{"damage":46,"enemies":"Nemesis","floor":46,"turns":5}],"seed_played":"2217888656475508637","potions_obtained":[{"floor":1.0,"key":"Strength Potion"},{"floor":4.0,"key":"AttackPotion"},{"floor":13.0,"key":"LiquidBronze"},{"floor":16.0,"key":"Fire Potion"},{"floor":21.0,"key":"DuplicationPotion"},{"floor":45,"key":"Weak Potion"}],"is_trial":false,"path_per_floor":["M","?","$","M","M","E","R","?","T","R","T","M","M","$","R","B",null,"M","M","?","?","M","R","E","R","T","R","?","M","?","M","R","B",null,"M","$","?","?","M","R","E","R","T","R","M","E"],"character_chosen":"THE_SILENT","items_purchased":["Toxic Egg 2","Infinite Blades","Crippling Poison+1"],"campfire_rested":6,"item_purchase_floors":[3,3,14],"current_hp_per_floor":[58,52,52,48,47,8,26,26,26,26,26,27,29,29,47,12,48,50,44,44,44,26,44,22,40,40,40,24,14,27,24,43,25,55,60,60,60,62,61,61,27,45,45,45,25,0,0],"gold":278,"neow_bonus":"TWO_FIFTY_GOLD","is_daily":false,"chose_seed":false,"campfire_upgraded":4,"win_rate":0.0,"timestamp":1612494321,"path_taken":["M","?","$","?","M","E","R","?","T","R","?","?","M","?","R","BOSS","M","M","?","?","?","R","E","R","T","R","?","M","?","M","R","BOSS","M","$","?","?","M","R","E","R","T","R","?","E"],"items_purchased_type":["Relic","Card","Card"],"build_version":"2020-12-22","purchased_purges":2,"victory":false,"max_hp_per_floor":[60,60,60,60,60,60,60,60,60,60,60,60,60,60,60,60,60,60,60,60,60,60,60,60,60,60,60,65,65,65,65,65,65,65,65,65,62,62,62,62,62,62,62,62,62,62,62],"relic_stats":{"counters":[19,93],"Blue Candle":[0],"Black Star":1,"Cursed Key":0,"obtain_stats":[{"Blood Vial":6,"Anchor":11,"Blue Candle":41,"Oddly Smooth Stone":9,"Black Star":34,"Bag of Marbles":41,"Toxic Egg 2":3,"Cursed Key":17,"Ancient Tea Set":24,"Ring of the Snake":0},{"Blood Vial":4,"Anchor":4,"Blue Candle":17,"Oddly Smooth Stone":4,"Black Star":14,"Bag of Marbles":17,"Toxic Egg 2":1,"Cursed Key":7,"Ancient Tea Set":11,"Ring of the Snake":0},{"Blood Vial":14,"Anchor":14,"Blue Candle":83,"Oddly Smooth Stone":14,"Black Star":67,"Bag of Marbles":83,"Toxic Egg 2":4,"Cursed Key":31,"Ancient Tea Set":48,"Ring of the Snake":0}],"Ring of the Snake":[38]},"card_choices":[{"not_picked":["Expertise","Leg Sweep"],"picked":"All Out Attack","floor":1.0},{"not_picked":["Expertise+1","Finisher"],"picked":"Poisoned Stab","floor":4.0},{"not_picked":["Escape Plan+1","Dagger Throw"],"picked":"Deadly Poison+1","floor":5.0},{"not_picked":["Flechettes","Heel Hook"],"picked":"Blur+1","floor":6.0},{"not_picked":["Tactician+1","Dagger Throw"],"picked":"Deadly Poison+1","floor":12.0},{"not_picked":["Well Laid Plans","Dodge and Roll+1"],"picked":"Catalyst+1","floor":13.0},{"not_picked":["Bullet Time+1","Corpse Explosion+1"],"picked":"Burst+1","floor":16.0},{"not_picked":["Backflip+1","Dodge and Roll+1"],"picked":"Well Laid Plans","floor":18.0},{"not_picked":["Quick Slash","Underhanded Strike"],"picked":"Dash","floor":19.0},{"not_picked":["Endless Agony","Dagger Spray"],"picked":"Deflect+1","floor":22.0},{"not_picked":["Concentrate+1","Setup+1","Flying Knee+1"],"picked":"SKIP","floor":24.0},{"not_picked":["Sucker Punch+1","Blade Dance+1"],"picked":"Crippling Poison+1","floor":29.0},{"not_picked":["Sucker Punch","Backflip+1"],"picked":"Footwork","floor":31.0},{"not_picked":["Outmaneuver+1","Deflect+1","Setup+1"],"picked":"SKIP","floor":35.0},{"not_picked":["Underhanded Strike+1","Poisoned Stab"],"picked":"PiercingWail+1","floor":39.0},{"not_picked":["Riddle With Holes","Predator+1"],"picked":"Bouncing Flask+1","floor":41.0},{"not_picked":["Dagger Spray","Underhanded Strike","Deflect+1"],"picked":"SKIP","floor":45}],"player_experience":1556136,"relics_obtained":[{"floor":6.0,"key":"Blood Vial"},{"floor":9.0,"key":"Oddly Smooth Stone"},{"floor":11.0,"key":"Anchor"},{"floor":24.0,"key":"Ancient Tea Set"},{"floor":41.0,"key":"Bag of Marbles"},{"floor":41.0,"key":"Blue Candle"}],"event_choices":[{"damage_healed":0.0,"max_hp_gain":0.0,"max_hp_loss":0.0,"gold_gain":50.0,"event_name":"FaceTrader","player_choice":"Touch","floor":2.0,"gold_loss":0.0,"damage_taken":6.0},{"damage_healed":0.0,"max_hp_gain":0.0,"max_hp_loss":0.0,"gold_gain":30.0,"event_name":"Dead Adventurer","player_choice":"Searched \u00271\u0027 times","floor":8.0,"gold_loss":0.0,"damage_taken":0.0},{"damage_healed":0.0,"max_hp_gain":0.0,"max_hp_loss":0.0,"gold_gain":30.0,"event_name":"Dead Adventurer","player_choice":"Searched \u00271\u0027 times","floor":8.0,"gold_loss":0.0,"damage_taken":0.0},{"damage_healed":0.0,"max_hp_gain":0.0,"max_hp_loss":0.0,"gold_gain":30.0,"event_name":"Dead Adventurer","player_choice":"Searched \u00271\u0027 times","floor":8.0,"gold_loss":0.0,"damage_taken":0.0},{"damage_healed":0.0,"max_hp_gain":0.0,"max_hp_loss":0.0,"gold_gain":30.0,"event_name":"Dead Adventurer","player_choice":"Searched \u00271\u0027 times","floor":8.0,"gold_loss":0.0,"damage_taken":0.0},{"damage_healed":0.0,"max_hp_gain":0.0,"max_hp_loss":0.0,"gold_gain":0.0,"event_name":"Vampires","player_choice":"Became a vampire (Vial)","floor":20.0,"relics_lost":["Blood Vial"],"gold_loss":0.0,"damage_taken":0.0,"cards_obtained":["Bite","Bite","Bite","Bite","Bite"]},{"damage_healed":0.0,"max_hp_gain":0.0,"max_hp_loss":0.0,"gold_gain":0.0,"event_name":"The Woman in Blue","player_choice":"Bought 2 Potions","floor":21.0,"gold_loss":0.0,"damage_taken":0.0},{"damage_healed":0.0,"max_hp_gain":5.0,"max_hp_loss":0.0,"gold_gain":0.0,"event_name":"Forgotten Altar","player_choice":"Shed Blood","floor":28.0,"gold_loss":0.0,"damage_taken":21.0},{"damage_healed":13.0,"max_hp_gain":0.0,"max_hp_loss":0.0,"gold_gain":0.0,"event_name":"The Library","player_choice":"Heal","floor":30.0,"gold_loss":0.0,"damage_taken":0.0},{"damage_healed":0.0,"max_hp_gain":0.0,"max_hp_loss":3.0,"gold_gain":0.0,"event_name":"Winding Halls","player_choice":"Max HP","floor":37.0,"gold_loss":0.0,"damage_taken":0.0},{"cards_removed":["Infinite Blades"],"damage_healed":2.0,"max_hp_gain":0.0,"max_hp_loss":0.0,"gold_gain":0.0,"event_name":"Bonfire Elementals","player_choice":"Offered Uncommon","floor":38.0,"gold_loss":0.0,"damage_taken":0.0}],"is_beta":false,"boss_relics":[{"not_picked":["SacredBark","Tiny House"],"picked":"Cursed Key"},{"not_picked":["Coffee Dripper","Velvet Choker"],"picked":"Black Star"}],"items_purged_floors":[14,36],"is_endless":false,"potions_floor_spawned":[1,4,13,16,24,29,35,45],"killed_by":"Nemesis","ascension_level":19}}