{"host":"7nopzcxpi7o4g3yx","time":1612560286,"event":{"mods":["AchievementEnabler","BaseMod","Colored Powertips","Hermit","Minty Spire (QoL Compilation)","Quick Restart","StSLib","The Cursed","The Servant 0.9.4"],"gold_per_floor":[114,114,114,114,78,105,105,120,171,200,215,241,258,288,288,392,392,412,412,412,429,429,461,461,471,524,524,524,439,451,469,469,566,566,581,426,396,412,412,412,428,332,377,389,426,480,492,553,565,584],"floor_reached":51,"language":"ENG","playtime":2638,"items_purged":[],"score":889,"play_id":"986604fe-38f7-4b66-a9fb-c2522c3c1cca","local_time":"20210205222446","is_ascension_mode":false,"campfire_choices":[{"data":"hermit:Snapshot","floor":7.0,"key":"SMITH"},{"floor":15.0,"key":"REST"},{"floor":27.0,"key":"REST"},{"floor":28.0,"key":"REST"},{"floor":32.0,"key":"REST"},{"floor":40,"key":"REST"},{"data":"hermit:EyeOfTheStorm","floor":44,"key":"SMITH"},{"floor":49,"key":"REST"}],"circlet_count":0,"master_deck":["hermit:Strike_Hermit+1","hermit:Strike_Hermit+1","hermit:Strike_Hermit+1","hermit:Strike_Hermit+1","hermit:Defend_Hermit+1","hermit:Defend_Hermit+1","hermit:Defend_Hermit+1","hermit:Defend_Hermit+1","hermit:Snapshot+1","hermit:Covet","hermit:Ricochet+1","hermit:CursedWeapon","hermit:LuckOfTheDraw","hermit:ItchyTrigger","hermit:Roulette","hermit:FullyLoaded","hermit:SprayPray","hermit:Ricochet","hermit:HighNoon","hermit:Deadeye+1","hermit:GhostlyPresence","hermit:EternalForm","Pain","hermit:HoleUp","hermit:WideOpen","hermit:Ricochet+1","hermit:Roughhouse","CurseOfTheBell","hermit:Roulette+1","hermit:Gestalt","hermit:Headshot+1","hermit:Combo+1","hermit:Determination","hermit:EyeOfTheStorm+1","hermit:Scavenge+1","hermit:Maintenance+1"],"relics":["hermit:ClaspedLocket","NeowsBlessing","Happy Flower","Vajra","Ginger","Mercury Hourglass","Odd Mushroom","Nilry\u0027s Codex","MutagenicStrength","WingedGreaves","WarpedTongs","Oddly Smooth Stone","Letter Opener","Calling Bell","Tiny Chest","The Courier","hermit:RedScarf","PreservedInsect","MawBank","Regal Pillow","CeramicFish","Meat on the Bone"],"acts_visited":["Exordium","TheCity","TheBeyond"],"potions_floor_usage":[41,46,50,50],"damage_taken":[{"damage":0.0,"enemies":"Small Slimes","floor":1.0,"turns":1.0},{"damage":0.0,"enemies":"3 Sentries","floor":6.0,"turns":1.0},{"damage":0.0,"enemies":"2 Louse","floor":8.0,"turns":1.0},{"damage":2.0,"enemies":"Gremlin Nob","floor":10.0,"turns":2.0},{"damage":2.0,"enemies":"Cultist","floor":11.0,"turns":2.0},{"damage":20.0,"enemies":"3 Sentries","floor":12.0,"turns":5.0},{"damage":7.0,"enemies":"Blue Slaver","floor":13.0,"turns":2.0},{"damage":10.0,"enemies":"The Mushroom Lair","floor":14.0,"turns":3.0},{"damage":2.0,"enemies":"Slime Boss","floor":16.0,"turns":5.0},{"damage":17.0,"enemies":"2 Thieves","floor":18.0,"turns":3.0},{"damage":4.0,"enemies":"Chosen","floor":21.0,"turns":2.0},{"damage":27.0,"enemies":"Book of Stabbing","floor":23.0,"turns":4.0},{"damage":9.0,"enemies":"3 Cultists","floor":25.0,"turns":3.0},{"damage":13.0,"enemies":"Centurion and Healer","floor":30.0,"turns":3.0},{"damage":10.0,"enemies":"Snake Plant","floor":31.0,"turns":2.0},{"damage":37,"enemies":"Champ","floor":33,"turns":10},{"damage":8,"enemies":"Orb Walker","floor":35,"turns":3},{"damage":11,"enemies":"3 Shapes","floor":38,"turns":2},{"damage":3,"enemies":"Maw","floor":41,"turns":4},{"damage":20,"enemies":"Nemesis","floor":46,"turns":5},{"damage":16,"enemies":"Reptomancer","floor":48,"turns":6},{"damage":47,"enemies":"Awakened One","floor":50,"turns":10}],"seed_played":"7072159957361859040","potions_obtained":[{"floor":1.0,"key":"Fire Potion"},{"floor":12.0,"key":"Block Potion"},{"floor":13.0,"key":"Strength Potion"},{"floor":14.0,"key":"SmokeBomb"},{"floor":16.0,"key":"GamblersBrew"},{"floor":18.0,"key":"DuplicationPotion"},{"floor":23.0,"key":"hermit:Tonic"},{"floor":35,"key":"Weak Potion"},{"floor":37,"key":"PowerPotion"},{"floor":37,"key":"SmokeBomb"},{"floor":39,"key":"hermit:BlackBile"},{"floor":39,"key":"Fire Potion"},{"floor":48,"key":"EssenceOfSteel"}],"is_trial":false,"path_per_floor":["M","?","?","?","$","E","R","M","T","E","M","E","M","?","R","B",null,"M","?","?","M","?","E","?","M","T","R","R","?","M","M","R","B",null,"M","$","?","M","?","R","M","$","T","R","T","E","?","E","R","B",null],"character_chosen":"HERMIT","items_purchased":["hermit:ShadowCloak","PreservedInsect","hermit:Gestalt","hermit:Determination","hermit:EyeOfTheStorm"],"campfire_rested":6,"item_purchase_floors":[5,36,36,42,42],"current_hp_per_floor":[75,75,75,75,75,75,75,75,75,73,71,51,44,34,56,54,75,58,42,42,38,38,11,11,4,4,26,48,48,35,26,48,23,75,67,67,67,56,56,75,75,75,75,75,75,55,55,44,75,43],"gold":596,"neow_bonus":"THREE_ENEMY_KILL","is_daily":false,"chose_seed":false,"campfire_upgraded":2,"win_rate":0.0,"timestamp":1612560286,"path_taken":["M","?","?","?","$","E","R","M","T","E","M","E","?","?","R","BOSS","M","?","?","M","?","E","?","?","T","R","R","?","M","M","R","BOSS","M","$","?","?","?","R","M","$","T","R","?","E","?","E","R","BOSS"],"items_purchased_type":["Card","Relic","Card","Card","Card"],"build_version":"2020-12-22","purchased_purges":0,"victory":true,"max_hp_per_floor":[75,75,75,75,75,75,75,75,75,75,75,75,75,75,75,75,75,75,75,75,75,75,75,75,75,75,75,75,75,75,75,75,75,75,75,75,75,75,75,75,75,75,75,75,75,75,75,75,75,75],"card_choices":[{"not_picked":["hermit:TakeAim","hermit:Maintenance"],"picked":"hermit:Ricochet","floor":1.0},{"not_picked":["hermit:BigShot","hermit:TrackingShot"],"picked":"hermit:CursedWeapon","floor":6.0},{"not_picked":["hermit:Enervate","hermit:Cheat"],"picked":"hermit:LuckOfTheDraw","floor":8.0},{"not_picked":["hermit:LoneWolf","hermit:CalledShot"],"picked":"hermit:ItchyTrigger","floor":10.0},{"not_picked":["hermit:Headshot","hermit:BigShot"],"picked":"hermit:Roulette","floor":11.0},{"not_picked":["hermit:DeadOrAlive","hermit:ItchyTrigger"],"picked":"hermit:FullyLoaded","floor":12.0},{"not_picked":["hermit:Enervate","hermit:Misfire"],"picked":"hermit:SprayPray","floor":13.0},{"not_picked":["hermit:Coalescence","hermit:BodyArmor"],"picked":"hermit:Ricochet","floor":14.0},{"not_picked":["hermit:DeadOrAlive","hermit:Roughhouse"],"picked":"hermit:HighNoon","floor":16.0},{"not_picked":["hermit:LowProfile","hermit:TrackingShot"],"picked":"hermit:Deadeye+1","floor":18.0},{"not_picked":["hermit:Coalescence","hermit:SprayPray"],"picked":"hermit:GhostlyPresence","floor":21.0},{"not_picked":["hermit:Manifest","hermit:Virtue+1"],"picked":"hermit:EternalForm","floor":23.0},{"not_picked":["hermit:Roulette","hermit:Deadeye"],"picked":"hermit:HoleUp","floor":25.0},{"not_picked":["hermit:Desperado","hermit:LoneWolf"],"picked":"hermit:WideOpen","floor":30.0},{"not_picked":["hermit:TakeCover","hermit:FlashPowder"],"picked":"hermit:Ricochet+1","floor":31.0},{"not_picked":["hermit:Purgatory","hermit:Dissolve"],"picked":"hermit:Roughhouse","floor":33},{"not_picked":["hermit:FlashPowder","hermit:Quickdraw"],"picked":"hermit:Roulette+1","floor":35},{"not_picked":["hermit:Ricochet","hermit:Vantage+1"],"picked":"hermit:Headshot+1","floor":38},{"not_picked":["hermit:Misfire","hermit:NoHoldsBarred"],"picked":"hermit:Combo+1","floor":41},{"not_picked":["hermit:Determination","hermit:Feint"],"picked":"hermit:Scavenge+1","floor":46},{"not_picked":["hermit:Desperado+1","hermit:BlackWind"],"picked":"hermit:Maintenance+1","floor":48}],"player_experience":292836,"relics_obtained":[{"floor":6.0,"key":"Happy Flower"},{"floor":9.0,"key":"Vajra"},{"floor":10.0,"key":"Ginger"},{"floor":12.0,"key":"Mercury Hourglass"},{"floor":14.0,"key":"Odd Mushroom"},{"floor":19.0,"key":"Nilry\u0027s Codex"},{"floor":23.0,"key":"WingedGreaves"},{"floor":26.0,"key":"Oddly Smooth Stone"},{"floor":34,"key":"Tiny Chest"},{"floor":34,"key":"The Courier"},{"floor":34,"key":"hermit:RedScarf"},{"floor":43,"key":"MawBank"},{"floor":45,"key":"Regal Pillow"},{"floor":46,"key":"CeramicFish"},{"floor":48,"key":"Meat on the Bone"}],"event_choices":[{"damage_healed":0.0,"max_hp_gain":0.0,"max_hp_loss":0.0,"gold_gain":0.0,"event_name":"Living Wall","player_choice":"Grow","floor":2.0,"gold_loss":0.0,"damage_taken":0.0,"cards_upgraded":["hermit:Strike_Hermit"]},{"damage_healed":0.0,"max_hp_gain":0.0,"max_hp_loss":0.0,"gold_gain":0.0,"event_name":"The Cleric","player_choice":"Leave","floor":3.0,"gold_loss":0.0,"damage_taken":0.0},{"damage_healed":0.0,"max_hp_gain":0.0,"max_hp_loss":0.0,"gold_gain":0.0,"event_name":"Upgrade Shrine","player_choice":"Upgraded","floor":4.0,"gold_loss":0.0,"damage_taken":0.0,"cards_upgraded":["hermit:Ricochet"]},{"damage_healed":0.0,"max_hp_gain":0.0,"max_hp_loss":0.0,"gold_gain":0.0,"event_name":"Mushrooms","player_choice":"Fought Mushrooms","floor":14.0,"gold_loss":0.0,"damage_taken":0.0},{"damage_healed":0.0,"max_hp_gain":0.0,"max_hp_loss":0.0,"gold_gain":0.0,"event_name":"Cursed Tome","player_choice":"Obtained Book","floor":19.0,"gold_loss":0.0,"damage_taken":16.0},{"damage_healed":0.0,"max_hp_gain":0.0,"max_hp_loss":0.0,"gold_gain":0.0,"event_name":"Back to Basics","player_choice":"Simplicity","floor":20.0,"gold_loss":0.0,"damage_taken":0.0,"cards_upgraded":["hermit:Strike_Hermit","hermit:Strike_Hermit","hermit:Strike_Hermit","hermit:Defend_Hermit","hermit:Defend_Hermit","hermit:Defend_Hermit","hermit:Defend_Hermit"]},{"damage_healed":0.0,"max_hp_gain":0.0,"max_hp_loss":0.0,"gold_gain":0.0,"event_name":"Drug Dealer","player_choice":"Inject Mutagens","floor":22.0,"gold_loss":0.0,"damage_taken":0.0,"relics_obtained":["MutagenicStrength"]},{"damage_healed":0.0,"max_hp_gain":0.0,"max_hp_loss":0.0,"gold_gain":0.0,"event_name":"Accursed Blacksmith","player_choice":"Rummage","floor":24.0,"gold_loss":0.0,"damage_taken":0.0,"relics_obtained":["WarpedTongs"],"cards_obtained":["Pain"]},{"damage_healed":0.0,"max_hp_gain":0.0,"max_hp_loss":0.0,"gold_gain":0.0,"event_name":"Addict","player_choice":"Obtained Relic","floor":29.0,"gold_loss":85.0,"damage_taken":0.0,"relics_obtained":["Letter Opener"]},{"damage_healed":0,"gold_gain":0,"player_choice":"Bought 2 Potions","damage_taken":0,"max_hp_gain":0,"max_hp_loss":0,"event_name":"The Woman in Blue","floor":37,"gold_loss":0},{"damage_healed":0,"gold_gain":0,"player_choice":"Got Potions","damage_taken":0,"max_hp_gain":0,"max_hp_loss":0,"event_name":"Lab","floor":39,"gold_loss":0},{"cards_removed":["hermit:ShadowCloak"],"damage_healed":0,"gold_gain":0,"player_choice":"Removed Power","damage_taken":0,"max_hp_gain":0,"max_hp_loss":0,"event_name":"Falling","floor":47,"gold_loss":0}],"is_beta":false,"boss_relics":[{"not_picked":["SlaversCollar","Sozu"],"picked":"hermit:ClaspedLocket"},{"not_picked":["Black Star","Empty Cage"],"picked":"Calling Bell"}],"items_purged_floors":[],"is_endless":false,"potions_floor_spawned":[1,12,13,14,16,18,23,35,48],"ascension_level":0}}