{"host":"aqym1xxr3lb31d9m","time":1612527970,"event":{"mods":["BaseMod","Block Reminder","Colored Map","Colored Powertips","DeckTracker","Highlight Path","Minty Spire (QoL Compilation)","Quick Restart","Random Character Button","StSLib","SuperFastMode","UnlockEverythingMod"],"gold_per_floor":[115,80,132,144,157,157,189,258,282,282,343,124,138,165,165,242,242,256,256,256,268,97,97,97,113,113,126,159,179,189,389,389,468,468,478,494,508,518,537,562,581,581,581,581,581,581,408,408,408,408,408,408,408,3,33,33],"floor_reached":57,"language":"JPN","playtime":4832,"items_purged":["Recycle"],"score":3174,"play_id":"04589f22-be1e-47d9-b333-93651c5a2a87","local_time":"20210205212610","is_ascension_mode":true,"campfire_choices":[{"data":"Chill","floor":6.0,"key":"SMITH"},{"data":"Go for the Eyes","floor":10.0,"key":"SMITH"},{"data":"Hologram","floor":15.0,"key":"SMITH"},{"data":"Consume","floor":23.0,"key":"SMITH"},{"data":"Ghostly","floor":32.0,"key":"SMITH"},{"floor":42.0,"key":"RECALL"},{"data":"Seek","floor":49.0,"key":"SMITH"},{"data":"Biased Cognition","floor":53.0,"key":"SMITH"}],"circlet_count":0,"master_deck":["AscendersBane","Zap+1","Dualcast","Turbo","Glacier","Rainbow+1","Capacitor","Chill+1","Doom and Gloom","Echo Form","Stack","Go for the Eyes+1","Cold Snap","Beam Cell+1","Chaos","Hologram+1","Conserve Battery","FTL","Biased Cognition+1","Chill","Ghostly","Ghostly","Ghostly+1","Consume+1","Streamline+1","Steam","Turbo","Reinforced Body","Core Surge","Hologram+1","Leap+1","Double Energy+1","Barrage","Fusion+1","Seek+1","Reinforced Body"],"relics":["Pandora\u0027s Box","Centennial Puzzle","Bag of Preparation","Whetstone","DataDisk","Smiling Mask","Runic Pyramid","Strange Spoon","Boot","MealTicket","Inserter","Bottled Tornado","Pen Nib","Gremlin Horn","Kunai","War Paint"],"acts_visited":["Exordium","TheCity","TheBeyond","TheEnding"],"potions_floor_usage":[56,56],"damage_taken":[{"damage":2.0,"enemies":"2 Louse","floor":1.0,"turns":3.0},{"damage":0.0,"enemies":"Jaw Worm","floor":4.0,"turns":2.0},{"damage":2.0,"enemies":"Cultist","floor":5.0,"turns":4.0},{"damage":7.0,"enemies":"Gremlin Nob","floor":7.0,"turns":3.0},{"damage":13.0,"enemies":"Lagavulin Event","floor":11.0,"turns":6.0},{"damage":0.0,"enemies":"Gremlin Gang","floor":13.0,"turns":3.0},{"damage":0.0,"enemies":"3 Sentries","floor":14.0,"turns":7.0},{"damage":11.0,"enemies":"The Guardian","floor":16.0,"turns":8.0},{"damage":5.0,"enemies":"Spheric Guardian","floor":18.0,"turns":5.0},{"damage":0.0,"enemies":"2 Thieves","floor":21.0,"turns":4.0},{"damage":0.0,"enemies":"Chosen and Byrds","floor":25.0,"turns":6.0},{"damage":0.0,"enemies":"Snake Plant","floor":27.0,"turns":4.0},{"damage":11.0,"enemies":"Slavers","floor":28.0,"turns":3.0},{"damage":1.0,"enemies":"Shelled Parasite and Fungi","floor":29.0,"turns":7.0},{"damage":0.0,"enemies":"Cultist and Chosen","floor":30.0,"turns":7.0},{"damage":0.0,"enemies":"Champ","floor":33.0,"turns":16.0},{"damage":0.0,"enemies":"Orb Walker","floor":35.0,"turns":5.0},{"damage":2.0,"enemies":"3 Darklings","floor":36.0,"turns":6.0},{"damage":11.0,"enemies":"Transient","floor":37.0,"turns":6.0},{"damage":5.0,"enemies":"Spire Growth","floor":38.0,"turns":8.0},{"damage":0.0,"enemies":"Jaw Worm Horde","floor":39.0,"turns":8.0},{"damage":0.0,"enemies":"Nemesis","floor":40.0,"turns":9.0},{"damage":0.0,"enemies":"4 Shapes","floor":41.0,"turns":6.0},{"damage":0.0,"enemies":"Donu and Deca","floor":50.0,"turns":13.0},{"damage":0.0,"enemies":"Awakened One","floor":51.0,"turns":21.0},{"damage":0.0,"enemies":"Shield and Spear","floor":55.0,"turns":11.0},{"damage":28,"enemies":"The Heart","floor":56,"turns":14}],"seed_played":"-6290316415896026816","potions_obtained":[{"floor":5.0,"key":"BlessingOfTheForge"},{"floor":7.0,"key":"Weak Potion"},{"floor":11.0,"key":"EssenceOfDarkness"},{"floor":18.0,"key":"Energy Potion"},{"floor":28.0,"key":"BlessingOfTheForge"},{"floor":37.0,"key":"Regen Potion"},{"floor":38.0,"key":"BlessingOfTheForge"}],"is_trial":false,"path_per_floor":["M","?","T","M","M","R","E","?","T","R","?","$","M","E","R","B",null,"M","?","?","M","$","R","$","M","T","M","E","M","M","?","R","B",null,"M","M","M","M","M","E","M","R","T","?","?","?","$","T","R","B","B",null,"R","$","E","B",null],"character_chosen":"DEFECT","items_purchased":["DataDisk","Hologram","Strange Spoon","Seek","Kunai","LiquidMemories"],"campfire_rested":0,"item_purchase_floors":[12,12,22,47,54,54],"current_hp_per_floor":[62,71,71,71,69,69,62,62,62,62,49,49,49,49,49,38,63,58,35,35,35,35,35,35,35,35,35,24,23,23,23,23,23,32,32,30,19,29,29,29,29,29,29,29,29,29,35,35,35,35,35,35,35,35,35,7],"gold":33,"neow_bonus":"BOSS_RELIC","is_daily":false,"chose_seed":false,"campfire_upgraded":7,"win_rate":0.0,"timestamp":1612527970,"path_taken":["M","?","?","M","M","R","E","?","T","R","?","$","M","E","R","BOSS","M","?","?","M","$","R","?","?","T","?","E","M","M","?","R","BOSS","M","M","M","M","M","E","M","R","T","?","?","?","$","?","R","BOSS","BOSS","R","$","E","BOSS"],"items_purchased_type":["Relic","Card","Relic","Card","Relic","Potion"],"build_version":"2020-12-22","purchased_purges":1,"victory":true,"max_hp_per_floor":[71,71,71,71,71,71,71,71,71,71,71,71,71,71,71,71,71,71,35,35,35,35,35,35,35,35,35,35,35,35,35,35,35,35,35,35,35,35,35,35,35,35,35,35,35,35,35,35,35,35,35,35,35,35,35,35],"card_choices":[{"not_picked":["Doom and Gloom","Chaos"],"picked":"Go for the Eyes","floor":1.0},{"not_picked":["Barrage","Turbo"],"picked":"Cold Snap","floor":4.0},{"not_picked":["Barrage","Hologram"],"picked":"Doom and Gloom","floor":5.0},{"not_picked":["Barrage","Redo"],"picked":"Beam Cell","floor":7.0},{"not_picked":["Blizzard","Force Field"],"picked":"Chaos","floor":11.0},{"not_picked":["Compile Driver","Rip and Tear"],"picked":"Conserve Battery","floor":13.0},{"not_picked":["Conserve Battery","Chaos"],"picked":"FTL","floor":14.0},{"not_picked":["Electrodynamics","Meteor Strike"],"picked":"Biased Cognition","floor":16.0},{"not_picked":["Sweeping Beam+1","Fusion"],"picked":"Chill","floor":18.0},{"not_picked":["Redo","Stack"],"picked":"Consume","floor":21.0},{"not_picked":["Beam Cell","Blizzard","Streamline+1"],"picked":"SKIP","floor":25.0},{"not_picked":["Beam Cell","Blizzard"],"picked":"Streamline+1","floor":25.0},{"not_picked":["Conserve Battery","Compile Driver"],"picked":"Steam","floor":27.0},{"not_picked":["Gash+1","Redo"],"picked":"Recycle","floor":28.0},{"not_picked":["Hyperbeam","Leap"],"picked":"Turbo","floor":29.0},{"not_picked":["Static Discharge","Sunder"],"picked":"Reinforced Body","floor":30.0},{"not_picked":["Buffer","Hyperbeam"],"picked":"Core Surge","floor":33.0},{"not_picked":["Steam","Stack"],"picked":"Hologram+1","floor":35.0},{"not_picked":["Redo","Streamline+1","Gash"],"picked":"SKIP","floor":36.0},{"not_picked":["Hologram","Redo"],"picked":"Leap+1","floor":37.0},{"not_picked":["Redo","Leap+1"],"picked":"Double Energy+1","floor":38.0},{"not_picked":["Hologram","Heatsinks"],"picked":"Barrage","floor":39.0},{"not_picked":["Streamline","Cold Snap","Chaos"],"picked":"SKIP","floor":40.0},{"not_picked":["Redo","Beam Cell"],"picked":"Fusion+1","floor":41.0},{"not_picked":["Redo","Core Surge"],"picked":"Reinforced Body","floor":55.0}],"player_experience":4176603,"relics_obtained":[{"floor":3.0,"key":"Centennial Puzzle"},{"floor":7.0,"key":"Bag of Preparation"},{"floor":11.0,"key":"Whetstone"},{"floor":14.0,"key":"Smiling Mask"},{"floor":26.0,"key":"Boot"},{"floor":28.0,"key":"MealTicket"},{"floor":40.0,"key":"Bottled Tornado"},{"floor":43.0,"key":"Pen Nib"},{"floor":48.0,"key":"Gremlin Horn"},{"floor":55.0,"key":"War Paint"}],"event_choices":[{"damage_healed":17.0,"max_hp_gain":0.0,"max_hp_loss":0.0,"gold_gain":0.0,"event_name":"The Cleric","player_choice":"Healed","floor":2.0,"gold_loss":35.0,"damage_taken":0.0},{"damage_healed":0.0,"max_hp_gain":0.0,"max_hp_loss":0.0,"gold_gain":69.0,"event_name":"Golden Wing","player_choice":"Gained Gold","floor":8.0,"gold_loss":0.0,"damage_taken":0.0},{"damage_healed":0.0,"max_hp_gain":0.0,"max_hp_loss":0.0,"gold_gain":0.0,"event_name":"Dead Adventurer","player_choice":"Searched \u00272\u0027 times","floor":11.0,"gold_loss":0.0,"damage_taken":0.0},{"damage_healed":0.0,"max_hp_gain":0.0,"max_hp_loss":36.0,"gold_gain":0.0,"event_name":"Ghosts","player_choice":"Became a Ghost","floor":19.0,"gold_loss":0.0,"damage_taken":0.0,"cards_obtained":["Ghostly","Ghostly","Ghostly"]},{"damage_healed":0.0,"max_hp_gain":0.0,"max_hp_loss":0.0,"gold_gain":0.0,"event_name":"Cursed Tome","player_choice":"Ignored","floor":20.0,"gold_loss":0.0,"damage_taken":0.0},{"damage_healed":0.0,"max_hp_gain":0.0,"max_hp_loss":0.0,"gold_gain":250.0,"event_name":"The Joust","player_choice":"Bet on Owner","floor":31.0,"gold_loss":50.0,"damage_taken":0.0},{"damage_healed":0.0,"max_hp_gain":0.0,"max_hp_loss":0.0,"gold_gain":0.0,"event_name":"Tomb of Lord Red Mask","player_choice":"Ignored","floor":44.0,"gold_loss":0.0,"damage_taken":0.0},{"damage_healed":0.0,"max_hp_gain":0.0,"max_hp_loss":0.0,"gold_gain":0.0,"event_name":"Mysterious Sphere","player_choice":"Ignored","floor":45.0,"gold_loss":0.0,"damage_taken":0.0},{"cards_removed":["Doom and Gloom"],"damage_healed":0.0,"max_hp_gain":0.0,"max_hp_loss":0.0,"gold_gain":0.0,"event_name":"Falling","player_choice":"Removed Attack","floor":46.0,"gold_loss":0.0,"damage_taken":0.0}],"is_beta":false,"boss_relics":[{"not_picked":["SlaversCollar","Empty Cage"],"picked":"Runic Pyramid"},{"not_picked":["Black Star","Nuclear Battery"],"picked":"Inserter"}],"items_purged_floors":[54],"is_endless":false,"potions_floor_spawned":[5,7,11,18,25,28,33,37,38,55],"ascension_level":20}}