{"host":"sian7qp8a9pc9xwd","time":1612486816,"event":{"mods":["BaseMod","Minty Spire (QoL Compilation)","StSLib","SuperFastMode"],"gold_per_floor":[117,117,134,144,157,157,82,82,109,128,154,154,16,16,16,16,16],"floor_reached":16,"language":"ENG","playtime":707,"items_purged":["Strike_B","Defend_B"],"score":175,"play_id":"befb4e4f-fabd-4d30-aaa8-729dafec1a9a","local_time":"20210204200016","is_ascension_mode":true,"campfire_choices":[{"data":"Genetic Algorithm","floor":6,"key":"SMITH"},{"floor":8,"key":"REST"},{"floor":12,"key":"REST"},{"data":"Gash","floor":15,"key":"SMITH"}],"circlet_count":0,"master_deck":["AscendersBane","Strike_B","Strike_B","Defend_B","Defend_B","Defend_B","Zap+1","Dualcast+1","Gash+1","Genetic Algorithm+1","Go for the Eyes","Steam","FTL"],"relics":["Cracked Core","Gambling Chip","Omamori","Bag of Preparation"],"acts_visited":["Exordium"],"potions_floor_usage":[5,11],"damage_taken":[{"damage":0,"enemies":"Small Slimes","floor":1,"turns":3},{"damage":3,"enemies":"2 Louse","floor":3,"turns":2},{"damage":0,"enemies":"Cultist","floor":4,"turns":3},{"damage":19,"enemies":"Large Slime","floor":5,"turns":5},{"damage":27,"enemies":"Exordium Thugs","floor":10,"turns":5},{"damage":14,"enemies":"Lagavulin","floor":11,"turns":7},{"damage":21,"enemies":"Hexaghost","floor":16,"turns":8}],"seed_played":"6017228675463429430","potions_obtained":[{"floor":1,"key":"FearPotion"},{"floor":4,"key":"AttackPotion"}],"is_trial":false,"path_per_floor":["M","?","M","M","M","R","$","R","T","M","E","R","$","?","R","B"],"character_chosen":"DEFECT","items_purchased":["FTL"],"campfire_rested":2,"item_purchase_floors":[13],"current_hp_per_floor":[64,45,42,42,23,23,23,42,42,15,1,20,20,20,20,0,0],"gold":16,"neow_bonus":"ONE_RARE_RELIC","is_daily":false,"chose_seed":false,"campfire_upgraded":2,"win_rate":0.0,"timestamp":1612486816,"path_taken":["M","?","M","M","M","R","$","R","T","M","E","R","$","?","R","BOSS"],"items_purchased_type":["Card"],"build_version":"2020-12-22","purchased_purges":2,"victory":false,"max_hp_per_floor":[64,64,64,64,64,64,64,64,64,64,64,64,64,64,64,64,64],"card_choices":[{"not_picked":["Doom and Gloom","Reprogram"],"picked":"Gash","floor":1},{"not_picked":["Tempest","Coolheaded"],"picked":"Genetic Algorithm","floor":3},{"not_picked":["Rebound","Cold Snap"],"picked":"Go for the Eyes","floor":4},{"not_picked":["White Noise","Recycle"],"picked":"Steam","floor":5},{"not_picked":["Sweeping Beam","Barrage","Cold Snap"],"picked":"SKIP","floor":10},{"not_picked":["Chill","Leap","Auto Shields"],"picked":"SKIP","floor":11}],"player_experience":877837,"relics_obtained":[{"floor":9,"key":"Omamori"},{"floor":11,"key":"Bag of Preparation"}],"event_choices":[{"damage_healed":0,"gold_gain":0,"player_choice":"Entered Light","damage_taken":19,"max_hp_gain":0,"max_hp_loss":0,"event_name":"Shining Light","floor":2,"gold_loss":0,"cards_upgraded":["Zap","Dualcast"]},{"cards_removed":["Strike_B"],"damage_healed":0,"gold_gain":0,"player_choice":"Purged","damage_taken":0,"max_hp_gain":0,"max_hp_loss":0,"event_name":"Purifier","floor":14,"gold_loss":0}],"is_beta":false,"boss_relics":[],"items_purged_floors":[7,13],"is_endless":false,"potions_floor_spawned":[1,4],"killed_by":"Hexaghost","ascension_level":15}}