{"host":"6r762osam2bvfm66","time":1612491217,"event":{"mods":["BaseMod","Colored Map","Minty Spire (QoL Compilation)"],"gold_per_floor":[111,123,141,141,30,59,59,89,89,89,121,141,161,181,181,278,278,290,290,290],"floor_reached":19,"language":"ENG","playtime":1043,"items_purged":["Strike_R"],"score":361,"play_id":"e6eb75f5-f50b-4be7-a62e-db3af08c2e18","local_time":"20210204201337","is_ascension_mode":true,"campfire_choices":[{"data":"Inflame","floor":7,"key":"SMITH"},{"floor":10,"key":"REST"},{"floor":15,"key":"REST"}],"circlet_count":0,"master_deck":["Strike_R","Strike_R","Defend_R","Defend_R","Defend_R","Defend_R","Bash","Heavy Blade","Inflame+1","Metallicize","Carnage","Shockwave","Warcry","Rampage","Evolve","Demon Form","Impervious"],"relics":["Burning Blood","Sundial","Blood Vial","Matryoshka","Girya","Sozu"],"acts_visited":["Exordium","TheCity"],"potions_floor_usage":[8,13,16,19],"damage_taken":[{"damage":9,"enemies":"Jaw Worm","floor":1,"turns":3},{"damage":7,"enemies":"2 Louse","floor":2,"turns":3},{"damage":5,"enemies":"Small Slimes","floor":3,"turns":4},{"damage":29,"enemies":"Lagavulin","floor":6,"turns":6},{"damage":30,"enemies":"3 Sentries","floor":8,"turns":6},{"damage":19,"enemies":"Gremlin Nob","floor":11,"turns":4},{"damage":12,"enemies":"Exordium Wildlife","floor":12,"turns":3},{"damage":9,"enemies":"Looter","floor":13,"turns":4},{"damage":15,"enemies":"Exordium Thugs","floor":14,"turns":6},{"damage":46,"enemies":"Slime Boss","floor":16,"turns":8},{"damage":39,"enemies":"3 Byrds","floor":18,"turns":8},{"damage":38,"enemies":"Masked Bandits","floor":19,"turns":5}],"seed_played":"-3369649067140424852","potions_obtained":[{"floor":1,"key":"Dexterity Potion"},{"floor":6,"key":"SkillPotion"},{"floor":11,"key":"Swift Potion"},{"floor":12,"key":"Block Potion"},{"floor":14,"key":"Dexterity Potion"}],"is_trial":false,"path_per_floor":["M","M","M","?","$","E","R","E","T","R","E","M","M","M","R","B",null,"M","?"],"character_chosen":"IRONCLAD","items_purchased":["Carnage"],"campfire_rested":2,"item_purchase_floors":[5],"current_hp_per_floor":[77,76,77,70,70,47,47,23,23,47,36,32,31,24,48,10,63,32,0,0],"gold":290,"neow_bonus":"REMOVE_CARD","is_daily":false,"chose_seed":false,"campfire_upgraded":1,"win_rate":0.0,"timestamp":1612491217,"path_taken":["M","M","M","?","$","E","R","E","T","R","E","M","M","M","R","BOSS","M","?"],"items_purchased_type":["Card"],"build_version":"2020-12-22","purchased_purges":1,"victory":false,"max_hp_per_floor":[80,80,80,80,80,80,80,80,80,80,80,80,80,80,80,80,80,80,80,80],"card_choices":[{"not_picked":["Rupture","Seeing Red"],"picked":"Heavy Blade","floor":1},{"not_picked":["Warcry","Body Slam"],"picked":"Inflame","floor":2},{"not_picked":["Evolve","Rupture"],"picked":"Metallicize","floor":3},{"not_picked":["Pommel Strike","Ghostly Armor"],"picked":"Shockwave","floor":6},{"not_picked":["Havoc","Iron Wave"],"picked":"Warcry","floor":8},{"not_picked":["Blood for Blood","Wild Strike"],"picked":"Rampage","floor":11},{"not_picked":["Clothesline","Armaments"],"picked":"Evolve","floor":12},{"not_picked":["Twin Strike","Havoc","Clash"],"picked":"SKIP","floor":13},{"not_picked":["Sentinel","Shrug It Off"],"picked":"Demon Form","floor":14},{"not_picked":["Bludgeon","Berserk"],"picked":"Impervious","floor":16},{"not_picked":["Headbutt+1","Clash","Iron Wave+1"],"picked":"SKIP","floor":18}],"player_experience":46300,"relics_obtained":[{"floor":6,"key":"Sundial"},{"floor":8,"key":"Blood Vial"},{"floor":9,"key":"Matryoshka"},{"floor":11,"key":"Girya"}],"event_choices":[{"cards_removed":["Strike_R"],"damage_healed":0,"gold_gain":0,"player_choice":"Card Removal","damage_taken":7,"max_hp_gain":0,"max_hp_loss":0,"event_name":"Golden Wing","floor":4,"gold_loss":0},{"damage_healed":0,"gold_gain":0,"player_choice":"Fought Bandits","damage_taken":0,"max_hp_gain":0,"max_hp_loss":0,"event_name":"Masked Bandits","floor":19,"gold_loss":0}],"is_beta":false,"boss_relics":[{"not_picked":["Philosopher\u0027s Stone","Fusion Hammer"],"picked":"Sozu"}],"items_purged_floors":[5],"is_endless":false,"potions_floor_spawned":[1,6,11,12,14,18],"killed_by":"Masked Bandits","ascension_level":5}}