{"host":"e5u7qs1emxzejr12","time":1612541618,"event":{"mods":["100% Spire Juice","2.2 Compatiblity","Act Like it!","Arknights","Ascension Unlocker","BaseMod","CapriCore","Card Forge","Colored Powertips","Custom Start","GifTheSpireLib","Highlight Path","Minty Spire (QoL Compilation)","MostiFishMod","Quick Restart","Relic Filter Mod","Reliquary","Replay The Spire","StSLib","SuperFastMode","The Blackbeard","WarShipGirlsR/战舰少女R mod","篝火指南"],"gold_per_floor":[153,153,201,201,38,142,230,321,346,437,544,544,635,726,726,983,983,1048,1048,114,114,228,322,410,521,594,705,744,855,633,734,648,885,885,940,1005,677,677,677,781,493,574,597,678,513,620,620,342,342,342,342,342,342,169,276,276],"floor_reached":57,"language":"ZHS","playtime":1596,"items_purged":[],"score":4554,"play_id":"94483b51-7480-40c3-881b-0f86880960cb","local_time":"20210206001338","daily_mods":["Heirloom","Flight","DeadlyEvents","Elite Swarm","Midas"],"is_ascension_mode":true,"campfire_choices":[{"floor":12,"key":"RECALL"},{"floor":49,"key":"DIG"},{"floor":53,"key":"DIG"}],"circlet_count":0,"master_deck":["AscendersBane","Blade Dance+1","Storm of Steel+1","MostiFishMod:LethalBlade+1","MostiFishMod:LethalBlade+1","Adrenaline+1","ReplayTheSpireMod:Shiv Toss+1","MostiFishMod:Dislodge+1","ReplayTheSpireMod:Scrap Shanks+1","Storm of Steel+1","Adrenaline+1","ReplayTheSpireMod:Scrap Shanks+1"],"relics":["Ring of the Snake","Hammer of Thor","Seething Fire","Anvil of the Gods","DaveBox","PatriotShield","Gambling Chip","SynthV:TestCard","Golden Idol","SynthV","Oddly Smooth Stone","reliquary:PorcupineQuills","reliquary:Pushpin","Art of War","Replay:Accelerometer","ThornShield","Mercury Hourglass","Cursed Key","BirthdayGift-Icosahedron","Nunchaku","StrikeDummy","Pen Nib","Calipers","Shovel","HornCleat","Shuriken","CaptainsWheel","TheAbacus","reliquary:PartyBalloon","Replay:Wax Seal","ChiXiaoBlade","reliquary:HotPoker","Mirror","Centennial Puzzle","Garlic","ReplayFunnel","reliquary:Boomerang","Pantograph","Bag of Preparation","MealTicket","Ornamental Fan","reliquary:BoilingFlask","ImprovedEquipment","Replay:Baseball","Replay:Mystery Machine"],"acts_visited":["Exordium","TheCity","TheBeyond","TheEnding"],"potions_floor_usage":[],"damage_taken":[{"damage":0,"enemies":"Cultist","floor":1,"turns":1},{"damage":0,"enemies":"Small Slimes","floor":3,"turns":1},{"damage":0,"enemies":"Gremlin Nob","floor":6,"turns":1},{"damage":0,"enemies":"Lagavulin","floor":7,"turns":1},{"damage":0,"enemies":"3 Sentries","floor":8,"turns":1},{"damage":0,"enemies":"Lagavulin","floor":10,"turns":1},{"damage":0,"enemies":"Gremlin Nob","floor":11,"turns":1},{"damage":0,"enemies":"3 Sentries","floor":13,"turns":1},{"damage":0,"enemies":"Lagavulin","floor":14,"turns":1},{"damage":0,"enemies":"Hexaghost","floor":16,"turns":1},{"damage":0,"enemies":"Shell Parasite","floor":18,"turns":1},{"damage":0,"enemies":"Gremlin Leader","floor":22,"turns":1},{"damage":0,"enemies":"Slavers","floor":23,"turns":1},{"damage":0,"enemies":"Book of Stabbing","floor":24,"turns":1},{"damage":0,"enemies":"Gremlin Leader","floor":25,"turns":1},{"damage":0,"enemies":"Replay:Snechameleon","floor":27,"turns":1},{"damage":0,"enemies":"Chosen","floor":28,"turns":1},{"damage":0,"enemies":"Book of Stabbing","floor":29,"turns":1},{"damage":0,"enemies":"Replay:Snechameleon","floor":31,"turns":1},{"damage":0,"enemies":"Champ","floor":33,"turns":1},{"damage":15,"enemies":"3 Shapes","floor":35,"turns":1},{"damage":0,"enemies":"3 Darklings","floor":36,"turns":1},{"damage":0,"enemies":"Reptomancer","floor":40,"turns":1},{"damage":0,"enemies":"Nemesis","floor":42,"turns":1},{"damage":0,"enemies":"Reptomancer","floor":44,"turns":1},{"damage":0,"enemies":"R_Hoarder","floor":46,"turns":2},{"damage":0,"enemies":"Time Eater","floor":50,"turns":3},{"damage":0,"enemies":"Donu and Deca","floor":51,"turns":1},{"damage":0,"enemies":"Shield and Spear","floor":55,"turns":1},{"damage":0,"enemies":"The Heart","floor":56,"turns":4}],"seed_played":"7436813779615485961","potions_obtained":[{"floor":1,"key":"Adrenaline Potion"},{"floor":7,"key":"Elixir"},{"floor":10,"key":"Adrenaline Potion"},{"floor":11,"key":"Swift Potion"}],"is_trial":true,"path_per_floor":["M","$","M","?","$","E","E","E","T","E","E","R","E","E","R","B",null,"M","?","$","?","E","E","E","E","T","E","M","E","$","E","R","B",null,"M","M","$","?","T","E","R","E","T","E","$","E","R","$","R","B","B",null,"R","$","E","B",null],"character_chosen":"THE_SILENT","items_purchased":["SynthV","BirthdayGift-Icosahedron","Nunchaku","TheAbacus","MostiFishMod:PerfectParry","Replay:Wax Seal","reliquary:HotPoker","ReplayTheSpireMod:Scrap Shanks","Garlic","Bag of Preparation","Ornamental Fan","Replay:Baseball"],"campfire_rested":0,"item_purchase_floors":[5,20,20,30,30,32,37,37,41,45,48,54],"current_hp_per_floor":[59,59,59,59,59,59,59,59,59,59,59,59,59,59,59,59,64,64,64,64,64,65,66,66,66,66,66,66,66,66,66,66,66,66,52,53,53,53,53,54,54,55,55,56,56,57,57,66,66,66,66,66,66,66,66,66],"gold":276,"neow_bonus":"","is_daily":false,"chose_seed":false,"campfire_upgraded":0,"win_rate":0.0,"timestamp":1612541618,"path_taken":["M","?","?","?","?","E","E","E","T","E","E","R","E","E","R","BOSS","M","?","$","?","?","E","E","E","T","E","?","E","$","E","R","BOSS","M","?","$","?","?","E","R","E","T","E","$","?","R","$","R","BOSS","BOSS","R","$","E","BOSS"],"items_purchased_type":["Relic","Relic","Relic","Relic","Card","Relic","Relic","Card","Relic","Relic","Relic","Relic"],"build_version":"2020-12-22","purchased_purges":0,"victory":true,"max_hp_per_floor":[66,66,66,66,66,66,66,66,66,66,66,66,66,66,66,66,66,66,66,66,66,66,66,66,66,66,66,66,66,66,66,66,66,66,66,66,66,66,66,66,66,66,66,66,66,66,66,66,66,66,66,66,66,66,66,66],"card_choices":[{"not_picked":["Choke","Sucker Punch"],"picked":"Dagger Spray","floor":1},{"not_picked":["Slice","ReplayTheSpireMod:Exploit Weakness","MostiFishMod:InvigoratingSolution","ReplayTheSpireMod:Shiv Toss"],"picked":"Blade Dance","floor":3},{"not_picked":["MostiFishMod:ShivMaster","MostiFishMod:WinterMarkForm","After Image","MostiFishMod:AdrenalineArouse"],"picked":"Storm of Steel","floor":6},{"not_picked":["MostiFishMod:Wind","MostiFishMod:HiddenBlade","Malaise","Envenom"],"picked":"MostiFishMod:FullyArmed","floor":7},{"not_picked":["Doppelganger","Die Die Die","A Thousand Cuts","Grand Finale"],"picked":"MostiFishMod:LethalBlade","floor":8},{"not_picked":["ReplayTheSpireMod:From All Sides","MostiFishMod:WinterMarkForm","Unload","Corpse Explosion"],"picked":"MostiFishMod:FullyArmed","floor":10},{"not_picked":["ReplayTheSpireMod:From All Sides","MostiFishMod:ShivMaster","MostiFishMod:HiddenBlade","Tools of the Trade"],"picked":"MostiFishMod:LethalBlade","floor":11},{"not_picked":["Envenom","ReplayTheSpireMod:From All Sides","A Thousand Cuts","MostiFishMod:Opportunism","MostiFishMod:WinterMarkForm"],"picked":"SKIP","floor":13},{"not_picked":["Venomology","A Thousand Cuts","MostiFishMod:SpreadingSpore","ReplayTheSpireMod:Necrosis"],"picked":"Adrenaline","floor":14},{"not_picked":["Atom Bomb","Malaise","MostiFishMod:Listen","MostiFishMod:Opportunism"],"picked":"ReplayTheSpireMod:From All Sides","floor":16},{"not_picked":["Blade Dance","Underhanded Strike","Prepared","Footwork"],"picked":"ReplayTheSpireMod:Shiv Toss","floor":18},{"not_picked":["Doppelganger","Storm of Steel","Replay:Bag of Tricks","MostiFishMod:Neurotoxin","After Image"],"picked":"SKIP","floor":22},{"not_picked":["Burst","Unload","Envenom","Bullet Time"],"picked":"MostiFishMod:ShivMaster","floor":23},{"not_picked":["MostiFishMod:Neurotoxin","Wraith Form v2","MostiFishMod:Opportunism","Corpse Explosion","Doppelganger"],"picked":"SKIP","floor":24},{"not_picked":["MostiFishMod:Neurotoxin","MostiFishMod:Opportunism","MostiFishMod:Wind","Night Terror","Unload"],"picked":"SKIP","floor":25},{"not_picked":["MostiFishMod:SpreadingSpore","Phantasmal Killer","MostiFishMod:Opportunism","Grand Finale","MostiFishMod:FullyArmed"],"picked":"SKIP","floor":27},{"not_picked":["Quick Slash+1","Outmaneuver","Prepared","Footwork+1"],"picked":"ReplayTheSpireMod:Scrap Shanks+1","floor":28},{"not_picked":["Wraith Form v2","MostiFishMod:GrandStart","MostiFishMod:Opportunism","MostiFishMod:ShivMaster"],"picked":"Storm of Steel","floor":29},{"not_picked":["MostiFishMod:LethalBlade","MostiFishMod:FullyArmed","Phantasmal Killer","Grand Finale","MostiFishMod:GrandStart"],"picked":"SKIP","floor":31},{"not_picked":["Corpse Explosion","Venomology","MostiFishMod:AdrenalineArouse","Envenom"],"picked":"Adrenaline","floor":33},{"not_picked":["Acrobatics","ReplayTheSpireMod:Speed Training","Catalyst","Hidden Blade"],"picked":"MostiFishMod:PerfectParry","floor":35},{"not_picked":["Bane+1","Underhanded Strike+1","Flying Knee","MostiFishMod:PoisonShield","Fluid Movement"],"picked":"SKIP","floor":36},{"not_picked":["Die Die Die","Phantasmal Killer","MostiFishMod:Opportunism","Glass Knife","MostiFishMod:HiddenBlade"],"picked":"SKIP","floor":40},{"not_picked":["Venomology","MostiFishMod:AdrenalineArouse","Malaise","Corpse Explosion","Bullet Time"],"picked":"SKIP","floor":42},{"not_picked":["Venomology","MostiFishMod:GrandStart","Envenom","Bullet Time","Burst"],"picked":"SKIP","floor":44},{"not_picked":["MostiFishMod:Neurotoxin","Malaise","Die Die Die","Glass Knife","MostiFishMod:HiddenBlade"],"picked":"SKIP","floor":46},{"not_picked":["MostiFishMod:WinterMarkForm","MostiFishMod:ShivMaster","ReplayTheSpireMod:From All Sides","MostiFishMod:LethalBlade","ReplayTheSpireMod:Necrosis"],"picked":"SKIP","floor":55}],"player_experience":83755,"relics_obtained":[{"floor":1,"key":"SynthV:TestCard"},{"floor":6,"key":"Oddly Smooth Stone"},{"floor":7,"key":"reliquary:PorcupineQuills"},{"floor":8,"key":"reliquary:Pushpin"},{"floor":10,"key":"Art of War"},{"floor":11,"key":"Replay:Accelerometer"},{"floor":13,"key":"ThornShield"},{"floor":14,"key":"Mercury Hourglass"},{"floor":22,"key":"StrikeDummy"},{"floor":23,"key":"Pen Nib"},{"floor":24,"key":"Calipers"},{"floor":25,"key":"Shovel"},{"floor":26,"key":"HornCleat"},{"floor":27,"key":"Shuriken"},{"floor":29,"key":"CaptainsWheel"},{"floor":31,"key":"reliquary:PartyBalloon"},{"floor":39,"key":"Mirror"},{"floor":40,"key":"Centennial Puzzle"},{"floor":42,"key":"ReplayFunnel"},{"floor":43,"key":"reliquary:Boomerang"},{"floor":44,"key":"Pantograph"},{"floor":46,"key":"MealTicket"},{"floor":49,"key":"reliquary:BoilingFlask"},{"floor":53,"key":"ImprovedEquipment"},{"floor":55,"key":"Replay:Mystery Machine"}],"event_choices":[{"damage_healed":0,"gold_gain":0,"player_choice":"Take Wound","damage_taken":0,"relics_obtained":["Golden Idol"],"max_hp_gain":0,"max_hp_loss":0,"event_name":"Golden Idol","floor":4,"gold_loss":0,"cards_obtained":["Injury"]},{"damage_healed":0,"gold_gain":0,"player_choice":"Ignored","damage_taken":0,"max_hp_gain":0,"max_hp_loss":0,"event_name":"Ghosts","floor":19,"gold_loss":0},{"damage_healed":0,"gold_gain":0,"cards_transformed":["Neutralize"],"player_choice":"Transformed","damage_taken":0,"max_hp_gain":0,"max_hp_loss":0,"event_name":"Transmorgrifier","floor":21,"gold_loss":0,"cards_obtained":["MostiFishMod:Dislodge"]}],"is_beta":false,"boss_relics":[{"not_picked":["BloodWine","Snecko Scales"],"picked":"Cursed Key"},{"not_picked":["Black Star","ChewingGum"],"picked":"ChiXiaoBlade"}],"items_purged_floors":[],"is_endless":false,"potions_floor_spawned":[1,7,10,11,13,14,22,23,28,31,33,40,42,44],"ascension_level":20}}