{"host":"j9610sde00vfp93k","time":1612520129,"event":{"mods":["AchievementEnabler","BaseMod","Minty Spire (QoL Compilation)","StSLib","SuperFastMode"],"gold_per_floor":[117,133,308,308,308,308,337,356,356,369,31,31,31,49,49,169,169,184,228,241,13,13,13,112,153,153,153,1,15,31,46,46,170,170,189,232,248,266,266,266,266],"floor_reached":40,"language":"ENG","playtime":3927,"items_purged":[],"score":458,"play_id":"6b0a7e14-8027-4f5a-98b0-aa010f94dcf7","local_time":"20210205181529","is_ascension_mode":false,"campfire_choices":[{"data":"Vigilance","floor":6,"key":"SMITH"},{"floor":13,"key":"REST"},{"data":"Consecrate","floor":15,"key":"SMITH"},{"floor":23,"key":"REST"},{"floor":32,"key":"REST"}],"circlet_count":0,"master_deck":["Strike_P+1","Strike_P+1","Strike_P+1","Strike_P+1","Defend_P+1","Defend_P+1","Defend_P+1","Defend_P+1","Eruption+1","Vigilance+1","FollowUp","FollowUp","Vault+1","Consecrate+1","Protect+1","Perseverance+1","Devotion","EmptyBody+1","MentalFortress","Halt+1","Necronomicurse","ThirdEye+1","Devotion","Prostrate+1","TalkToTheHand","TalkToTheHand","Wish+1","CurseOfTheBell","ForeignInfluence+1","WreathOfFlame+1","PathToVictory+1","Parasite","InnerPeace+1"],"relics":["HolyWater","Gremlin Horn","Toxic Egg 2","Ginger","Ice Cream","Golden Idol","Red Mask","Membership Card","Nunchaku","Necronomicon","Calipers","Question Card","Anchor","Calling Bell","Strawberry","The Courier","Turnip"],"acts_visited":["Exordium","TheCity","TheBeyond"],"potions_floor_usage":[16,25,29,36,38,40],"damage_taken":[{"damage":4,"enemies":"Jaw Worm","floor":1,"turns":3},{"damage":0,"enemies":"Small Slimes","floor":2,"turns":3},{"damage":31,"enemies":"Lagavulin","floor":7,"turns":7},{"damage":0,"enemies":"2 Louse","floor":8,"turns":2},{"damage":0,"enemies":"2 Fungi Beasts","floor":10,"turns":3},{"damage":0,"enemies":"3 Louse","floor":14,"turns":3},{"damage":35,"enemies":"The Guardian","floor":16,"turns":11},{"damage":0,"enemies":"Spheric Guardian","floor":18,"turns":6},{"damage":12,"enemies":"Masked Bandits","floor":19,"turns":7},{"damage":0,"enemies":"3 Byrds","floor":20,"turns":6},{"damage":31,"enemies":"Slavers","floor":25,"turns":7},{"damage":0,"enemies":"Centurion and Healer","floor":29,"turns":6},{"damage":5,"enemies":"Snecko","floor":30,"turns":4},{"damage":4,"enemies":"Shelled Parasite and Fungi","floor":31,"turns":6},{"damage":0,"enemies":"Champ","floor":33,"turns":16},{"damage":26,"enemies":"3 Darklings","floor":35,"turns":7},{"damage":9,"enemies":"Orb Walker","floor":36,"turns":6},{"damage":0,"enemies":"Maw","floor":37,"turns":8},{"damage":24,"enemies":"Writhing Mass","floor":38,"turns":10},{"damage":41,"enemies":"Nemesis","floor":40,"turns":2}],"seed_played":"3783443410104908503","potions_obtained":[{"floor":7,"key":"StancePotion"},{"floor":8,"key":"DuplicationPotion"},{"floor":10,"key":"StancePotion"},{"floor":16,"key":"ColorlessPotion"},{"floor":25,"key":"SkillPotion"},{"floor":29,"key":"Block Potion"},{"floor":37,"key":"LiquidBronze"}],"is_trial":false,"path_per_floor":["M","M","?","?","T","R","E","M","T","M","$","?","R","M","R","B",null,"M","?","M","$","?","R","?","E","T","?","$","M","M","M","R","B",null,"M","M","M","M","?","E"],"character_chosen":"WATCHER","items_purchased":["Ice Cream","Protect+1","Membership Card","Nunchaku","Anchor","Devotion"],"campfire_rested":3,"item_purchase_floors":[11,11,21,21,28,28],"current_hp_per_floor":[68,68,68,68,68,68,37,37,37,37,37,37,57,57,57,22,67,67,55,55,55,39,59,59,28,28,28,28,28,23,19,39,39,74,48,39,39,15,15,0,0],"gold":266,"neow_bonus":"UPGRADE_CARD","is_daily":false,"chose_seed":false,"campfire_upgraded":2,"win_rate":0.0,"timestamp":1612520129,"path_taken":["M","M","?","?","?","R","E","M","T","M","$","?","R","M","R","BOSS","M","?","M","$","?","R","?","E","T","?","$","?","M","M","R","BOSS","M","M","?","M","?","E"],"items_purchased_type":["Relic","Card","Relic","Relic","Relic","Card"],"build_version":"2020-12-22","purchased_purges":0,"victory":false,"max_hp_per_floor":[72,72,72,72,72,72,72,72,72,72,72,67,67,67,67,67,67,67,67,67,67,67,67,67,67,67,67,67,67,67,67,67,67,74,74,74,74,74,74,74,74],"card_choices":[{"not_picked":["FlyingSleeves","EmptyFist"],"picked":"FollowUp","floor":1},{"not_picked":["Crescendo","ThirdEye"],"picked":"FollowUp","floor":2},{"not_picked":["Weave","CutThroughFate"],"picked":"CrushJoints","floor":7},{"not_picked":["FlurryOfBlows","FlyingSleeves"],"picked":"Vault+1","floor":8},{"not_picked":["Indignation+1","CrushJoints"],"picked":"Consecrate","floor":10},{"not_picked":["SashWhip","WheelKick"],"picked":"Perseverance+1","floor":14},{"not_picked":["DeusExMachina+1","Omniscience+1"],"picked":"Devotion","floor":16},{"not_picked":["Meditate+1","CrushJoints"],"picked":"EmptyBody+1","floor":18},{"not_picked":["EmptyFist","ThirdEye+1"],"picked":"MentalFortress","floor":19},{"not_picked":["EmptyBody+1","CrushJoints+1"],"picked":"Halt+1","floor":20},{"not_picked":["Pray+1","WheelKick"],"picked":"ThirdEye+1","floor":25},{"not_picked":["Halt+1","MentalFortress","ThirdEye+1"],"picked":"Prostrate+1","floor":29},{"not_picked":["FlyingSleeves","Adaptation","SignatureMove"],"picked":"TalkToTheHand","floor":30},{"not_picked":["Crescendo+1","Protect+1","Wallop+1"],"picked":"TalkToTheHand","floor":31},{"not_picked":["Judgement+1","SpiritShield+1","Blasphemy+1"],"picked":"Wish+1","floor":33},{"not_picked":["Protect+1","FlurryOfBlows+1","EmptyMind+1"],"picked":"ForeignInfluence+1","floor":35},{"not_picked":["FlurryOfBlows+1","FlyingSleeves","Conclude"],"picked":"WreathOfFlame+1","floor":36},{"not_picked":["Vengeance+1","Prostrate+1","BowlingBash"],"picked":"PathToVictory+1","floor":37},{"not_picked":["Crescendo+1","EmptyFist","Halt+1"],"picked":"InnerPeace+1","floor":38}],"player_experience":197241,"relics_obtained":[{"floor":5,"key":"Gremlin Horn"},{"floor":7,"key":"Toxic Egg 2"},{"floor":9,"key":"Ginger"},{"floor":19,"key":"Red Mask"},{"floor":22,"key":"Necronomicon"},{"floor":25,"key":"Calipers"},{"floor":26,"key":"Question Card"},{"floor":34,"key":"Strawberry"},{"floor":34,"key":"The Courier"},{"floor":34,"key":"Turnip"}],"event_choices":[{"damage_healed":0,"gold_gain":175,"player_choice":"AGREE","damage_taken":0,"max_hp_gain":0,"max_hp_loss":0,"event_name":"Liars Game","floor":3,"gold_loss":0,"cards_obtained":["Doubt"]},{"cards_removed":["Doubt"],"damage_healed":0,"gold_gain":0,"player_choice":"Forget","damage_taken":0,"max_hp_gain":0,"max_hp_loss":0,"event_name":"Living Wall","floor":4,"gold_loss":0},{"damage_healed":0,"gold_gain":0,"player_choice":"Lose Max HP","damage_taken":0,"relics_obtained":["Golden Idol"],"max_hp_gain":0,"max_hp_loss":5,"event_name":"Golden Idol","floor":12,"gold_loss":0},{"damage_healed":0,"gold_gain":0,"player_choice":"Fought Bandits","damage_taken":0,"max_hp_gain":0,"max_hp_loss":0,"event_name":"Masked Bandits","floor":19,"gold_loss":0},{"damage_healed":0,"gold_gain":0,"player_choice":"Obtained Book","damage_taken":16,"max_hp_gain":0,"max_hp_loss":0,"event_name":"Cursed Tome","floor":22,"gold_loss":0},{"damage_healed":0,"gold_gain":99,"player_choice":"Stole From Cult","damage_taken":0,"max_hp_gain":0,"max_hp_loss":0,"event_name":"Nest","floor":24,"gold_loss":0},{"damage_healed":0,"gold_gain":0,"player_choice":"Simplicity","damage_taken":0,"max_hp_gain":0,"max_hp_loss":0,"event_name":"Back to Basics","floor":27,"gold_loss":0,"cards_upgraded":["Strike_P","Strike_P","Strike_P","Strike_P","Defend_P","Defend_P","Defend_P","Defend_P"]},{"cards_removed":["CrushJoints"],"damage_healed":0,"gold_gain":0,"player_choice":"Removed Attack","damage_taken":0,"max_hp_gain":0,"max_hp_loss":0,"event_name":"Falling","floor":39,"gold_loss":0}],"is_beta":false,"boss_relics":[{"not_picked":["Velvet Choker","Sozu"],"picked":"HolyWater"},{"not_picked":["Coffee Dripper","Empty Cage"],"picked":"Calling Bell"}],"items_purged_floors":[],"is_endless":false,"potions_floor_spawned":[7,8,10,16,20,25,29,37],"killed_by":"Nemesis","ascension_level":0}}