{"host":"0mk07bycsqo1qk03","time":1612535742,"event":{"mods":["BaseMod","Downfall","Hermit","Hubris","Minty Spire (QoL Compilation)","Reliquary","Replay The Spire","StSLib","The Cursed"],"gold_per_floor":[110,110,110,110,130,130,170,195,218,218,233,233,266,4,4,4,4],"floor_reached":16,"language":"ENG","playtime":411,"items_purged":[],"score":216,"play_id":"81c3ee08-4f5a-42e9-930d-09187ad7e33b","local_time":"20210205153542","is_ascension_mode":true,"campfire_choices":[{"floor":6,"key":"REST"},{"floor":12,"key":"REST"},{"data":"Bash","floor":15,"key":"SMITH"}],"circlet_count":0,"master_deck":["AscendersBane","Strike_R","Strike_R","Strike_R","Defend_R","Defend_R","Defend_R","Bash+1","Pommel Strike","ReplayTheSpireMod:Limb From Limb","ReplayTheSpireMod:Stacked","Intimidate","Infernal Blade","Iron Wave","hubris:SharpeningStone","Madness"],"relics":["Burning Blood","Golden Idol","Mirror","ReplayTheSpireMod:Spearhead","Regal Pillow","Nunchaku"],"acts_visited":["Exordium"],"potions_floor_usage":[7],"damage_taken":[{"damage":12,"enemies":"Small Slimes","floor":1,"turns":3},{"damage":6,"enemies":"Cultist","floor":5,"turns":3},{"damage":15,"enemies":"Lagavulin","floor":7,"turns":6},{"damage":7,"enemies":"Jaw Worm","floor":8,"turns":2},{"damage":0,"enemies":"Gremlin Gang","floor":11,"turns":6},{"damage":29,"enemies":"3 Sentries","floor":13,"turns":10},{"damage":26,"enemies":"The Guardian","floor":16,"turns":2}],"seed_played":"8507369890420618029","potions_obtained":[{"floor":1,"key":"SkillPotion"},{"floor":7,"key":"GamblersBrew"}],"is_trial":false,"path_per_floor":["M","?","$","?","M","R","E","M","T","?","M","R","E","$","R","B"],"character_chosen":"IRONCLAD","items_purchased":["Madness","Nunchaku"],"campfire_rested":2,"item_purchase_floors":[14,14],"current_hp_per_floor":[44,44,44,18,18,40,31,30,30,19,25,47,24,24,24,0,0],"gold":4,"neow_bonus":"TRANSFORM_TWO_CARDS","is_daily":false,"chose_seed":false,"campfire_upgraded":1,"win_rate":0.0,"timestamp":1612535742,"path_taken":["M","?","$","?","M","R","E","M","T","?","M","R","E","$","R","BOSS"],"items_purchased_type":["Card","Relic"],"build_version":"2020-12-22","purchased_purges":0,"victory":false,"max_hp_per_floor":[75,75,75,75,75,75,75,75,75,75,75,75,75,75,75,75,75],"card_choices":[{"not_picked":["Pommel Strike","Infernal Blade"],"picked":"ReplayTheSpireMod:Stacked","floor":1},{"not_picked":["Twin Strike","Warcry"],"picked":"Intimidate","floor":5},{"not_picked":["Rupture","Wild Strike"],"picked":"Infernal Blade","floor":7},{"not_picked":["Pommel Strike","Power Through"],"picked":"Iron Wave","floor":8},{"not_picked":["Fiend Fire","Sword Boomerang","Replay:Undeath\u0027s Touch"],"picked":"SKIP","floor":11},{"not_picked":["Clash","Fire Breathing"],"picked":"hubris:SharpeningStone","floor":13}],"player_experience":1006209,"relics_obtained":[{"floor":7,"key":"Mirror"},{"floor":9,"key":"ReplayTheSpireMod:Spearhead"},{"floor":13,"key":"Regal Pillow"}],"event_choices":[{"damage_healed":0,"gold_gain":0,"player_choice":"Take Damage","damage_taken":26,"relics_obtained":["Golden Idol"],"max_hp_gain":0,"max_hp_loss":0,"event_name":"Golden Idol","floor":4,"gold_loss":0},{"damage_healed":0,"gold_gain":0,"player_choice":"Damaged","damage_taken":11,"max_hp_gain":0,"max_hp_loss":0,"event_name":"Wheel of Change","floor":10,"gold_loss":0}],"is_beta":false,"boss_relics":[],"items_purged_floors":[],"is_endless":false,"potions_floor_spawned":[1,7],"killed_by":"The Guardian","ascension_level":20}}