{"host":"j4tm1fhkymdbe3p9","time":1612489031,"event":{"mods":["A Magickal Journey","BaseMod","Better Third Choice","BetterRewards","Chen","Downfall","Hermit","Hubris","Infinite Spire","Koishi","Luminous","Marisa????????","Mimic Mod","Minty Spire (QoL Compilation)","Reimu??????","Remilia??????","Replay The Spire","Shade Mod","Shop Mod","StSLib","The Administrix","The Animator","The Blackbeard","The Bladedancer","The Construct","The Cursed","The Disciple","The Druid","The Exalted","The Gatherer","The Hierophant","The Mystic","The Necromancer","The Runesmith","The Servant 0.9.4","The Spell Scribe","TheSwordswoman","??????REMEMod"],"gold_per_floor":[119,119,119,294,307,339,351,351,351,351,367,367,383,398,398,503,503,516,506,522,482,407,407,436,455,480,480,507,507,519,519,519,622,622,632,647,703,719,737,765,765,779,779,344,339,319,319],"floor_reached":46,"language":"ENG","playtime":7075,"items_purged":["TheCursedMod:Strike_TheCursed","TheCursedMod:Strike_TheCursed"],"score":544,"play_id":"93e0b00a-9da5-4261-b1fb-3b28f30eafeb","local_time":"20210204203711","is_ascension_mode":false,"campfire_choices":[{"data":"TheCursedMod:CleanUpWorkshop","floor":8,"key":"SMITH"},{"data":"TheCursedMod:HellfireBreathing","floor":10,"key":"SMITH"},{"data":"TheCursedMod:LuckyCharm","floor":15,"key":"SMITH"},{"data":"ZunPunch:ReiMu","floor":23,"key":"SMITH"},{"data":"TheCursedMod:CollectTribute","floor":29,"key":"SMITH"},{"data":"TheCursedMod:SpitefulPray","floor":32,"key":"SMITH"},{"data":"TheCursedMod:ManaCirculation","floor":41,"key":"SMITH"}],"circlet_count":0,"master_deck":["TheCursedMod:Strike_TheCursed","TheCursedMod:Strike_TheCursed","TheCursedMod:Defend_TheCursed","TheCursedMod:Defend_TheCursed","TheCursedMod:Defend_TheCursed","TheCursedMod:Defend_TheCursed","TheCursedMod:CursedWand","TheCursedMod:CleanUpWorkshop+1","TheCursedMod:Dregs","Bromod:LifeStrike+1","TheCursedMod:CursedBoomerang","Doubt","TheCursedMod:Wield","TheCursedMod:HellfireBreathing+1","TheCursedMod:SpitefulPray+1","TheCursedMod:LuckyCharm+1","TheCursedMod:HellfireBreathing","TheCursedMod:Obscuration","TheCursedMod:ManaCirculation+1","TheCursedMod:CursedAmulet","TheCursedMod:CursedAmulet","TheCursedMod:RapidMovement+1","ZunPunch:ReiMu+1","TheCursedMod:CollectTribute+1","TheCursedMod:VoidForm","TheCursedMod:Wield","TheCursedMod:CursedBlade+1","Parasite","REME_Flogging"],"relics":["TheCursedMod:BlackMagic101","REME_ComplimentaryCards","MealTicket","Mastiff:ReiMu","Mummified Hand","bronze:MakeshiftBattery","Centennial Puzzle","REME_HandOfSuture","Boot","HornCleat","Philosopher\u0027s Stone","Lantern","infinitespire:WardingShard","Medical Kit"],"acts_visited":["Exordium","TheCity","TheBeyond"],"potions_floor_usage":[16,16,19,28,33,33,36,39,46],"damage_taken":[{"damage":2,"enemies":"Small Slimes","floor":1,"turns":4},{"damage":0,"enemies":"2 Louse","floor":5,"turns":2},{"damage":52,"enemies":"Gremlin Nob","floor":6,"turns":6},{"damage":6,"enemies":"Cultist","floor":7,"turns":4},{"damage":2,"enemies":"Blue Slaver","floor":11,"turns":3},{"damage":16,"enemies":"Large Slime","floor":13,"turns":5},{"damage":3,"enemies":"2 Fungi Beasts","floor":14,"turns":3},{"damage":38,"enemies":"Slime Boss","floor":16,"turns":11},{"damage":0,"enemies":"Chosen","floor":18,"turns":5},{"damage":4,"enemies":"2 Thieves","floor":19,"turns":4},{"damage":4,"enemies":"Cultist and Chosen","floor":20,"turns":8},{"damage":0,"enemies":"Gremlin Leader","floor":24,"turns":5},{"damage":0,"enemies":"3 Cultists","floor":25,"turns":2},{"damage":0,"enemies":"Book of Stabbing","floor":28,"turns":6},{"damage":12,"enemies":"Snecko","floor":30,"turns":6},{"damage":86,"enemies":"hubris:MusketHawk","floor":33,"turns":8},{"damage":0,"enemies":"3 Shapes","floor":35,"turns":4},{"damage":5,"enemies":"Orb Walker","floor":36,"turns":3},{"damage":0,"enemies":"Sphere and 2 Shapes","floor":38,"turns":3},{"damage":7,"enemies":"Jaw Worm Horde","floor":39,"turns":4},{"damage":29,"enemies":"Reptomancer","floor":40,"turns":5},{"damage":7,"enemies":"Writhing Mass","floor":42,"turns":4},{"damage":12,"enemies":"4 Shapes","floor":45,"turns":3},{"damage":73,"enemies":"Nightmare","floor":46,"turns":4}],"seed_played":"164523115699213255","potions_obtained":[{"floor":6,"key":"sneckomod:MuddlingPotion"},{"floor":7,"key":"Energy Potion"},{"floor":16,"key":"Fire Potion"},{"floor":19,"key":"Fire Potion"},{"floor":20,"key":"LifebloodPotion"},{"floor":24,"key":"ColorlessPotion"},{"floor":33,"key":"Toxic Potion"},{"floor":36,"key":"Block Potion"},{"floor":37,"key":"DistilledChaos"},{"floor":39,"key":"Energy Potion"},{"floor":40,"key":"Cursed Concoction"}],"is_trial":false,"path_per_floor":["M","?","?","?","M","E","M","R","T","R","M","?","M","M","R","B",null,"M","M","M","?","$","R","E","M","T","?","E","R","M","?","R","B",null,"M","M","?","M","M","E","R","M","T","$","M","NM"],"character_chosen":"THE_CURSED","items_purchased":["Medical Kit","REME_Flogging"],"campfire_rested":0,"item_purchase_floors":[44,44],"current_hp_per_floor":[75,75,75,75,75,29,31,31,31,31,35,35,35,40,40,18,75,75,71,72,72,75,75,75,75,75,75,75,75,71,64,64,4,75,75,75,45,53,54,44,44,47,47,62,58,0,0],"gold":319,"neow_bonus":"RANDOM_COMMON_RELIC","is_daily":false,"chose_seed":false,"campfire_upgraded":7,"win_rate":0.0,"timestamp":1612489031,"path_taken":["M","?","?","?","M","E","M","R","T","R","M","?","?","M","R","BOSS","M","M","M","?","$","R","E","M","T","?","E","R","M","?","R","BOSS","M","M","?","M","M","E","R","M","T","$","?","NM"],"items_purchased_type":["Relic","Card"],"build_version":"2020-12-22","purchased_purges":2,"victory":false,"max_hp_per_floor":[75,75,75,75,75,75,75,75,75,75,75,75,75,75,75,75,75,75,75,75,75,75,75,75,75,75,75,75,75,75,75,75,75,75,75,75,75,75,75,75,75,75,75,75,75,75,75],"card_choices":[{"not_picked":["TheCursedMod:CursedAmulet","TheCursedMod:Stretching"],"picked":"TheCursedMod:CursedBoomerang","floor":1},{"not_picked":["TheCursedMod:Stigma","TheCursedMod:TroublousMinions"],"picked":"TheCursedMod:Wield","floor":5},{"not_picked":["TheCursedMod:AntiAging","TheCursedMod:CursedBlade"],"picked":"TheCursedMod:HellfireBreathing","floor":6},{"not_picked":["TheCursedMod:HellsGateOpen","TheCursedMod:CircleOfFlame","TheCursedMod:PrepareRite"],"picked":"SKIP","floor":7},{"not_picked":["TheCursedMod:SmokeScreen","TheCursedMod:CircleOfFlame"],"picked":"TheCursedMod:SpitefulPray","floor":11},{"not_picked":["TheCursedMod:SpitefulStrike","TheCursedMod:CursedMace"],"picked":"TheCursedMod:HellfireBreathing","floor":13},{"not_picked":["TheCursedMod:ReleasedKnowledge","TheCursedMod:SurpriseAttack"],"picked":"TheCursedMod:Obscuration","floor":14},{"not_picked":["TheCursedMod:DarkBarrier","TheCursedMod:CursedRelics"],"picked":"TheCursedMod:ManaCirculation","floor":16},{"not_picked":["TheCursedMod:RavingStaff","TheCursedMod:VitalStrike"],"picked":"TheCursedMod:CursedAmulet","floor":18},{"not_picked":["TheCursedMod:Torture","TheCursedMod:Obscuration"],"picked":"TheCursedMod:CursedAmulet","floor":19},{"not_picked":["TheCursedMod:WearCloak","TheCursedMod:SmokeScreen"],"picked":"TheCursedMod:RapidMovement+1","floor":20},{"not_picked":["TheCursedMod:VitalStrike","TheCursedMod:BloodBarrier","TheCursedMod:PrepareRite"],"picked":"SKIP","floor":24},{"not_picked":["TheCursedMod:CursedShiv+1","TheCursedMod:DoubleShield+1","TheCursedMod:CircleOfBlood"],"picked":"SKIP","floor":25},{"not_picked":["TheCursedMod:DoubleShield","TheCursedMod:CircleOfCorruption"],"picked":"TheCursedMod:CollectTribute","floor":28},{"not_picked":["TheCursedMod:Stretching","TheCursedMod:CursedShiv+1","TheCursedMod:CircleOfFlame"],"picked":"SKIP","floor":30},{"not_picked":["TheCursedMod:CollectTribute","TheCursedMod:AntiAging"],"picked":"TheCursedMod:VoidForm","floor":33},{"not_picked":["TheCursedMod:Stigma","TheCursedMod:AbyssShockwave+1","TheCursedMod:Stretching"],"picked":"SKIP","floor":35},{"not_picked":["TheCursedMod:FuryStrike+1","TheCursedMod:SpitefulPlan+1","TheCursedMod:CursedAmulet"],"picked":"SKIP","floor":36},{"not_picked":["TheCursedMod:CursedArmor","TheCursedMod:Mangle"],"picked":"TheCursedMod:Wield","floor":37},{"not_picked":["TheCursedMod:RavingStaff","TheCursedMod:SurpriseAttack+1"],"picked":"TheCursedMod:CursedBlade+1","floor":37},{"not_picked":["TheCursedMod:CircleOfCorruption+1","TheCursedMod:CursedBoomerang+1","TheCursedMod:Mangle+1"],"picked":"SKIP","floor":38},{"not_picked":["TheCursedMod:SurpriseAttack+1","TheCursedMod:VitalStrike+1","TheCursedMod:CursedAmulet"],"picked":"SKIP","floor":39},{"not_picked":["TheCursedMod:CursedAmulet+1","TheCursedMod:Stigma","TheCursedMod:CursedRelics"],"picked":"SKIP","floor":40},{"not_picked":["TheCursedMod:CursedMace+1","TheCursedMod:Stigma","TheCursedMod:FuryStrike+1"],"picked":"SKIP","floor":42},{"not_picked":["TheCursedMod:Obscuration","TheCursedMod:SurpriseAttack","TheCursedMod:CircleOfFlame+1"],"picked":"SKIP","floor":45}],"player_experience":611514,"relics_obtained":[{"floor":6,"key":"Mastiff:ReiMu"},{"floor":9,"key":"Mummified Hand"},{"floor":24,"key":"Centennial Puzzle"},{"floor":26,"key":"REME_HandOfSuture"},{"floor":28,"key":"Boot"},{"floor":37,"key":"Lantern"},{"floor":40,"key":"infinitespire:WardingShard"}],"event_choices":[{"damage_healed":0,"gold_gain":0,"player_choice":"Grow","damage_taken":0,"max_hp_gain":0,"max_hp_loss":0,"event_name":"Living Wall","floor":2,"gold_loss":0,"cards_upgraded":["Bromod:LifeStrike"]},{"damage_healed":0,"gold_gain":175,"player_choice":"AGREE","damage_taken":119,"max_hp_gain":0,"max_hp_loss":0,"event_name":"betterThird:BetterSerpent","floor":4,"gold_loss":0},{"damage_healed":0,"gold_gain":0,"player_choice":"1 cards matched","damage_taken":0,"max_hp_gain":0,"max_hp_loss":0,"event_name":"Match and Keep!","floor":12,"gold_loss":0,"cards_obtained":["TheCursedMod:LuckyCharm"]},{"damage_healed":0,"gold_gain":0,"player_choice":"Hand rover O-miki","damage_taken":0,"max_hp_gain":0,"max_hp_loss":0,"event_name":"ZunEvent","floor":21,"relics_lost":["ZunR:ReiMu"],"gold_loss":0,"cards_obtained":["ZunPunch:ReiMu"]},{"damage_healed":0,"gold_gain":0,"player_choice":"HornCleat","damage_taken":0,"relics_obtained":["HornCleat"],"max_hp_gain":0,"max_hp_loss":0,"event_name":"blackbeard:ShipwreckEvent","floor":31,"gold_loss":0}],"is_beta":false,"boss_relics":[{"not_picked":["hubris:RunicObelisk","TheCursedMod:BlackMagicAdvanced"],"picked":"bronze:MakeshiftBattery"},{"not_picked":["Runic Pyramid","hubris:Backtick"],"picked":"Philosopher\u0027s Stone"}],"items_purged_floors":[22,44],"is_endless":false,"potions_floor_spawned":[6,7,16,19,20,24,25,33,36,39,40,45],"killed_by":"Nightmare","ascension_level":0}}