{"host":"2g68u5ewu4bp0ui7","time":1612547694,"event":{"mods":["AchievementEnabler","BaseMod","Best Route Mod","Block Reminder","Colored Map","Colored Powertips","Highlight Path","Minty Spire (QoL Compilation)","Quick Restart","Shop Mod","SuperFastMode","everything is the same but u backflip on backflip","slay the spire mod where everything is the same but ironclad has a cowboy hat"],"gold_per_floor":[118,9,9,23,39,39,39,50,50,69,69,69,85,85,85,85,85],"floor_reached":16,"language":"ENG","playtime":305,"items_purged":["Defend_R"],"score":92,"play_id":"d48456a7-4cae-4f9c-9a29-e5eca64dd0c0","local_time":"20210205195454","is_ascension_mode":false,"campfire_choices":[{"data":"Body Slam","floor":7,"key":"SMITH"},{"data":"Entrench","floor":12,"key":"SMITH"},{"data":"Flame Barrier","floor":15,"key":"SMITH"}],"circlet_count":0,"master_deck":["Strike_R","Strike_R","Strike_R","Strike_R","Defend_R","Defend_R","Defend_R","Bash","Body Slam+1","Ghostly Armor","Strike_G","Entrench+1","Flame Barrier+1","Battle Trance"],"relics":["Burning Blood","NeowsBlessing","Juzu Bracelet","Mummified Hand","Molten Egg 2"],"acts_visited":["Exordium"],"potions_floor_usage":[16,16],"damage_taken":[{"damage":0,"enemies":"Jaw Worm","floor":1,"turns":1},{"damage":0,"enemies":"Cultist","floor":4,"turns":1},{"damage":0,"enemies":"Small Slimes","floor":5,"turns":2},{"damage":15,"enemies":"Gremlin Gang","floor":8,"turns":6},{"damage":5,"enemies":"Looter","floor":10,"turns":3},{"damage":7,"enemies":"Blue Slaver","floor":13,"turns":5},{"damage":59,"enemies":"Slime Boss","floor":16,"turns":12}],"seed_played":"7040956858929488612","potions_obtained":[{"floor":4,"key":"Energy Potion"},{"floor":10,"key":"LiquidBronze"}],"is_trial":false,"path_per_floor":["M","$","?","M","M","?","R","M","T","M","?","R","M","T","R","B"],"character_chosen":"IRONCLAD","items_purchased":["Ghostly Armor"],"campfire_rested":0,"item_purchase_floors":[2],"current_hp_per_floor":[80,80,80,80,80,80,80,71,71,72,60,60,59,59,59,0,0],"gold":85,"neow_bonus":"THREE_ENEMY_KILL","is_daily":false,"chose_seed":false,"campfire_upgraded":3,"win_rate":0.0,"timestamp":1612547694,"path_taken":["M","$","?","M","?","?","R","?","T","M","?","R","M","?","R","BOSS"],"items_purchased_type":["Card"],"build_version":"2020-12-22","purchased_purges":1,"victory":false,"max_hp_per_floor":[80,80,80,80,80,80,80,80,80,80,80,80,80,80,80,80,80],"card_choices":[{"not_picked":["Armaments","Headbutt"],"picked":"Body Slam","floor":1},{"not_picked":["Intimidate","Cleave","Carnage"],"picked":"SKIP","floor":4},{"not_picked":["Wild Strike","Feel No Pain","Cleave"],"picked":"SKIP","floor":5},{"not_picked":["Dropkick","Pommel Strike"],"picked":"Entrench","floor":8},{"not_picked":["Juggernaut","Clash"],"picked":"Flame Barrier","floor":10},{"not_picked":["Pommel Strike","Fire Breathing"],"picked":"Battle Trance","floor":13}],"player_experience":76804,"relics_obtained":[{"floor":9,"key":"Juzu Bracelet"},{"floor":14,"key":"Molten Egg 2"}],"event_choices":[{"cards_removed":["Strike_R"],"damage_healed":0,"gold_gain":0,"player_choice":"Took Card","damage_taken":0,"max_hp_gain":0,"max_hp_loss":0,"event_name":"NoteForYourself","floor":3,"gold_loss":0,"cards_obtained":["Strike_G"]},{"damage_healed":0,"gold_gain":0,"player_choice":"Full Heal","damage_taken":0,"max_hp_gain":0,"max_hp_loss":0,"event_name":"Wheel of Change","floor":6,"gold_loss":0},{"damage_healed":0,"gold_gain":0,"player_choice":"Success","damage_taken":12,"relics_obtained":["Mummified Hand"],"max_hp_gain":0,"max_hp_loss":0,"event_name":"Scrap Ooze","floor":11,"gold_loss":0}],"is_beta":false,"boss_relics":[],"items_purged_floors":[2],"is_endless":false,"potions_floor_spawned":[4,10],"killed_by":"Slime Boss","ascension_level":0}}