{"host":"dw8ij7emqco3quom","time":1612548891,"event":{"mods":["BaseMod","Minty Spire (QoL Compilation)"],"gold_per_floor":[117,131,85,100,117,117,145,34,34,51,51,76,87,100,100,195,195,214,214,228,242,173,208,208,208,277,289,289,289,289,289,289,386,386,400,413,413,413,413,438,438,456,456,476,476,341,341,361,361,361,361],"floor_reached":50,"language":"FRA","playtime":3997,"items_purged":["Defend_R","Strike_R"],"score":764,"play_id":"b2dbc4fc-f032-4e54-a46e-aa17c1fe8ed7","local_time":"20210205191451","is_ascension_mode":true,"campfire_choices":[{"data":"Armaments","floor":6.0,"key":"SMITH"},{"data":"Rage","floor":15.0,"key":"SMITH"},{"data":"Uppercut","floor":29,"key":"SMITH"},{"floor":32,"key":"REST"},{"floor":41,"key":"REST"},{"floor":49,"key":"RECALL"}],"circlet_count":0,"master_deck":["Strike_R","Strike_R","Strike_R","Defend_R","Defend_R","Defend_R","Bash","Spot Weakness","Sword Boomerang","Armaments+1","Disarm","Dropkick","Thunderclap","Rage+1","Flame Barrier","Intimidate","Double Tap","Headbutt+1","Shockwave+1","Rage","Uppercut+1","Spot Weakness+1","Limit Break+1","Heavy Blade+1","Shrug It Off+1","Fire Breathing"],"relics":["Burning Blood","Mercury Hourglass","Meat on the Bone","Paper Frog","Philosopher\u0027s Stone","Singing Bowl","Ornamental Fan","CultistMask","Mark of Pain","Akabeko","Shuriken"],"acts_visited":["Exordium","TheCity","TheBeyond"],"potions_floor_usage":[28,33,36,40,44,47],"damage_taken":[{"damage":6.0,"enemies":"Cultist","floor":1.0,"turns":3.0},{"damage":11.0,"enemies":"Jaw Worm","floor":2.0,"turns":4.0},{"damage":0.0,"enemies":"Small Slimes","floor":4.0,"turns":3.0},{"damage":6.0,"enemies":"Exordium Thugs","floor":5.0,"turns":5.0},{"damage":13.0,"enemies":"Lagavulin","floor":7.0,"turns":5.0},{"damage":7.0,"enemies":"Blue Slaver","floor":10.0,"turns":3.0},{"damage":17.0,"enemies":"3 Sentries","floor":12.0,"turns":4.0},{"damage":0.0,"enemies":"Looter","floor":13.0,"turns":3.0},{"damage":4.0,"enemies":"Large Slime","floor":14.0,"turns":5.0},{"damage":30.0,"enemies":"Hexaghost","floor":16.0,"turns":9.0},{"damage":23.0,"enemies":"3 Byrds","floor":18.0,"turns":4.0},{"damage":14.0,"enemies":"Spheric Guardian","floor":20.0,"turns":4.0},{"damage":16.0,"enemies":"3 Cultists","floor":21.0,"turns":4.0},{"damage":24,"enemies":"Book of Stabbing","floor":23,"turns":5},{"damage":17,"enemies":"Snake Plant","floor":27,"turns":3},{"damage":21,"enemies":"Colosseum Slavers","floor":28,"turns":5},{"damage":51,"enemies":"Champ","floor":33,"turns":12},{"damage":21,"enemies":"3 Darklings","floor":35,"turns":5},{"damage":35,"enemies":"3 Shapes","floor":36,"turns":3},{"damage":87,"enemies":"Giant Head","floor":40,"turns":9},{"damage":44,"enemies":"Sphere and 2 Shapes","floor":42,"turns":10},{"damage":7,"enemies":"Maw","floor":44,"turns":6},{"damage":0,"enemies":"Spire Growth","floor":47,"turns":1},{"damage":7,"enemies":"Transient","floor":48,"turns":5},{"damage":85,"enemies":"Donu and Deca","floor":50,"turns":4}],"seed_played":"-8422424609780020027","potions_obtained":[{"floor":1.0,"key":"Energy Potion"},{"floor":11.0,"key":"LiquidBronze"},{"floor":11.0,"key":"BlessingOfTheForge"},{"floor":11.0,"key":"LiquidBronze"},{"floor":12.0,"key":"Fruit Juice"},{"floor":13.0,"key":"Strength Potion"},{"floor":14.0,"key":"FairyPotion"},{"floor":16.0,"key":"PowerPotion"},{"floor":20.0,"key":"Strength Potion"},{"floor":23,"key":"ColorlessPotion"},{"floor":27,"key":"FearPotion"},{"floor":33,"key":"GamblersBrew"},{"floor":36,"key":"DistilledChaos"},{"floor":42,"key":"Strength Potion"},{"floor":44,"key":"SmokeBomb"}],"is_trial":false,"path_per_floor":["M","M","$","M","M","R","E","$","T","M","?","E","M","M","R","B",null,"M","?","M","M","$","E","?","$","T","M","?","R","T","?","R","B",null,"M","M","?","?","?","E","R","M","T","M","?","$","M","M","R","B"],"character_chosen":"IRONCLAD","items_purchased":["Armaments","Rage","Rage","Fire Breathing"],"campfire_rested":2,"item_purchase_floors":[3,8,22,46],"current_hp_per_floor":[80,75,75,81,81,81,74,74,74,73,73,62,68,75,75,63,86,69,69,61,63,63,57,88,88,88,77,62,62,62,62,89,56,84,71,54,54,54,54,22,51,27,27,38,38,38,56,69,69,0,0],"gold":361,"neow_bonus":"TEN_PERCENT_HP_BONUS","is_daily":false,"chose_seed":false,"campfire_upgraded":3,"win_rate":0.0,"timestamp":1612548891,"path_taken":["M","?","$","?","M","R","E","?","T","M","?","E","?","M","R","BOSS","M","?","M","M","?","E","?","$","T","M","?","R","?","?","R","BOSS","M","?","?","?","?","E","R","?","T","M","?","$","M","?","R","BOSS"],"items_purchased_type":["Card","Card","Card","Card"],"build_version":"2020-12-22","purchased_purges":2,"victory":false,"max_hp_per_floor":[88,88,88,88,88,88,88,88,88,88,88,88,88,93,93,93,93,93,93,93,93,93,93,93,93,93,93,93,93,93,93,93,93,93,95,95,95,95,95,97,97,99,99,99,99,99,99,101,101,101,101],"card_choices":[{"not_picked":["Metallicize","Flame Barrier"],"picked":"Spot Weakness","floor":1.0},{"not_picked":["Sentinel","Iron Wave"],"picked":"Sword Boomerang","floor":2.0},{"not_picked":["Spot Weakness","Perfected Strike"],"picked":"Disarm","floor":4.0},{"not_picked":["Carnage","True Grit"],"picked":"Dropkick","floor":5.0},{"not_picked":["Searing Blow","Fire Breathing"],"picked":"Thunderclap","floor":7.0},{"not_picked":["Demon Form","Reckless Charge"],"picked":"Flame Barrier","floor":10.0},{"not_picked":["Blood for Blood","Iron Wave","Evolve"],"picked":"SKIP","floor":12.0},{"not_picked":["Anger","Dark Embrace","Rupture"],"picked":"SKIP","floor":13.0},{"not_picked":["Sword Boomerang","Perfected Strike"],"picked":"Intimidate","floor":14.0},{"not_picked":["Berserk","Offering"],"picked":"Double Tap","floor":16.0},{"not_picked":["Clash","Perfected Strike"],"picked":"Headbutt+1","floor":18.0},{"not_picked":["Cleave","Clash"],"picked":"Metallicize+1","floor":20.0},{"not_picked":["Dark Embrace+1","Cleave"],"picked":"Shockwave+1","floor":21.0},{"not_picked":["Exhume","Havoc"],"picked":"Uppercut","floor":23},{"not_picked":["Headbutt","Clothesline"],"picked":"Spot Weakness+1","floor":27},{"not_picked":["Offering","Bludgeon"],"picked":"Limit Break","floor":33},{"not_picked":["Wild Strike","Dark Embrace+1","Inflame"],"picked":"Singing Bowl","floor":35},{"not_picked":["True Grit","Uppercut"],"picked":"Heavy Blade+1","floor":36},{"not_picked":["Clash","Anger+1","Clothesline"],"picked":"Singing Bowl","floor":40},{"not_picked":["True Grit+1","Sword Boomerang+1","Feel No Pain+1"],"picked":"Singing Bowl","floor":42},{"not_picked":["Anger","Pommel Strike"],"picked":"Shrug It Off+1","floor":44},{"not_picked":["Inflame+1","Body Slam+1","Spot Weakness+1"],"picked":"Singing Bowl","floor":48}],"player_experience":708828,"relics_obtained":[{"floor":7.0,"key":"Mercury Hourglass"},{"floor":9.0,"key":"Meat on the Bone"},{"floor":12.0,"key":"Paper Frog"},{"floor":23,"key":"Singing Bowl"},{"floor":26,"key":"Ornamental Fan"},{"floor":40,"key":"Akabeko"},{"floor":43,"key":"Shuriken"}],"event_choices":[{"damage_healed":0.0,"max_hp_gain":0.0,"max_hp_loss":0.0,"gold_gain":0.0,"event_name":"Lab","player_choice":"Got Potions","floor":11.0,"gold_loss":0.0,"damage_taken":0.0},{"cards_removed":["Strike_R"],"damage_healed":0.0,"max_hp_gain":0.0,"max_hp_loss":0.0,"gold_gain":0.0,"event_name":"Bonfire Elementals","player_choice":"Offered Basic","floor":19.0,"gold_loss":0.0,"damage_taken":0.0},{"damage_healed":31,"gold_gain":0,"player_choice":"Heal","damage_taken":0,"max_hp_gain":0,"max_hp_loss":0,"event_name":"The Library","floor":24,"gold_loss":0},{"damage_healed":0,"gold_gain":0,"player_choice":"Fight","damage_taken":0,"max_hp_gain":0,"max_hp_loss":0,"event_name":"Colosseum","floor":28,"gold_loss":0},{"damage_healed":0,"gold_gain":0,"player_choice":"Fled From Nobs","damage_taken":0,"max_hp_gain":0,"max_hp_loss":0,"event_name":"Colosseum","floor":28,"gold_loss":0},{"damage_healed":0,"gold_gain":0,"player_choice":"Trade","damage_taken":0,"relics_obtained":["CultistMask"],"max_hp_gain":0,"max_hp_loss":0,"event_name":"FaceTrader","floor":31,"gold_loss":0},{"damage_healed":0,"gold_gain":0,"player_choice":"Ignored","damage_taken":0,"max_hp_gain":0,"max_hp_loss":0,"event_name":"Mysterious Sphere","floor":37,"gold_loss":0},{"damage_healed":0,"gold_gain":0,"player_choice":"Ignored","damage_taken":0,"max_hp_gain":0,"max_hp_loss":0,"event_name":"Tomb of Lord Red Mask","floor":38,"gold_loss":0},{"cards_removed":["Metallicize"],"damage_healed":0,"gold_gain":0,"player_choice":"Removed Power","damage_taken":0,"max_hp_gain":0,"max_hp_loss":0,"event_name":"Falling","floor":39,"gold_loss":0},{"damage_healed":0,"gold_gain":0,"player_choice":"Upgraded","damage_taken":0,"max_hp_gain":0,"max_hp_loss":0,"event_name":"Upgrade Shrine","floor":45,"gold_loss":0,"cards_upgraded":["Limit Break"]}],"is_beta":false,"boss_relics":[{"not_picked":["Velvet Choker","Fusion Hammer"],"picked":"Philosopher\u0027s Stone"},{"not_picked":["Runic Pyramid","Tiny House"],"picked":"Mark of Pain"}],"items_purged_floors":[8,46],"is_endless":false,"potions_floor_spawned":[1,12,13,14,16,20,23,27,33,36,42,44,47],"killed_by":"Donu and Deca","ascension_level":7}}