{"host":"1q02rw1wpi0nrsss","time":1612530869,"event":{"mods":["AchievementEnabler","BaseMod","Better Note","Custom Start","Dark Map","DeckTracker","Disable Question Mark Monsters","Hermit","Minty Spire (QoL Compilation)","Permanent Neow","Quick Restart","Rare Cards Sparkle","Relic Stats","StSLib","??????REMEMod"],"gold_per_floor":[212,143,163,163,178,178,203,217,217,237,249,261,281,308,308,404,404,359,359,359,104,104,104,104,32,32,32,32,32,32,32,32,32,32],"floor_reached":33,"language":"ENG","playtime":1179,"items_purged":["Strike_R"],"score":340,"play_id":"4896c2ea-dc9b-427b-a471-ab773befb6b4","local_time":"20210205051429","is_ascension_mode":true,"campfire_choices":[{"data":"Uppercut","floor":6.0,"key":"SMITH"},{"floor":15.0,"key":"REST"},{"data":"Barricade","floor":23,"key":"SMITH"},{"floor":28,"key":"REST"},{"floor":32,"key":"REST"}],"circlet_count":0,"master_deck":["Strike_R","Strike_R","Strike_R","Defend_R","Defend_R","Defend_R","Defend_R","Bash","DeusExMachina","Spot Weakness","Uppercut+1","Intimidate","Headbutt","Carnage","Thunderclap","Shrug It Off","Demon Form","Barricade+1","Rampage+1","Exhume","Rage"],"relics":["Burning Blood","REME_ComplimentaryCards","Tiny Chest","Omamori","Self Forming Clay","Ectoplasm","Membership Card","Bronze Scales","Bag of Marbles","Oddly Smooth Stone","Blue Candle"],"acts_visited":["Exordium","TheCity"],"potions_floor_usage":[19,24,30],"damage_taken":[{"damage":0.0,"enemies":"2 Louse","floor":1.0,"turns":3.0},{"damage":1.0,"enemies":"Cultist","floor":3.0,"turns":3.0},{"damage":7.0,"enemies":"Small Slimes","floor":5.0,"turns":3.0},{"damage":30.0,"enemies":"Lagavulin","floor":7.0,"turns":6.0},{"damage":20.0,"enemies":"Gremlin Gang","floor":8.0,"turns":5.0},{"damage":9.0,"enemies":"3 Louse","floor":10.0,"turns":2.0},{"damage":1.0,"enemies":"Exordium Wildlife","floor":11.0,"turns":2.0},{"damage":11.0,"enemies":"Blue Slaver","floor":12.0,"turns":4.0},{"damage":1.0,"enemies":"Exordium Thugs","floor":13.0,"turns":3.0},{"damage":21.0,"enemies":"Gremlin Nob","floor":14.0,"turns":4.0},{"damage":18.0,"enemies":"Hexaghost","floor":16.0,"turns":9.0},{"damage":22,"enemies":"2 Thieves","floor":18,"turns":3},{"damage":6,"enemies":"Spheric Guardian","floor":19,"turns":3},{"damage":31,"enemies":"Snake Plant","floor":22,"turns":4},{"damage":32,"enemies":"Gremlin Leader","floor":24,"turns":7},{"damage":11,"enemies":"Centurion and Healer","floor":29,"turns":7},{"damage":14,"enemies":"Sentry and Sphere","floor":30,"turns":5},{"damage":17,"enemies":"Snecko","floor":31,"turns":5},{"damage":70,"enemies":"Automaton","floor":33,"turns":6}],"seed_played":"4040829226654123020","potions_obtained":[{"floor":4.0,"key":"Fruit Juice"},{"floor":4.0,"key":"SneckoOil"},{"floor":4.0,"key":"Fire Potion"},{"floor":5.0,"key":"DistilledChaos"},{"floor":8.0,"key":"Explosive Potion"},{"floor":10.0,"key":"EssenceOfSteel"},{"floor":12.0,"key":"SteroidPotion"},{"floor":18,"key":"DistilledChaos"},{"floor":19,"key":"GamblersBrew"},{"floor":29,"key":"SpeedPotion"}],"is_trial":false,"path_per_floor":["M","$","M","?","M","R","E","M","T","M","M","M","M","E","R","B",null,"M","M","?","$","M","R","E","$","T","T","R","M","M","M","R","B"],"character_chosen":"IRONCLAD","items_purchased":["Uppercut","Membership Card","Bronze Scales","Oddly Smooth Stone"],"campfire_rested":3,"item_purchase_floors":[2,21,21,25],"current_hp_per_floor":[80,80,80,85,84,84,60,46,46,43,48,43,48,33,58,46,85,69,69,69,69,44,44,18,18,18,18,43,38,30,19,44,0,0],"gold":32,"neow_bonus":"HUNDRED_GOLD","is_daily":false,"chose_seed":false,"campfire_upgraded":2,"win_rate":0.0,"timestamp":1612530869,"path_taken":["M","$","M","?","M","R","E","M","T","M","?","M","M","E","R","BOSS","M","M","?","$","?","R","E","$","T","?","R","M","M","M","R","BOSS"],"items_purchased_type":["Card","Relic","Relic","Relic"],"build_version":"2020-12-22","purchased_purges":1,"victory":false,"max_hp_per_floor":[80,80,80,85,85,85,85,85,85,85,85,85,85,85,85,85,85,85,85,85,85,85,85,85,85,85,85,85,85,85,85,85,85,85],"relic_stats":{"counters":[19,84],"Self Forming Clay":[102],"Bronze Scales":[80],"Blue Candle":[0],"Tiny Chest":1,"Ectoplasm":178,"obtain_stats":[{"Self Forming Clay":14,"Bronze Scales":21,"Blue Candle":26,"Oddly Smooth Stone":25,"Tiny Chest":7,"Ectoplasm":17,"Omamori":9,"Bag of Marbles":24,"Membership Card":21,"Burning Blood":0,"REME_ComplimentaryCards":0},{"Self Forming Clay":10,"Bronze Scales":13,"Blue Candle":15,"Oddly Smooth Stone":15,"Tiny Chest":4,"Ectoplasm":11,"Omamori":5,"Bag of Marbles":15,"Membership Card":13,"Burning Blood":0,"REME_ComplimentaryCards":0},{"Self Forming Clay":35,"Bronze Scales":50,"Blue Candle":61,"Oddly Smooth Stone":61,"Tiny Chest":15,"Ectoplasm":44,"Omamori":20,"Bag of Marbles":61,"Membership Card":50,"Burning Blood":0,"REME_ComplimentaryCards":0}],"Burning Blood":97},"card_choices":[{"not_picked":["Armaments","Rampage"],"picked":"Spot Weakness","floor":1.0},{"not_picked":["Flex","Iron Wave","Blood for Blood"],"picked":"SKIP","floor":3.0},{"not_picked":["Evolve","Rupture"],"picked":"Intimidate","floor":5.0},{"not_picked":["Perfected Strike","Wild Strike"],"picked":"Headbutt","floor":7.0},{"not_picked":["Feel No Pain","Perfected Strike","Iron Wave"],"picked":"SKIP","floor":8.0},{"not_picked":["Havoc","Infernal Blade"],"picked":"Carnage","floor":10.0},{"not_picked":["Headbutt","Clothesline"],"picked":"Thunderclap","floor":11.0},{"not_picked":["Clash","True Grit","Cleave"],"picked":"SKIP","floor":12.0},{"not_picked":["Havoc","Iron Wave"],"picked":"Shrug It Off","floor":13.0},{"not_picked":["Inflame","Flex"],"picked":"Demon Form","floor":14.0},{"not_picked":["Impervious","Double Tap"],"picked":"Barricade","floor":16.0},{"not_picked":["Headbutt","Body Slam","Armaments"],"picked":"SKIP","floor":18},{"not_picked":["Headbutt+1","Flex+1"],"picked":"Rampage+1","floor":19},{"not_picked":["Shockwave","Thunderclap","Sever Soul+1"],"picked":"SKIP","floor":22},{"not_picked":["Headbutt","Second Wind","Shockwave"],"picked":"SKIP","floor":24},{"not_picked":["Reckless Charge+1","Second Wind","REME_SingleHolding"],"picked":"SKIP","floor":29},{"not_picked":["Pommel Strike+1","Clash"],"picked":"Rage","floor":30},{"not_picked":["Cleave","Spot Weakness+1","Evolve+1"],"picked":"SKIP","floor":31}],"player_experience":85536,"relics_obtained":[{"floor":7.0,"key":"Tiny Chest"},{"floor":9.0,"key":"Omamori"},{"floor":14.0,"key":"Self Forming Clay"},{"floor":24,"key":"Bag of Marbles"},{"floor":26,"key":"Blue Candle"}],"event_choices":[{"damage_healed":0.0,"max_hp_gain":0.0,"max_hp_loss":0.0,"gold_gain":0.0,"event_name":"Lab","player_choice":"Got Potions","floor":4.0,"gold_loss":0.0,"damage_taken":0.0},{"damage_healed":0,"gold_gain":0,"cards_transformed":["Strike_R"],"player_choice":"Transformed","damage_taken":0,"max_hp_gain":0,"max_hp_loss":0,"event_name":"Transmorgrifier","floor":20,"gold_loss":0,"cards_obtained":["Exhume"]}],"is_beta":false,"boss_relics":[{"not_picked":["REME_ChargedStone","Runic Dome"],"picked":"Ectoplasm"}],"items_purged_floors":[21],"is_endless":false,"potions_floor_spawned":[5,8,10,12,18,19,29],"killed_by":"Automaton","ascension_level":4}}