{"host":"mr1ctipv0dcr6y8g","time":1612558462,"event":{"mods":["BaseMod","Beaked The Cultist","DeckTracker","Energized Spire","Minty Spire (QoL Compilation)","Shop Mod","StSLib","The Construct"],"gold_per_floor":[109,121,121,139,155,185,185,220,220,247,260,260,277,293,293,398,398,418,123,222,222,222,248,248,51,51,51,90,90,60,143,143,239,189,200,228,240,265,291,355,367,436,501,513,567,590,460,482,494,531,543,555,20,52,52],"floor_reached":56,"language":"ENG","playtime":8288,"items_purged":["Perfected Strike+1","Defend_R","Parasite"],"score":1467,"play_id":"2d83fad1-faa3-4600-a06a-899cd6d417e6","local_time":"20210205135422","daily_mods":["Vintage","Heirloom","Time Dilation","Flight"],"is_ascension_mode":false,"campfire_choices":[{"data":"Perfected Strike","floor":7.0,"key":"SMITH"},{"data":"Barricade","floor":12.0,"key":"SMITH"},{"data":"Bash","floor":15.0,"key":"SMITH"},{"data":"HandOfGreed","floor":24,"key":"SMITH"},{"data":"Feed","floor":27,"key":"SMITH"},{"data":"Body Slam","floor":29,"key":"SMITH"},{"data":"Ghostly Armor","floor":32,"key":"SMITH"},{"data":"Ghostly Armor","floor":44,"key":"SMITH"},{"floor":49,"key":"RECALL"},{"data":"Spot Weakness","floor":52,"key":"SMITH"}],"circlet_count":0,"master_deck":["Strike_R","Strike_R+1","Defend_R+1","Defend_R","Defend_R+1","Bash+1","Double Tap","Barricade+1","Feed+1","HandOfGreed+1","Body Slam+1","Ghostly Armor+1","Strike_R+1","Whirlwind","Spot Weakness+1","Ghostly Armor+1"],"relics":["Burning Blood","FossilizedHelix","War Paint","Toy Ornithopter","Turnip","Happy Flower","Darkstone Periapt","Blue Candle","Eternal Feather","PreservedInsect","Centennial Puzzle","Bronze Scales","Letter Opener","Empty Cage","Boot","Nunchaku","Strawberry","Mercury Hourglass","MealTicket","energizedSpire:HugeHouse","MawBank","Bag of Preparation","White Beast Statue","The Courier","Ornamental Fan","Bottled Tornado","Pen Nib","construct:FoamFinger","beaked:ShinyBauble","Anchor","Singing Bowl","Membership Card","Oddly Smooth Stone","Lantern","Akabeko","Whetstone","Red Skull","Vajra","Ice Cream"],"acts_visited":["Exordium","TheCity","TheBeyond","TheEnding"],"potions_floor_usage":[29,42,50,50,50],"damage_taken":[{"damage":6.0,"enemies":"Jaw Worm","floor":1.0,"turns":5.0},{"damage":0.0,"enemies":"Cultist","floor":2.0,"turns":3.0},{"damage":0.0,"enemies":"2 Louse","floor":4.0,"turns":2.0},{"damage":0.0,"enemies":"Blue Slaver","floor":5.0,"turns":5.0},{"damage":0.0,"enemies":"Lagavulin","floor":6.0,"turns":3.0},{"damage":0.0,"enemies":"Gremlin Nob","floor":8.0,"turns":4.0},{"damage":5.0,"enemies":"Lagavulin","floor":10.0,"turns":6.0},{"damage":7.0,"enemies":"Exordium Wildlife","floor":11.0,"turns":4.0},{"damage":0.0,"enemies":"Exordium Thugs","floor":13.0,"turns":5.0},{"damage":8.0,"enemies":"Red Slaver","floor":14.0,"turns":4.0},{"damage":8.0,"enemies":"Slime Boss","floor":16.0,"turns":13.0},{"damage":29.0,"enemies":"Spheric Guardian","floor":18.0,"turns":8.0},{"damage":50,"enemies":"Gremlin Leader","floor":23,"turns":9},{"damage":9,"enemies":"3 Byrds","floor":28,"turns":2},{"damage":7,"enemies":"Slavers","floor":31,"turns":3},{"damage":0,"enemies":"Champ","floor":33,"turns":9},{"damage":0,"enemies":"Orb Walker","floor":35,"turns":3},{"damage":15,"enemies":"3 Darklings","floor":36,"turns":5},{"damage":13,"enemies":"Spire Growth","floor":38,"turns":4},{"damage":2,"enemies":"Transient","floor":39,"turns":5},{"damage":6,"enemies":"Nemesis","floor":40,"turns":3},{"damage":0,"enemies":"Reptomancer","floor":42,"turns":5},{"damage":0,"enemies":"4 Shapes","floor":45,"turns":5},{"damage":3,"enemies":"Writhing Mass","floor":46,"turns":4},{"damage":0,"enemies":"Transient","floor":48,"turns":5},{"damage":26,"enemies":"Awakened One","floor":50,"turns":9},{"damage":22,"enemies":"Shield and Spear","floor":54,"turns":6},{"damage":65,"enemies":"The Heart","floor":55,"turns":9}],"seed_played":"-3632426532996756020","potions_obtained":[{"floor":1.0,"key":"GamblersBrew"},{"floor":4.0,"key":"AttackPotion"},{"floor":6.0,"key":"Weak Potion"},{"floor":8.0,"key":"Dexterity Potion"},{"floor":18.0,"key":"SpeedPotion"},{"floor":30,"key":"ColorlessPotion"},{"floor":30,"key":"Weak Potion"},{"floor":38,"key":"PowerPotion"},{"floor":39,"key":"Energy Potion"},{"floor":42,"key":"Energy Potion"},{"floor":48,"key":"Fire Potion"},{"floor":54,"key":"AttackPotion"}],"is_trial":true,"path_per_floor":["M","M","?","M","M","E","R","E","T","E","M","R","M","M","R","B",null,"M","$","?","?","T","E","R","$","T","R","M","R","?","E","R","B",null,"M","M","$","M","M","E","?","E","T","R","M","M","?","M","R","B",null,"R","$","E","B",null],"character_chosen":"IRONCLAD","items_purchased":["HandOfGreed","Body Slam","Fruit Juice","Membership Card","Oddly Smooth Stone","Lantern","Akabeko","Whetstone","Red Skull","Vajra"],"campfire_rested":0,"item_purchase_floors":[19,19,25,53,53,53,53,53,53,53],"current_hp_per_floor":[80,80,80,80,80,80,80,80,80,80,79,80,80,78,80,78,80,60,60,60,60,60,23,29,29,29,35,36,52,52,55,61,67,98,98,89,98,91,95,95,95,98,98,98,102,112,112,112,112,99,112,112,109,95,36],"gold":52,"neow_bonus":"","is_daily":false,"chose_seed":false,"campfire_upgraded":9,"win_rate":0.0,"timestamp":1612558462,"path_taken":["M","M","?","M","M","E","R","E","T","E","M","R","?","M","R","BOSS","M","$","?","?","?","E","R","$","T","R","?","R","?","E","R","BOSS","M","M","$","M","M","E","?","E","T","R","M","M","?","?","R","BOSS","R","$","E","BOSS"],"items_purchased_type":["Card","Card","Potion","Relic","Relic","Relic","Relic","Relic","Relic","Relic"],"build_version":"2020-12-22","purchased_purges":3,"victory":true,"max_hp_per_floor":[80,80,80,80,80,80,80,80,80,80,80,80,80,80,80,80,80,83,83,83,83,83,90,90,90,90,90,94,99,99,103,103,103,98,98,98,98,98,98,98,98,98,98,98,102,112,112,112,112,112,112,112,109,111,111],"card_choices":[{"not_picked":["Second Wind","Twin Strike"],"picked":"Perfected Strike","floor":6.0},{"not_picked":["Heavy Blade","Corruption"],"picked":"Double Tap","floor":8.0},{"not_picked":["Infernal Blade","Flame Barrier"],"picked":"Barricade","floor":10.0},{"not_picked":["Demon Form","Corruption"],"picked":"Feed","floor":16.0},{"not_picked":["Shrug It Off","Cleave+1"],"picked":"Armaments+1","floor":23},{"not_picked":["Infernal Blade+1","Disarm"],"picked":"Ghostly Armor","floor":31},{"not_picked":["Brutality","Berserk"],"picked":"Immolate","floor":33},{"not_picked":["Armaments+1","Shockwave+1"],"picked":"Spot Weakness","floor":40},{"not_picked":["Clothesline","Uppercut+1"],"picked":"Ghostly Armor","floor":42},{"not_picked":["Pummel+1","Headbutt+1","Dark Embrace"],"picked":"Singing Bowl","floor":54}],"player_experience":1553206,"relics_obtained":[{"floor":1.0,"key":"War Paint"},{"floor":2.0,"key":"Toy Ornithopter"},{"floor":4.0,"key":"Turnip"},{"floor":5.0,"key":"Happy Flower"},{"floor":6.0,"key":"Darkstone Periapt"},{"floor":8.0,"key":"Blue Candle"},{"floor":9.0,"key":"Eternal Feather"},{"floor":10.0,"key":"PreservedInsect"},{"floor":11.0,"key":"Centennial Puzzle"},{"floor":13.0,"key":"Bronze Scales"},{"floor":14.0,"key":"Letter Opener"},{"floor":18.0,"key":"Boot"},{"floor":22,"key":"Nunchaku"},{"floor":23,"key":"Strawberry"},{"floor":28,"key":"Mercury Hourglass"},{"floor":31,"key":"MealTicket"},{"floor":35,"key":"MawBank"},{"floor":36,"key":"Bag of Preparation"},{"floor":38,"key":"White Beast Statue"},{"floor":39,"key":"The Courier"},{"floor":40,"key":"Ornamental Fan"},{"floor":42,"key":"Bottled Tornado"},{"floor":43,"key":"Pen Nib"},{"floor":45,"key":"construct:FoamFinger"},{"floor":46,"key":"beaked:ShinyBauble"},{"floor":48,"key":"Singing Bowl"},{"floor":54,"key":"Ice Cream"}],"event_choices":[{"cards_removed":["Strike_R"],"damage_healed":0.0,"max_hp_gain":0.0,"max_hp_loss":0.0,"gold_gain":0.0,"event_name":"Bonfire Elementals","player_choice":"Offered Basic","floor":3.0,"gold_loss":0.0,"damage_taken":0.0},{"damage_healed":0,"gold_gain":99,"player_choice":"Stole From Cult","damage_taken":0,"max_hp_gain":0,"max_hp_loss":0,"event_name":"Nest","floor":20,"gold_loss":0},{"damage_healed":0,"gold_gain":0,"player_choice":"Ignored","damage_taken":0,"max_hp_gain":0,"max_hp_loss":0,"event_name":"Vampires","floor":21,"gold_loss":0},{"damage_healed":0,"gold_gain":0,"player_choice":"Bought 2 Potions","damage_taken":0,"max_hp_gain":0,"max_hp_loss":0,"event_name":"The Woman in Blue","floor":30,"gold_loss":0},{"cards_removed":["Armaments"],"damage_healed":0,"gold_gain":0,"player_choice":"Removed Skill","damage_taken":0,"max_hp_gain":0,"max_hp_loss":0,"event_name":"Falling","floor":41,"gold_loss":0},{"damage_healed":0,"gold_gain":0,"player_choice":"Paid Gold","damage_taken":0,"relics_obtained":["Anchor"],"max_hp_gain":0,"max_hp_loss":0,"event_name":"WeMeetAgain","floor":47,"gold_loss":142}],"is_beta":false,"boss_relics":[{"not_picked":["Black Blood","Tiny House"],"picked":"Empty Cage"},{"not_picked":["energizedSpire:TabascoSauce","Black Star"],"picked":"energizedSpire:HugeHouse"}],"items_purged_floors":[19,25,53],"is_endless":false,"potions_floor_spawned":[1,4,6,8,18,33,38,39,40,42,45,46,48,54],"ascension_level":0}}