{"host":"aq3xpixvif6gmjmv","time":1612502069,"event":{"mods":["BaseMod","CapriCore","Colored Map","Colored Powertips","Friendly Minions","Minty Spire (QoL Compilation)","StSLib","SuperFastMode","The Hierophant"],"gold_per_floor":[109,384,397,69,69,100,139,180,180,223,259,300,338,363,363,486,486,505,256,111,111,111,145,197,238,238,274,313,313,356,401,401,531,531,544,877,752,763,781,810,256,291,300,300,334,377,403,433,433,442],"floor_reached":51,"language":"KOR","playtime":1392,"items_purged":["Regret","Parasite","Writhe","Streamline"],"score":1632,"play_id":"d0ee4848-57cc-4c0d-aea1-38b529f7afaf","local_time":"20210205141429","daily_mods":["Draft","Vintage","Heirloom","Time Dilation","Flight","DeadlyEvents","Cursed Run","Elite Swarm"],"is_ascension_mode":false,"campfire_choices":[{"data":"Beam Cell","floor":15,"key":"SMITH"},{"data":"Scrape","floor":29,"key":"SMITH"},{"data":"Go for the Eyes","floor":32,"key":"SMITH"},{"data":"White Noise","floor":44,"key":"SMITH"},{"data":"Hologram","floor":49,"key":"SMITH"}],"circlet_count":0,"master_deck":["Hologram+1","Compile Driver","Sweeping Beam","Beam Cell+1","Scrape+1","Gash","Steam","Gash","Self Repair","Gash","Conserve Battery","Go for the Eyes+1","White Noise+1","Rip and Tear","All For One","Reboot+1","Seek+1","Secret Weapon+1","Flash of Steel","Decay","Seek+1","Pain"],"relics":["Cursed Key","Darkstone Periapt","Du-Vu Doll","Emotion Chip","Bottled Flame","Kunai","Mummified Hand","Mercury Hourglass","Eternal Feather","Sundial","Toxic Egg 2","Meat on the Bone","InkBottle","Letter Opener","Omamori","Oddly Smooth Stone","SlaversCollar","Gremlin Horn","ClockworkSouvenir","Bag of Preparation","CeramicFish","Singing Bowl","Incense Burner","Frozen Egg 2","Bag of Marbles","MealTicket","Pear","Question Card","White Beast Statue","Coffee Dripper","Akabeko","The Courier","HornCleat","Shuriken","Prayer Wheel","Pocketwatch","Blue Candle","Symbiotic Virus","Molten Egg 2","Pantograph","Art of War"],"acts_visited":["Exordium","TheCity","TheBeyond"],"potions_floor_usage":[25,40],"damage_taken":[{"damage":0,"enemies":"2 Louse","floor":1,"turns":2},{"damage":0,"enemies":"Cultist","floor":3,"turns":2},{"damage":6,"enemies":"3 Sentries","floor":6,"turns":3},{"damage":0,"enemies":"Gremlin Nob","floor":7,"turns":2},{"damage":14,"enemies":"Lagavulin","floor":8,"turns":3},{"damage":0,"enemies":"Gremlin Nob","floor":10,"turns":2},{"damage":9,"enemies":"Lagavulin","floor":11,"turns":3},{"damage":4,"enemies":"3 Sentries","floor":12,"turns":3},{"damage":0,"enemies":"Gremlin Nob","floor":13,"turns":1},{"damage":0,"enemies":"Small Slimes","floor":14,"turns":1},{"damage":0,"enemies":"Slime Boss","floor":16,"turns":2},{"damage":0,"enemies":"Chosen","floor":18,"turns":1},{"damage":0,"enemies":"Gremlin Leader","floor":23,"turns":1},{"damage":6,"enemies":"Book of Stabbing","floor":24,"turns":3},{"damage":0,"enemies":"Gremlin Leader","floor":25,"turns":1},{"damage":0,"enemies":"Book of Stabbing","floor":27,"turns":1},{"damage":0,"enemies":"Slavers","floor":28,"turns":2},{"damage":0,"enemies":"Book of Stabbing","floor":30,"turns":2},{"damage":0,"enemies":"Slavers","floor":31,"turns":1},{"damage":0,"enemies":"Automaton","floor":33,"turns":4},{"damage":0,"enemies":"Orb Walker","floor":35,"turns":1},{"damage":0,"enemies":"3 Shapes","floor":38,"turns":1},{"damage":0,"enemies":"Nemesis","floor":40,"turns":1},{"damage":0,"enemies":"Reptomancer","floor":42,"turns":1},{"damage":1,"enemies":"Nemesis","floor":45,"turns":1},{"damage":1,"enemies":"Giant Head","floor":46,"turns":1},{"damage":0,"enemies":"Reptomancer","floor":47,"turns":1},{"damage":0,"enemies":"Nemesis","floor":48,"turns":1},{"damage":19,"enemies":"Time Eater","floor":50,"turns":2}],"seed_played":"-4276411514415349971","potions_obtained":[{"floor":7,"key":"Dexterity Potion"},{"floor":10,"key":"Fire Potion"},{"floor":12,"key":"LiquidMemories"},{"floor":27,"key":"DistilledChaos"},{"floor":40,"key":"Fruit Juice"},{"floor":42,"key":"ColorlessPotion"}],"is_trial":true,"path_per_floor":["M","?","M","$","?","E","E","E","T","E","E","E","E","M","R","B",null,"M","$","$","?","?","E","E","E","T","E","E","R","E","E","R","B",null,"M","?","$","M","?","E","$","E","T","R","E","E","E","E","R","B",null],"character_chosen":"DEFECT","items_purchased":["Mummified Hand","ClockworkSouvenir","Bag of Preparation","Shuriken","Prayer Wheel"],"campfire_rested":0,"item_purchase_floors":[4,19,20,41,41],"current_hp_per_floor":[75,81,81,81,61,55,62,55,61,61,59,55,55,55,64,64,87,87,84,84,84,84,86,86,88,88,90,102,102,104,104,104,112,112,112,112,112,112,104,111,121,123,129,129,130,131,133,135,135,129],"gold":442,"neow_bonus":"","is_daily":false,"chose_seed":false,"campfire_upgraded":5,"win_rate":0.0,"timestamp":1612502069,"path_taken":["M","?","?","$","?","E","E","E","T","E","E","E","E","?","R","BOSS","M","$","$","?","?","E","?","E","T","E","E","R","E","E","R","BOSS","M","?","$","?","?","E","$","E","T","R","E","E","?","E","R","BOSS"],"items_purchased_type":["Relic","Relic","Relic","Relic","Relic"],"build_version":"2020-12-22","purchased_purges":4,"victory":true,"max_hp_per_floor":[75,81,81,81,81,81,81,81,87,87,87,87,87,87,87,87,87,87,84,84,84,84,86,86,88,88,90,102,102,104,104,104,112,112,112,112,112,112,114,121,121,123,129,129,131,131,133,135,135,141],"card_choices":[{"not_picked":["Streamline","Barrage"],"picked":"Hologram","floor":0},{"not_picked":["Cold Snap","Conserve Battery"],"picked":"Compile Driver","floor":0},{"not_picked":["Conserve Battery","Redo"],"picked":"Sweeping Beam","floor":0},{"not_picked":["Conserve Battery","Sweeping Beam"],"picked":"Beam Cell","floor":0},{"not_picked":["Melter","Barrage"],"picked":"Scrape","floor":0},{"not_picked":["Self Repair","Barrage"],"picked":"Gash","floor":0},{"not_picked":["Cold Snap","Glacier"],"picked":"Steam","floor":0},{"not_picked":["Conserve Battery","FTL"],"picked":"Gash","floor":0},{"not_picked":["Stack","Conserve Battery"],"picked":"Streamline","floor":0},{"not_picked":["Compile Driver","Leap"],"picked":"Self Repair","floor":0},{"not_picked":["Chill","Sweeping Beam"],"picked":"Gash","floor":0},{"not_picked":["Genetic Algorithm","Streamline"],"picked":"Conserve Battery","floor":0},{"not_picked":["Stack","Leap"],"picked":"Go for the Eyes","floor":0},{"not_picked":["Consume","Reprogram"],"picked":"White Noise","floor":0},{"not_picked":["Redo","Compile Driver"],"picked":"Rip and Tear","floor":0},{"not_picked":["Buffer","Machine Learning","Rainbow"],"picked":"SKIP","floor":6},{"not_picked":["Hyperbeam","Electrodynamics","Creative AI"],"picked":"SKIP","floor":7},{"not_picked":["Creative AI","Electrodynamics","Meteor Strike"],"picked":"SKIP","floor":8},{"not_picked":["Buffer","Biased Cognition","Creative AI"],"picked":"SKIP","floor":10},{"not_picked":["Echo Form","Machine Learning"],"picked":"All For One","floor":11},{"not_picked":["Machine Learning","Rainbow+1","Thunder Strike"],"picked":"SKIP","floor":12},{"not_picked":["Echo Form","Machine Learning","Meteor Strike"],"picked":"SKIP","floor":13},{"not_picked":["Electrodynamics","Rainbow+1","Echo Form"],"picked":"Singing Bowl","floor":23},{"not_picked":["Thunder Strike","Machine Learning"],"picked":"Reboot+1","floor":24},{"not_picked":["All For One","Buffer+1","Amplify+1"],"picked":"Singing Bowl","floor":25},{"not_picked":["Creative AI+1","Fission+1","Thunder Strike"],"picked":"Singing Bowl","floor":27},{"not_picked":["Electrodynamics+1","All For One","Amplify+1"],"picked":"Singing Bowl","floor":28},{"not_picked":["Creative AI+1","Meteor Strike","Echo Form+1"],"picked":"Singing Bowl","floor":30},{"not_picked":["Fission+1","Core Surge","Buffer+1"],"picked":"Seek+1","floor":31},{"not_picked":["Buffer+1","Meteor Strike","Biased Cognition+1","Hyperbeam"],"picked":"Singing Bowl","floor":33},{"not_picked":["Good Instincts+1","Dramatic Entrance","PanicButton+1","Chrysalis+1"],"picked":"Singing Bowl","floor":39},{"not_picked":["Impatience+1","Dramatic Entrance","Forethought+1"],"picked":"Secret Weapon+1","floor":39},{"not_picked":["HandOfGreed","Mayhem+1","Madness+1"],"picked":"Flash of Steel","floor":39},{"not_picked":["Rainbow+1","Hyperbeam","Core Surge","Reboot+1"],"picked":"Singing Bowl","floor":40},{"not_picked":["Multi-Cast+1","Biased Cognition+1","Thunder Strike","Meteor Strike"],"picked":"Singing Bowl","floor":42},{"not_picked":["Creative AI+1","Machine Learning+1","Meteor Strike","All For One"],"picked":"Singing Bowl","floor":45},{"not_picked":["Rainbow+1","Echo Form+1","Creative AI+1"],"picked":"Seek+1","floor":46},{"not_picked":["Hyperbeam+1","Meteor Strike+1","Echo Form+1","Creative AI+1"],"picked":"Singing Bowl","floor":47},{"not_picked":["Echo Form+1","Amplify+1","Hyperbeam+1","Electrodynamics+1"],"picked":"Singing Bowl","floor":48}],"player_experience":405721,"relics_obtained":[{"floor":1,"key":"Bottled Flame"},{"floor":3,"key":"Kunai"},{"floor":6,"key":"Mercury Hourglass"},{"floor":7,"key":"Eternal Feather"},{"floor":8,"key":"Sundial"},{"floor":9,"key":"Toxic Egg 2"},{"floor":10,"key":"Meat on the Bone"},{"floor":11,"key":"InkBottle"},{"floor":12,"key":"Letter Opener"},{"floor":13,"key":"Omamori"},{"floor":14,"key":"Oddly Smooth Stone"},{"floor":18,"key":"Gremlin Horn"},{"floor":23,"key":"Singing Bowl"},{"floor":24,"key":"Incense Burner"},{"floor":25,"key":"Frozen Egg 2"},{"floor":26,"key":"Bag of Marbles"},{"floor":27,"key":"MealTicket"},{"floor":28,"key":"Pear"},{"floor":30,"key":"Question Card"},{"floor":31,"key":"White Beast Statue"},{"floor":35,"key":"Akabeko"},{"floor":38,"key":"The Courier"},{"floor":40,"key":"HornCleat"},{"floor":42,"key":"Pocketwatch"},{"floor":43,"key":"Blue Candle"},{"floor":45,"key":"Symbiotic Virus"},{"floor":46,"key":"Molten Egg 2"},{"floor":47,"key":"Pantograph"},{"floor":48,"key":"Art of War"}],"event_choices":[{"damage_healed":0,"gold_gain":275,"player_choice":"Desecrate","damage_taken":0,"max_hp_gain":0,"max_hp_loss":0,"event_name":"Golden Shrine","floor":2,"gold_loss":0,"cards_obtained":["Regret"]},{"damage_healed":0,"gold_gain":0,"player_choice":"Take Damage","damage_taken":20,"relics_obtained":["Golden Idol"],"max_hp_gain":0,"max_hp_loss":0,"event_name":"Golden Idol","floor":5,"gold_loss":0},{"damage_healed":0,"gold_gain":0,"player_choice":"Ignored","damage_taken":0,"max_hp_gain":0,"max_hp_loss":0,"event_name":"Ghosts","floor":21,"gold_loss":0},{"damage_healed":0,"gold_gain":0,"player_choice":"Opened","damage_taken":0,"relics_obtained":["CeramicFish"],"max_hp_gain":0,"max_hp_loss":0,"event_name":"The Mausoleum","floor":22,"gold_loss":0},{"damage_healed":0,"gold_gain":333,"player_choice":"Gave Idol","damage_taken":0,"max_hp_gain":0,"max_hp_loss":0,"event_name":"The Moai Head","floor":36,"relics_lost":["Golden Idol"],"gold_loss":0},{"damage_healed":0,"gold_gain":0,"player_choice":"Memory 3","damage_taken":10,"max_hp_gain":0,"max_hp_loss":0,"event_name":"SensoryStone","floor":39,"gold_loss":0}],"is_beta":false,"boss_relics":[{"not_picked":["Fusion Hammer","Philosopher\u0027s Stone"],"picked":"SlaversCollar"},{"not_picked":["Astrolabe","Snecko Eye"],"picked":"Coffee Dripper"}],"items_purged_floors":[4,19,37,41],"is_endless":false,"potions_floor_spawned":[7,10,12,14,16,23,27,31,33,35,38,40,42,45,46,47,48],"ascension_level":0}}