{"host":"TheHustler","time":1612535304,"event":{"mods":["BaseMod","Block Reminder","Colored Map","Colored Powertips","Minty Spire (QoL Compilation)","Quick Restart","StSLib","SuperFastMode","Unceasing Turn Reminder"],"gold_per_floor":[115,126,141,141,160,160,160,193,216,227,245,264,264,277,277,381,381,392,405,418,432,443,443,474,474,522,6,6,20,20,20,20,117,117,135,410,430,449,464,464,464,464,491,518,119,139,139,42,42,42,42],"floor_reached":50,"language":"ENG","playtime":1018,"items_purged":["Strike_G","Defend_G"],"score":523,"play_id":"fb392c77-cd41-4415-b1e9-933db713f3a8","local_time":"20210205152824","is_ascension_mode":false,"campfire_choices":[{"data":"Endless Agony","floor":6,"key":"SMITH"},{"data":"A Thousand Cuts","floor":13,"key":"SMITH"},{"data":"Infinite Blades","floor":15,"key":"SMITH"},{"floor":23,"key":"REST"},{"floor":25,"key":"REST"},{"data":"Storm of Steel","floor":28,"key":"SMITH"},{"data":"Footwork","floor":32,"key":"SMITH"},{"data":"Accuracy","floor":40,"key":"SMITH"},{"data":"Cloak And Dagger","floor":42,"key":"SMITH"},{"data":"Envenom","floor":47,"key":"SMITH"},{"data":"Burst","floor":49,"key":"SMITH"}],"circlet_count":0,"master_deck":["Strike_G","Strike_G","Defend_G+1","Defend_G+1","Defend_G","Defend_G","Survivor","Neutralize+1","Endless Agony+1","Backstab","Prepared","Terror","Infinite Blades+1","Slice","A Thousand Cuts+1","Blur","Storm of Steel+1","Cloak And Dagger+1","Reflex+1","Footwork+1","Prepared","Blade Dance+1","Dagger Throw","Burst+1","Footwork+1","Blur","Accuracy+1","Envenom+1","Acrobatics+1","Enlightenment"],"relics":["Ring of the Snake","Vajra","Omamori","WristBlade","Boot","Bag of Preparation","Tough Bandages","Bag of Marbles","Nloth\u0027s Gift","HoveringKite","Strawberry","Mango","Ice Cream"],"acts_visited":["Exordium","TheCity","TheBeyond"],"potions_floor_usage":[24,50,50,50],"damage_taken":[{"damage":3,"enemies":"Cultist","floor":1,"turns":5},{"damage":1,"enemies":"2 Louse","floor":2,"turns":2},{"damage":0,"enemies":"Jaw Worm","floor":3,"turns":3},{"damage":5,"enemies":"3 Louse","floor":5,"turns":3},{"damage":10,"enemies":"3 Sentries","floor":8,"turns":10},{"damage":0,"enemies":"2 Fungi Beasts","floor":10,"turns":3},{"damage":11,"enemies":"Gremlin Gang","floor":11,"turns":4},{"damage":6,"enemies":"3 Louse","floor":12,"turns":2},{"damage":0,"enemies":"Exordium Thugs","floor":14,"turns":3},{"damage":16,"enemies":"Slime Boss","floor":16,"turns":6},{"damage":4,"enemies":"Shell Parasite","floor":18,"turns":3},{"damage":0,"enemies":"3 Byrds","floor":19,"turns":3},{"damage":10,"enemies":"Cultist and Chosen","floor":20,"turns":3},{"damage":24,"enemies":"Chosen and Byrds","floor":21,"turns":5},{"damage":10,"enemies":"Snecko","floor":22,"turns":4},{"damage":28,"enemies":"Book of Stabbing","floor":24,"turns":4},{"damage":0,"enemies":"Snake Plant","floor":29,"turns":1},{"damage":21,"enemies":"Collector","floor":33,"turns":7},{"damage":0,"enemies":"3 Shapes","floor":35,"turns":1},{"damage":8,"enemies":"3 Darklings","floor":37,"turns":4},{"damage":18,"enemies":"Maw","floor":38,"turns":6},{"damage":0,"enemies":"Sphere and 2 Shapes","floor":39,"turns":4},{"damage":2,"enemies":"Giant Head","floor":44,"turns":5},{"damage":13,"enemies":"Transient","floor":46,"turns":5},{"damage":63,"enemies":"Time Eater","floor":50,"turns":10}],"seed_played":"8356427020113386867","potions_obtained":[{"floor":2,"key":"Swift Potion"},{"floor":3,"key":"ColorlessPotion"},{"floor":5,"key":"FairyPotion"},{"floor":8,"key":"Block Potion"},{"floor":16,"key":"Ancient Potion"},{"floor":22,"key":"CultistPotion"},{"floor":29,"key":"LiquidMemories"},{"floor":39,"key":"Dexterity Potion"}],"is_trial":false,"path_per_floor":["M","M","M","?","M","R","?","E","T","M","M","M","R","M","R","B",null,"M","M","M","M","M","R","E","R","T","$","R","M","$","?","R","B",null,"M","?","M","M","M","R","?","R","T","E","$","M","R","$","R","B"],"character_chosen":"THE_SILENT","items_purchased":["Tough Bandages","Bag of Marbles","Ice Cream","Enlightenment"],"campfire_rested":2,"item_purchase_floors":[27,27,45,48],"current_hp_per_floor":[67,66,66,59,54,54,54,44,44,44,33,27,27,27,27,11,70,66,66,56,32,22,43,15,36,36,36,36,36,36,36,36,15,70,70,70,62,44,44,44,44,44,51,63,63,50,50,50,50,0,0],"gold":42,"neow_bonus":"UPGRADE_CARD","is_daily":false,"chose_seed":false,"campfire_upgraded":9,"win_rate":0.0,"timestamp":1612535304,"path_taken":["M","?","M","?","M","R","?","E","T","M","?","M","R","M","R","BOSS","M","M","M","?","M","R","E","R","T","$","R","M","$","?","R","BOSS","M","?","M","M","?","R","?","R","T","E","$","?","R","$","R","BOSS"],"items_purchased_type":["Relic","Relic","Relic","Card"],"build_version":"2020-12-18","purchased_purges":2,"victory":false,"max_hp_per_floor":[70,70,70,70,70,70,70,70,70,70,70,70,70,70,70,70,70,70,70,70,70,70,70,70,70,70,70,70,70,70,70,70,70,70,70,70,70,70,70,70,70,70,77,91,91,91,91,91,91,91,91],"card_choices":[{"not_picked":["Backflip","Eviscerate"],"picked":"Endless Agony","floor":1},{"not_picked":["Endless Agony","Outmaneuver"],"picked":"Backstab","floor":2},{"not_picked":["Flying Knee","Backflip"],"picked":"Prepared","floor":3},{"not_picked":["Crippling Poison","Deflect"],"picked":"Terror","floor":5},{"not_picked":["Terror","Prepared"],"picked":"Infinite Blades","floor":8},{"not_picked":["Sucker Punch","Bane","Deadly Poison"],"picked":"SKIP","floor":10},{"not_picked":["Underhanded Strike","Prepared"],"picked":"Slice","floor":11},{"not_picked":["Slice","PiercingWail"],"picked":"A Thousand Cuts","floor":12},{"not_picked":["Deadly Poison","Poisoned Stab"],"picked":"Blur","floor":14},{"not_picked":["Tools of the Trade","Wraith Form v2"],"picked":"Storm of Steel","floor":16},{"not_picked":["Underhanded Strike","Poisoned Stab"],"picked":"Cloak And Dagger","floor":18},{"not_picked":["Deadly Poison","Bane"],"picked":"Reflex+1","floor":19},{"not_picked":["Flying Knee","Well Laid Plans"],"picked":"Footwork","floor":20},{"not_picked":["Bane+1","Well Laid Plans"],"picked":"Prepared","floor":21},{"not_picked":["Setup+1","Escape Plan"],"picked":"Blade Dance+1","floor":22},{"not_picked":["Blade Dance","Outmaneuver","Night Terror"],"picked":"SKIP","floor":24},{"not_picked":["Deadly Poison+1","PiercingWail"],"picked":"Dagger Throw","floor":29},{"not_picked":["Unload","Storm of Steel"],"picked":"Burst","floor":33},{"not_picked":["Flying Knee","Dodge and Roll+1"],"picked":"Footwork+1","floor":35},{"not_picked":["Deadly Poison","Dodge and Roll+1"],"picked":"Blur","floor":37},{"not_picked":["Flying Knee","Quick Slash","Blade Dance+1"],"picked":"SKIP","floor":38},{"not_picked":["PiercingWail+1","Deadly Poison"],"picked":"Accuracy","floor":39},{"not_picked":["Dodge and Roll","Flying Knee"],"picked":"Envenom","floor":44},{"not_picked":["Sucker Punch","Flechettes+1"],"picked":"Acrobatics+1","floor":46}],"player_experience":664322,"relics_obtained":[{"floor":8,"key":"Omamori"},{"floor":9,"key":"War Paint"},{"floor":24,"key":"Boot"},{"floor":26,"key":"Bag of Preparation"},{"floor":43,"key":"Strawberry"},{"floor":44,"key":"Mango"}],"event_choices":[{"cards_removed":["Strike_G"],"damage_healed":0,"gold_gain":0,"player_choice":"Card Removal","damage_taken":7,"max_hp_gain":0,"max_hp_loss":0,"event_name":"Golden Wing","floor":4,"gold_loss":0},{"damage_healed":0,"gold_gain":0,"player_choice":"Gave Potion","damage_taken":0,"relics_obtained":["Vajra"],"max_hp_gain":0,"max_hp_loss":0,"event_name":"WeMeetAgain","floor":7,"gold_loss":0},{"damage_healed":0,"gold_gain":0,"player_choice":"Traded Relic","damage_taken":0,"relics_obtained":["Nloth\u0027s Gift"],"max_hp_gain":0,"max_hp_loss":0,"event_name":"N\u0027loth","floor":31,"relics_lost":["War Paint"],"gold_loss":0},{"damage_healed":0,"gold_gain":275,"player_choice":"Desecrate","damage_taken":0,"max_hp_gain":0,"max_hp_loss":0,"event_name":"Golden Shrine","floor":36,"gold_loss":0,"cards_obtained":["Regret"]},{"cards_removed":["Strike_G"],"damage_healed":0,"gold_gain":0,"player_choice":"Offered Basic","damage_taken":0,"max_hp_gain":0,"max_hp_loss":0,"event_name":"Bonfire Elementals","floor":41,"gold_loss":0}],"is_beta":true,"boss_relics":[{"not_picked":["Cursed Key","Fusion Hammer"],"picked":"WristBlade"},{"not_picked":["Empty Cage","Velvet Choker"],"picked":"HoveringKite"}],"items_purged_floors":[27,45],"is_endless":false,"potions_floor_spawned":[2,3,5,8,14,16,19,22,29,37,39],"killed_by":"Time Eater","ascension_level":0}}