{"host":"watonwak","time":1612553860,"event":{"mods":["AchievementEnabler","BaseMod","Bestiary","Colored Map","Minty Spire (QoL Compilation)","Relic Stats","StSLib"],"gold_per_floor":[112,127,127,47,122,150,169,169,169,182,182,196,211,47,47,121,121,133,76,76,76,95,95,127,127,127,139,173,223,239,285,285,358,358,358,358],"floor_reached":35,"language":"ENG","playtime":1957,"items_purged":["Strike_G"],"score":840,"play_id":"582e1b65-fe00-44ef-b93f-b803d1452ac4","local_time":"20210205193740","is_ascension_mode":true,"campfire_choices":[{"data":"Bane","floor":11.0,"key":"SMITH"},{"data":"Noxious Fumes","floor":15.0,"key":"SMITH"},{"data":"Ghostly","floor":23.0,"key":"SMITH"},{"data":"Ghostly","floor":25.0,"key":"SMITH"},{"data":"Deflect","floor":32.0,"key":"SMITH"}],"circlet_count":0,"master_deck":["AscendersBane","Strike_G","Strike_G","Strike_G","Defend_G","Defend_G","Defend_G","Defend_G","Defend_G","Survivor","Neutralize","Bane+1","Poisoned Stab","Footwork","PiercingWail","Caltrops","Bouncing Flask","Die Die Die","Backflip","Noxious Fumes+1","Adrenaline","Deflect+1","Blade Dance","Ghostly","Ghostly+1","Ghostly+1","Writhe","Footwork","Bouncing Flask+1","Leg Sweep+1","Wraith Form v2"],"relics":["Ring of the Snake","NeowsBlessing","Eternal Feather","Orichalcum","Runic Pyramid","Centennial Puzzle","Pantograph","Mango","Shuriken","Art of War","Snecko Eye"],"acts_visited":["Exordium","TheCity","TheBeyond"],"potions_floor_usage":[],"damage_taken":[{"damage":0.0,"enemies":"Cultist","floor":1.0,"turns":1.0},{"damage":0.0,"enemies":"Small Slimes","floor":2.0,"turns":1.0},{"damage":0.0,"enemies":"Lagavulin","floor":6.0,"turns":1.0},{"damage":0.0,"enemies":"Jaw Worm","floor":7.0,"turns":4.0},{"damage":0.0,"enemies":"Red Slaver","floor":10.0,"turns":6.0},{"damage":8.0,"enemies":"Blue Slaver","floor":12.0,"turns":4.0},{"damage":0.0,"enemies":"Lots of Slimes","floor":13.0,"turns":2.0},{"damage":13.0,"enemies":"The Guardian","floor":16.0,"turns":8.0},{"damage":19.0,"enemies":"Shell Parasite","floor":18.0,"turns":6.0},{"damage":0.0,"enemies":"Spheric Guardian","floor":22.0,"turns":6.0},{"damage":21.0,"enemies":"Book of Stabbing","floor":24.0,"turns":6.0},{"damage":18.0,"enemies":"3 Cultists","floor":27.0,"turns":7.0},{"damage":20.0,"enemies":"Slavers","floor":28.0,"turns":5.0},{"damage":5.0,"enemies":"Centurion and Healer","floor":30.0,"turns":8.0},{"damage":16.0,"enemies":"Collector","floor":33.0,"turns":10.0},{"damage":1,"enemies":"Orb Walker","floor":35,"turns":5}],"seed_played":"-747615304056535177","potions_obtained":[{"floor":7.0,"key":"LiquidMemories"},{"floor":10.0,"key":"Regen Potion"},{"floor":16.0,"key":"Swift Potion"},{"floor":22.0,"key":"DuplicationPotion"},{"floor":28.0,"key":"AttackPotion"}],"is_trial":false,"path_per_floor":["M","M","?","$","?","E","M","T","T","M","R","M","M","$","R","B",null,"M","$","?","?","M","R","E","R","T","M","E","?","M","T","R","B",null,"M"],"character_chosen":"THE_SILENT","items_purchased":["Footwork","Noxious Fumes","Blade Dance"],"campfire_rested":0,"item_purchase_floors":[4,14,19],"current_hp_per_floor":[59,59,52,52,41,41,41,41,41,41,50,42,42,42,54,41,60,41,41,33,33,33,33,12,27,41,23,3,3,13,13,31,31,43,42,42],"gold":358,"neow_bonus":"THREE_ENEMY_KILL","is_daily":false,"chose_seed":false,"campfire_upgraded":5,"win_rate":0.0,"timestamp":1612553860,"path_taken":["M","M","?","$","?","E","M","?","T","?","R","M","M","$","R","BOSS","M","$","?","?","M","R","E","R","T","M","E","?","?","?","R","BOSS","M"],"items_purchased_type":["Card","Card","Card"],"build_version":"2020-12-18","purchased_purges":1,"victory":false,"max_hp_per_floor":[66,66,66,66,66,66,66,66,66,66,66,66,66,66,66,66,66,66,66,33,33,33,33,33,33,47,47,47,47,47,47,47,47,47,47,47],"relic_stats":{"Centennial Puzzle":[18],"counters":[16,80],"Shuriken":[7],"Pantograph":16,"Snecko Eye":[3,3,6,6],"Eternal Feather":54,"Art of War":[6],"Orichalcum":[204],"obtain_stats":[{"Centennial Puzzle":21,"NeowsBlessing":0,"Shuriken":28,"Pantograph":24,"Snecko Eye":34,"Eternal Feather":6,"Mango":26,"Art of War":31,"Orichalcum":9,"Ring of the Snake":0,"Runic Pyramid":17},{"Centennial Puzzle":9,"NeowsBlessing":0,"Shuriken":13,"Pantograph":11,"Snecko Eye":15,"Eternal Feather":3,"Mango":11,"Art of War":14,"Orichalcum":4,"Ring of the Snake":0,"Runic Pyramid":8},{"Centennial Puzzle":33,"NeowsBlessing":0,"Shuriken":57,"Pantograph":45,"Snecko Eye":75,"Eternal Feather":3,"Mango":45,"Art of War":65,"Orichalcum":7,"Ring of the Snake":0,"Runic Pyramid":27}],"Ring of the Snake":[32]},"card_choices":[{"not_picked":["Slice","Prepared"],"picked":"Bane","floor":1.0},{"not_picked":["Dodge and Roll","Underhanded Strike"],"picked":"Poisoned Stab","floor":2.0},{"not_picked":["Storm of Steel","Underhanded Strike"],"picked":"PiercingWail","floor":6.0},{"not_picked":["Underhanded Strike","Outmaneuver"],"picked":"Caltrops","floor":7.0},{"not_picked":["Flying Knee","Heel Hook"],"picked":"Bouncing Flask","floor":10.0},{"not_picked":["Bane","Dagger Throw"],"picked":"Die Die Die","floor":12.0},{"not_picked":["Tactician","Prepared"],"picked":"Backflip","floor":13.0},{"not_picked":["Tools of the Trade","Glass Knife"],"picked":"Adrenaline","floor":16.0},{"not_picked":["Dodge and Roll","Escape Plan"],"picked":"Deflect","floor":18.0},{"not_picked":["Expertise","Dagger Spray","Dagger Throw"],"picked":"SKIP","floor":22.0},{"not_picked":["Glass Knife","Blade Dance"],"picked":"Footwork","floor":24.0},{"not_picked":["Prepared","Poisoned Stab","Dash"],"picked":"SKIP","floor":27.0},{"not_picked":["Envenom","Blade Dance"],"picked":"Bouncing Flask+1","floor":28.0},{"not_picked":["Flying Knee","Blade Dance"],"picked":"Leg Sweep+1","floor":30.0},{"not_picked":["Malaise","Die Die Die"],"picked":"Wraith Form v2","floor":33.0}],"player_experience":1215809,"relics_obtained":[{"floor":6.0,"key":"Eternal Feather"},{"floor":9.0,"key":"Orichalcum"},{"floor":24.0,"key":"Pantograph"},{"floor":26.0,"key":"Mango"},{"floor":28.0,"key":"Shuriken"},{"floor":31.0,"key":"Art of War"}],"event_choices":[{"cards_removed":["Strike_G"],"damage_healed":0.0,"max_hp_gain":0.0,"max_hp_loss":0.0,"gold_gain":0.0,"event_name":"Golden Wing","player_choice":"Card Removal","floor":3.0,"gold_loss":0.0,"damage_taken":7.0},{"damage_healed":0.0,"max_hp_gain":0.0,"max_hp_loss":0.0,"gold_gain":75.0,"event_name":"World of Goop","player_choice":"Gather Gold","floor":5.0,"gold_loss":0.0,"damage_taken":11.0},{"damage_healed":0.0,"max_hp_gain":0.0,"max_hp_loss":33.0,"gold_gain":0.0,"event_name":"Ghosts","player_choice":"Became a Ghost","floor":20.0,"gold_loss":0.0,"damage_taken":0.0,"cards_obtained":["Ghostly","Ghostly","Ghostly"]},{"damage_healed":0.0,"max_hp_gain":0.0,"max_hp_loss":0.0,"gold_gain":0.0,"event_name":"The Mausoleum","player_choice":"Opened","floor":21.0,"gold_loss":0.0,"damage_taken":0.0,"relics_obtained":["Centennial Puzzle"],"cards_obtained":["Writhe"]},{"damage_healed":0.0,"max_hp_gain":0.0,"max_hp_loss":0.0,"gold_gain":100.0,"event_name":"The Joust","player_choice":"Bet on Murderer","floor":29.0,"gold_loss":50.0,"damage_taken":0.0}],"is_beta":true,"boss_relics":[{"not_picked":["Black Star","Tiny House"],"picked":"Runic Pyramid"},{"not_picked":["Empty Cage","Sozu"],"picked":"Snecko Eye"}],"items_purged_floors":[14],"is_endless":false,"potions_floor_spawned":[7,10,13,16,22,24,28],"killed_by":"Orb Walker","ascension_level":20}}