{"host":"c6xy0a74zz7y4nf6","time":1612497265,"event":{"mods":["BaseMod","Colored Map","Hermit","Minty Spire (QoL Compilation)","Replay The Spire","Spire Arcade","StSLib","The Cursed","The Disciple","The Servant 0.9.4","The Wild Card"],"gold_per_floor":[116,134,148,168,12,39,17,17,17,29,51,82,94,123,135,249,261,283,310,123,136,136,147,147,147],"floor_reached":24,"language":"ENG","playtime":1607,"items_purged":["Strike_S","Strike_S"],"score":212,"play_id":"4ab19877-be5c-4538-86de-ec69ad8ea52f","local_time":"20210204215425","is_ascension_mode":true,"campfire_choices":[{"data":"Revamp","floor":8,"key":"SMITH"}],"circlet_count":0,"master_deck":["Strike_S+1","Defend_S","Defend_S","Defend_S","Defend_S","KidneyShot+1","Exchange","BottledTime","FastForward","Revamp+1","Bandage Up","MoonPhase","InstantArmor","Starlight+1","Sunlight","CurseOfTheBell","Rearm+1","Finesse","GearUp","Hightail+1"],"relics":["Uniform","Whetstone","Replay:Baseball","MawBank","Calling Bell","Regal Pillow","Question Card","Replay:Multitool","BargainBundle"],"acts_visited":["Exordium","TheCity"],"potions_floor_usage":[16,24,24],"damage_taken":[{"damage":0.0,"enemies":"2 Louse","floor":1.0,"turns":1.0},{"damage":3.0,"enemies":"Jaw Worm","floor":2.0,"turns":3.0},{"damage":0.0,"enemies":"Small Slimes","floor":3.0,"turns":3.0},{"damage":4.0,"enemies":"Gremlin Gang","floor":4.0,"turns":5.0},{"damage":26.0,"enemies":"3 Sentries","floor":6.0,"turns":11.0},{"damage":11,"enemies":"Lots of Slimes","floor":11,"turns":5},{"damage":0,"enemies":"3 Louse","floor":12,"turns":4},{"damage":5,"enemies":"Exordium Thugs","floor":14,"turns":6},{"damage":37,"enemies":"The Guardian","floor":16,"turns":19},{"damage":15,"enemies":"2 Thieves","floor":18,"turns":4},{"damage":9,"enemies":"Spheric Guardian","floor":19,"turns":4},{"damage":22,"enemies":"Cultist and Chosen","floor":21,"turns":7},{"damage":4,"enemies":"Centurion and Healer","floor":23,"turns":10},{"damage":58,"enemies":"Book of Stabbing","floor":24,"turns":10}],"seed_played":"-427780121157482631","potions_obtained":[{"floor":1.0,"key":"LifebloodPotion"},{"floor":11,"key":"FairyPotion"},{"floor":14,"key":"LiquidBronze"},{"floor":18,"key":"Adrenaline Potion"}],"is_trial":false,"path_per_floor":["M","M","M","M","$","E","?","R","T","?","M","M","$","M","R_BF","B",null,"M","M","$","M","?","M","E"],"character_chosen":"THE_SERVANT","items_purchased":["Bandage Up","BargainBundle","Finesse"],"campfire_rested":0,"item_purchase_floors":[5,20,20],"current_hp_per_floor":[65,62,62,58,58,36,36,36,36,36,29,33,33,32,51,18,65,50,45,45,27,27,27,0,0],"gold":147,"neow_bonus":"RANDOM_COMMON_RELIC","is_daily":false,"chose_seed":false,"campfire_upgraded":1,"win_rate":0.0,"timestamp":1612497265,"path_taken":["M","M","M","M","$","E","?","R","T","?","?","M","$","M","R_BF","BOSS","M","M","$","M","?","?","E"],"items_purchased_type":["Card","Relic","Card"],"build_version":"2020-12-22","purchased_purges":2,"victory":false,"max_hp_per_floor":[65,65,65,65,65,65,65,65,65,65,65,65,65,65,65,65,65,65,65,65,65,65,65,65,65],"card_choices":[{"not_picked":["ReturningBlade","Unruled"],"picked":"BottledTime","floor":1.0},{"not_picked":["Desolation","Replace","Starlight"],"picked":"SKIP","floor":2.0},{"not_picked":["Ricochet","Rewind"],"picked":"FastForward","floor":3.0},{"not_picked":["ShatteredReality","Defy"],"picked":"Revamp","floor":4.0},{"not_picked":["Rewind","Sabotage","Barrier"],"picked":"SKIP","floor":6.0},{"not_picked":["Potential","DoubleEdge"],"picked":"MoonPhase","floor":11},{"not_picked":["Manipulate","Revamp"],"picked":"InstantArmor","floor":12},{"not_picked":["RealityMarble","Manipulate"],"picked":"Starlight","floor":14},{"not_picked":["Solidify","Duplication"],"picked":"Sunlight","floor":16},{"not_picked":["Comet","Starlight","Replace","Defy"],"picked":"SKIP","floor":18},{"not_picked":["Replace","Unruled","ShatteredReality"],"picked":"Rearm+1","floor":19},{"not_picked":["ShatteredReality+1","TheWorld","Defy"],"picked":"GearUp","floor":21},{"not_picked":["Revamp","ShatteredReality+1","FastForward+1"],"picked":"Hightail+1","floor":23}],"player_experience":93003,"relics_obtained":[{"floor":6.0,"key":"Replay:Baseball"},{"floor":9,"key":"MawBank"},{"floor":17,"key":"Regal Pillow"},{"floor":17,"key":"Question Card"},{"floor":17,"key":"Replay:Multitool"}],"event_choices":[{"damage_healed":0.0,"max_hp_gain":0.0,"max_hp_loss":0.0,"gold_gain":0.0,"event_name":"World of Goop","player_choice":"Left Gold","floor":7.0,"gold_loss":22.0,"damage_taken":0.0},{"damage_healed":0,"gold_gain":0,"player_choice":"Ignored","damage_taken":0,"max_hp_gain":0,"max_hp_loss":0,"event_name":"Shining Light","floor":10,"gold_loss":0},{"cards_removed":["Strike_S"],"damage_healed":0,"gold_gain":0,"player_choice":"Purged","damage_taken":0,"max_hp_gain":0,"max_hp_loss":0,"event_name":"Purifier","floor":22,"gold_loss":0}],"is_beta":false,"boss_relics":[{"not_picked":["ReplayTheSpireMod:DimensionalGlitch","Tiny House"],"picked":"Calling Bell"}],"items_purged_floors":[5,20],"is_endless":false,"potions_floor_spawned":[1,11,14,18,19],"killed_by":"Book of Stabbing","ascension_level":1}}