{"host":"23qk1co0p3p8qz56","time":1612506174,"event":{"mods":["100% Spire Juice","AchievementEnabler","Act Like it!","Arknights","BaseMod","Better Note","Better Third Choice","BetterRewards","CapriCore","Chen","Colored Map","Gold Saver","Koishi","Lobotomy","LobotomyExtend","Marisa（霧雨　魔理沙）","Minty Spire (QoL Compilation)","Prisma Mod","Reimu（博??梦）","StSLib","The Alterego","The Animator","The Immortal","The Senshi","Waifu the Spire","Yuri Mod"],"gold_per_floor":[344,363,377,377,397,397,430,449,449,449,409,424,424,459,459,459,459],"floor_reached":16,"language":"ENG","playtime":1067,"items_purged":[],"score":112,"play_id":"c2590deb-b668-4891-bd47-cf30471973ef","local_time":"20210204232254","is_ascension_mode":false,"campfire_choices":[{"data":"Koishi:RacingHeart","floor":6,"key":"SMITH"},{"floor":10,"key":"REST"},{"floor":13,"key":"REST"},{"floor":15,"key":"REST"}],"circlet_count":0,"master_deck":["Koishi:BasicStrike","Koishi:BasicStrike","Koishi:BasicStrike","Koishi:BasicStrike","Koishi:BasicDefend","Koishi:BasicDefend","Koishi:BasicDefend","Koishi:BasicDefend","Koishi:Provoke","Koishi:HauntingSlash+1","Koishi:PhantomBarrier","Koishi:GeneticsOfTheUnconscious","Koishi:BramblyRoseGarden","Koishi:RacingHeart+1","Koishi:RuptureMind","Koishi:DNAsFlaw","Koishi:TremblingHands","Koishi:PhantomStrike","Koishi:MindNumbingTerror","Koishi:Ego","Koishi:GeneticsOfTheUnconscious"],"relics":["Koishi:ImaginaryFriend","LetterFromLob","Darkstone Periapt","Dream Catcher","PaintedHorse:ReiMu","Potion Belt"],"acts_visited":["Exordium"],"potions_floor_usage":[],"damage_taken":[{"damage":9,"enemies":"Jaw Worm","floor":1,"turns":3},{"damage":3,"enemies":"Cultist","floor":2,"turns":5},{"damage":0,"enemies":"2 Louse","floor":3,"turns":3},{"damage":3,"enemies":"Exordium Thugs","floor":5,"turns":5},{"damage":39,"enemies":"3 Sentries","floor":7,"turns":11},{"damage":16,"enemies":"Red Slaver","floor":8,"turns":3},{"damage":7,"enemies":"3 Louse","floor":12,"turns":3},{"damage":24,"enemies":"Gremlin Nob","floor":14,"turns":5},{"damage":43,"enemies":"The Guardian","floor":16,"turns":5}],"seed_played":"-8079141589008491213","potions_obtained":[{"floor":3,"key":"ZuzhouPotion:ReiMu"},{"floor":7,"key":"Strength Potion"},{"floor":8,"key":"Energy Potion"}],"is_trial":false,"path_per_floor":["M","M","M","?","M","R","E","M","T","R","?","M","R","E","R","B"],"character_chosen":"KOISHI","items_purchased":[],"campfire_rested":3,"item_purchase_floors":[],"current_hp_per_floor":[53,52,54,54,55,55,18,9,9,27,27,24,42,23,41,0,0],"gold":459,"neow_bonus":"UPGRADE_CARD","is_daily":false,"chose_seed":false,"campfire_upgraded":1,"win_rate":0.0,"timestamp":1612506174,"path_taken":["M","M","M","?","M","R","E","?","T","R","?","M","R","E","R","BOSS"],"items_purchased_type":[],"build_version":"2020-12-22","purchased_purges":0,"victory":false,"max_hp_per_floor":[60,60,60,60,60,60,60,60,60,60,60,60,60,60,60,60,60],"card_choices":[{"not_picked":["Koishi:StingingMind","Koishi:ReflexRadar"],"picked":"Koishi:PhantomBarrier","floor":1},{"not_picked":["Koishi:Whimsy","Koishi:Prune"],"picked":"Koishi:GeneticsOfTheUnconscious","floor":2},{"not_picked":["Koishi:Untouchable","Koishi:Jaunt"],"picked":"Koishi:SubterraneanRose","floor":3},{"not_picked":["Koishi:UnconsciousUprising","Koishi:Possession"],"picked":"Koishi:RacingHeart","floor":5},{"not_picked":["Koishi:FleetingPhantom","Koishi:CatchAndRose"],"picked":"Koishi:RuptureMind","floor":7},{"not_picked":["Koishi:Untouchable","Koishi:Jaunt"],"picked":"Koishi:DNAsFlaw","floor":8},{"not_picked":["Koishi:FleetingPhantom","Koishi:SpiritedAway"],"picked":"Koishi:TremblingHands","floor":10},{"not_picked":["Koishi:ApparitionsStalkTheNight","Koishi:SubterraneanRose"],"picked":"Koishi:PhantomStrike","floor":12},{"not_picked":["Koishi:Bloodlust","Koishi:UnconsciousUprising"],"picked":"Koishi:MindNumbingTerror","floor":13},{"not_picked":["Koishi:HeartfeltFancy","Koishi:ParalyzingFear"],"picked":"Koishi:Ego","floor":14},{"not_picked":["Koishi:Bloodlust","Koishi:RacingHeart"],"picked":"Koishi:GeneticsOfTheUnconscious","floor":15}],"player_experience":25870,"relics_obtained":[{"floor":1,"key":"LetterFromLob"},{"floor":7,"key":"Darkstone Periapt"},{"floor":9,"key":"Dream Catcher"},{"floor":14,"key":"Potion Belt"}],"event_choices":[{"damage_healed":0,"gold_gain":0,"cards_transformed":["Koishi:SubterraneanRose"],"player_choice":"Transformed","damage_taken":0,"max_hp_gain":0,"max_hp_loss":0,"event_name":"Transmorgrifier","floor":4,"gold_loss":0,"cards_obtained":["Koishi:BramblyRoseGarden"]},{"damage_healed":0,"gold_gain":0,"player_choice":"Donate","damage_taken":0,"relics_obtained":["PaintedHorse:ReiMu"],"max_hp_gain":0,"max_hp_loss":0,"event_name":"yidonshenshe","floor":11,"gold_loss":40}],"is_beta":false,"boss_relics":[],"items_purged_floors":[],"is_endless":false,"potions_floor_spawned":[3,7,8],"killed_by":"The Guardian","ascension_level":0}}