{"host":"630px4nyj50z5id8","time":1612526436,"event":{"mods":["BaseMod","Colored Powertips","Downfall","Minty Spire (QoL Compilation)","Quick Restart","Replay The Spire","StSLib","Waifu the Spire"],"gold_per_floor":[119,135,155,23,38,76,76,115,142,142,142],"floor_reached":10,"language":"ZHS","playtime":368,"items_purged":["Strike_R"],"score":101,"play_id":"5aa4da45-3943-48fe-9acd-7c30cb6dd2b8","local_time":"20210205200036","is_ascension_mode":true,"campfire_choices":[],"circlet_count":0,"master_deck":["Strike_R","Strike_R","Strike_R","Strike_R","Defend_R","Defend_R","Defend_R","Defend_R","Bash","Barricade","Iron Wave","Rupture","Sever Soul","Entrench","Entrench","Evolve","Power Through","Ghostly Armor"],"relics":["Burning Blood","CeramicFish","Blue Doll","Akabeko","Nunchaku"],"acts_visited":["Exordium"],"potions_floor_usage":[],"damage_taken":[{"damage":7.0,"enemies":"Jaw Worm","floor":1.0,"turns":3.0},{"damage":1.0,"enemies":"Cultist","floor":2.0,"turns":3.0},{"damage":7.0,"enemies":"2 Louse","floor":3.0,"turns":2.0},{"damage":19.0,"enemies":"Blue Slaver","floor":5.0,"turns":4.0},{"damage":29.0,"enemies":"3 Sentries","floor":6.0,"turns":5.0},{"damage":21.0,"enemies":"Gremlin Nob","floor":8.0,"turns":5.0},{"damage":15,"enemies":"Lagavulin","floor":10,"turns":5}],"seed_played":"6300454306888845425","potions_obtained":[{"floor":1.0,"key":"LiquidBronze"},{"floor":5.0,"key":"PowerPotion"},{"floor":8.0,"key":"ElixirPotion"}],"is_trial":false,"path_per_floor":["M","M","M","$","M","E","?","E","T","E"],"character_chosen":"IRONCLAD","items_purchased":["Entrench"],"campfire_rested":0,"item_purchase_floors":[4],"current_hp_per_floor":[71,76,75,75,62,39,39,24,24,9,9],"gold":142,"neow_bonus":"ONE_RANDOM_RARE_CARD","is_daily":false,"chose_seed":false,"campfire_upgraded":0,"win_rate":0.0,"timestamp":1612526436,"path_taken":["M","M","M","$","M","E","?","E","T","E"],"items_purchased_type":["Card"],"build_version":"2020-12-22","purchased_purges":1,"victory":false,"max_hp_per_floor":[80,80,80,80,80,80,80,80,80,80,80],"card_choices":[{"not_picked":["Rampage","Havoc"],"picked":"Iron Wave","floor":1.0},{"not_picked":["Carnage","Pummel"],"picked":"Rupture","floor":2.0},{"not_picked":["Dark Embrace","Abandon"],"picked":"Sever Soul","floor":3.0},{"not_picked":["Run Through","Twin Strike"],"picked":"Evolve","floor":5.0},{"not_picked":["Replay:Undeath\u0027s Touch","ReplayTheSpireMod:Strike From Hell"],"picked":"Power Through","floor":6.0},{"not_picked":["Pummel","Pommel Strike"],"picked":"Ghostly Armor","floor":8.0}],"player_experience":386781,"relics_obtained":[{"floor":6.0,"key":"CeramicFish"},{"floor":7.0,"key":"Blue Doll"},{"floor":8.0,"key":"Akabeko"},{"floor":9.0,"key":"Nunchaku"}],"event_choices":[{"damage_healed":0.0,"max_hp_gain":0.0,"max_hp_loss":0.0,"gold_gain":0.0,"event_name":"Wheel of Change","player_choice":"Relic","floor":7.0,"gold_loss":0.0,"damage_taken":0.0}],"is_beta":false,"boss_relics":[],"items_purged_floors":[4],"is_endless":false,"potions_floor_spawned":[1,5,8],"killed_by":"Lagavulin","ascension_level":6}}