{"host":"sav7uxregyirlf69","time":1612539483,"event":{"mods":["AchievementEnabler","BaseMod","Colored Map","DeckTracker","Keyboard Shortcuts","Minty Spire (QoL Compilation)","READ ME - Guardian Mod","StSLib","SuperFastMode"],"gold_per_floor":[116,128,24,24,38,81,102,102,102,116,116,116],"floor_reached":11,"language":"KOR","playtime":241,"items_purged":[],"score":150,"play_id":"9bb6d0f7-e6d5-428f-b83b-b075d373a7a5","local_time":"20210206003803","is_ascension_mode":true,"campfire_choices":[],"circlet_count":0,"master_deck":["AscendersBane","Strike_G","Strike_G","Strike_G","Strike_G","Defend_G","Defend_G","Defend_G","Defend_G","Defend_G","Survivor","Neutralize","Dagger Throw","Noxious Fumes","Crippling Poison","Dagger Throw","Deadly Poison","Infinite Blades","Doppelganger"],"relics":["Ring of the Snake","Golden Idol","Kunai","Bottled Lightning"],"acts_visited":["Exordium"],"potions_floor_usage":[6],"damage_taken":[{"damage":10,"enemies":"Jaw Worm","floor":1,"turns":9},{"damage":3,"enemies":"2 Louse","floor":2,"turns":4},{"damage":0,"enemies":"Cultist","floor":5,"turns":3},{"damage":25,"enemies":"Lagavulin","floor":6,"turns":5},{"damage":3,"enemies":"Blue Slaver","floor":7,"turns":5},{"damage":19,"enemies":"Exordium Thugs","floor":10,"turns":7},{"damage":0,"enemies":"3 Sentries","floor":11,"turns":2}],"seed_played":"-7378729935542187439","potions_obtained":[{"floor":2,"key":"FearPotion"},{"floor":10,"key":"SpeedPotion"}],"is_trial":false,"path_per_floor":["M","M","$","?","M","E","M","?","T","M","E"],"character_chosen":"THE_SILENT","items_purchased":["Crippling Poison","Dagger Throw"],"campfire_rested":0,"item_purchase_floors":[3,3],"current_hp_per_floor":[55,52,52,52,52,27,24,24,24,5,5,5],"gold":116,"neow_bonus":"TEN_PERCENT_HP_BONUS","is_daily":false,"chose_seed":false,"campfire_upgraded":0,"win_rate":0.0,"timestamp":1612539483,"path_taken":["M","M","$","?","M","E","M","?","T","M","E"],"items_purchased_type":["Card","Card"],"build_version":"2020-12-22","purchased_purges":0,"victory":false,"max_hp_per_floor":[72,72,72,65,65,65,65,65,65,65,65,65],"card_choices":[{"not_picked":["Acrobatics","Sucker Punch"],"picked":"Dagger Throw","floor":1},{"not_picked":["Concentrate","Acrobatics"],"picked":"Noxious Fumes","floor":2},{"not_picked":["Quick Slash","Deflect"],"picked":"Deadly Poison","floor":5},{"not_picked":["Storm of Steel","Crippling Poison"],"picked":"Infinite Blades","floor":6},{"not_picked":["Flying Knee","Deadly Poison","Dash"],"picked":"SKIP","floor":7},{"not_picked":["Outmaneuver","Bane","Concentrate"],"picked":"SKIP","floor":10}],"player_experience":1499297,"relics_obtained":[{"floor":6,"key":"Kunai"},{"floor":9,"key":"Bottled Lightning"}],"event_choices":[{"damage_healed":0,"gold_gain":0,"player_choice":"Lose Max HP","damage_taken":0,"relics_obtained":["Golden Idol"],"max_hp_gain":0,"max_hp_loss":7,"event_name":"Golden Idol","floor":4,"gold_loss":0},{"damage_healed":0,"gold_gain":0,"cards_transformed":["Strike_G"],"player_choice":"Change","damage_taken":0,"max_hp_gain":0,"max_hp_loss":0,"event_name":"Living Wall","floor":8,"gold_loss":0,"cards_obtained":["Doppelganger"]}],"is_beta":false,"boss_relics":[],"items_purged_floors":[],"is_endless":false,"potions_floor_spawned":[2,10],"killed_by":"3 Sentries","ascension_level":20}}