{"host":"d61fcf2p3sjwe6yo","time":1612543463,"event":{"mods":["Act Like it!","BaseMod","Colored Map","Hallownest","Minty Spire (QoL Compilation)","StSLib","SuperFastMode","The Bug Knight"],"gold_per_floor":[110,110,124,135,151,171,191,221,272,285,320,238,266,279,279,279,279],"floor_reached":16,"language":"ENG","playtime":1414,"items_purged":[],"score":131,"play_id":"b603d090-7bae-4bd1-9a86-0b9cc38712b4","local_time":"20210205194423","is_ascension_mode":true,"campfire_choices":[{"data":"HollowMod:SharpenedShadows","floor":15,"key":"SMITH"}],"circlet_count":0,"master_deck":["HollowMod:NailStrikeStart","HollowMod:NailStrikeStart","HollowMod:NailStrikeStart","HollowMod:NailStrikeStart","HollowMod:QuickDashStart","HollowMod:QuickDashStart","HollowMod:QuickDashStart","HollowMod:QuickDashStart","HollowMod:FocusHealStart","HollowMod:PogoStrike","HollowMod:SoulMaster","HollowMod:PerfectDash","HollowMod:DescendingDark","HollowMod:VengefulVoid","HollowMod:CrystalDash","HollowMod:VoidDash","HollowMod:SharpenedShadows+1","HollowMod:DashSlash","HollowMod:VengefulVoid"],"relics":["HollowMod:VesselMask","Hallownest:DreamNailRelic","Bag of Preparation","Lantern","Letter Opener","Shuriken"],"acts_visited":["Hallownest:Greenpath"],"potions_floor_usage":[7,8,16,16,16],"damage_taken":[{"damage":6,"enemies":"Hallownest:2_Tiktiks_and_1_Crawlid","floor":1,"turns":4},{"damage":4,"enemies":"Hallownest:monsterHuskWarrior","floor":3,"turns":3},{"damage":5,"enemies":"Hallownest:monsterHuskGuard","floor":4,"turns":6},{"damage":3,"enemies":"Hallownest:2_Tiktiks_1_Baldur_1_Crawlid","floor":5,"turns":5},{"damage":48,"enemies":"Hallownest:1_Ooma_and_2_Uuma","floor":6,"turns":10},{"damage":1,"enemies":"Hallownest:monsterFoolEater","floor":7,"turns":3},{"damage":8,"enemies":"Hallownest:eliteMossKnight","floor":8,"turns":17},{"damage":7,"enemies":"Hallownest:1_Baldur_1_Crawlid_1_Warrior","floor":10,"turns":9},{"damage":2,"enemies":"Hallownest:eliteVengeflyKing","floor":11,"turns":9},{"damage":10,"enemies":"Hallownest:eliteCrystalGuardian","floor":13,"turns":8},{"damage":2,"enemies":"Hallownest:monsterMossCharger","floor":14,"turns":8},{"damage":33,"enemies":"Hallownest:BossFalseKnight","floor":16,"turns":11}],"seed_played":"-906680828307457949","potions_obtained":[{"floor":1,"key":"AttackPotion"},{"floor":5,"key":"GamblersBrew"},{"floor":6,"key":"PowerPotion"},{"floor":7,"key":"ColorlessPotion"},{"floor":10,"key":"DuplicationPotion"}],"is_trial":false,"path_per_floor":["M","?","M","M","M","M","M","E","T","M","E","$","E","M","R","B"],"character_chosen":"THE_BUGKNIGHT","items_purchased":["HollowMod:SharpenedShadows"],"campfire_rested":0,"item_purchase_floors":[12],"current_hp_per_floor":[75,75,75,75,72,30,29,33,33,36,40,40,30,28,28,0,0],"gold":279,"neow_bonus":"ONE_RANDOM_RARE_CARD","is_daily":false,"chose_seed":false,"campfire_upgraded":1,"win_rate":0.0,"timestamp":1612543463,"path_taken":["M","?","?","M","M","M","M","E","T","M","E","$","E","?","R","BOSS"],"items_purchased_type":["Card"],"build_version":"2020-12-22","purchased_purges":0,"victory":false,"max_hp_per_floor":[75,75,75,75,75,75,75,75,75,75,75,75,75,75,75,75,75],"card_choices":[{"not_picked":["HollowMod:DungDefenderAura","HollowMod:CycloneSlash"],"picked":"HollowMod:PerfectDash","floor":1},{"not_picked":["HollowMod:VengefulVoid","HollowMod:SoulSplash"],"picked":"HollowMod:DescendingDark","floor":3},{"not_picked":["HollowMod:DescendingDark","HollowMod:ChannelNail"],"picked":"HollowMod:VengefulVoid","floor":4},{"not_picked":["HollowMod:PureNailStrike","HollowMod:GoodIntentions","HollowMod:TaintedHusks"],"picked":"SKIP","floor":5},{"not_picked":["HollowMod:MawleksShell","HollowMod:PureNailStrike"],"picked":"HollowMod:CrystalDash","floor":6},{"not_picked":["HollowMod:InfectedAttack","HollowMod:InfectedCysts","HollowMod:ChannelNail"],"picked":"SKIP","floor":7},{"not_picked":["HollowMod:MothsMistake","HollowMod:GrimmsGift","HollowMod:FastStrike"],"picked":"SKIP","floor":8},{"not_picked":["HollowMod:HeavyBlow","HollowMod:InfectedCysts"],"picked":"HollowMod:VoidDash","floor":10},{"not_picked":["HollowMod:SoulStrike","HollowMod:DashSlash","HollowMod:FastStrike"],"picked":"SKIP","floor":11},{"not_picked":["HollowMod:NewLittleFool","HollowMod:CycloneSlash"],"picked":"HollowMod:DashSlash","floor":13},{"not_picked":["HollowMod:GreatSlash","HollowMod:DescendingDark"],"picked":"HollowMod:VengefulVoid","floor":14}],"player_experience":245630,"relics_obtained":[{"floor":8,"key":"Bag of Preparation"},{"floor":9,"key":"Lantern"},{"floor":11,"key":"Letter Opener"},{"floor":13,"key":"Shuriken"}],"event_choices":[],"is_beta":false,"boss_relics":[],"items_purged_floors":[],"is_endless":false,"potions_floor_spawned":[1,5,6,7,10],"killed_by":"Hallownest:BossFalseKnight","ascension_level":1}}