{"host":"oigynbtg272c19pw","time":1612518393,"event":{"mods":["BaseMod","Colored Map","Minty Spire (QoL Compilation)","Relic Stats","Slay the Relics Exporter","StSLib"],"gold_per_floor":[110,110,35,48,48,48,48,48,96,125,125,125,139,156,156,227,227,242,257,129,139,139,139,139,139],"floor_reached":24,"playtime":887,"items_purged":["Regret","Strike_G"],"score":388,"play_id":"b483f199-ed89-4c8c-be39-46fd8b5d9ab7","local_time":"20210205104633","is_ascension_mode":true,"campfire_choices":[{"data":"Blade Dance","floor":6.0,"key":"SMITH"},{"data":"Crippling Poison","floor":8.0,"key":"SMITH"},{"data":"Deadly Poison","floor":15.0,"key":"SMITH"},{"floor":23,"key":"REST"}],"circlet_count":0,"master_deck":["AscendersBane","Strike_G","Strike_G","Defend_G","Defend_G","Defend_G","Defend_G","Survivor","Neutralize","Slice","Skewer","Acrobatics","Blade Dance+1","Crippling Poison+1","Grand Finale","Deadly Poison+1","Expertise","Envenom","Blur","Calculated Gamble","Acrobatics","Finisher"],"relics":["Ring of the Snake","Shuriken","Bag of Preparation","Vajra","Runic Pyramid","Art of War"],"acts_visited":["Exordium","TheCity"],"potions_floor_usage":[16,24],"damage_taken":[{"damage":8.0,"enemies":"Jaw Worm","floor":1.0,"turns":7.0},{"damage":0.0,"enemies":"Small Slimes","floor":4.0,"turns":5.0},{"damage":16.0,"enemies":"Gremlin Nob","floor":10.0,"turns":4.0},{"damage":1.0,"enemies":"2 Louse","floor":13.0,"turns":2.0},{"damage":0.0,"enemies":"2 Fungi Beasts","floor":14.0,"turns":3.0},{"damage":15,"enemies":"The Guardian","floor":16,"turns":8},{"damage":6,"enemies":"Chosen","floor":18,"turns":4},{"damage":15,"enemies":"Shell Parasite","floor":19,"turns":5},{"damage":14,"enemies":"Centurion and Healer","floor":21,"turns":5},{"damage":22,"enemies":"Slavers","floor":24,"turns":3}],"seed_played":"7788356818308308188","potions_obtained":[{"floor":1.0,"key":"Swift Potion"},{"floor":13.0,"key":"LiquidMemories"},{"floor":16,"key":"LiquidBronze"}],"is_trial":false,"path_per_floor":["M","?","$","M","?","R","$","R","T","E","?","?","M","M","R","B",null,"M","M","$","M","T","R","E"],"character_chosen":"THE_SILENT","items_purchased":["Acrobatics"],"campfire_rested":1,"item_purchase_floors":[20],"current_hp_per_floor":[51,51,51,51,51,51,51,51,51,35,24,24,23,23,23,8,47,41,26,26,12,12,30,8,8],"gold":139,"neow_bonus":"TRANSFORM_TWO_CARDS","is_daily":false,"chose_seed":false,"campfire_upgraded":3,"win_rate":0.0,"timestamp":1612518393,"path_taken":["M","?","$","M","?","R","$","R","T","E","?","?","?","M","R","BOSS","M","M","$","M","?","R","E"],"items_purchased_type":["Card"],"build_version":"2020-12-13","purchased_purges":2,"victory":false,"max_hp_per_floor":[60,60,60,60,60,60,60,60,60,60,60,60,60,60,60,60,60,60,60,60,60,60,60,60,60],"relic_stats":{"counters":[10,46],"Shuriken":[12],"Bag of Preparation":[14],"Art of War":[1],"obtain_stats":[{"Shuriken":2,"Vajra":11,"Bag of Preparation":10,"Art of War":22,"Ring of the Snake":0,"Runic Pyramid":17},{"Shuriken":1,"Vajra":3,"Bag of Preparation":3,"Art of War":9,"Ring of the Snake":0,"Runic Pyramid":6},{"Shuriken":7,"Vajra":16,"Bag of Preparation":16,"Art of War":43,"Ring of the Snake":0,"Runic Pyramid":29}],"Ring of the Snake":[20]},"card_choices":[{"not_picked":["Tactician","Expertise"],"picked":"Acrobatics","floor":1.0},{"not_picked":["Cloak And Dagger","Acrobatics"],"picked":"Blade Dance","floor":4.0},{"not_picked":["Setup","Dagger Throw"],"picked":"Grand Finale","floor":10.0},{"not_picked":["Cloak And Dagger","Caltrops"],"picked":"Deadly Poison","floor":13.0},{"not_picked":["Quick Slash","Flying Knee","Expertise"],"picked":"SKIP","floor":14.0},{"not_picked":["Quick Slash","Flying Knee"],"picked":"Expertise","floor":14.0},{"not_picked":["Doppelganger","Unload"],"picked":"Envenom","floor":16},{"not_picked":["Prepared","Blade Dance"],"picked":"Blur","floor":18},{"not_picked":["Backstab","Outmaneuver"],"picked":"Calculated Gamble","floor":19},{"not_picked":["Dagger Spray","Deadly Poison"],"picked":"Finisher","floor":21}],"player_experience":1541848,"relics_obtained":[{"floor":10.0,"key":"Bag of Preparation"},{"floor":22,"key":"Art of War"}],"event_choices":[{"damage_healed":0.0,"max_hp_gain":0.0,"max_hp_loss":0.0,"gold_gain":0.0,"event_name":"Big Fish","player_choice":"Box","floor":2.0,"gold_loss":0.0,"damage_taken":0.0,"relics_obtained":["Shuriken"],"cards_obtained":["Regret"]},{"damage_healed":0.0,"max_hp_gain":0.0,"max_hp_loss":0.0,"gold_gain":0.0,"cards_transformed":["Defend_G"],"event_name":"Living Wall","player_choice":"Change","floor":5.0,"gold_loss":0.0,"damage_taken":0.0,"cards_obtained":["Crippling Poison"]},{"damage_healed":0.0,"max_hp_gain":0.0,"max_hp_loss":0.0,"gold_gain":0.0,"event_name":"Scrap Ooze","player_choice":"Success","floor":11.0,"gold_loss":0.0,"damage_taken":11.0,"relics_obtained":["Vajra"]},{"damage_healed":0.0,"max_hp_gain":0.0,"max_hp_loss":0.0,"gold_gain":0.0,"event_name":"Shining Light","player_choice":"Ignored","floor":12.0,"gold_loss":0.0,"damage_taken":0.0}],"is_beta":false,"boss_relics":[{"not_picked":["HoveringKite","Coffee Dripper"],"picked":"Runic Pyramid"}],"items_purged_floors":[3,20],"is_endless":false,"potions_floor_spawned":[1,13,16],"killed_by":"Slavers","ascension_level":20}}