{"host":"jegehu1t82aiec5j","time":1612539301,"event":{"mods":["BaseMod","Colored Map","Minty Spire (QoL Compilation)","Relic Stats","StSLib"],"gold_per_floor":[137,174,31,31,106,208,208,260,260,260,323,371,371,411,411,411,411],"floor_reached":16,"language":"ENG","playtime":586,"items_purged":["Decay"],"score":193,"play_id":"89ca8e41-2923-4e2a-afe1-d808c997a73a","local_time":"20210205103501","is_ascension_mode":true,"campfire_choices":[{"floor":7,"key":"REST"},{"data":"Footwork","floor":13,"key":"SMITH"},{"data":"Crippling Poison","floor":15,"key":"SMITH"}],"circlet_count":0,"master_deck":["AscendersBane","Strike_G","Strike_G","Strike_G","Defend_G","Defend_G","Defend_G","Defend_G","Defend_G","Survivor","Neutralize","HandOfGreed","Flying Knee","Venomology","Footwork+1","Crippling Poison+1","Outmaneuver","Calculated Gamble","Dodge and Roll"],"relics":["Ring of the Snake","WarpedTongs","Frozen Egg 2","MealTicket","The Specimen"],"acts_visited":["Exordium"],"potions_floor_usage":[6,12,12,16,16],"damage_taken":[{"damage":1,"enemies":"Jaw Worm","floor":1,"turns":2},{"damage":0,"enemies":"Small Slimes","floor":2,"turns":2},{"damage":10,"enemies":"3 Sentries","floor":6,"turns":10},{"damage":3,"enemies":"2 Louse","floor":8,"turns":6},{"damage":1,"enemies":"Exordium Thugs","floor":11,"turns":7},{"damage":13,"enemies":"Lagavulin","floor":12,"turns":8},{"damage":11,"enemies":"Lots of Slimes","floor":14,"turns":4},{"damage":23,"enemies":"The Guardian","floor":16,"turns":2}],"seed_played":"6741362753235978808","potions_obtained":[{"floor":2,"key":"PowerPotion"},{"floor":14,"key":"BlessingOfTheForge"}],"is_trial":false,"path_per_floor":["M","M","$","?","?","E","R","M","T","?","M","E","R","M","R","B"],"character_chosen":"THE_SILENT","items_purchased":["Footwork"],"campfire_rested":1,"item_purchase_floors":[3],"current_hp_per_floor":[58,58,58,51,40,30,49,46,46,46,45,32,32,21,21,0,0],"gold":411,"neow_bonus":"RANDOM_COLORLESS_2","is_daily":false,"chose_seed":false,"campfire_upgraded":2,"win_rate":0.0,"timestamp":1612539301,"path_taken":["M","M","$","?","?","E","R","M","T","?","M","E","R","?","R","BOSS"],"items_purchased_type":["Card"],"build_version":"2020-12-22","purchased_purges":1,"victory":false,"max_hp_per_floor":[66,66,66,66,66,66,66,66,66,66,66,66,66,66,66,66,66],"relic_stats":{"counters":[8,41],"MealTicket":0,"obtain_stats":[{"The Specimen":12,"MealTicket":9,"Frozen Egg 2":6,"Ring of the Snake":0,"WarpedTongs":0},{"The Specimen":6,"MealTicket":4,"Frozen Egg 2":3,"Ring of the Snake":0,"WarpedTongs":0},{"The Specimen":35,"MealTicket":20,"Frozen Egg 2":14,"Ring of the Snake":0,"WarpedTongs":0}],"Ring of the Snake":[16],"WarpedTongs":[40]},"card_choices":[{"not_picked":["Master of Strategy","Chrysalis"],"picked":"HandOfGreed","floor":0},{"not_picked":["Prepared","Dodge and Roll"],"picked":"Flying Knee","floor":1},{"not_picked":["Calculated Gamble","Dagger Throw"],"picked":"Venomology","floor":2},{"not_picked":["Accuracy+1","Sucker Punch"],"picked":"Crippling Poison","floor":6},{"not_picked":["Flechettes","Sucker Punch"],"picked":"Outmaneuver","floor":8},{"not_picked":["Eviscerate","Poisoned Stab","Quick Slash"],"picked":"SKIP","floor":11},{"not_picked":["Endless Agony","Burst","Quick Slash"],"picked":"SKIP","floor":12},{"not_picked":["Infinite Blades+1","Riddle With Holes"],"picked":"Dodge and Roll","floor":14}],"player_experience":2587193,"relics_obtained":[{"floor":6,"key":"Frozen Egg 2"},{"floor":9,"key":"MealTicket"},{"floor":12,"key":"The Specimen"}],"event_choices":[{"cards_removed":["Strike_G"],"damage_healed":0,"gold_gain":0,"player_choice":"Card Removal","damage_taken":7,"max_hp_gain":0,"max_hp_loss":0,"event_name":"Golden Wing","floor":4,"gold_loss":0},{"damage_healed":0,"gold_gain":75,"player_choice":"Gather Gold","damage_taken":11,"max_hp_gain":0,"max_hp_loss":0,"event_name":"World of Goop","floor":5,"gold_loss":0},{"damage_healed":0,"gold_gain":0,"cards_transformed":["Strike_G"],"player_choice":"Transformed","damage_taken":0,"max_hp_gain":0,"max_hp_loss":0,"event_name":"Transmorgrifier","floor":10,"gold_loss":0,"cards_obtained":["Calculated Gamble"]}],"is_beta":false,"boss_relics":[],"items_purged_floors":[3],"is_endless":false,"potions_floor_spawned":[2,8,11,14],"killed_by":"The Guardian","ascension_level":15}}