{"host":"gobyjzz6xbwq9f9i","time":1612500199,"event":{"mods":["AchievementEnabler","BaseMod","Bestiary","Colored Map","Minty Spire (QoL Compilation)","Relic Stats"],"gold_per_floor":[110,285,360,375,8,8,43,43,124,124,141,155,190,208,208,305,305,318,9,23,41,61,89,109,109,181,208,220,220,220,231,231,330,330,343,388,405,421,421,449,449,449,449,480,500,533,67,77,77,77],"floor_reached":51,"language":"ENG","playtime":2231,"items_purged":["Doubt","Defend_G+1"],"score":1346,"play_id":"25a56285-303e-4458-bc49-2ab8228630ed","local_time":"20210204204319","is_ascension_mode":true,"campfire_choices":[{"data":"Dagger Spray","floor":6.0,"key":"SMITH"},{"data":"1","floor":10.0,"key":"LIFT"},{"data":"2","floor":15.0,"key":"LIFT"},{"data":"3","floor":25.0,"key":"LIFT"},{"floor":29.0,"key":"RECALL"},{"floor":32.0,"key":"REST"},{"floor":42,"key":"REST"},{"floor":49,"key":"REST"}],"circlet_count":0,"master_deck":["AscendersBane","Strike_G+1","Strike_G+1","Strike_G+1","Strike_G+1","Strike_G+1","Defend_G+1","Defend_G+1","Defend_G+1","Defend_G+1","Survivor","Neutralize","Slice","Dagger Spray+1","Predator","Skewer","PiercingWail+1","Dodge and Roll+1","Terror+1","Prepared+1","Bullet Time+1","Backflip+1","Blade Dance+1","Noxious Fumes","Cloak And Dagger+1","Backflip+1","Dodge and Roll+1","Backflip+1","Storm of Steel+1","A Thousand Cuts","Sucker Punch+1","Cloak And Dagger+1","Blind+1","PiercingWail+1","Backflip+1","Calculated Gamble+1","Well Laid Plans","Escape Plan+1","Backflip+1"],"relics":["Ring of the Snake","Girya","Eternal Feather","Ice Cream","Toxic Egg 2","StrikeDummy","Fusion Hammer","Paper Crane","Du-Vu Doll","Matryoshka","Bottled Lightning","WristBlade","Thread and Needle","Happy Flower","Juzu Bracelet","Unceasing Top","Bottled Tornado","Kunai","HornCleat"],"acts_visited":["Exordium","TheCity","TheBeyond"],"potions_floor_usage":[46,50],"damage_taken":[{"damage":6.0,"enemies":"Small Slimes","floor":1.0,"turns":5.0},{"damage":1.0,"enemies":"Jaw Worm","floor":4.0,"turns":6.0},{"damage":45.0,"enemies":"Lagavulin","floor":7.0,"turns":9.0},{"damage":0.0,"enemies":"2 Louse","floor":11.0,"turns":2.0},{"damage":9.0,"enemies":"Red Slaver","floor":12.0,"turns":4.0},{"damage":6.0,"enemies":"3 Sentries","floor":13.0,"turns":5.0},{"damage":0.0,"enemies":"2 Fungi Beasts","floor":14.0,"turns":4.0},{"damage":12.0,"enemies":"The Guardian","floor":16.0,"turns":10.0},{"damage":0.0,"enemies":"2 Thieves","floor":18.0,"turns":3.0},{"damage":0.0,"enemies":"3 Byrds","floor":20.0,"turns":3.0},{"damage":11.0,"enemies":"Snake Plant","floor":21.0,"turns":2.0},{"damage":0.0,"enemies":"Centurion and Healer","floor":22.0,"turns":5.0},{"damage":0.0,"enemies":"Gremlin Leader","floor":23.0,"turns":3.0},{"damage":13.0,"enemies":"Snecko","floor":24.0,"turns":3.0},{"damage":1.0,"enemies":"Slavers","floor":27.0,"turns":4.0},{"damage":0.0,"enemies":"Cultist and Chosen","floor":28.0,"turns":3.0},{"damage":0.0,"enemies":"Snake Plant","floor":31.0,"turns":2.0},{"damage":7.0,"enemies":"Champ","floor":33.0,"turns":8.0},{"damage":6.0,"enemies":"Orb Walker","floor":35.0,"turns":3.0},{"damage":0.0,"enemies":"2 Orb Walkers","floor":36.0,"turns":3.0},{"damage":0.0,"enemies":"3 Darklings","floor":37.0,"turns":2.0},{"damage":0,"enemies":"Writhing Mass","floor":38,"turns":4},{"damage":0,"enemies":"Reptomancer","floor":40,"turns":4},{"damage":1,"enemies":"Nemesis","floor":44,"turns":5},{"damage":0,"enemies":"Sphere and 2 Shapes","floor":45,"turns":3},{"damage":0,"enemies":"Reptomancer","floor":46,"turns":3},{"damage":0,"enemies":"Jaw Worm Horde","floor":48,"turns":3},{"damage":2,"enemies":"Donu and Deca","floor":50,"turns":8}],"seed_played":"7766146791146658580","potions_obtained":[{"floor":7.0,"key":"LiquidMemories"},{"floor":18.0,"key":"EssenceOfSteel"},{"floor":23.0,"key":"Fruit Juice"},{"floor":28.0,"key":"Explosive Potion"},{"floor":31.0,"key":"FearPotion"},{"floor":33.0,"key":"ColorlessPotion"},{"floor":35.0,"key":"LiquidBronze"},{"floor":40,"key":"AttackPotion"},{"floor":45,"key":"SteroidPotion"},{"floor":48,"key":"FearPotion"}],"is_trial":false,"path_per_floor":["M","?","?","M","$","R","E","?","T","R","M","M","E","M","R","B",null,"M","$","M","M","M","E","M","R","T","E","M","R","?","M","R","B",null,"M","?","M","M","?","E","?","R","T","E","M","E","$","M","R","B",null],"character_chosen":"THE_SILENT","items_purchased":["Predator","Eternal Feather","Blade Dance+1","Paper Crane","Well Laid Plans","HornCleat","Escape Plan+1"],"campfire_rested":3,"item_purchase_floors":[5,5,19,19,47,47,47],"current_hp_per_floor":[57,57,46,45,45,54,9,63,63,63,63,54,48,48,60,48,59,59,59,59,48,48,53,40,55,55,54,54,68,68,68,68,61,66,60,60,60,60,60,60,60,65,65,64,64,64,64,64,65,63],"gold":77,"neow_bonus":"ONE_RARE_RELIC","is_daily":false,"chose_seed":false,"campfire_upgraded":1,"win_rate":0.0,"timestamp":1612500199,"path_taken":["M","?","?","M","$","R","E","?","T","R","M","M","E","?","R","BOSS","M","$","M","M","M","E","M","R","T","E","M","R","?","M","R","BOSS","M","?","M","M","?","E","?","R","T","E","M","E","?","M","R","BOSS"],"items_purchased_type":["Card","Relic","Card","Relic","Card","Relic","Card"],"build_version":"2020-12-22","purchased_purges":2,"victory":true,"max_hp_per_floor":[63,63,63,63,63,63,63,63,63,63,63,63,63,63,63,63,63,63,63,63,63,63,68,68,68,68,68,68,68,68,68,68,68,68,68,68,68,68,68,68,65,65,65,65,65,65,65,65,65,65],"relic_stats":{"Happy Flower":[7],"counters":[28,119],"Eternal Feather":56,"Juzu Bracelet":0,"Kunai":[8],"obtain_stats":[{"Ice Cream":7,"Girya":0,"Happy Flower":40,"Eternal Feather":5,"Thread and Needle":36,"Juzu Bracelet":43,"Paper Crane":19,"Bottled Tornado":44,"Du-Vu Doll":23,"Matryoshka":26,"HornCleat":47,"WristBlade":34,"Fusion Hammer":17,"Bottled Lightning":27,"Kunai":46,"Toxic Egg 2":9,"StrikeDummy":13,"Unceasing Top":43,"Ring of the Snake":0},{"Ice Cream":3,"Girya":0,"Happy Flower":23,"Eternal Feather":2,"Thread and Needle":20,"Juzu Bracelet":23,"Paper Crane":9,"Bottled Tornado":24,"Du-Vu Doll":13,"Matryoshka":14,"HornCleat":26,"WristBlade":18,"Fusion Hammer":8,"Bottled Lightning":15,"Kunai":26,"Toxic Egg 2":3,"StrikeDummy":6,"Unceasing Top":23,"Ring of the Snake":0},{"Ice Cream":20,"Girya":0,"Happy Flower":97,"Eternal Feather":11,"Thread and Needle":87,"Juzu Bracelet":97,"Paper Crane":48,"Bottled Tornado":102,"Du-Vu Doll":61,"Matryoshka":64,"HornCleat":108,"WristBlade":81,"Fusion Hammer":45,"Bottled Lightning":68,"Kunai":108,"Toxic Egg 2":20,"StrikeDummy":31,"Unceasing Top":97,"Ring of the Snake":0}],"Unceasing Top":[4],"Ring of the Snake":[56]},"card_choices":[{"not_picked":["Prepared","Expertise"],"picked":"Slice","floor":1.0},{"not_picked":["Tactician","Deadly Poison"],"picked":"Dagger Spray","floor":4.0},{"not_picked":["Bane","Deflect"],"picked":"Skewer","floor":7.0},{"not_picked":["Footwork","Flying Knee"],"picked":"PiercingWail+1","floor":11.0},{"not_picked":["Dagger Throw","Deflect+1"],"picked":"Dodge and Roll+1","floor":12.0},{"not_picked":["Concentrate+1","Acrobatics+1"],"picked":"Terror+1","floor":13.0},{"not_picked":["Quick Slash","Poisoned Stab"],"picked":"Prepared+1","floor":14.0},{"not_picked":["Glass Knife","Grand Finale"],"picked":"Bullet Time+1","floor":16.0},{"not_picked":["Deflect+1","Blur+1"],"picked":"Backflip+1","floor":18.0},{"not_picked":["Skewer","Bane"],"picked":"Noxious Fumes","floor":20.0},{"not_picked":["Predator","Outmaneuver+1","Heel Hook"],"picked":"SKIP","floor":21.0},{"not_picked":["Poisoned Stab+1","Concentrate+1"],"picked":"Cloak And Dagger+1","floor":22.0},{"not_picked":["Bane+1","Predator"],"picked":"Backflip+1","floor":23.0},{"not_picked":["Deadly Poison+1","Outmaneuver+1"],"picked":"Dodge and Roll+1","floor":24.0},{"not_picked":["Night Terror+1","Deadly Poison+1","Choke+1"],"picked":"SKIP","floor":27.0},{"not_picked":["Predator+1","Sucker Punch"],"picked":"Backflip+1","floor":28.0},{"not_picked":["Tactician+1","Deadly Poison+1"],"picked":"Storm of Steel+1","floor":31.0},{"not_picked":["After Image","Corpse Explosion+1"],"picked":"A Thousand Cuts","floor":33.0},{"not_picked":["Riddle With Holes+1","Flying Knee"],"picked":"Sucker Punch+1","floor":35.0},{"not_picked":["Dodge and Roll+1","Choke+1"],"picked":"Cloak And Dagger+1","floor":37.0},{"not_picked":["Glass Knife","Bouncing Flask+1","Poisoned Stab"],"picked":"SKIP","floor":38},{"not_picked":["Jack Of All Trades+1","Apotheosis+1"],"picked":"Blind+1","floor":39},{"not_picked":["Distraction+1","Sucker Punch","Dagger Spray"],"picked":"SKIP","floor":40},{"not_picked":["Flechettes","Finisher+1"],"picked":"PiercingWail+1","floor":44},{"not_picked":["Cloak And Dagger+1","PiercingWail+1"],"picked":"Backflip+1","floor":45},{"not_picked":["Underhanded Strike+1","Bane+1"],"picked":"Calculated Gamble+1","floor":46},{"not_picked":["Endless Agony","Noxious Fumes+1"],"picked":"Backflip+1","floor":48}],"player_experience":1284463,"relics_obtained":[{"floor":7.0,"key":"Ice Cream"},{"floor":9.0,"key":"Toxic Egg 2"},{"floor":13.0,"key":"StrikeDummy"},{"floor":23.0,"key":"Du-Vu Doll"},{"floor":26.0,"key":"Matryoshka"},{"floor":27.0,"key":"Bottled Lightning"},{"floor":36.0,"key":"Thread and Needle"},{"floor":40,"key":"Happy Flower"},{"floor":43,"key":"Juzu Bracelet"},{"floor":43,"key":"Unceasing Top"},{"floor":44,"key":"Bottled Tornado"},{"floor":46,"key":"Kunai"}],"event_choices":[{"damage_healed":0.0,"max_hp_gain":0.0,"max_hp_loss":0.0,"gold_gain":175.0,"event_name":"Liars Game","player_choice":"AGREE","floor":2.0,"gold_loss":0.0,"damage_taken":0.0,"cards_obtained":["Doubt"]},{"damage_healed":0.0,"max_hp_gain":0.0,"max_hp_loss":0.0,"gold_gain":75.0,"event_name":"World of Goop","player_choice":"Gather Gold","floor":3.0,"gold_loss":0.0,"damage_taken":11.0},{"damage_healed":54.0,"max_hp_gain":0.0,"max_hp_loss":0.0,"gold_gain":0.0,"event_name":"Wheel of Change","player_choice":"Full Heal","floor":8.0,"gold_loss":0.0,"damage_taken":0.0},{"damage_healed":0.0,"max_hp_gain":0.0,"max_hp_loss":0.0,"gold_gain":0.0,"event_name":"Back to Basics","player_choice":"Simplicity","floor":30.0,"gold_loss":0.0,"damage_taken":0.0,"cards_upgraded":["Strike_G","Strike_G","Strike_G","Strike_G","Strike_G","Defend_G","Defend_G","Defend_G","Defend_G","Defend_G"]},{"damage_healed":0.0,"max_hp_gain":0.0,"max_hp_loss":0.0,"gold_gain":0.0,"event_name":"Mysterious Sphere","player_choice":"Fight","floor":36.0,"gold_loss":0.0,"damage_taken":0.0},{"damage_healed":0,"gold_gain":0,"player_choice":"Memory 1","damage_taken":0,"max_hp_gain":0,"max_hp_loss":0,"event_name":"SensoryStone","floor":39,"gold_loss":0},{"damage_healed":0,"gold_gain":0,"player_choice":"Max HP","damage_taken":0,"max_hp_gain":0,"max_hp_loss":3,"event_name":"Winding Halls","floor":41,"gold_loss":0}],"is_beta":false,"boss_relics":[{"not_picked":["Empty Cage","Ring of the Serpent"],"picked":"Fusion Hammer"},{"not_picked":["SacredBark","Astrolabe"],"picked":"WristBlade"}],"items_purged_floors":[5,47],"is_endless":false,"potions_floor_spawned":[7,18,23,28,31,33,35,40,45,48],"ascension_level":10}}