{"host":"zs3tguvuxkh90jf4","time":1612500224,"event":{"mods":["AchievementEnabler","BaseMod","Better-Laid Plans","BetterRewards","Block Reminder","Colored Map","Colored Powertips","Gold Saver","Minty Spire (QoL Compilation)","Shop Mod","StSLib","Transform Curses"],"gold_per_floor":[2441,2441,2406,2406,2406,2432,2432,2460,2460,2480,2480,2514,1842,1853,1853,1929,1929,1941,1952,1952,1534,1534,1566,1585,1614,1614,1614,1714,1730,1759,1771,1783,1869,1881,1907,1919,1948,1960,1989,2001,2033,2073,2085,2097,1711,1737,1737,1767,1767,1767],"floor_reached":51,"language":"ENG","playtime":2452,"items_purged":["Defend_R","Strike_R","Bash"],"score":1852,"play_id":"3400f017-259d-4bb9-b23c-894bcfef9b1c","local_time":"20210204204344","is_ascension_mode":true,"campfire_choices":[{"data":"Body Slam","floor":7,"key":"SMITH"},{"data":"Iron Wave","floor":11,"key":"SMITH"},{"data":"Trip","floor":15,"key":"SMITH"},{"data":"Body Slam","floor":27,"key":"SMITH"},{"data":"Limit Break","floor":32,"key":"SMITH"},{"data":"Feed","floor":40,"key":"SMITH"},{"data":"Seeing Red","floor":44,"key":"SMITH"},{"data":"Dramatic Entrance","floor":49,"key":"SMITH"}],"circlet_count":0,"master_deck":["AscendersBane","Strike_R+1","Strike_R+1","Strike_R+1","Strike_R+1","Defend_R+1","Defend_R+1","Defend_R+1","Thunderclap","Perfected Strike","Perfected Strike","Metallicize","Cleave","Pommel Strike","Body Slam+1","Iron Wave+1","Flex","Inflame","Cleave","Body Slam+1","Trip+1","Heavy Blade","Feed+1","Shrug It Off","Seeing Red+1","Metallicize","Limit Break+1","Impervious","Fire Breathing+1","Dark Embrace+1","Infernal Blade+1","Whirlwind","Reaper","Dramatic Entrance+1","Thunderclap+1","Fire Breathing+1"],"relics":["Burning Blood","Mummified Hand","HornCleat","MerchantsRug","Blue Candle","Oddly Smooth Stone","Shuriken","TheAbacus","Philosopher\u0027s Stone","Spirit Poop","Omamori","Darkstone Periapt","Mercury Hourglass","Champion Belt","Pen Nib","Eternal Feather","Black Star","Membership Card","Anchor","Unceasing Top","Letter Opener","Bag of Preparation","Kunai","Strawberry","Boot","Shovel","Sundial","White Beast Statue","MawBank","Calling Bell","Bag of Marbles","Frozen Egg 2","Girya","Ornamental Fan","Question Card","Bottled Flame","Nunchaku","ClockworkSouvenir","Regal Pillow","MealTicket","Meat on the Bone","PreservedInsect","Orichalcum"],"acts_visited":["Exordium","TheCity","TheBeyond"],"potions_floor_usage":[6,16,16,23,28,33,48,50,50],"damage_taken":[{"damage":13,"enemies":"Jaw Worm","floor":1,"turns":2},{"damage":1,"enemies":"Gremlin Nob","floor":6,"turns":4},{"damage":20,"enemies":"3 Sentries","floor":8,"turns":4},{"damage":0,"enemies":"2 Louse","floor":10,"turns":2},{"damage":0,"enemies":"Gremlin Nob","floor":12,"turns":2},{"damage":0,"enemies":"Cultist","floor":14,"turns":2},{"damage":16,"enemies":"Hexaghost","floor":16,"turns":5},{"damage":0,"enemies":"Spheric Guardian","floor":18,"turns":3},{"damage":0,"enemies":"2 Thieves","floor":19,"turns":3},{"damage":0,"enemies":"Slavers","floor":23,"turns":4},{"damage":11,"enemies":"Snake Plant","floor":24,"turns":2},{"damage":5,"enemies":"Book of Stabbing","floor":25,"turns":3},{"damage":11,"enemies":"Colosseum Slavers","floor":28,"turns":2},{"damage":0,"enemies":"Colosseum Nobs","floor":28,"turns":3},{"damage":0,"enemies":"3 Cultists","floor":29,"turns":2},{"damage":9,"enemies":"Slavers","floor":30,"turns":3},{"damage":31,"enemies":"Collector","floor":33,"turns":7},{"damage":1,"enemies":"3 Darklings","floor":35,"turns":4},{"damage":1,"enemies":"Orb Walker","floor":37,"turns":2},{"damage":0,"enemies":"3 Darklings","floor":39,"turns":3},{"damage":3,"enemies":"Transient","floor":41,"turns":5},{"damage":29,"enemies":"Nemesis","floor":42,"turns":5},{"damage":3,"enemies":"Reptomancer","floor":46,"turns":4},{"damage":0,"enemies":"Nemesis","floor":48,"turns":3},{"damage":46,"enemies":"Time Eater","floor":50,"turns":7}],"seed_played":"2897957770489729561","potions_obtained":[{"floor":1,"key":"Block Potion"},{"floor":14,"key":"Ancient Potion"},{"floor":16,"key":"ColorlessPotion"},{"floor":19,"key":"LiquidMemories"},{"floor":29,"key":"LiquidBronze"},{"floor":30,"key":"Block Potion"},{"floor":33,"key":"PowerPotion"},{"floor":35,"key":"EssenceOfSteel"},{"floor":37,"key":"Weak Potion"},{"floor":41,"key":"BloodPotion"},{"floor":42,"key":"Energy Potion"},{"floor":48,"key":"Fruit Juice"}],"is_trial":false,"path_per_floor":["M","?","?","?","?","E","R","E","T","M","R","E","$","M","R","B",null,"M","M","?","$","?","E","M","E","T","R","?","M","E","T","R","B",null,"M","?","M","?","M","R","M","E","T","R","$","E","T","E","R","B",null],"character_chosen":"IRONCLAD","items_purchased":["Mummified Hand","HornCleat","Thunderclap","Perfected Strike","DollysMirror","MerchantsRug","Oddly Smooth Stone","Shuriken","TheAbacus","Metallicize","Cleave","Pommel Strike","Pen Nib","Eternal Feather","Energy Potion","Cleave","Body Slam","Trip","Membership Card","Anchor","Unceasing Top","Nunchaku","ClockworkSouvenir","Whirlwind","FairyPotion","Reaper","Dramatic Entrance"],"campfire_rested":0,"item_purchase_floors":[0,0,0,0,0,0,0,0,0,0,0,0,13,13,13,13,13,13,21,21,21,45,45,45,45,45,45],"current_hp_per_floor":[41,25,45,45,45,50,50,36,36,42,42,48,48,54,66,56,74,80,80,80,80,80,80,75,83,83,87,90,93,90,90,93,68,87,92,92,96,91,91,91,91,68,68,86,86,95,95,100,100,88],"gold":1767,"neow_bonus":"","is_daily":false,"chose_seed":false,"campfire_upgraded":8,"win_rate":0.0,"timestamp":1612500224,"path_taken":["M","?","?","?","?","E","R","E","T","M","R","E","$","M","R","BOSS","M","M","?","$","?","E","M","E","T","R","?","M","E","?","R","BOSS","M","?","M","?","M","R","M","E","T","R","$","E","?","E","R","BOSS"],"items_purchased_type":["Relic","Relic","Card","Card","Relic","Relic","Relic","Relic","Relic","Card","Card","Card","Relic","Relic","Potion","Card","Card","Card","Relic","Relic","Relic","Relic","Relic","Card","Potion","Card","Card"],"build_version":"2020-12-22","purchased_purges":3,"victory":true,"max_hp_per_floor":[80,80,80,80,80,80,80,80,80,80,80,80,80,80,80,80,80,80,80,80,80,80,80,80,87,87,87,90,93,93,93,93,93,93,93,93,96,91,91,91,91,91,91,91,91,95,95,100,100,100],"card_choices":[{"not_picked":["Clash","Shrug It Off"],"picked":"Body Slam","floor":1},{"not_picked":["Dark Embrace","Havoc"],"picked":"Iron Wave","floor":6},{"not_picked":["Offering","Evolve","Dropkick"],"picked":"SKIP","floor":8},{"not_picked":["Intimidate","Havoc"],"picked":"Flex","floor":10},{"not_picked":["Metallicize","Havoc"],"picked":"Inflame","floor":12},{"not_picked":["Rage","Shrug It Off"],"picked":"Heavy Blade","floor":14},{"not_picked":["Double Tap","Offering"],"picked":"Feed","floor":16},{"not_picked":["True Grit","Iron Wave","Headbutt"],"picked":"SKIP","floor":18},{"not_picked":["Armaments","Rampage"],"picked":"Shrug It Off","floor":19},{"not_picked":["Hemokinesis","Anger"],"picked":"Metallicize","floor":23},{"not_picked":["Havoc","Clash","Hemokinesis"],"picked":"SKIP","floor":24},{"not_picked":["Sword Boomerang","Intimidate","Rupture"],"picked":"SKIP","floor":25},{"not_picked":["Warcry","Wild Strike+1"],"picked":"Limit Break","floor":29},{"not_picked":["Burning Pact","Cleave","Warcry"],"picked":"SKIP","floor":30},{"not_picked":["Limit Break","Exhume"],"picked":"Impervious","floor":33},{"not_picked":["Heavy Blade","Iron Wave"],"picked":"Fire Breathing+1","floor":35},{"not_picked":["Metallicize+1","Armaments"],"picked":"Dark Embrace+1","floor":37},{"not_picked":["Reckless Charge","Iron Wave","Rampage"],"picked":"SKIP","floor":39},{"not_picked":["Sword Boomerang","Thunderclap","Clash"],"picked":"SKIP","floor":41},{"not_picked":["Battle Trance+1","True Grit"],"picked":"Infernal Blade+1","floor":42},{"not_picked":["Rupture+1","Sword Boomerang","Feed"],"picked":"Thunderclap+1","floor":46},{"not_picked":["Warcry","Headbutt","Offering"],"picked":"Fire Breathing+1","floor":48}],"player_experience":511850,"relics_obtained":[{"floor":6,"key":"Omamori"},{"floor":8,"key":"Darkstone Periapt"},{"floor":9,"key":"Mercury Hourglass"},{"floor":12,"key":"Champion Belt"},{"floor":23,"key":"Letter Opener"},{"floor":23,"key":"Bag of Preparation"},{"floor":25,"key":"Kunai"},{"floor":25,"key":"Strawberry"},{"floor":26,"key":"Boot"},{"floor":28,"key":"Shovel"},{"floor":28,"key":"Sundial"},{"floor":30,"key":"White Beast Statue"},{"floor":30,"key":"MawBank"},{"floor":34,"key":"Bag of Marbles"},{"floor":34,"key":"Frozen Egg 2"},{"floor":34,"key":"Girya"},{"floor":42,"key":"Ornamental Fan"},{"floor":42,"key":"Question Card"},{"floor":43,"key":"Bottled Flame"},{"floor":46,"key":"Regal Pillow"},{"floor":46,"key":"MealTicket"},{"floor":47,"key":"Meat on the Bone"},{"floor":48,"key":"PreservedInsect"},{"floor":48,"key":"Orichalcum"}],"event_choices":[{"damage_healed":0,"gold_gain":0,"player_choice":"Entered Light","damage_taken":16,"max_hp_gain":0,"max_hp_loss":0,"event_name":"Shining Light","floor":2,"gold_loss":0,"cards_upgraded":["Strike_R","Defend_R"]},{"damage_healed":20,"gold_gain":0,"player_choice":"Healed","damage_taken":0,"max_hp_gain":0,"max_hp_loss":0,"event_name":"The Cleric","floor":3,"gold_loss":35},{"damage_healed":0,"gold_gain":0,"player_choice":"Box","damage_taken":0,"relics_obtained":["Potion Belt"],"max_hp_gain":0,"max_hp_loss":0,"event_name":"Big Fish","floor":4,"gold_loss":0,"cards_obtained":["Regret"]},{"cards_removed":["Regret"],"damage_healed":0,"gold_gain":0,"player_choice":"Offered Curse","damage_taken":0,"relics_obtained":["Spirit Poop"],"max_hp_gain":0,"max_hp_loss":0,"event_name":"Bonfire Elementals","floor":5,"gold_loss":0},{"damage_healed":0,"gold_gain":0,"player_choice":"Read","damage_taken":0,"max_hp_gain":0,"max_hp_loss":0,"event_name":"The Library","floor":20,"gold_loss":0,"cards_obtained":["Seeing Red"]},{"damage_healed":0,"gold_gain":0,"player_choice":"Simplicity","damage_taken":0,"max_hp_gain":0,"max_hp_loss":0,"event_name":"Back to Basics","floor":22,"gold_loss":0,"cards_upgraded":["Strike_R","Strike_R","Strike_R","Defend_R","Defend_R"]},{"damage_healed":0,"gold_gain":0,"player_choice":"Fight","damage_taken":0,"max_hp_gain":0,"max_hp_loss":0,"event_name":"Colosseum","floor":28,"gold_loss":0},{"damage_healed":0,"gold_gain":0,"player_choice":"Fought Nobs","damage_taken":0,"max_hp_gain":0,"max_hp_loss":0,"event_name":"Colosseum","floor":28,"gold_loss":0},{"damage_healed":0,"gold_gain":0,"player_choice":"Ignored","damage_taken":0,"max_hp_gain":0,"max_hp_loss":0,"event_name":"Tomb of Lord Red Mask","floor":36,"gold_loss":0},{"damage_healed":0,"gold_gain":0,"player_choice":"Max HP","damage_taken":0,"max_hp_gain":0,"max_hp_loss":5,"event_name":"Winding Halls","floor":38,"gold_loss":0}],"is_beta":false,"boss_relics":[{"not_picked":["Fusion Hammer","Cursed Key"],"picked":"Black Star"},{"not_picked":["SlaversCollar","Black Blood"],"picked":"Calling Bell"}],"items_purged_floors":[13,21,45],"is_endless":false,"potions_floor_spawned":[1,14,16,19,29,30,33,35,37,39,41,42,46,48],"ascension_level":13}}