{"host":"k6z9sa1v2hbtaqnj","time":1612556490,"event":{"mods":["BaseMod","Downfall","Googly Eyes","Marisa????????","Minty Spire (QoL Compilation)","StSLib","The Animator","The Forsaken","The Jungle","The Wild Card"],"gold_per_floor":[99,118,135,45,145,245,245,272,272,72,107,41,58,58,75,175,175,75,92,192,192,212,212,212,212,212,224,249,260,291,311,325,420,470,470,484,66,79,96,446,446,113,167,178,58,83,83,110,130,130,130,164,28,28,28,28],"floor_reached":57,"language":"ENG","playtime":7577,"items_purged":["Slimebound:Defend_Slimebound","theForsaken:PlagueCurse"],"score":1430,"play_id":"73c20792-b473-456d-872c-30e90d11bbff","local_time":"20210205142130","is_ascension_mode":false,"campfire_choices":[{"floor":1,"key":"RECALL"},{"floor":10,"key":"REST"},{"data":"Slimebound:MassRepurpose","floor":18,"key":"SMITH"},{"data":"Slimebound:SlimeBrawl","floor":23,"key":"SMITH"},{"data":"Slimebound:LevelUp","floor":26,"key":"SMITH"},{"data":"Slimebound:HauntingLick","floor":35,"key":"SMITH"},{"data":"Slimebound:LeadByExample","floor":47,"key":"SMITH"},{"floor":54,"key":"REST"}],"circlet_count":0,"master_deck":["Slimebound:Tackle+1","Slimebound:Defend_Slimebound","Slimebound:Defend_Slimebound","Slimebound:Defend_Slimebound+1","Slimebound:Split","Slimebound:CorrosiveSpit","Slimebound:SplitLeeching+1","Slimebound:SplitAcid+1","Slimebound:LevelUp+1","Slimebound:SlimeBrawl+1","Slimebound:LevelUp+1","Slimebound:SlimeTap","Slimebound:SplitLeeching","Slimebound:Schlurp","Slimebound:Prepare","Slimebound:ItLooksTasty","downfall:Malfunctioning","Slimebound:Schlurp","Slimebound:MassRepurpose+1","Slimebound:SplitAcid+1","Slimebound:SamplingLick+1","Slimebound:SplitLeeching","Slimebound:Schlurp","Slimebound:LeadByExample","Slimebound:HauntingLick+1","Slimebound:FormOfPuddle+1","Slimebound:SplitMire+1","Slimebound:MassFeed+1","Slimebound:LeechLife+1","Slimebound:SamplingLick+1","Slimebound:AcidTongue+1","Slimebound:LeadByExample+1","Slimebound:Schlurp+1","Slimebound:PressTheAttack","Slimebound:RainOfGoop+1","Slimebound:Repurpose","Slimebound:SplitLeeching+1","Slimebound:LeechingTouch+1","Slimebound:AcidTongue+1","Slimebound:Overexert+1"],"relics":["Slimebound:AbsorbEndCombat","Centennial Puzzle","downfall:HeartBlessingBlue","downfall:HeartBlessingGreen","Anchor","Black Star","downfall:HeartBlessingRed","Dead Branch","Darkstone Periapt","theForsaken:PlagueMask","Ornamental Fan","PreservedInsect","Strawberry","Orichalcum","StoneCalendar","Tiny House","HornCleat","Whetstone","Old Coin","Blue Candle","CatCart","Lizard Tail","Letter Opener","Frozen Egg 2","Happy Flower","theForsaken:Lifeblossom","War Paint"],"acts_visited":["Exordium","TheCity","TheBeyond","TheEnding"],"potions_floor_usage":[5,11,28,30,33,40,46,50,56],"damage_taken":[{"damage":1,"enemies":"Cultist","floor":2,"turns":4},{"damage":1,"enemies":"Jaw Worm","floor":3,"turns":4},{"damage":0,"enemies":"downfall:FleeingMerchant","floor":4,"turns":4},{"damage":26,"enemies":"downfall:Heads","floor":5,"turns":5},{"damage":35,"enemies":"Lagavulin","floor":8,"turns":6},{"damage":29,"enemies":"Gremlin Nob","floor":11,"turns":4},{"damage":3,"enemies":"downfall:FleeingMerchant","floor":12,"turns":4},{"damage":3,"enemies":"2 Louse","floor":13,"turns":2},{"damage":3,"enemies":"Exordium Wildlife","floor":15,"turns":3},{"damage":3,"enemies":"SI_SHIV_ARCHETYPE","floor":16,"turns":6},{"damage":1,"enemies":"Shell Parasite","floor":19,"turns":5},{"damage":14,"enemies":"DF_ARCHETYPE_STREAMLINE","floor":20,"turns":6},{"damage":3,"enemies":"Chosen","floor":22,"turns":4},{"damage":8,"enemies":"Snake Plant","floor":27,"turns":2},{"damage":3,"enemies":"Book of Stabbing","floor":28,"turns":4},{"damage":8,"enemies":"Centurion and Healer","floor":29,"turns":3},{"damage":1,"enemies":"Slavers","floor":30,"turns":3},{"damage":12,"enemies":"3 Cultists","floor":31,"turns":3},{"damage":0,"enemies":"Shelled Parasite and Fungi","floor":32,"turns":3},{"damage":15,"enemies":"IC_MUSHROOM_ARCHETYPE","floor":33,"turns":5},{"damage":2,"enemies":"3 Shapes","floor":36,"turns":4},{"damage":11,"enemies":"downfall:FleeingMerchant","floor":37,"turns":4},{"damage":0,"enemies":"3 Darklings","floor":38,"turns":3},{"damage":20,"enemies":"Spire Growth","floor":39,"turns":4},{"damage":0,"enemies":"Spire Growth","floor":40,"turns":5},{"damage":14,"enemies":"Orin","floor":43,"turns":7},{"damage":13,"enemies":"Writhing Mass","floor":44,"turns":5},{"damage":0,"enemies":"downfall:FleeingMerchant","floor":45,"turns":1},{"damage":12,"enemies":"Nemesis","floor":46,"turns":4},{"damage":14,"enemies":"Maw","floor":49,"turns":5},{"damage":100,"enemies":"DF_ARCHETYPE_ORBS","floor":50,"turns":7},{"damage":73,"enemies":"downfall:CharBossMerchant","floor":52,"turns":6},{"damage":77,"enemies":"downfall:NeowBoss","floor":55,"turns":9},{"damage":160,"enemies":"downfall:NeowBossFinal","floor":56,"turns":9}],"seed_played":"3666733633104829600","potions_obtained":[{"floor":2,"key":"bronze:BurnAndBuffPotion"},{"floor":3,"key":"SteroidPotion"},{"floor":11,"key":"sneckomod:MuddlingPotion"},{"floor":16,"key":"FairyPotion"},{"floor":19,"key":"Energy Potion"},{"floor":28,"key":"EssenceOfSteel"},{"floor":30,"key":"bronze:BurnAndBuffPotion"},{"floor":34,"key":"DuplicationPotion"},{"floor":36,"key":"Regen Potion"},{"floor":39,"key":"PowerPotion"},{"floor":43,"key":"Block Potion"},{"floor":46,"key":"Regen Potion"}],"is_trial":false,"path_per_floor":["R","M","M","$","?","?","T","E","?","R","E","$","M","?","M","B",null,"R","M","?","?","M","R","T","?","R","M","E","M","E","M","M","B",null,"R","M","$","M","M","?","T","?","?","M","$","E","R","T","M","B",null,"E","$","R","B","B",null],"character_chosen":"SLIMEBOUND","items_purchased":["Slimebound:Prepare","HornCleat","Whetstone","Lizard Tail","Slimebound:Repurpose","Slimebound:Overexert+1"],"campfire_rested":2,"item_purchase_floors":[12,37,37,45,45,53],"current_hp_per_floor":[71,71,71,71,51,51,51,22,22,56,31,30,27,27,26,31,81,81,81,71,77,76,76,76,59,59,53,61,55,54,48,52,41,104,104,104,104,104,88,96,96,117,107,106,108,104,104,104,92,15,121,74,74,110,61,59],"gold":28,"neow_bonus":"TEN_PERCENT_HP_BONUS","is_daily":false,"chose_seed":false,"campfire_upgraded":5,"win_rate":0.0,"timestamp":1612556490,"path_taken":["R","M","M","$","?","?","T","E","?","R","E","$","?","?","M","BOSS","R","M","?","?","M","R","T","?","R","M","E","M","E","M","M","BOSS","R","M","$","M","M","?","T","?","?","M","$","E","R","?","M","BOSS","E","$","R","BOSS","BOSS"],"items_purchased_type":["Card","Relic","Relic","Relic","Card","Card"],"build_version":"2020-12-22","purchased_purges":2,"victory":true,"max_hp_per_floor":[71,71,71,71,71,71,71,71,71,81,81,81,81,81,81,81,81,81,81,81,87,87,87,87,92,92,92,99,99,99,99,99,99,104,104,104,104,104,104,104,104,117,117,121,121,121,121,121,121,121,121,121,121,121,121,121],"card_choices":[{"not_picked":["Slimebound:TongueLash","Slimebound:AcidTongue"],"picked":"Slimebound:SplitLeeching","floor":2},{"not_picked":["Slimebound:FlameTackle","Slimebound:SlimeTap"],"picked":"Slimebound:SplitAcid","floor":3},{"not_picked":["Slimebound:SpikyOuterGoop","Slimebound:RejuvenatingLick"],"picked":"Slimebound:LevelUp","floor":4},{"not_picked":["Slimebound:Gluttony","Slimebound:Grow"],"picked":"Slimebound:LevelUp","floor":5},{"not_picked":["Slimebound:GoopTackle","Slimebound:Schlurp"],"picked":"Slimebound:SlimeTap","floor":8},{"not_picked":["Slimebound:Prepare","Slimebound:LeechEnergy"],"picked":"Slimebound:SplitLeeching","floor":11},{"not_picked":["Slimebound:Dissolve","Slimebound:ComboTackle"],"picked":"Slimebound:Schlurp","floor":12},{"not_picked":["Slimebound:HauntingLick","Slimebound:Grow"],"picked":"Slimebound:ItLooksTasty","floor":13},{"not_picked":["Slimebound:SpikyOuterGoop","Slimebound:GoopTackle"],"picked":"Slimebound:Schlurp","floor":15},{"not_picked":["Slimebound:WasteNot","Slimebound:MinionMaster"],"picked":"Slimebound:MassRepurpose","floor":16},{"not_picked":["Slimebound:ComboTackle","Slimebound:ProtectTheBoss"],"picked":"Slimebound:SplitAcid","floor":19},{"not_picked":["Slimebound:PressTheAttack","Slimebound:ComboTackle"],"picked":"Slimebound:SamplingLick+1","floor":20},{"not_picked":["Slimebound:HauntingLick","Slimebound:SlimeBrawl"],"picked":"Slimebound:SplitLeeching","floor":22},{"not_picked":["Slimebound:ComboTackle","Slimebound:Prepare"],"picked":"Slimebound:Schlurp","floor":27},{"not_picked":["Slimebound:SlimeBrawl+1","Slimebound:Prepare"],"picked":"Slimebound:LeadByExample","floor":28},{"not_picked":["Slimebound:ViciousTackle","Slimebound:SlimeSpikes+1"],"picked":"Slimebound:HauntingLick","floor":29},{"not_picked":["Slimebound:BestDefense+1","Slimebound:FlameTackle","Slimebound:SlimeBrawl"],"picked":"SKIP","floor":30},{"not_picked":["Slimebound:SplitBruiser","Slimebound:Grow+1"],"picked":"Slimebound:FormOfPuddle+1","floor":31},{"not_picked":["Slimebound:GoopSpray","Slimebound:PressTheAttack"],"picked":"Slimebound:SplitMire","floor":32},{"not_picked":["Slimebound:SlimeSlap","Slimebound:Teamwork"],"picked":"Slimebound:MassFeed","floor":33},{"not_picked":["Slimebound:SplitLeeching+1","Slimebound:GoopTackle+1"],"picked":"Slimebound:LeechLife","floor":36},{"not_picked":["Slimebound:Grow","Slimebound:ComboTackle"],"picked":"Slimebound:SamplingLick+1","floor":37},{"not_picked":["Slimebound:SamplingLick","Slimebound:ViciousTackle+1"],"picked":"Slimebound:AcidTongue+1","floor":38},{"not_picked":["Slimebound:FinishingTackle+1","Slimebound:LivingWall","Slimebound:SpikyOuterGoop+1"],"picked":"SKIP","floor":39},{"not_picked":["Slimebound:ComboTackle+1","Slimebound:RollThrough"],"picked":"Slimebound:LeadByExample","floor":40},{"not_picked":["Slimebound:Grow","Slimebound:Prepare"],"picked":"Slimebound:Schlurp+1","floor":43},{"not_picked":["Slimebound:ItLooksTasty+1","Slimebound:GoopTackle+1"],"picked":"Slimebound:PressTheAttack","floor":44},{"not_picked":["Slimebound:WasteNot","Slimebound:Schlurp"],"picked":"Slimebound:RainOfGoop+1","floor":45},{"not_picked":["Slimebound:SplitMire","Slimebound:Replication"],"picked":"Slimebound:SplitLeeching+1","floor":46},{"not_picked":["Slimebound:GoopTackle+1","Slimebound:Grow+1"],"picked":"Slimebound:LeechingTouch+1","floor":49},{"not_picked":["Slimebound:BestDefense+1","Slimebound:Prepare+1"],"picked":"Slimebound:AcidTongue+1","floor":52}],"player_experience":512504,"relics_obtained":[{"floor":8,"key":"Centennial Puzzle"},{"floor":11,"key":"Anchor"},{"floor":20,"key":"Dead Branch"},{"floor":20,"key":"Darkstone Periapt"},{"floor":24,"key":"Ornamental Fan"},{"floor":28,"key":"PreservedInsect"},{"floor":28,"key":"Strawberry"},{"floor":30,"key":"Orichalcum"},{"floor":30,"key":"StoneCalendar"},{"floor":40,"key":"Old Coin"},{"floor":41,"key":"Blue Candle"},{"floor":43,"key":"CatCart"},{"floor":46,"key":"Letter Opener"},{"floor":46,"key":"Frozen Egg 2"},{"floor":48,"key":"Happy Flower"},{"floor":52,"key":"theForsaken:Lifeblossom"},{"floor":52,"key":"War Paint"}],"event_choices":[{"damage_healed":0,"gold_gain":0,"player_choice":"Obtain Plague Curse","damage_taken":0,"max_hp_gain":0,"max_hp_loss":0,"event_name":"Plague Doctor","floor":21,"gold_loss":0,"cards_obtained":["theForsaken:PlagueCurse"]},{"damage_healed":0,"gold_gain":0,"player_choice":"Fight","damage_taken":0,"max_hp_gain":0,"max_hp_loss":0,"event_name":"OrinTheCat","floor":43,"gold_loss":0}],"is_beta":false,"boss_relics":[{"not_picked":["Empty Cage","Astrolabe"],"picked":"Black Star"},{"not_picked":["Runic Dome","Coffee Dripper"],"picked":"Tiny House"}],"items_purged_floors":[4,45],"is_endless":false,"potions_floor_spawned":[2,3,11,16,19,28,29,30,36,39,43,46,49],"ascension_level":0}}