{"host":"d61fcf2p3sjwe6yo","time":1612548019,"event":{"mods":["Act Like it!","BaseMod","Colored Map","Hallownest","Minty Spire (QoL Compilation)","StSLib","SuperFastMode","The Bug Knight"],"gold_per_floor":[114,114,130,142,142,175,175,203,203,217,247,247,25,37,37,141,141,159,309,309,334,346,376,385,419,473,502,539,263,263,276,276,384,384,403,256,256,136,155,155,166,203,203,111,130,149,179,244,244,244,244,244,37,75,75],"floor_reached":56,"language":"ENG","playtime":4000,"items_purged":["HollowMod:NailStrikeStart","Hallownest:curseDreamersLament"],"score":1300,"play_id":"e8b88c0b-903d-4b2f-b2e3-cbbc1199bf89","local_time":"20210205210019","is_ascension_mode":true,"campfire_choices":[{"data":"HollowMod:HerrahsAnger","floor":7.0,"key":"SMITH"},{"data":"HollowMod:PogoStrike","floor":12,"key":"SMITH"},{"data":"HollowMod:FocusHealStart","floor":15,"key":"SMITH"},{"data":"HollowMod:PureVessel","floor":30,"key":"SMITH"},{"floor":32,"key":"RECALL"}],"circlet_count":0,"master_deck":["HollowMod:NailStrikeStart","HollowMod:NailStrikeStart","HollowMod:NailStrikeStart","HollowMod:QuickDashStart","HollowMod:QuickDashStart","HollowMod:QuickDashStart+1","HollowMod:QuickDashStart","HollowMod:FocusHealStart+1","HollowMod:PogoStrike+1","HollowMod:HerrahsAnger+1","HollowMod:RecoilStrike+1","HollowMod:DashSlash+1","HollowMod:PureVessel+1","HollowMod:HornetsHelp+1","Hallownest:attackMasterCycloneSlash+1","HollowMod:CloakDash+1","HollowMod:MantisMark+1","HollowMod:SoulSplash+1","HollowMod:SoulEater+1","HollowMod:Weaversong+1","HollowMod:Weaversong+1","HollowMod:LifebloodCocoon+1","HollowMod:SoulVessel+1","HollowMod:QuirrelsAssistance+1","HollowMod:ShapeofUnn+1","HollowMod:RecoilStrike+1","HollowMod:AwokenDreamNail+1"],"relics":["HollowMod:VesselMask","Molten Egg 2","Orichalcum","Kunai","Ancient Tea Set","Coffee Dripper","CeramicFish","Ornamental Fan","Hallownest:WatcherSealRelic","Frozen Egg 2","Turnip","War Paint","Fusion Hammer","DollysMirror","Hallownest:HeavyBlowRelic","Hallownest:SoulVesselRelic","Oddly Smooth Stone","HollowMod:MantisClawRelic","Bag of Preparation","Incense Burner","Pen Nib","Vajra"],"acts_visited":["Hallownest:Greenpath","Hallownest:CityofTears","Hallownest:KingdomsEdge","TheEnding"],"potions_floor_usage":[11,45,47,48,50,55,55],"damage_taken":[{"damage":0.0,"enemies":"2_ Uuma","floor":1.0,"turns":5.0},{"damage":2.0,"enemies":"Hallownest:monsterHuskGuard","floor":3.0,"turns":3.0},{"damage":4.0,"enemies":"Hallownest:2_Baldur","floor":4.0,"turns":3.0},{"damage":19.0,"enemies":"Hallownest:eliteMossKnight","floor":6.0,"turns":13.0},{"damage":6,"enemies":"Hallownest:eliteVengeflyKing","floor":8,"turns":9},{"damage":1,"enemies":"Hallownest:monsterMossCharger","floor":10,"turns":5},{"damage":4,"enemies":"Hallownest:eliteCrystalGuardian","floor":11,"turns":5},{"damage":10,"enemies":"Hallownest:1_Ooma_and_2_Uuma","floor":14,"turns":5},{"damage":12,"enemies":"Hallownest:BossBrokenVessel","floor":16,"turns":7},{"damage":1,"enemies":"Hallownest:Flukemon_and_Top","floor":18,"turns":4},{"damage":9,"enemies":"Hallownest:Guard_and_Sentry","floor":22,"turns":4},{"damage":5,"enemies":"Hallownest:eliteSoulWarrior","floor":23,"turns":6},{"damage":21,"enemies":"Hallownest:eliteWatcherKnight","floor":25,"turns":13},{"damage":17,"enemies":"Hallownest:Master_and_Novice","floor":27,"turns":6},{"damage":2,"enemies":"Hallownest:eliteSoulWarrior","floor":28,"turns":6},{"damage":0,"enemies":"Hallownest:2_Husk_Sentries","floor":31,"turns":4},{"damage":11,"enemies":"Hallownest:BossSoulMaster","floor":33,"turns":6},{"damage":19,"enemies":"Hallownest:Shield_Heavy","floor":35,"turns":5},{"damage":12,"enemies":"Hallownest:3_Siblings","floor":39,"turns":4},{"damage":0,"enemies":"Hallownest:2_Wing_and_1_Kings","floor":41,"turns":4},{"damage":6,"enemies":"Hallownest:eliteCollector","floor":42,"turns":4},{"damage":0,"enemies":"Hallownest:monsterPrimalAspid","floor":45,"turns":3},{"damage":14,"enemies":"Hallownest:2_Soldiers_and_1_Guardian","floor":46,"turns":5},{"damage":6,"enemies":"Hallownest:StalkingDevout","floor":47,"turns":7},{"damage":43,"enemies":"Hallownest:2_Primals","floor":48,"turns":4},{"damage":4,"enemies":"Hallownest:BossGreyPrinceZote","floor":50,"turns":6},{"damage":35,"enemies":"Shield and Spear","floor":54,"turns":9},{"damage":52,"enemies":"The Heart","floor":55,"turns":7}],"seed_played":"5923928897023618435","potions_obtained":[{"floor":1.0,"key":"Strength Potion"},{"floor":6.0,"key":"Strength Potion"},{"floor":11,"key":"BlessingOfTheForge"},{"floor":22,"key":"SteroidPotion"},{"floor":27,"key":"Swift Potion"},{"floor":35,"key":"AttackPotion"},{"floor":45,"key":"SmokeBomb"},{"floor":46,"key":"Block Potion"},{"floor":47,"key":"SneckoOil"},{"floor":48,"key":"Fire Potion"}],"is_trial":false,"path_per_floor":["M","?","M","M","?","E","R","E","T","M","E","R","$","M","R","B",null,"M","?","?","T","M","E","?","E","T","M","E","$","R","M","R","B",null,"M","$","?","?","M","R","M","E","T","$","M","M","E","?","R","B",null,"R","$","E","B",null],"character_chosen":"THE_BUGKNIGHT","items_purchased":["HollowMod:PureVessel","HollowMod:SoulEater+1","War Paint","DollysMirror","HollowMod:SoulVessel+1","HollowMod:QuirrelsAssistance+1","HollowMod:RecoilStrike+1","Pen Nib"],"campfire_rested":0,"item_purchase_floors":[13,29,29,36,44,44,53,53],"current_hp_per_floor":[75,75,75,75,75,56,56,60,60,65,61,61,61,51,51,49,75,74,74,74,74,71,72,72,63,63,46,54,54,54,64,64,59,75,62,62,62,62,56,56,66,60,60,60,66,58,62,25,25,33,75,75,75,50,4],"gold":75,"neow_bonus":"ONE_RANDOM_RARE_CARD","is_daily":false,"chose_seed":false,"campfire_upgraded":4,"win_rate":0.0,"timestamp":1612548019,"path_taken":["M","?","M","M","?","E","R","E","T","M","E","R","$","M","R","BOSS","M","?","?","?","M","E","?","E","T","M","E","$","R","?","R","BOSS","M","$","?","?","M","R","M","E","T","$","M","M","E","?","R","BOSS","R","$","E","BOSS"],"items_purchased_type":["Card","Card","Relic","Relic","Card","Card","Card","Relic"],"build_version":"2020-12-22","purchased_purges":2,"victory":true,"max_hp_per_floor":[75,75,75,75,75,75,75,75,75,75,75,75,75,75,75,75,75,75,75,75,75,75,75,75,75,75,75,75,75,75,75,75,75,75,75,75,75,75,75,75,75,75,75,75,75,75,75,75,75,75,75,75,75,75,75],"card_choices":[{"not_picked":["HollowMod:InfectedAttack","HollowMod:MonomonsArchive"],"picked":"HollowMod:RecoilStrike","floor":1.0},{"not_picked":["HollowMod:NewLittleFool","HollowMod:HeavyBlow","HollowMod:NewGlowingWomb"],"picked":"SKIP","floor":3.0},{"not_picked":["HollowMod:Grubsong","HollowMod:SiblingsSouls","HollowMod:CycloneSlash"],"picked":"SKIP","floor":4.0},{"not_picked":["HollowMod:NewJinnsSoul","HollowMod:TaintedHusks","HollowMod:LuriensSpire"],"picked":"SKIP","floor":6.0},{"not_picked":["HollowMod:Grubsong","HollowMod:SiblingsSouls","HollowMod:ShadowDash"],"picked":"SKIP","floor":8},{"not_picked":["HollowMod:SoulStrike+1","HollowMod:ShadowDash","HollowMod:LuriensSpire"],"picked":"SKIP","floor":10},{"not_picked":["HollowMod:ShapeofUnn","HollowMod:GreatSlash+1"],"picked":"HollowMod:DashSlash+1","floor":11},{"not_picked":["HollowMod:NewGlowingWomb","HollowMod:PerfectDash","HollowMod:GoodIntentions"],"picked":"SKIP","floor":14},{"not_picked":["HollowMod:SoulMaster","HollowMod:Hiveblood"],"picked":"HollowMod:HornetsHelp+1","floor":16},{"not_picked":["HollowMod:GoodIntentions","HollowMod:PerfectDash","HollowMod:InfectionAssault+1"],"picked":"SKIP","floor":18},{"not_picked":["HollowMod:NewJinnsSoul+1","HollowMod:CrystalDash","HollowMod:BlackTendrils+1"],"picked":"SKIP","floor":22},{"not_picked":["HollowMod:MothsMistake","HollowMod:BrokenVessel","HollowMod:InfectedAttack+1"],"picked":"SKIP","floor":23},{"not_picked":["HollowMod:NewGlowingWomb+1","HollowMod:InfectedAttack+1"],"picked":"HollowMod:CloakDash+1","floor":25},{"not_picked":["HollowMod:MonomonsArchive","HollowMod:MothsMistake+1"],"picked":"HollowMod:MantisMark","floor":27},{"not_picked":["HollowMod:MothsMistake+1","HollowMod:ZotesMagnificence+1"],"picked":"HollowMod:SoulSplash+1","floor":28},{"not_picked":["HollowMod:CornifersMapStart","HollowMod:MonarchWings","HollowMod:HowlingWraiths+1"],"picked":"SKIP","floor":31},{"not_picked":["HollowMod:Hiveblood","HollowMod:HerrahsAnger"],"picked":"HollowMod:Weaversong+1","floor":33},{"not_picked":["HollowMod:VengefulVoid+1","HollowMod:SoulStrike+1","HollowMod:VengefulSpirit+1"],"picked":"SKIP","floor":35},{"not_picked":["HollowMod:DesolateDive+1","HollowMod:LuriensSpire","HollowMod:ShadowDash"],"picked":"SKIP","floor":39},{"not_picked":["HollowMod:MonarchWings+1","HollowMod:GreatSlash+1","HollowMod:BrokenVessel+1"],"picked":"SKIP","floor":41},{"not_picked":["HollowMod:CoiledNail+1","HollowMod:HowlingWraiths+1"],"picked":"HollowMod:LifebloodCocoon+1","floor":42},{"not_picked":["HollowMod:DescendingDark+1","HollowMod:CornifersMapStart"],"picked":"HollowMod:ShapeofUnn+1","floor":45},{"not_picked":["HollowMod:CornifersMapStart+1","HollowMod:CloakDash","HollowMod:GreatSlash+1"],"picked":"SKIP","floor":46},{"not_picked":["HollowMod:Hiveblood","HollowMod:CoiledNail+1","HollowMod:HowlingWraiths+1"],"picked":"SKIP","floor":47},{"not_picked":["HollowMod:NewGlowingWomb+1","HollowMod:SiblingsSouls"],"picked":"HollowMod:AwokenDreamNail+1","floor":54}],"player_experience":247044,"relics_obtained":[{"floor":6.0,"key":"Molten Egg 2"},{"floor":8,"key":"Orichalcum"},{"floor":9,"key":"Kunai"},{"floor":11,"key":"Ancient Tea Set"},{"floor":21,"key":"CeramicFish"},{"floor":23,"key":"Ornamental Fan"},{"floor":25,"key":"Frozen Egg 2"},{"floor":28,"key":"Turnip"},{"floor":42,"key":"Oddly Smooth Stone"},{"floor":43,"key":"HollowMod:MantisClawRelic"},{"floor":47,"key":"Bag of Preparation"},{"floor":48,"key":"Incense Burner"},{"floor":54,"key":"Vajra"}],"event_choices":[],"is_beta":false,"boss_relics":[{"not_picked":["Velvet Choker","Busted Crown"],"picked":"Coffee Dripper"},{"not_picked":["Runic Dome","Black Star"],"picked":"Fusion Hammer"}],"items_purged_floors":[13,29],"is_endless":false,"potions_floor_spawned":[1,6,11,22,27,35,45,46,47,48],"ascension_level":1}}