{"host":"u8gwyxapu65l7nuk","time":1612491142,"event":{"mods":["BaseMod","Custom Start","Minty Spire (QoL Compilation)","StSLib"],"gold_per_floor":[119,134,84,84,104,135,135,150,223,252,57,57,101,125,125,246,246,280,280,280],"floor_reached":19,"language":"ENG","playtime":1784,"items_purged":[],"score":223,"play_id":"a741f4ca-5ea9-4cd0-9519-79eda0456e55","local_time":"20210205101222","daily_mods":["Draft","Diverse"],"is_ascension_mode":true,"campfire_choices":[{"data":"ForeignInfluence","floor":7.0,"key":"SMITH"},{"data":"Creative AI","floor":15.0,"key":"SMITH"}],"circlet_count":0,"master_deck":["ForeignInfluence+1","Uppercut","Genetic Algorithm","Glacier","Metallicize","Footwork","Conserve Battery","Riddle With Holes","PiercingWail","Calculated Gamble","Shrug It Off","Beam Cell","Dagger Throw","Infinite Blades","Malaise","Sucker Punch","Quick Slash","Good Instincts","Injury","Creative AI+1","Ball Lightning","Die Die Die","Leg Sweep+1","Undo+1","Electrodynamics+1"],"relics":["Burning Blood","Ginger","The Courier","Vajra","ClockworkSouvenir","Golden Idol","StrikeDummy","Astrolabe"],"acts_visited":["Exordium","TheCity"],"potions_floor_usage":[],"damage_taken":[{"damage":5.0,"enemies":"2 Louse","floor":1.0,"turns":4.0},{"damage":0.0,"enemies":"Jaw Worm","floor":2.0,"turns":4.0},{"damage":0.0,"enemies":"Cultist","floor":5.0,"turns":4.0},{"damage":10.0,"enemies":"Lagavulin","floor":6.0,"turns":6.0},{"damage":1.0,"enemies":"Red Slaver","floor":8.0,"turns":5.0},{"damage":5.0,"enemies":"3 Sentries","floor":10.0,"turns":6.0},{"damage":0.0,"enemies":"Lagavulin","floor":13.0,"turns":8.0},{"damage":0.0,"enemies":"3 Louse","floor":14.0,"turns":4.0},{"damage":27.0,"enemies":"Hexaghost","floor":16.0,"turns":11.0},{"damage":17.0,"enemies":"Shell Parasite","floor":18.0,"turns":11.0},{"damage":0,"enemies":"2 Thieves","floor":19,"turns":1}],"seed_played":"-510285729074482325","potions_obtained":[{"floor":2.0,"key":"SpeedPotion"},{"floor":5.0,"key":"Fruit Juice"},{"floor":8.0,"key":"Weak Potion"},{"floor":14.0,"key":"LiquidBronze"},{"floor":16.0,"key":"FairyPotion"}],"is_trial":true,"path_per_floor":["M","M","?","?","M","E","R","M","T","E","$","?","E","M","R","B",null,"M","M"],"character_chosen":"IRONCLAD","items_purchased":["ClockworkSouvenir","Good Instincts"],"campfire_rested":0,"item_purchase_floors":[11,11],"current_hp_per_floor":[80,80,80,80,85,81,81,85,85,85,85,85,85,85,85,64,85,74,74,74],"gold":280,"neow_bonus":"","is_daily":false,"chose_seed":false,"campfire_upgraded":2,"win_rate":0.0,"timestamp":1612491142,"path_taken":["M","M","?","?","?","E","R","M","T","E","?","?","E","M","R","BOSS","M","M"],"items_purchased_type":["Relic","Card"],"build_version":"2020-12-22","purchased_purges":0,"victory":false,"max_hp_per_floor":[80,80,80,80,85,85,85,85,85,85,85,85,85,85,85,85,85,85,85,85],"card_choices":[{"not_picked":["Flying Knee","Redo"],"picked":"ForeignInfluence","floor":0.0},{"not_picked":["Intimidate","Iron Wave"],"picked":"Uppercut","floor":0.0},{"not_picked":["Wallop","Headbutt"],"picked":"Genetic Algorithm","floor":0.0},{"not_picked":["Sunder","Intimidate"],"picked":"Poisoned Stab","floor":0.0},{"not_picked":["Pray","FlyingSleeves"],"picked":"Glacier","floor":0.0},{"not_picked":["Gash","Vengeance"],"picked":"Metallicize","floor":0.0},{"not_picked":["Dagger Throw","Cloak And Dagger"],"picked":"Footwork","floor":0.0},{"not_picked":["Underhanded Strike","Sweeping Beam"],"picked":"Conserve Battery","floor":0.0},{"not_picked":["BowlingBash","Sanctity"],"picked":"Protect","floor":0.0},{"not_picked":["Bane","Infinite Blades"],"picked":"Riddle With Holes","floor":0.0},{"not_picked":["Scrape","SashWhip"],"picked":"PiercingWail","floor":0.0},{"not_picked":["Entrench","Distraction"],"picked":"Calculated Gamble","floor":0.0},{"not_picked":["Flying Knee","Double Energy"],"picked":"EmptyBody","floor":0.0},{"not_picked":["Turbo","ClearTheMind"],"picked":"Shrug It Off","floor":0.0},{"not_picked":["PathToVictory","Sweeping Beam"],"picked":"Beam Cell","floor":0.0},{"not_picked":["PathToVictory","Blur"],"picked":"Dagger Throw","floor":1.0},{"not_picked":["EmptyFist","Establishment"],"picked":"Infinite Blades","floor":2.0},{"not_picked":["FlyingSleeves","Choke"],"picked":"JustLucky","floor":5.0},{"not_picked":["Feel No Pain","Flex"],"picked":"Sucker Punch","floor":6.0},{"not_picked":["Clash","Anger"],"picked":"Quick Slash","floor":8.0},{"not_picked":["Dagger Throw","Terror"],"picked":"Gash","floor":10.0},{"not_picked":["Dodge and Roll","Redo"],"picked":"Creative AI","floor":13.0},{"not_picked":["Quick Slash","Prepared"],"picked":"Ball Lightning","floor":14.0},{"not_picked":["Blasphemy","Ragnarok"],"picked":"Die Die Die","floor":16.0},{"not_picked":["Wallop+1","Armaments","EmptyBody"],"picked":"SKIP","floor":18.0}],"player_experience":235093,"relics_obtained":[{"floor":6.0,"key":"Ginger"},{"floor":9.0,"key":"The Courier"},{"floor":10.0,"key":"Vajra"},{"floor":13.0,"key":"StrikeDummy"}],"event_choices":[{"cards_removed":["Protect"],"damage_healed":0.0,"max_hp_gain":0.0,"max_hp_loss":0.0,"gold_gain":0.0,"event_name":"The Cleric","player_choice":"Card Removal","floor":3.0,"gold_loss":50.0,"damage_taken":0.0},{"damage_healed":0.0,"max_hp_gain":0.0,"max_hp_loss":0.0,"gold_gain":0.0,"cards_transformed":["EmptyBody"],"event_name":"Transmorgrifier","player_choice":"Transformed","floor":4.0,"gold_loss":0.0,"damage_taken":0.0,"cards_obtained":["Malaise"]},{"damage_healed":0.0,"max_hp_gain":0.0,"max_hp_loss":0.0,"gold_gain":0.0,"event_name":"Golden Idol","player_choice":"Take Wound","floor":12.0,"gold_loss":0.0,"damage_taken":0.0,"relics_obtained":["Golden Idol"],"cards_obtained":["Injury"]}],"is_beta":false,"boss_relics":[{"not_picked":["Black Blood","Sozu"],"picked":"Astrolabe"}],"items_purged_floors":[],"is_endless":false,"potions_floor_spawned":[2,5,8,14,16,18],"killed_by":"2 Thieves","ascension_level":1}}