{"host":"pe2q1tocp309rrg9","time":1612512355,"event":{"mods":["2.2 Compatiblity","BaseMod","BetterRewards","Downfall","Ekko","Gremlin Mod","Hermit","Jorbs\u0027s Wanderer Trilogy","Minty Spire (QoL Compilation)","Quick Restart","Rare Cards Sparkle","Replay The Spire","StSLib","The Blue Laboratory","The Construct","The Hierophant","Uncapped"],"gold_per_floor":[109,127,127,127,144,144,164,189,241,241,251,65,65,79,79,175,175,188,188,24,24,42,42,85,85,85,85,112,137,229,75,84,188,188,215,215,215,242,242,271,271,209,254,279,321,330,351,374,383,383,383],"floor_reached":50,"language":"ENG","playtime":1614,"items_purged":[],"score":800,"play_id":"1daf66c2-657f-41a7-a7ee-cf99d102e9c5","local_time":"20210205020555","is_ascension_mode":true,"campfire_choices":[{"floor":6,"key":"REST"},{"floor":10,"key":"REST"},{"data":"Catalyst","floor":15,"key":"SMITH"},{"data":"Noxious Fumes","floor":23,"key":"SMITH"},{"floor":25,"key":"REST"},{"data":"Night Terror","floor":27,"key":"SMITH"},{"floor":32,"key":"REST"},{"data":"Replay:Poison Smokescreen","floor":41,"key":"SMITH"},{"floor":49,"key":"REST"}],"circlet_count":0,"master_deck":["Strike_G+1","Strike_G","Strike_G","Strike_G","Strike_G","Defend_G","Defend_G","Defend_G","Defend_G","Defend_G","Survivor","Neutralize","Dash+1","Bane","Cloak And Dagger","Bane","Bane","Bane","Languid","Caltrops+1","Catalyst+1","Night Terror+1","Bane","Backflip+1","Noxious Fumes+1","Leg Sweep","Footwork","ReplayTheSpireMod:Speed Training+1","Calculated Gamble","ReplayTheSpireMod:Splinters","Dagger Spray+1","Deadly Poison+1","Dramatic Entrance","Night Terror","Adrenaline","PiercingWail+1","Bane+1","Replay:Poison Smokescreen+1","Bane","Panacea","Distraction+1","Deflect+1","Deflect","Dark Shackles","PiercingWail+1","Prepared+1","Fluid Movement+1"],"relics":["Sizzling Blood","Mercury Hourglass","Blue Doll","ReplayTheSpireMod:CursedCoin","Eternal Feather","construct:WeddingRing","Membership Card","CeramicFish","Dream Catcher","ReplayTheSpireMod:TigerMarble","Replay:Mystery Machine","expansioncontent:StudyCardRelic","Pen Nib","Centennial Puzzle"],"acts_visited":["Exordium","TheCity","TheBeyond"],"potions_floor_usage":[16,22,24,29,33,45,45,50],"damage_taken":[{"damage":0,"enemies":"2 Louse","floor":1,"turns":4},{"damage":1,"enemies":"Jaw Worm","floor":2,"turns":3},{"damage":0,"enemies":"Cultist","floor":5,"turns":3},{"damage":5,"enemies":"Exordium Wildlife","floor":7,"turns":7},{"damage":29,"enemies":"Lagavulin","floor":8,"turns":9},{"damage":4,"enemies":"2 Fungi Beasts","floor":11,"turns":3},{"damage":5,"enemies":"Blue Slaver","floor":14,"turns":4},{"damage":63,"enemies":"Fading Forest","floor":16,"turns":11},{"damage":10,"enemies":"Chosen","floor":18,"turns":5},{"damage":20,"enemies":"Spheric Guardian","floor":22,"turns":4},{"damage":33,"enemies":"Book of Stabbing","floor":24,"turns":3},{"damage":35,"enemies":"Snecko","floor":28,"turns":6},{"damage":26,"enemies":"Snake Plant","floor":29,"turns":5},{"damage":45,"enemies":"Pondfish","floor":33,"turns":10},{"damage":25,"enemies":"Orb Walker","floor":35,"turns":4},{"damage":1,"enemies":"3 Darklings","floor":38,"turns":3},{"damage":14,"enemies":"4 Shapes","floor":40,"turns":4},{"damage":30,"enemies":"Maw","floor":44,"turns":7},{"damage":36,"enemies":"Reptomancer","floor":45,"turns":6},{"damage":1,"enemies":"Spire Growth","floor":47,"turns":5},{"damage":10,"enemies":"Jaw Worm Horde","floor":48,"turns":5},{"damage":81,"enemies":"Time Eater","floor":50,"turns":9}],"seed_played":"4858327650602261321","potions_obtained":[{"floor":1,"key":"Regen Potion"},{"floor":2,"key":"blueLaboratory:EnvenomedCoating"},{"floor":11,"key":"Explosive Potion"},{"floor":16,"key":"SkillPotion"},{"floor":30,"key":"blueLaboratory:BlinkPotion"},{"floor":30,"key":"blueLaboratory:StoneskinPotion"},{"floor":33,"key":"blueLaboratory:NullPotion"},{"floor":47,"key":"SpeedPotion"}],"is_trial":false,"path_per_floor":["M","M","?","?","M","R","M","E","T","R","M","$","?","M","R","B",null,"M","?","$","?","M","R","E","R","T","R","M","M","?","$","R","B",null,"M","?","?","M","?","M","R","$","T","M","E","?","M","M","R","B"],"character_chosen":"THE_SILENT","items_purchased":["ReplayTheSpireMod:CursedCoin","Caltrops+1","Eternal Feather","Poison Potion","Membership Card","Backflip+1","Deadly Poison+1","Replay:Mystery Machine","Dramatic Entrance","Toxic Potion","Bane","Panacea","Distraction+1"],"campfire_rested":5,"item_purchase_floors":[12,12,12,12,20,20,31,31,31,31,42,42,42],"current_hp_per_floor":[63,62,66,48,52,78,77,52,52,78,78,78,78,77,88,39,88,82,82,82,82,66,81,52,88,88,88,57,47,47,47,88,47,88,67,67,67,70,70,60,81,81,81,55,23,23,26,20,73,0,0],"gold":383,"neow_bonus":"TWENTY_PERCENT_HP_BONUS","is_daily":false,"chose_seed":false,"campfire_upgraded":4,"win_rate":0.0,"timestamp":1612512355,"path_taken":["M","M","?","?","M","R","M","E","T","R","M","$","?","M","R","BOSS","M","?","$","?","M","R","E","R","T","R","M","M","?","$","R","BOSS","M","?","?","?","?","M","R","$","T","M","E","?","M","M","R","BOSS"],"items_purchased_type":["Relic","Card","Relic","Potion","Relic","Card","Card","Relic","Card","Potion","Card","Card","Card"],"build_version":"2020-12-22","purchased_purges":0,"victory":false,"max_hp_per_floor":[84,84,88,88,88,88,88,88,88,88,88,88,88,88,88,88,88,88,88,88,88,88,88,88,88,88,88,88,88,88,88,88,88,88,88,88,88,88,88,88,88,88,88,88,88,88,88,88,88,88,88],"card_choices":[{"not_picked":["Escape Plan","Bouncing Flask"],"picked":"Dash","floor":1},{"not_picked":["ReplayTheSpireMod:Tripwire","Hidden Blade"],"picked":"Bane","floor":2},{"not_picked":["Flying Knee","Predator"],"picked":"Cloak And Dagger","floor":5},{"not_picked":["Setup","Quick Slash"],"picked":"Bane","floor":7},{"not_picked":["Predator","ReplayTheSpireMod:Shiv Toss"],"picked":"Bane","floor":8},{"not_picked":["Deflect","Outmaneuver"],"picked":"Bane","floor":11},{"not_picked":["Dagger Spray","Tactician"],"picked":"Catalyst","floor":14},{"not_picked":["ReplayTheSpireMod:From All Sides","ReplayTheSpireMod:Necrosis"],"picked":"Night Terror","floor":16},{"not_picked":["PiercingWail","Finisher"],"picked":"Bane","floor":18},{"not_picked":["Underhanded Strike","Infinite Blades"],"picked":"Leg Sweep","floor":22},{"not_picked":["Infinite Blades+1","Accuracy+1"],"picked":"Footwork","floor":24},{"not_picked":["Heel Hook","Dagger Throw"],"picked":"ReplayTheSpireMod:Speed Training+1","floor":28},{"not_picked":["Underhanded Strike+1","Dagger Throw"],"picked":"Calculated Gamble","floor":29},{"not_picked":["Deflect","Endless Agony"],"picked":"Dagger Spray+1","floor":30},{"not_picked":["Deflect","Underhanded Strike+1"],"picked":"Night Terror","floor":32},{"not_picked":["Glass Knife","Unload"],"picked":"Adrenaline","floor":33},{"not_picked":["Blade Dance","Quick Slash"],"picked":"PiercingWail+1","floor":35},{"not_picked":["Cloak And Dagger+1","Draining Mist+1"],"picked":"Bane+1","floor":38},{"not_picked":["Endless Agony+1","Outmaneuver"],"picked":"Replay:Poison Smokescreen","floor":40},{"not_picked":["Prepared","Underhanded Strike"],"picked":"Deflect+1","floor":44},{"not_picked":["ReplayTheSpireMod:The Works+1","Skewer+1"],"picked":"Deflect","floor":45},{"not_picked":["Metamorphosis","Violence"],"picked":"Dark Shackles","floor":46},{"not_picked":["Outmaneuver+1","Eviscerate"],"picked":"PiercingWail+1","floor":47},{"not_picked":["Calculated Gamble+1","Flying Knee"],"picked":"Prepared+1","floor":48},{"not_picked":["Bane","Blade Dance+1"],"picked":"Fluid Movement+1","floor":49}],"player_experience":699338,"relics_obtained":[{"floor":8,"key":"Mercury Hourglass"},{"floor":9,"key":"Blue Doll"},{"floor":24,"key":"CeramicFish"},{"floor":26,"key":"Dream Catcher"},{"floor":30,"key":"ReplayTheSpireMod:TigerMarble"},{"floor":43,"key":"Pen Nib"},{"floor":45,"key":"Centennial Puzzle"}],"event_choices":[{"damage_healed":0,"gold_gain":0,"player_choice":"Entered Light","damage_taken":18,"max_hp_gain":0,"max_hp_loss":0,"event_name":"Shining Light","floor":4,"gold_loss":0,"cards_upgraded":["Dash","Strike_G"]},{"damage_healed":0,"gold_gain":0,"player_choice":"Bought 0 Potions","damage_taken":0,"max_hp_gain":0,"max_hp_loss":0,"event_name":"The Woman in Blue","floor":13,"gold_loss":0},{"damage_healed":0,"gold_gain":0,"player_choice":"Ignored","damage_taken":0,"max_hp_gain":0,"max_hp_loss":0,"event_name":"Vampires","floor":19,"gold_loss":0},{"damage_healed":0,"gold_gain":0,"player_choice":"Read","damage_taken":0,"max_hp_gain":0,"max_hp_loss":0,"event_name":"The Library","floor":21,"gold_loss":0,"cards_obtained":["Noxious Fumes"]},{"damage_healed":0,"gold_gain":0,"player_choice":"Ignored","damage_taken":0,"max_hp_gain":0,"max_hp_loss":0,"event_name":"Tomb of Lord Red Mask","floor":36,"gold_loss":0},{"damage_healed":0,"gold_gain":0,"player_choice":"Ignored","damage_taken":0,"max_hp_gain":0,"max_hp_loss":0,"event_name":"Mysterious Sphere","floor":37,"gold_loss":0},{"damage_healed":0,"gold_gain":0,"player_choice":"Memory 1","damage_taken":0,"max_hp_gain":0,"max_hp_loss":0,"event_name":"SensoryStone","floor":46,"gold_loss":0}],"is_beta":false,"boss_relics":[{"not_picked":["Cursed Key","ChewingGum"],"picked":"construct:WeddingRing"},{"not_picked":["Philosopher\u0027s Stone","Replay:Grab Bag"],"picked":"expansioncontent:StudyCardRelic"}],"items_purged_floors":[],"is_endless":false,"potions_floor_spawned":[1,2,11,14,16,33,35,47],"killed_by":"Time Eater","ascension_level":1}}