{"host":"1ooxfz79hmpvpehx","time":1612553744,"event":{"mods":["BaseMod","Minty Spire (QoL Compilation)","Quick Restart","Replay The Spire","StSLib","SuperFastMode"],"gold_per_floor":[116,191,191,208,133,168,168,199,280,296,296,44,74,86,86,184,184,201,217,92,92,92,92],"floor_reached":22,"language":"ENG","playtime":723,"items_purged":["Strike_B","Strike_B","Dualcast"],"score":265,"play_id":"b846e858-2532-4674-ad39-7e5a0feeddbb","local_time":"20210205163544","is_ascension_mode":true,"campfire_choices":[{"data":"Redo","floor":7,"key":"SMITH"},{"data":"ReplayGash","floor":11,"key":"SMITH"},{"data":"Pot Of Greed","floor":15,"key":"SMITH"}],"circlet_count":0,"master_deck":["Defend_B","Defend_B","Zap","White Noise","Pot Of Greed+1","Redo+1","ReplayGash","ReplayGash+1","Pot Of Greed","Storm","Reboot","White Noise"],"relics":["Cracked Core","NeowsBlessing","Grinning Jar","Nunchaku","Omamori","Prayer Wheel","Replay:Drink Me","Necronomicon"],"acts_visited":["Exordium","TheCity"],"potions_floor_usage":[4,8,8,13,13,19],"damage_taken":[{"damage":0,"enemies":"2 Louse","floor":1,"turns":1},{"damage":0,"enemies":"Jaw Worm","floor":4,"turns":1},{"damage":0,"enemies":"Gremlin Nob","floor":6,"turns":1},{"damage":0,"enemies":"Replay:BlueRogue","floor":8,"turns":5},{"damage":0,"enemies":"Small Slimes","floor":10,"turns":2},{"damage":9,"enemies":"3 Sentries","floor":13,"turns":4},{"damage":0,"enemies":"2 Fungi Beasts","floor":14,"turns":3},{"damage":29,"enemies":"Fading Forest","floor":16,"turns":11},{"damage":13,"enemies":"Shell Parasite","floor":18,"turns":3},{"damage":10,"enemies":"3 Byrds","floor":19,"turns":2},{"damage":21,"enemies":"Snake Plant","floor":22,"turns":2}],"seed_played":"281969927878858269","potions_obtained":[{"floor":4,"key":"EntropicBrew"},{"floor":10,"key":"Explosive Potion"},{"floor":13,"key":"Swift Potion"}],"is_trial":false,"path_per_floor":["M","?","?","M","$","E","R","E","T","M","R","$","E","M","R","B",null,"M","M","$","?","M"],"character_chosen":"DEFECT","items_purchased":["Omamori"],"campfire_rested":0,"item_purchase_floors":[12],"current_hp_per_floor":[75,64,64,64,64,64,64,64,64,64,64,64,55,55,55,46,57,44,34,34,18,0,0],"gold":92,"neow_bonus":"THREE_ENEMY_KILL","is_daily":false,"chose_seed":false,"campfire_upgraded":3,"win_rate":0.0,"timestamp":1612553744,"path_taken":["M","?","?","M","$","E","R","E","T","M","R","?","E","M","R","BOSS","M","M","$","?","M"],"items_purchased_type":["Relic"],"build_version":"2020-12-22","purchased_purges":3,"victory":false,"max_hp_per_floor":[75,75,75,75,75,75,75,75,75,75,75,75,75,75,75,75,57,57,57,57,57,57,57],"card_choices":[{"not_picked":["Steam","Turbo"],"picked":"White Noise","floor":1},{"not_picked":["Compile Driver","ReplayTheSpireMod:Reroute Power","Stack"],"picked":"SKIP","floor":4},{"not_picked":["Cold Snap","ReplaySort"],"picked":"Redo","floor":6},{"not_picked":["Biased Cognition","Barrage"],"picked":"ReplayGash","floor":8},{"not_picked":["Undo","Rebound"],"picked":"ReplayGash","floor":10},{"not_picked":["Ball Lightning","BasicCrystalCard"],"picked":"Storm","floor":13},{"not_picked":["Ball Lightning","Coolheaded","Reinforced Body"],"picked":"SKIP","floor":14},{"not_picked":["Fusion","BasicCrystalCard","ReplayTheSpireMod:System Scan"],"picked":"SKIP","floor":14},{"not_picked":["Buffer","Seek"],"picked":"Reboot","floor":16},{"not_picked":["Cold Snap","Gash","Leap"],"picked":"SKIP","floor":18},{"not_picked":["Ball Lightning","Sweeping Beam","ReplayTheSpireMod:GoodbyeWorld+1"],"picked":"SKIP","floor":18},{"not_picked":["Reinforced Body","Self Repair"],"picked":"White Noise","floor":19},{"not_picked":["Go for the Eyes+1","Fusion","Leap"],"picked":"SKIP","floor":19}],"player_experience":20477,"relics_obtained":[{"floor":6,"key":"Grinning Jar"},{"floor":8,"key":"Nunchaku"},{"floor":13,"key":"Prayer Wheel"},{"floor":21,"key":"Necronomicon"}],"event_choices":[{"damage_healed":0,"gold_gain":75,"player_choice":"Gather Gold","damage_taken":11,"max_hp_gain":0,"max_hp_loss":0,"event_name":"World of Goop","floor":2,"gold_loss":0},{"damage_healed":0,"gold_gain":0,"player_choice":"Obtained Book","damage_taken":16,"max_hp_gain":0,"max_hp_loss":0,"event_name":"Cursed Tome","floor":21,"gold_loss":0}],"is_beta":false,"boss_relics":[{"not_picked":["Empty Cage","Snecko Eye"],"picked":"Replay:Drink Me"}],"items_purged_floors":[5,12,20],"is_endless":false,"potions_floor_spawned":[4,10,13],"killed_by":"Snake Plant","ascension_level":1}}