{"host":"3xls0xm49ftugio7","time":1612540072,"event":{"mods":["2.2 Compatiblity","AchievementEnabler","Act Like it!","BaseMod","Colored Powertips","GifTheSpireLib","Mimic Mod","Minty Spire (QoL Compilation)","Quick Restart","Relic Stats","Spire Arcade","StSLib","The Sage","Trackpad","Wandering Minibosses","slay the spire mod where everything is the same but ironclad has a cowboy hat"],"gold_per_floor":[182,199,32,32,50,50,65,91,128,142,142,107,121,150,150,245,245,256,256,275,80,80,80,8,40,67,67,81,81,98,108,108,207,207,223,223,271,66,85,85,114,114,139,189,189,189,222,235,235,235],"floor_reached":51,"language":"ENG","playtime":4013,"items_purged":["sagemod:Strike","sagemod:Strike","sagemod:Strike"],"score":758,"play_id":"fd4763aa-336e-4c94-a191-0223938fd571","local_time":"20210205174752","is_ascension_mode":false,"campfire_choices":[{"data":"sagemod:Taste_This_One","floor":6.0,"key":"SMITH"},{"data":"sagemod:Poem","floor":11.0,"key":"SMITH"},{"data":"sagemod:Quackster","floor":15.0,"key":"SMITH"},{"data":"sagemod:On_Fire","floor":23.0,"key":"SMITH"},{"data":"sagemod:How_To_Warm_Elephants","floor":29.0,"key":"SMITH"},{"data":"sagemod:Spoiled_Food","floor":32,"key":"SMITH"},{"data":"sagemod:Light_Weighted","floor":40,"key":"SMITH"},{"data":"sagemod:Study","floor":42,"key":"SMITH"},{"data":"sagemod:How_To_Greet_Byrds","floor":45,"key":"SMITH"},{"data":"sagemod:Escape","floor":49,"key":"SMITH"}],"circlet_count":0,"master_deck":["sagemod:Defend","sagemod:Defend","sagemod:Defend","sagemod:Defend+1","sagemod:Fly","sagemod:Upwards","sagemod:Energetic_Brew","sagemod:Rickety_Defense+1","sagemod:Taste_This_One+1","sagemod:How_To_Warm_Elephants+1","sagemod:About_Clark","sagemod:Poem+1","sagemod:Cane_Strike","sagemod:Catch_Me_If_You_Can","sagemod:Grounded_Strike","sagemod:Spoiled_Food+1","sagemod:Quackster+1","sagemod:On_Fire+1","sagemod:Taste_This_One+1","sagemod:How_To_Befriend_A_Turtle+1","sagemod:Armor_Brew","sagemod:Study+1","sagemod:Tinker+1","sagemod:How_To_Warm_Elephants+1","sagemod:Escape+1","sagemod:Cane_Strike+1","sagemod:Mechanics_Break+1","sagemod:Bouncing_Strike","sagemod:Brewmaster+1","sagemod:How_To_Greet_Byrds+1","sagemod:How_To_Poke_At_Slimes+1","sagemod:How_To_Poke_At_Slimes+1"],"relics":["sagemod:Flying_Carpet","Question Card","Centennial Puzzle","Smiling Mask","trackpad:Trackpad","sagemod:Byrd_Feather","Toy Ornithopter","Art of War","Bronze Scales","Coffee Dripper","Lizard Tail","wanderingMiniBosses:Inkheart","Chemical X","Juzu Bracelet","trackpad:Compendium","Bird Faced Urn","trackpad:WindUpAutoDealer"],"acts_visited":["Exordium","TheCity","TheBeyond"],"potions_floor_usage":[31,31,33,33,33,33,33,33,33,33,35,35,35,35,37,37,37,37,37,37,37,37,37,39,39,41,41,41,41,44,44,44,44,47,47,48,48,50,50,50,50,50],"damage_taken":[{"damage":0.0,"enemies":"2 Louse","floor":1.0,"turns":5.0},{"damage":0.0,"enemies":"Jaw Worm","floor":2.0,"turns":7.0},{"damage":19.0,"enemies":"Small Slimes","floor":5.0,"turns":7.0},{"damage":0.0,"enemies":"Looter","floor":7.0,"turns":3.0},{"damage":0.0,"enemies":"Gremlin Nob","floor":8.0,"turns":3.0},{"damage":0.0,"enemies":"Blue Slaver","floor":9.0,"turns":9.0},{"damage":2.0,"enemies":"Blue Slaver","floor":10.0,"turns":5.0},{"damage":3.0,"enemies":"Large Slime","floor":13.0,"turns":9.0},{"damage":4.0,"enemies":"Lagavulin","floor":14.0,"turns":6.0},{"damage":13.0,"enemies":"The Guardian","floor":16.0,"turns":13.0},{"damage":0.0,"enemies":"Shell Parasite","floor":18.0,"turns":4.0},{"damage":5.0,"enemies":"2 Thieves","floor":20.0,"turns":6.0},{"damage":9.0,"enemies":"Slavers","floor":25.0,"turns":7.0},{"damage":0.0,"enemies":"Cultist and Chosen","floor":28.0,"turns":5.0},{"damage":2.0,"enemies":"Snecko","floor":30.0,"turns":6.0},{"damage":0,"enemies":"Shelled Parasite and Fungi","floor":31,"turns":6},{"damage":7,"enemies":"Collector","floor":33,"turns":10},{"damage":0,"enemies":"3 Darklings","floor":35,"turns":5},{"damage":5,"enemies":"2 Orb Walkers","floor":37,"turns":6},{"damage":0,"enemies":"Orb Walker","floor":39,"turns":4},{"damage":0,"enemies":"Reptomancer","floor":41,"turns":4},{"damage":0,"enemies":"Mind Bloom Boss Battle","floor":44,"turns":5},{"damage":3,"enemies":"Nemesis","floor":47,"turns":3},{"damage":0,"enemies":"Writhing Mass","floor":48,"turns":5},{"damage":3,"enemies":"Donu and Deca","floor":50,"turns":4}],"seed_played":"6680662597917007753","potions_obtained":[{"floor":5.0,"key":"sagemod:Fata_Morgana"},{"floor":7.0,"key":"Fire Potion"},{"floor":8.0,"key":"Dexterity Potion"},{"floor":9.0,"key":"Explosive Potion"},{"floor":13.0,"key":"Explosive Potion"},{"floor":13.0,"key":"SpeedPotion"},{"floor":14.0,"key":"Energy Potion"},{"floor":14.0,"key":"Explosive Potion"},{"floor":16.0,"key":"Explosive Potion"},{"floor":16.0,"key":"Explosive Potion"},{"floor":16.0,"key":"Explosive Potion"},{"floor":16.0,"key":"PowerPotion"},{"floor":18.0,"key":"Fire Potion"},{"floor":18.0,"key":"Explosive Potion"},{"floor":18.0,"key":"Fire Potion"},{"floor":25.0,"key":"Explosive Potion"},{"floor":25.0,"key":"Swift Potion"},{"floor":30.0,"key":"Fire Potion"},{"floor":30.0,"key":"Energy Potion"},{"floor":30.0,"key":"Explosive Potion"},{"floor":30.0,"key":"Explosive Potion"},{"floor":33,"key":"Explosive Potion"},{"floor":33,"key":"SneckoOil"},{"floor":33,"key":"Explosive Potion"},{"floor":33,"key":"Explosive Potion"},{"floor":33,"key":"Explosive Potion"},{"floor":33,"key":"CultistPotion"},{"floor":33,"key":"Block Potion"},{"floor":35,"key":"Fire Potion"},{"floor":35,"key":"Fire Potion"},{"floor":35,"key":"PowerPotion"},{"floor":37,"key":"Explosive Potion"},{"floor":39,"key":"Explosive Potion"},{"floor":39,"key":"Explosive Potion"},{"floor":41,"key":"Fire Potion"},{"floor":44,"key":"Explosive Potion"},{"floor":44,"key":"Fire Potion"},{"floor":44,"key":"Explosive Potion"},{"floor":47,"key":"Fire Potion"},{"floor":47,"key":"Explosive Potion"},{"floor":47,"key":"Fire Potion"},{"floor":48,"key":"Explosive Potion"},{"floor":50,"key":"Fire Potion"}],"is_trial":false,"path_per_floor":["M","M","$","?","M","R","M","E","MIM","M","R","?","M","E","R","B",null,"M","?","M","$","?","R","$","E","T","?","M","R","M","M","R","B",null,"M","?","?","$","M","R","E","R","T","?","R","?","E","M","R","B",null],"character_chosen":"THE_SAGE","items_purchased":["sagemod:Taste_This_One","sagemod:How_To_Warm_Elephants","Toy Ornithopter","Block Potion","Chemical X"],"campfire_rested":0,"item_purchase_floors":[3,3,21,24,38],"current_hp_per_floor":[55,55,55,44,25,25,25,25,25,23,23,36,33,29,29,16,55,55,38,33,33,33,33,33,24,24,24,24,24,27,27,27,30,38,38,38,38,38,38,38,38,38,38,38,38,48,48,58,58,57],"gold":235,"neow_bonus":"TEN_PERCENT_HP_BONUS","is_daily":false,"chose_seed":false,"campfire_upgraded":10,"win_rate":0.0,"timestamp":1612540072,"path_taken":["M","M","$","?","M","R","M","E","MIM","M","R","?","?","E","R","BOSS","M","?","M","$","?","R","?","E","T","?","?","R","M","M","R","BOSS","M","?","?","?","?","R","E","R","T","?","R","?","E","M","R","BOSS"],"items_purchased_type":["Card","Card","Relic","Potion","Relic"],"build_version":"2020-12-22","purchased_purges":3,"victory":true,"max_hp_per_floor":[55,55,55,55,55,55,55,55,55,55,55,55,55,55,55,55,55,55,38,38,38,38,38,38,38,38,38,38,38,38,38,38,38,38,38,38,38,38,38,38,38,38,38,38,38,48,48,58,58,58],"relic_stats":{"Centennial Puzzle":[33],"Lizard Tail":0,"counters":[25,147],"Bronze Scales":[172],"Bird Faced Urn":[2],"Art of War":[29],"Juzu Bracelet":0,"Chemical X":[25],"Question Card":59,"Smiling Mask":125,"obtain_stats":[{"trackpad:Trackpad":17,"Juzu Bracelet":41,"sagemod:Flying_Carpet":0,"Question Card":8,"Smiling Mask":14,"Centennial Puzzle":9,"Lizard Tail":37,"Bronze Scales":26,"Bird Faced Urn":44,"sagemod:Byrd_Feather":19,"trackpad:Compendium":43,"Art of War":25,"Coffee Dripper":34,"Chemical X":38,"trackpad:WindUpAutoDealer":47,"Toy Ornithopter":21,"wanderingMiniBosses:Inkheart":37},{"trackpad:Trackpad":10,"Juzu Bracelet":21,"sagemod:Flying_Carpet":0,"Question Card":5,"Smiling Mask":9,"Centennial Puzzle":6,"Lizard Tail":19,"Bronze Scales":13,"Bird Faced Urn":22,"sagemod:Byrd_Feather":11,"trackpad:Compendium":21,"Art of War":13,"Coffee Dripper":17,"Chemical X":19,"trackpad:WindUpAutoDealer":23,"Toy Ornithopter":12,"wanderingMiniBosses:Inkheart":19},{"trackpad:Trackpad":67,"Juzu Bracelet":130,"sagemod:Flying_Carpet":0,"Question Card":25,"Smiling Mask":54,"Centennial Puzzle":34,"Lizard Tail":122,"Bronze Scales":84,"Bird Faced Urn":135,"sagemod:Byrd_Feather":71,"trackpad:Compendium":130,"Art of War":84,"Coffee Dripper":111,"Chemical X":122,"trackpad:WindUpAutoDealer":138,"Toy Ornithopter":77,"wanderingMiniBosses:Inkheart":122}],"Toy Ornithopter":0},"card_choices":[{"not_picked":["sagemod:How_To_Charm_A_Sentry","sagemod:Potion_Trance"],"picked":"sagemod:Energetic_Brew","floor":1.0},{"not_picked":["sagemod:Ambition","sagemod:Poem"],"picked":"sagemod:Rickety_Defense","floor":2.0},{"not_picked":["sagemod:Pincer_Attack","sagemod:Grounded_Strike"],"picked":"sagemod:About_Clark","floor":5.0},{"not_picked":["sagemod:On_The_Head","sagemod:How_To_Charm_A_Sentry"],"picked":"sagemod:Poem","floor":7.0},{"not_picked":["sagemod:How_To_Poke_At_Slimes","sagemod:How_To_Warm_Elephants"],"picked":"sagemod:Cane_Strike","floor":8.0},{"not_picked":["sagemod:Let_It_Go","sagemod:Spoon_Strike","sagemod:Crank"],"picked":"sagemod:Catch_Me_If_You_Can","floor":9.0},{"not_picked":["sagemod:Pincer_Repair","sagemod:How_To_Poke_At_Slimes","sagemod:Step_Back"],"picked":"sagemod:Grounded_Strike","floor":10.0},{"not_picked":["sagemod:Pincer_Attack","sagemod:About_Clark","sagemod:Cane_Strike"],"picked":"sagemod:Spoiled_Food","floor":13.0},{"not_picked":["sagemod:How_To_Befriend_A_Turtle","sagemod:Study","sagemod:Grounded_Strike"],"picked":"sagemod:Quackster","floor":14.0},{"not_picked":["sagemod:Escape","sagemod:Vigorous_Body","sagemod:Swoop_Down"],"picked":"sagemod:On_Fire","floor":16.0},{"not_picked":["sagemod:How_To_Befriend_A_Turtle","sagemod:Grounded_Strike","sagemod:How_To_Poke_At_Slimes"],"picked":"sagemod:Taste_This_One+1","floor":18.0},{"not_picked":["sagemod:Armor_Brew","sagemod:Crank","sagemod:Step_Back"],"picked":"sagemod:How_To_Befriend_A_Turtle+1","floor":20.0},{"not_picked":["sagemod:Salty_Strike","sagemod:Slalom+1","sagemod:Lunchtime"],"picked":"sagemod:Armor_Brew","floor":25.0},{"not_picked":["sagemod:How_To_Poke_At_Slimes","sagemod:Cane_Strike+1","sagemod:Undermine"],"picked":"sagemod:Study","floor":28.0},{"not_picked":["sagemod:Rickety_Defense","sagemod:Energetic_Brew+1","sagemod:Cane_Strike"],"picked":"sagemod:Tinker+1","floor":30.0},{"not_picked":["sagemod:How_To_Befriend_A_Turtle","sagemod:How_To_Poke_At_Slimes","sagemod:Turn_Around"],"picked":"sagemod:How_To_Warm_Elephants+1","floor":31},{"not_picked":["sagemod:Swoop_Down","sagemod:Meditation","sagemod:Blurry"],"picked":"sagemod:Escape","floor":33},{"not_picked":["sagemod:About_Clark","sagemod:How_To_Warm_Elephants","sagemod:Slalom+1"],"picked":"sagemod:Cane_Strike+1","floor":35},{"not_picked":["sagemod:Spoiled_Food","sagemod:Turn_Around","sagemod:Cane_Strike"],"picked":"sagemod:Mechanics_Break+1","floor":37},{"not_picked":["sagemod:Catch_Me_If_You_Can","sagemod:Step_Back+1","sagemod:About_Clark+1"],"picked":"sagemod:Bouncing_Strike","floor":39},{"not_picked":["sagemod:How_To_Poke_At_Slimes+1","sagemod:Grounded_Strike","sagemod:Ambition"],"picked":"sagemod:Brewmaster+1","floor":41},{"not_picked":["sagemod:Rickety_Defense+1","sagemod:Taste_This_One+1","sagemod:Fire_Brew"],"picked":"sagemod:How_To_Greet_Byrds","floor":44},{"not_picked":["sagemod:Grounded_Strike","sagemod:Pincer_Repair","sagemod:Lecture"],"picked":"sagemod:How_To_Poke_At_Slimes+1","floor":47},{"not_picked":["sagemod:Tinker+1","sagemod:Light_Weighted","sagemod:Crank"],"picked":"sagemod:How_To_Poke_At_Slimes+1","floor":48}],"player_experience":743001,"relics_obtained":[{"floor":8.0,"key":"Question Card"},{"floor":9.0,"key":"Centennial Puzzle"},{"floor":14.0,"key":"Smiling Mask"},{"floor":25.0,"key":"Art of War"},{"floor":26.0,"key":"Bronze Scales"},{"floor":37,"key":"Lizard Tail"},{"floor":37,"key":"wanderingMiniBosses:Inkheart"},{"floor":41,"key":"Juzu Bracelet"},{"floor":43,"key":"trackpad:Compendium"},{"floor":44,"key":"Bird Faced Urn"},{"floor":47,"key":"trackpad:WindUpAutoDealer"}],"event_choices":[{"damage_healed":0.0,"max_hp_gain":0.0,"max_hp_loss":0.0,"gold_gain":0.0,"event_name":"Shining Light","player_choice":"Entered Light","floor":4.0,"gold_loss":0.0,"damage_taken":11.0,"cards_upgraded":["sagemod:Defend","sagemod:Rickety_Defense"]},{"damage_healed":13.0,"max_hp_gain":0.0,"max_hp_loss":0.0,"gold_gain":0.0,"event_name":"The Cleric","player_choice":"Healed","floor":12.0,"gold_loss":35.0,"damage_taken":0.0},{"damage_healed":0.0,"max_hp_gain":0.0,"max_hp_loss":0.0,"gold_gain":0.0,"event_name":"Ghosts","player_choice":"Ignored","floor":22.0,"gold_loss":0.0,"damage_taken":0.0},{"damage_healed":0.0,"max_hp_gain":0.0,"max_hp_loss":0.0,"gold_gain":0.0,"cards_transformed":["sagemod:Strike"],"event_name":"Transmorgrifier","player_choice":"Transformed","floor":27.0,"gold_loss":0.0,"damage_taken":0.0,"cards_obtained":["sagemod:Light_Weighted"]},{"damage_healed":0,"gold_gain":0,"player_choice":"Ignored","damage_taken":0,"max_hp_gain":0,"max_hp_loss":0,"event_name":"Tomb of Lord Red Mask","floor":36,"gold_loss":0},{"damage_healed":0,"gold_gain":0,"player_choice":"Fight","damage_taken":0,"max_hp_gain":0,"max_hp_loss":0,"event_name":"Mysterious Sphere","floor":37,"gold_loss":0},{"damage_healed":0,"gold_gain":0,"player_choice":"Fight","damage_taken":0,"max_hp_gain":0,"max_hp_loss":0,"event_name":"MindBloom","floor":44,"gold_loss":0},{"cards_removed":["sagemod:Light_Weighted"],"damage_healed":0,"gold_gain":0,"player_choice":"Offered Rare","damage_taken":0,"max_hp_gain":10,"max_hp_loss":0,"event_name":"Bonfire Elementals","floor":46,"gold_loss":0}],"is_beta":false,"boss_relics":[{"not_picked":["Busted Crown","Tiny House"],"picked":"trackpad:Trackpad"},{"not_picked":["Philosopher\u0027s Stone","Empty Cage"],"picked":"Coffee Dripper"}],"items_purged_floors":[3,21,38],"is_endless":false,"potions_floor_spawned":[5,7,8,13,30,31,33,35,37,47],"ascension_level":0}}