{"host":"59jh88lrys5rvd4j","time":1612502302,"event":{"mods":["2.2 Compatiblity","Aspiration","BaseMod","Conspire","Defuse TimeMaze Blight","Energized Spire","FutureSeer","GifTheSpireLib","Halation","Hubris","Infinite Spire","Magitek Elite","Minty Spire (QoL Compilation)","Reliquary","Remove Card Discount Mod","StSLib","Stuff the Spire","The Mystic","The Necromancer","The Runesmith","The Wild Card","The_Crusader"],"gold_per_floor":[109,109,109,109,123,154,166,166,191,191,61,61,87,107,107,206,206,216,216,216,23,54,54,54,54,74,85,85,85],"floor_reached":31,"language":"ENG","playtime":1864,"items_purged":["theFirst:Purge","theFirst:TheCrusaderDefend","theFirst:TheCrusaderStrike","theFirst:TheCrusaderStrike","theFirst:TheCrusaderDefend","theFirst:TheCrusaderStrike","theFirst:TheCrusaderStrike","theFirst:TheCrusaderDefend","theFirst:TheCrusaderDefend+1"],"score":259,"play_id":"fd638e3b-a3f2-4414-8f95-780319bf6b65","local_time":"20210205001822","daily_mods":["Heirloom","Time Dilation","Flight"],"is_ascension_mode":false,"campfire_choices":[{"floor":8,"key":"REST"},{"floor":10,"key":"REST"},{"floor":15,"key":"REST"},{"floor":25,"key":"REST"},{"floor":27,"key":"REST"}],"circlet_count":0,"master_deck":["theFirst:Bless+1","theFirst:UnleashDivinity","theFirst:Bash","theFirst:BlessingOfWisdom","theFirst:Rampage","theFirst:BlessingOfSanctity","theFirst:DivineStrike","Injury","theFirst:Mirage","theFirst:ManaTap","theFirst:BlessingOfMight+1","CurseOfTheBell","theFirst:BlessingOfStolidity+1","StuffTheSpire:PestControl","theFirst:DefaultCommonAttack","theFirst:Conservation","theFirst:BlessingOfGrace+1","theFirst:SwordOfLight"],"relics":["theFirst:CrusaderStarterRelic","StuffTheSpire:Expresso","halation:PinkSoulGem","reliquary:BoilingFlask","Akabeko","Runesmith:AutoHammer","Frozen Egg 2","TungstenRod","Calling Bell","reliquary:RosewoodLute","aspiration:SeaSaltIceCream","aspiration:EnhancedActuators","hubris:Teleporter","StuffTheSpire:Gunfinga"],"acts_visited":["Exordium","TheCity"],"potions_floor_usage":[23,23,23,31,31],"damage_taken":[{"damage":0,"enemies":"Small Slimes","floor":1,"turns":3},{"damage":4,"enemies":"conspire:RoseBush","floor":5,"turns":2},{"damage":35,"enemies":"3 Sentries","floor":6,"turns":11},{"damage":5,"enemies":"infinitespire:Voidling","floor":7,"turns":3},{"damage":5,"enemies":"Lagavulin","floor":13,"turns":5},{"damage":4,"enemies":"conspire:2 RoseBushes","floor":14,"turns":3},{"damage":39,"enemies":"The Guardian","floor":16,"turns":8},{"damage":25,"enemies":"Spheric Guardian","floor":18,"turns":4},{"damage":18,"enemies":"conspire:Head Lice","floor":23,"turns":6},{"damage":25,"enemies":"2 Thieves","floor":29,"turns":3},{"damage":25,"enemies":"Centurion and Healer","floor":30,"turns":5},{"damage":22,"enemies":"Nightmare","floor":31,"turns":5}],"seed_played":"1111650966998769132","potions_obtained":[{"floor":1,"key":"Regen Potion"},{"floor":6,"key":"Strength Potion"},{"floor":13,"key":"Ancient Potion"},{"floor":14,"key":"LiquidBronze"},{"floor":16,"key":"LiquidBronze"},{"floor":23,"key":"EssenceOfSteel"},{"floor":29,"key":"Strength Potion"}],"is_trial":true,"path_per_floor":["M","?","?","?","M","E","M","R","T","R","$","?","E","M","R","B",null,"M","?","?","$","E","R","T","R","M","M","NM"],"character_chosen":"THE_DEFAULT","items_purchased":["theFirst:BlessingOfSanctity","theFirst:DivineStrike","theFirst:Conservation","theFirst:BlessingOfGrace+1"],"campfire_rested":5,"item_purchase_floors":[11,11,22,22],"current_hp_per_floor":[75,60,60,60,56,21,16,38,38,60,60,60,56,55,75,37,75,50,33,33,33,21,43,43,65,41,17,0,0],"gold":85,"neow_bonus":"","is_daily":false,"chose_seed":false,"campfire_upgraded":0,"win_rate":0.0,"timestamp":1612502302,"path_taken":["M","?","?","?","?","E","M","R","T","R","$","?","E","M","R","BOSS","M","?","?","$","E","R","T","R","?","M","NM"],"items_purchased_type":["Card","Card","Card","Card"],"build_version":"2020-12-22","purchased_purges":9,"victory":false,"max_hp_per_floor":[75,75,75,75,75,75,75,75,75,75,75,75,75,75,75,75,75,75,75,75,75,75,75,75,75,75,75,75,75],"card_choices":[{"not_picked":["theFirst:ToxicStrike","theFirst:ContainDivinity"],"picked":"theFirst:Purge","floor":1},{"not_picked":["theFirst:DivineJudgement","theFirst:UnyieldingResolve"],"picked":"theFirst:Bash","floor":5},{"not_picked":["theFirst:Repudiate","theFirst:Disavow"],"picked":"theFirst:BlessingOfWisdom","floor":6},{"not_picked":["theFirst:CorrodingStab","theFirst:Repudiate"],"picked":"theFirst:Rampage","floor":7},{"not_picked":["theFirst:FalsePrayer","theFirst:BlessingOfWisdom+1"],"picked":"theFirst:Mirage","floor":13},{"not_picked":["theFirst:DivineJudgement","theFirst:Enfeeble"],"picked":"theFirst:ManaTap","floor":14},{"not_picked":["theFirst:SublimeIntimidation","theFirst:Excalibur"],"picked":"theFirst:BlessingOfMight+1","floor":16},{"not_picked":["theFirst:SpreadDivinity","theFirst:Mirage"],"picked":"theFirst:BlessingOfStolidity+1","floor":18},{"not_picked":["theFirst:CorrodingStab","theFirst:CarelessRetreat"],"picked":"theFirst:SwordOfLight","floor":23},{"not_picked":["theFirst:MulishSacrifice","theFirst:UnleashDivinity","theFirst:FortressEscape"],"picked":"SKIP","floor":29},{"not_picked":["theFirst:BlessingOfStolidity+1","theFirst:UnyieldingResolve+1","theFirst:Excalibur"],"picked":"SKIP","floor":30}],"player_experience":497808,"relics_obtained":[{"floor":4,"key":"reliquary:BoilingFlask"},{"floor":6,"key":"Akabeko"},{"floor":9,"key":"Runesmith:AutoHammer"},{"floor":13,"key":"TungstenRod"},{"floor":17,"key":"reliquary:RosewoodLute"},{"floor":17,"key":"aspiration:SeaSaltIceCream"},{"floor":17,"key":"hubris:Teleporter"},{"floor":26,"key":"StuffTheSpire:Gunfinga"}],"event_choices":[{"damage_healed":0,"gold_gain":0,"player_choice":"Entered Light","damage_taken":15,"max_hp_gain":0,"max_hp_loss":0,"event_name":"Shining Light","floor":2,"gold_loss":0,"cards_upgraded":["theFirst:Bless","theFirst:TheCrusaderDefend"]},{"damage_healed":0,"gold_gain":0,"player_choice":"Relic","damage_taken":0,"max_hp_gain":0,"max_hp_loss":0,"event_name":"Wheel of Change","floor":4,"gold_loss":0},{"damage_healed":0,"gold_gain":0,"player_choice":"1 cards matched","damage_taken":0,"max_hp_gain":0,"max_hp_loss":0,"event_name":"Match and Keep!","floor":21,"gold_loss":0,"cards_obtained":["theFirst:DefaultCommonAttack"]}],"is_beta":false,"boss_relics":[{"not_picked":["halation:MonkeysPaw","energizedSpire:CursedPentagram"],"picked":"Calling Bell"}],"items_purged_floors":[11,11,11,11,11,22,22,22,22],"is_endless":false,"potions_floor_spawned":[1,6,13,14,16,18,23,29],"killed_by":"Nightmare","ascension_level":0}}