{"host":"fhwr1fuluf6086fh","time":1612503193,"event":{"mods":["2.2 Compatiblity","Act Like it!","BaseMod","Colored Map","Elementarium","Hermit","Minty Spire (QoL Compilation)","Robot Space Explorer","StSLib","The Blue Laboratory","The Caster","The Dragon Tamer","The Elementalist","The Hierophant","TheSurvivalist"],"gold_per_floor":[110,121,141,44,64,99,113,113,139,169,169,184,203,203,203,306,306,326,326,36,36,52,87,87,119,167,179,192,192,225,241,241,340,340,353,353,372,372,372,407,407,407],"floor_reached":41,"language":"ENG","playtime":6162,"items_purged":["elementalist:Strike+Elemblue"],"score":593,"play_id":"fb4b134e-b82e-4662-b8d4-9effc9998f5f","local_time":"20210205003313","is_ascension_mode":false,"campfire_choices":[{"data":"elementalist:Flame","floor":8,"key":"SMITH"},{"floor":15,"key":"REST"},{"floor":24,"key":"REST"},{"data":"elementalist:Fire_Emblem","floor":29,"key":"SMITH"},{"data":"elementalist:Flame","floor":32,"key":"SMITH"}],"circlet_count":0,"master_deck":["elementalist:Fire_Emblem+1","elementalist:Defend_Elemblue","elementalist:Defend_Elemblue","elementalist:Defend_Elemblue","elementalist:Defend_Elemblue","elementalist:Firestrike+1","elementalist:Earthstrike","elementalist:Waterstrike+1","elementalist:Airstrike","elementalist:Crystal_Chalk+1","elementalist:Spout","elementalist:Mist+1","elementalist:Flame+1","elementalist:Confluence","elementalist:Caution","elementalist:Emberveil","elementalist:Caution","elementalist:Emberveil","elementalist:Caution","elementalist:Flame","elementalist:Rising_Tides","elementalist:Flame","elementalist:Astral_Form+1","elementalist:Magma_Shot","elementalist:Spout","elementalist:Magma_Shot","elementalist:Flame+1","elementalist:Emberveil","elementalist:Emberveil+1","elementalist:Momentum+1","elementalist:Solar_Form+1","elementalist:Kiln","elementalist:Momentum","elementalist:Astral_Form+1","elementalist:Kiln","elementalist:Prepared_Sand","elementalist:Vaccuum","elementalist:Fission_Lance"],"relics":["elementalistmod:MagusStaff","elementalistmod:RedRibbon","Calipers","Whetstone","Nunchaku","Frozen Egg 2","Sozu","Shuriken","elementalistmod:RedRibbon","Ancient Tea Set","Eternal Feather","Toy Ornithopter","White Beast Statue","Cursed Key","elementalistmod:BlueRibbon","Prayer Wheel","Pantograph"],"acts_visited":["Exordium","TheCity","TheBeyond"],"potions_floor_usage":[10,23,33],"damage_taken":[{"damage":0,"enemies":"Cultist","floor":1,"turns":5},{"damage":0,"enemies":"Small Slimes","floor":2,"turns":2},{"damage":1,"enemies":"2 Louse","floor":3,"turns":3},{"damage":0,"enemies":"Blue Slaver","floor":5,"turns":5},{"damage":15,"enemies":"Lagavulin","floor":6,"turns":15},{"damage":11,"enemies":"Gremlin Gang","floor":7,"turns":7},{"damage":22,"enemies":"Gremlin Nob","floor":10,"turns":6},{"damage":0,"enemies":"2 Fungi Beasts","floor":12,"turns":6},{"damage":3,"enemies":"Lots of Slimes","floor":13,"turns":4},{"damage":14,"enemies":"Hexaghost","floor":16,"turns":13},{"damage":24,"enemies":"Spheric Guardian","floor":18,"turns":6},{"damage":3,"enemies":"Shell Parasite","floor":22,"turns":5},{"damage":6,"enemies":"Slavers","floor":23,"turns":8},{"damage":0,"enemies":"Gremlin Leader","floor":25,"turns":8},{"damage":5,"enemies":"Snake Plant","floor":27,"turns":6},{"damage":7,"enemies":"Centurion and Healer","floor":28,"turns":7},{"damage":20,"enemies":"Slavers","floor":30,"turns":8},{"damage":4,"enemies":"3 Cultists","floor":31,"turns":8},{"damage":13,"enemies":"Automaton","floor":33,"turns":12},{"damage":2,"enemies":"Orb Walker","floor":35,"turns":7},{"damage":2,"enemies":"3 Shapes","floor":37,"turns":4},{"damage":51,"enemies":"Reptomancer","floor":40,"turns":12},{"damage":22,"enemies":"3 Darklings","floor":41,"turns":2}],"seed_played":"9002433327917954230","potions_obtained":[{"floor":5,"key":"blueLaboratory:SavagePotion"},{"floor":6,"key":"blueLaboratory:HorrorPotion"},{"floor":7,"key":"blueLaboratory:EnragingPotion"},{"floor":10,"key":"SpeedPotion"}],"is_trial":false,"path_per_floor":["M","M","M","$","M","E","M","R","T","E","T","M","M","?","R","B",null,"M","?","$","?","M","E","R","E","T","M","M","R","E","M","R","B",null,"M","?","M","?","?","E","M"],"character_chosen":"THE_ELEMENTALIST","items_purchased":["elementalist:Confluence","Shuriken","elementalist:Spout"],"campfire_rested":2,"item_purchase_floors":[4,20,20],"current_hp_per_floor":[77,77,76,76,76,61,50,50,50,28,28,28,25,10,33,19,77,53,47,47,47,44,38,61,61,61,56,49,67,47,43,61,53,77,75,75,73,73,73,22,0,0],"gold":407,"neow_bonus":"TEN_PERCENT_HP_BONUS","is_daily":false,"chose_seed":false,"campfire_upgraded":3,"win_rate":0.0,"timestamp":1612503193,"path_taken":["M","M","M","$","M","E","M","R","T","E","?","M","M","?","R","BOSS","M","?","$","?","M","E","R","E","T","M","M","R","E","?","R","BOSS","M","?","?","?","?","E","?"],"items_purchased_type":["Card","Relic","Card"],"build_version":"2020-12-22","purchased_purges":1,"victory":false,"max_hp_per_floor":[77,77,77,77,77,77,77,77,77,77,77,77,77,77,77,77,77,77,77,77,77,77,77,77,77,77,77,77,77,77,77,77,77,77,77,77,77,77,77,77,77,77],"card_choices":[{"not_picked":["elementalist:Momentum","elementalist:Stone_to_Mud"],"picked":"elementalist:Spout","floor":1},{"not_picked":["elementalist:Monument","elementalist:Caution"],"picked":"elementalist:Mist","floor":2},{"not_picked":["elementalist:Geomancy","elementalist:Pressurize"],"picked":"elementalist:Flame","floor":3},{"not_picked":["elementalist:Quake","elementalist:Blaze"],"picked":"elementalist:Caution","floor":5},{"not_picked":["elementalist:Astral_Form","elementalist:Pressurize"],"picked":"elementalist:Emberveil","floor":6},{"not_picked":["elementalist:Monument","elementalist:Cyclone"],"picked":"elementalist:Caution","floor":7},{"not_picked":["elementalist:Mage_Hand","elementalist:Stone_to_Mud"],"picked":"elementalist:Caution","floor":10},{"not_picked":["elementalist:Cauterize","elementalist:Aetheric_Shield+1"],"picked":"elementalist:Flame","floor":12},{"not_picked":["elementalist:Blaze","elementalist:Fission_Lance"],"picked":"elementalist:Rising_Tides","floor":13},{"not_picked":["elementalist:Refract","elementalist:Rising_Vapors"],"picked":"elementalist:Astral_Form+1","floor":16},{"not_picked":["elementalist:Monument","elementalist:Undertow+1"],"picked":"elementalist:Magma_Shot","floor":18},{"not_picked":["elementalist:Monument+1","elementalist:Etherstrike+1"],"picked":"elementalist:Magma_Shot","floor":22},{"not_picked":["elementalist:Emberveil","elementalist:Etherstrike"],"picked":"elementalist:Flame","floor":23},{"not_picked":["elementalist:Erosion","elementalist:Fission_Lance"],"picked":"elementalist:Emberveil","floor":25},{"not_picked":["elementalist:Fission_Lance","elementalist:Overheat"],"picked":"elementalist:Emberveil+1","floor":27},{"not_picked":["elementalist:Fission_Lance","elementalist:Rising_Tides"],"picked":"elementalist:Momentum+1","floor":28},{"not_picked":["elementalist:Overheat","elementalist:Momentum"],"picked":"elementalist:Kiln","floor":30},{"not_picked":["elementalist:Stone_to_Mud","elementalist:Overheat"],"picked":"elementalist:Momentum","floor":31},{"not_picked":["elementalist:Tsunami+1","elementalist:Ferruchemy"],"picked":"elementalist:Kiln","floor":33},{"not_picked":["elementalist:Mist","elementalist:Emberveil"],"picked":"elementalist:Prepared_Sand","floor":35},{"not_picked":["elementalist:Etherstrike","elementalist:Ferruchemy"],"picked":"elementalist:Vaccuum","floor":37},{"not_picked":["elementalist:Solar_Form+1","elementalist:Rising_Tides+1"],"picked":"elementalist:Fission_Lance","floor":40}],"player_experience":1156039,"relics_obtained":[{"floor":6,"key":"Calipers"},{"floor":9,"key":"Whetstone"},{"floor":10,"key":"Nunchaku"},{"floor":11,"key":"Frozen Egg 2"},{"floor":23,"key":"Ancient Tea Set"},{"floor":25,"key":"Eternal Feather"},{"floor":26,"key":"Toy Ornithopter"},{"floor":30,"key":"White Beast Statue"},{"floor":40,"key":"Pantograph"}],"event_choices":[{"damage_healed":0,"gold_gain":0,"player_choice":"Entered Light","damage_taken":15,"max_hp_gain":0,"max_hp_loss":0,"event_name":"Shining Light","floor":14,"gold_loss":0,"cards_upgraded":["elementalist:Crystal_Chalk","elementalist:Mist"]},{"damage_healed":0,"gold_gain":0,"player_choice":"","damage_taken":6,"max_hp_gain":0,"max_hp_loss":0,"event_name":"Knowing Skull","floor":19,"potions_obtained":[],"gold_loss":0,"cards_obtained":[]},{"cards_removed":["elementalist:Defend_Elemblue"],"damage_healed":0,"gold_gain":0,"player_choice":"Purged","damage_taken":0,"max_hp_gain":0,"max_hp_loss":0,"event_name":"Purifier","floor":36,"gold_loss":0},{"damage_healed":0,"gold_gain":0,"player_choice":"Gave Potion","damage_taken":0,"relics_obtained":["Prayer Wheel"],"max_hp_gain":0,"max_hp_loss":0,"event_name":"WeMeetAgain","floor":39,"gold_loss":0}],"is_beta":false,"boss_relics":[{"not_picked":["Philosopher\u0027s Stone","Tiny House"],"picked":"Sozu"},{"not_picked":["Black Star","Velvet Choker"],"picked":"Cursed Key"}],"items_purged_floors":[4],"is_endless":false,"potions_floor_spawned":[5,6,7,10,12,18,23,27,31,33,35,37,40],"killed_by":"3 Darklings","ascension_level":0}}