{"host":"75zx7uhsgygk98v8","time":1612558623,"event":{"mods":["BaseMod","Colored Map","Colored Powertips","Downfall","Googly Eyes","Highlight Path","Minty Spire (QoL Compilation)","StSLib"],"gold_per_floor":[99,109,109,124,141,159,159,170,205,205,205,222,248,267,284,284,284,284],"floor_reached":16,"language":"ENG","playtime":656,"items_purged":[],"score":116,"play_id":"db1df690-5c0e-4281-a1ab-c0bd7c9b32bf","local_time":"20210205145703","is_ascension_mode":false,"campfire_choices":[{"floor":1,"key":"RECALL"}],"circlet_count":0,"master_deck":["bronze:Strike","bronze:Strike","bronze:Strike","bronze:Strike","bronze:Defend","bronze:Defend","bronze:Defend","bronze:Defend","bronze:Replicate","bronze:Goto","bronze:WhirlingStrike","bronze:DelayedGuard","bronze:WhirlingStrike","bronze:Terminator","bronze:ClassDefault","bronze:DarkDash","bronze:HardenedForm","bronze:ForceShield","bronze:Shell"],"relics":["Runic Dome","downfall:ShatteredFragment","Mango","Gremlin Horn"],"acts_visited":["Exordium"],"potions_floor_usage":[13],"damage_taken":[{"damage":0,"enemies":"Small Slimes","floor":2,"turns":3},{"damage":1,"enemies":"Jaw Worm","floor":4,"turns":3},{"damage":0,"enemies":"Cultist","floor":5,"turns":3},{"damage":3,"enemies":"Red Slaver","floor":6,"turns":3},{"damage":0,"enemies":"Large Slime","floor":8,"turns":4},{"damage":22,"enemies":"Gremlin Nob","floor":9,"turns":4},{"damage":7,"enemies":"Exordium Wildlife","floor":12,"turns":2},{"damage":9,"enemies":"3 Sentries","floor":13,"turns":4},{"damage":0,"enemies":"3 Louse","floor":14,"turns":2},{"damage":13,"enemies":"Red Slaver","floor":15,"turns":2},{"damage":11,"enemies":"DF_ARCHETYPE_STREAMLINE","floor":16,"turns":3}],"seed_played":"-2304807828908208426","potions_obtained":[{"floor":8,"key":"Ancient Potion"},{"floor":9,"key":"Weak Potion"},{"floor":12,"key":"Explosive Potion"},{"floor":14,"key":"Strength Potion"}],"is_trial":false,"path_per_floor":["R","M","?","M","M","M","T","M","E","?","?","M","E","M","M","B"],"character_chosen":"THE_AUTOMATON","items_purchased":[],"campfire_rested":0,"item_purchase_floors":[],"current_hp_per_floor":[70,70,49,48,48,45,45,45,37,37,37,30,21,21,8,0,0,0],"gold":284,"neow_bonus":"BOSS_RELIC","is_daily":false,"chose_seed":false,"campfire_upgraded":0,"win_rate":0.0,"timestamp":1612558623,"path_taken":["R","M","?","M","M","M","T","M","E","?","?","M","E","M","M","BOSS"],"items_purchased_type":[],"build_version":"2020-12-22","purchased_purges":0,"victory":false,"max_hp_per_floor":[70,70,70,70,70,70,70,70,84,84,84,84,84,84,84,84,84,84],"card_choices":[{"not_picked":["bronze:BuggyMess","bronze:Constructor"],"picked":"bronze:WhirlingStrike","floor":2},{"not_picked":["bronze:Iterate","bronze:Invalidate"],"picked":"bronze:DelayedGuard","floor":4},{"not_picked":["bronze:FineTuning","bronze:ForceShield"],"picked":"bronze:WhirlingStrike","floor":5},{"not_picked":["bronze:DelayedSlice","bronze:FineTuning","bronze:WildBeam"],"picked":"SKIP","floor":6},{"not_picked":["bronze:DelayedSlice","bronze:Turbo"],"picked":"bronze:Terminator","floor":8},{"not_picked":["bronze:CutThrough","bronze:FineTuning"],"picked":"bronze:ClassDefault","floor":9},{"not_picked":["bronze:WhirlingStrike","bronze:Separator"],"picked":"bronze:DarkDash","floor":12},{"not_picked":["bronze:Branch","bronze:ChosenStrike"],"picked":"bronze:HardenedForm","floor":13},{"not_picked":["bronze:Backtrace","bronze:Iterate"],"picked":"bronze:ForceShield","floor":14},{"not_picked":["bronze:Shield","bronze:Invalidate"],"picked":"bronze:Shell","floor":15}],"player_experience":1374774,"relics_obtained":[{"floor":9,"key":"Mango"},{"floor":13,"key":"Gremlin Horn"}],"event_choices":[{"damage_healed":0,"gold_gain":0,"player_choice":"Fled","damage_taken":0,"max_hp_gain":0,"max_hp_loss":0,"event_name":"Scrap Ooze","floor":10,"gold_loss":0}],"is_beta":false,"boss_relics":[],"items_purged_floors":[],"is_endless":false,"potions_floor_spawned":[8,9,12,14],"killed_by":"DF_ARCHETYPE_STREAMLINE","ascension_level":0}}