{"host":"3uci9gpt6cwo3y1o","time":1612501246,"event":{"mods":["Aspiration","BaseMod","Energized Spire","Minty Spire (QoL Compilation)","MostiFishMod","Reliquary","RumiaBox-露米娅的神秘盒子","StSLib","TestMod"],"gold_per_floor":[114,114,129,149,149,149,184,184,184,210,210,241,241,254,254,331,331,347,272,346,365,365,365,396,396,396,422,422,447,447,447,447,521,521,534,534,534,534,534,534,207,233,233],"floor_reached":44,"language":"ZHS","playtime":1785,"items_purged":["Strike_B","Strike_B"],"score":2898,"play_id":"f0a79a37-10da-46b9-9e50-55a6d3ef03b0","local_time":"20210205130046","is_ascension_mode":true,"campfire_choices":[{"floor":6.0,"key":"RECALL"},{"data":"Coolheaded","floor":8.0,"key":"SMITH"},{"data":"Dualcast","floor":13.0,"key":"SMITH"},{"data":"MostiFishMod:Impulse","floor":15.0,"key":"SMITH"},{"data":"MostiFishMod:Culaccino","floor":23.0,"key":"SMITH"},{"data":"Skim","floor":25.0,"key":"SMITH"},{"data":"MostiFishMod:Exploitation","floor":28.0,"key":"SMITH"},{"data":"Sunder","floor":30.0,"key":"SMITH"},{"data":"Undo","floor":32.0,"key":"SMITH"},{"data":"MostiFishMod:SeaWaves","floor":40,"key":"SMITH"}],"circlet_count":0,"master_deck":["AscendersBane","Strike_B+1","Strike_B","Defend_B","Defend_B","Defend_B","Defend_B","Zap+1","Dualcast+1","Coolheaded+1","Sunder+1","Ball Lightning","MostiFishMod:Impulse+1","MostiFishMod:Culaccino+1","Cold Snap","Undo+1","Skim+1","MostiFishMod:Exploitation+1","MostiFishMod:SeaWaves+1","MostiFishMod:GatherIntelligence"],"relics":["DaveBox","testmod-TestBox","testmod-Nyarlathotep","FeatherPendant","RhineFirstAidKit","SynthV:TestCard","reliquary:BoilingFlask","reliquary:ExpiredCoupon","aspiration:EnhancedActuators","aspiration:StickyExplosives","Pocketwatch","testmod-SaigiyounoYou","testmod-IndustrialRevolution","aspiration:FetidBarrel","ChaoDraw","reliquary:TatteredRug","aspiration:RitualStick","energizedSpire:OldTV","TheAbacus","reliquary:PartyBalloon"],"acts_visited":["TheCity","TheBeyond","TheEnding"],"potions_floor_usage":[43,43],"damage_taken":[{"damage":0.0,"enemies":"2 Louse","floor":1.0,"turns":1.0},{"damage":0.0,"enemies":"Jaw Worm","floor":3.0,"turns":3.0},{"damage":0.0,"enemies":"Small Slimes","floor":4.0,"turns":2.0},{"damage":11.0,"enemies":"Lagavulin","floor":7.0,"turns":5.0},{"damage":8.0,"enemies":"Gremlin Nob","floor":10.0,"turns":3.0},{"damage":10.0,"enemies":"Lagavulin","floor":12.0,"turns":5.0},{"damage":0.0,"enemies":"Exordium Thugs","floor":14.0,"turns":1.0},{"damage":6.0,"enemies":"Hexaghost","floor":16.0,"turns":5.0},{"damage":12.0,"enemies":"3 Byrds","floor":18.0,"turns":2.0},{"damage":0.0,"enemies":"Shell Parasite","floor":21.0,"turns":1.0},{"damage":28.0,"enemies":"Slavers","floor":24.0,"turns":4.0},{"damage":0.0,"enemies":"Gremlin Leader","floor":27.0,"turns":3.0},{"damage":0.0,"enemies":"Slavers","floor":29.0,"turns":1.0},{"damage":0.0,"enemies":"Automaton","floor":33.0,"turns":4.0},{"damage":0.0,"enemies":"Orb Walker","floor":35.0,"turns":1.0},{"damage":52.0,"enemies":"Donu and Deca","floor":37.0,"turns":5.0},{"damage":0,"enemies":"Awakened One","floor":38,"turns":7},{"damage":43,"enemies":"Shield and Spear","floor":42,"turns":4},{"damage":2,"enemies":"The Heart","floor":43,"turns":6}],"seed_played":"3535173425106882194","potions_obtained":[{"floor":1.0,"key":"Regen Potion"},{"floor":3.0,"key":"SpeedPotion"},{"floor":4.0,"key":"Explosive Potion"},{"floor":14.0,"key":"testmod-TestPotion"},{"floor":42,"key":"FocusPotion"}],"is_trial":false,"path_per_floor":["M","?","M","M","T","R","E","R","T","E","?","E","R","M","R","B",null,"M","$","T","M","?","R","E","R","T","E","R","E","R","?","R","B",null,"M","?","B","B",null,"R","$","E","B",null],"character_chosen":"DEFECT","items_purchased":["TheAbacus","BlessingOfTheForge","MostiFishMod:GatherIntelligence"],"campfire_rested":0,"item_purchase_floors":[41,41,41],"current_hp_per_floor":[64,43,43,43,43,43,42,42,42,41,45,45,45,45,45,39,63,71,71,71,71,71,71,48,48,48,71,71,71,71,53,53,71,71,71,71,53,71,71,71,71,46,71],"gold":233,"neow_bonus":"BOSS_RELIC","is_daily":false,"chose_seed":false,"campfire_upgraded":9,"win_rate":0.0,"timestamp":1612501246,"path_taken":["M","?","M","M","?","R","E","R","T","E","?","E","R","?","R","BOSS","M","$","?","M","?","R","E","R","T","E","R","E","R","?","R","BOSS","M","?","BOSS","BOSS","R","$","E","BOSS"],"items_purchased_type":["Relic","Potion","Card"],"build_version":"2020-12-22","purchased_purges":2,"victory":true,"max_hp_per_floor":[71,71,71,71,71,71,71,71,71,71,71,71,71,71,71,71,71,71,71,71,71,71,71,71,71,71,71,71,71,71,71,71,71,71,71,71,71,71,71,71,71,71,71],"card_choices":[{"not_picked":["Auto Shields","BootSequence","Leap"],"picked":"SKIP","floor":1.0},{"not_picked":["Beam Cell","Tempest","Conserve Battery","Rebound","Sweeping Beam"],"picked":"SKIP","floor":3.0},{"not_picked":["Stack","Compile Driver","Go for the Eyes","Conserve Battery"],"picked":"Coolheaded","floor":4.0},{"not_picked":["Coolheaded","Fission","Go for the Eyes","Blizzard"],"picked":"Sunder","floor":7.0},{"not_picked":["Conserve Battery","Chaos","Tempest","Redo","Loop"],"picked":"SKIP","floor":10.0},{"not_picked":["Rebound","BootSequence","Stack","Fusion"],"picked":"Ball Lightning","floor":12.0},{"not_picked":["Self Repair","Streamline","Force Field","Stack"],"picked":"MostiFishMod:Impulse","floor":14.0},{"not_picked":["MostiFishMod:Prepare","MostiFishMod:Overload","MostiFishMod:DeathFromBelow","Reboot"],"picked":"MostiFishMod:Culaccino","floor":16.0},{"not_picked":["aspiration:Polymerization","Consume","Leap","Steam"],"picked":"Cold Snap","floor":18.0},{"not_picked":["Sweeping Beam","Compile Driver","Aggregate","Stack"],"picked":"Undo","floor":21.0},{"not_picked":["Gash","Steam","Auto Shields","Beam Cell"],"picked":"Skim","floor":24.0},{"not_picked":["Melter+1","Reprogram","aspiration:Polymerization","Streamline"],"picked":"MostiFishMod:Exploitation","floor":27.0},{"not_picked":["Leap","Compile Driver","MostiFishMod:PushDownKick","Turbo+1","Conserve Battery"],"picked":"SKIP","floor":29.0},{"not_picked":["Creative AI","Biased Cognition","Meteor Strike","MostiFishMod:Nova"],"picked":"MostiFishMod:SeaWaves","floor":33.0},{"not_picked":["Stack","Steam","Tempest+1","Redo+1","Barrage+1"],"picked":"SKIP","floor":35.0},{"not_picked":["Buffer","Gash","Barrage+1","MostiFishMod:FluxCapactior+1","Sweeping Beam"],"picked":"SKIP","floor":42}],"player_experience":910046,"relics_obtained":[{"floor":1.0,"key":"SynthV:TestCard"},{"floor":5.0,"key":"reliquary:BoilingFlask"},{"floor":7.0,"key":"reliquary:ExpiredCoupon"},{"floor":9.0,"key":"aspiration:EnhancedActuators"},{"floor":10.0,"key":"aspiration:StickyExplosives"},{"floor":12.0,"key":"Pocketwatch"},{"floor":24.0,"key":"testmod-IndustrialRevolution"},{"floor":26.0,"key":"aspiration:FetidBarrel"},{"floor":27.0,"key":"ChaoDraw"},{"floor":29.0,"key":"reliquary:TatteredRug"},{"floor":42,"key":"reliquary:PartyBalloon"}],"event_choices":[{"damage_healed":0.0,"max_hp_gain":0.0,"max_hp_loss":0.0,"gold_gain":0.0,"event_name":"Shining Light","player_choice":"Entered Light","floor":2.0,"gold_loss":0.0,"damage_taken":21.0,"cards_upgraded":["Zap","Strike_B"]},{"damage_healed":0.0,"max_hp_gain":0.0,"max_hp_loss":0.0,"gold_gain":0.0,"event_name":"The Mausoleum","player_choice":"Ignored","floor":22.0,"gold_loss":0.0,"damage_taken":0.0},{"damage_healed":0.0,"max_hp_gain":0.0,"max_hp_loss":0.0,"gold_gain":0.0,"event_name":"SecretPortal","player_choice":"Took Portal","floor":36.0,"gold_loss":0.0,"damage_taken":0.0}],"is_beta":false,"boss_relics":[{"not_picked":["Runic Dome","RhineSuit"],"picked":"testmod-SaigiyounoYou"},{"not_picked":["HereWithMe","Astrolabe"],"picked":"energizedSpire:OldTV"}],"items_purged_floors":[19,41],"is_endless":false,"potions_floor_spawned":[1,3,4,14,21,27,29,35,42],"ascension_level":20}}