{"host":"s8caws4n06h39s1x","time":1612565222,"event":{"mods":["BaseMod","Colored Powertips","Highlight Path","Minty Spire (QoL Compilation)","Quick Restart"],"gold_per_floor":[115,115,139,157,175,175,250,250,250,273,309,309,342,358,358,358,358],"floor_reached":16,"language":"ENG","playtime":1281,"items_purged":[],"score":170,"play_id":"2e8ea708-b75d-4eab-b004-5fa852eac676","local_time":"20210205234702","is_ascension_mode":true,"campfire_choices":[{"floor":6,"key":"REST"},{"floor":15,"key":"REST"}],"circlet_count":0,"master_deck":["Strike_B","Strike_B","Strike_B","Strike_B","Defend_B","Defend_B","Defend_B","Defend_B","Zap","Dualcast","Chaos","Capacitor","White Noise+1","Heatsinks","Aggregate","Capacitor","Hello World","Force Field"],"relics":["Cracked Core","Golden Idol","White Beast Statue","Question Card","Bird Faced Urn"],"acts_visited":["Exordium"],"potions_floor_usage":[14,16,16],"damage_taken":[{"damage":0,"enemies":"Small Slimes","floor":1,"turns":3},{"damage":8,"enemies":"Jaw Worm","floor":3,"turns":4},{"damage":6,"enemies":"2 Louse","floor":4,"turns":3},{"damage":13,"enemies":"Lots of Slimes","floor":5,"turns":4},{"damage":0,"enemies":"Large Slime","floor":10,"turns":5},{"damage":35,"enemies":"3 Sentries","floor":11,"turns":9},{"damage":23,"enemies":"Lagavulin","floor":13,"turns":8},{"damage":15,"enemies":"3 Louse","floor":14,"turns":3},{"damage":38,"enemies":"The Guardian","floor":16,"turns":7}],"seed_played":"-6981761659823922071","potions_obtained":[{"floor":1,"key":"Dexterity Potion"},{"floor":10,"key":"DistilledChaos"},{"floor":11,"key":"Energy Potion"},{"floor":13,"key":"EssenceOfSteel"},{"floor":14,"key":"ColorlessPotion"}],"is_trial":true,"path_per_floor":["M","?","M","M","M","R","?","?","T","M","E","?","E","M","R","B"],"character_chosen":"DEFECT","items_purchased":[],"campfire_rested":2,"item_purchase_floors":[],"current_hp_per_floor":[75,57,49,43,30,52,41,66,66,66,31,31,8,3,25,0,0],"gold":358,"neow_bonus":"","is_daily":false,"chose_seed":false,"campfire_upgraded":0,"win_rate":0.0,"timestamp":1612565222,"path_taken":["M","?","M","M","M","R","?","?","T","M","E","?","E","M","R","BOSS"],"items_purchased_type":[],"build_version":"2020-12-22","purchased_purges":0,"victory":false,"max_hp_per_floor":[75,75,75,75,75,75,75,75,75,75,75,75,75,75,75,75,75],"card_choices":[{"not_picked":["Steam","Go for the Eyes"],"picked":"Chaos","floor":1},{"not_picked":["Barrage","Compile Driver"],"picked":"Capacitor","floor":3},{"not_picked":["Darkness","Cold Snap"],"picked":"White Noise","floor":4},{"not_picked":["Compile Driver","Go for the Eyes"],"picked":"Heatsinks","floor":5},{"not_picked":["Leap","Cold Snap"],"picked":"Aggregate","floor":10},{"not_picked":["Doom and Gloom","Leap"],"picked":"Capacitor","floor":11},{"not_picked":["Go for the Eyes","Cold Snap","Coolheaded"],"picked":"Hello World","floor":13},{"not_picked":["Redo","Streamline","Cold Snap"],"picked":"Force Field","floor":14}],"player_experience":472546,"relics_obtained":[{"floor":9,"key":"White Beast Statue"},{"floor":11,"key":"Question Card"},{"floor":13,"key":"Bird Faced Urn"}],"event_choices":[{"damage_healed":0,"gold_gain":0,"player_choice":"Take Damage","damage_taken":18,"relics_obtained":["Golden Idol"],"max_hp_gain":0,"max_hp_loss":0,"event_name":"Golden Idol","floor":2,"gold_loss":0},{"damage_healed":0,"gold_gain":75,"player_choice":"Gather Gold","damage_taken":11,"max_hp_gain":0,"max_hp_loss":0,"event_name":"World of Goop","floor":7,"gold_loss":0},{"damage_healed":25,"gold_gain":0,"player_choice":"Banana","damage_taken":0,"max_hp_gain":0,"max_hp_loss":0,"event_name":"Big Fish","floor":8,"gold_loss":0},{"damage_healed":0,"gold_gain":0,"player_choice":"Upgraded","damage_taken":0,"max_hp_gain":0,"max_hp_loss":0,"event_name":"Upgrade Shrine","floor":12,"gold_loss":0,"cards_upgraded":["White Noise"]}],"is_beta":false,"boss_relics":[],"items_purged_floors":[],"is_endless":true,"potions_floor_spawned":[1,10,11,13,14],"killed_by":"The Guardian","ascension_level":1}}