{"host":"61y0z9o9vf3ujftj","time":1612530299,"event":{"mods":["BaseMod","Colored Map","Colored Powertips","GifTheSpireLib","HexUI Lib","Highlight Path","Minty Spire (QoL Compilation)","Permanent Neow","Relic Stats","StSLib","ojb\u0027s Info Mod"],"gold_per_floor":[113,133,58,69,87,87,142,142,210,210,27,66,120,120,120,193,193,233,97,157,202,202,202],"floor_reached":22,"language":"ENG","playtime":1059,"items_purged":["Strike_R","Flex"],"score":333,"play_id":"c5838c9e-6423-44f1-b363-732b831f9ec3","local_time":"20210205070459","is_ascension_mode":true,"campfire_choices":[{"data":"Sword Boomerang","floor":6.0,"key":"SMITH"},{"data":"Disarm","floor":8.0,"key":"SMITH"},{"data":"Inflame","floor":10.0,"key":"SMITH"},{"data":"HandOfGreed","floor":15.0,"key":"SMITH"}],"circlet_count":0,"master_deck":["AscendersBane","Bash","Disarm+1","Inflame+1","Sword Boomerang+1","Twin Strike","Pommel Strike","HandOfGreed+1","Flame Barrier","Corruption","Juggernaut","Shrug It Off","Bludgeon","Searing Blow","Impervious","Inflame","Seeing Red","Burning Pact","Cleave","Pommel Strike"],"relics":["Mark of Pain","Incense Burner","Darkstone Periapt","Vajra","Pandora\u0027s Box"],"acts_visited":["Exordium","TheCity"],"potions_floor_usage":[22,22],"damage_taken":[{"damage":12.0,"enemies":"2 Louse","floor":1.0,"turns":3.0},{"damage":0.0,"enemies":"Cultist","floor":2.0,"turns":4.0},{"damage":6.0,"enemies":"Jaw Worm","floor":4.0,"turns":4.0},{"damage":0.0,"enemies":"Large Slime","floor":5.0,"turns":5.0},{"damage":8.0,"enemies":"Gremlin Nob","floor":7.0,"turns":3.0},{"damage":7.0,"enemies":"Exordium Wildlife","floor":12.0,"turns":3.0},{"damage":14.0,"enemies":"Lagavulin","floor":13.0,"turns":6.0},{"damage":10.0,"enemies":"Hexaghost","floor":16.0,"turns":9.0},{"damage":22.0,"enemies":"2 Thieves","floor":18.0,"turns":3.0},{"damage":6.0,"enemies":"3 Byrds","floor":20.0,"turns":4.0},{"damage":25.0,"enemies":"Snecko","floor":21.0,"turns":4.0},{"damage":14,"enemies":"Centurion and Healer","floor":22,"turns":2}],"seed_played":"9168933491051643090","potions_obtained":[{"floor":4.0,"key":"BlessingOfTheForge"},{"floor":5.0,"key":"ColorlessPotion"},{"floor":16.0,"key":"BlessingOfTheForge"},{"floor":21.0,"key":"FearPotion"}],"is_trial":false,"path_per_floor":["M","M","$","M","M","R","E","R","T","R","$","M","E","?","R","B",null,"M","$","M","M","M"],"character_chosen":"IRONCLAD","items_purchased":["HandOfGreed","Burning Pact"],"campfire_rested":0,"item_purchase_floors":[11,19],"current_hp_per_floor":[56,56,56,50,50,50,42,42,42,42,42,35,21,21,21,11,59,37,37,31,6,0,0],"gold":202,"neow_bonus":"BOSS_RELIC","is_daily":false,"chose_seed":false,"campfire_upgraded":4,"win_rate":0.0,"timestamp":1612530299,"path_taken":["M","M","$","M","M","R","E","R","T","R","$","M","E","?","R","BOSS","M","$","M","?","M"],"items_purchased_type":["Card","Card"],"build_version":"2020-12-22","purchased_purges":2,"victory":false,"max_hp_per_floor":[75,75,75,75,75,75,75,75,75,75,75,75,75,75,75,75,75,75,75,75,75,75,75],"relic_stats":{"Darkstone Periapt":0,"counters":[12,50],"Pandora\u0027s Box":["Flex","Juggernaut","Shrug It Off","Bludgeon","Searing Blow","Impervious","Inflame"],"obtain_stats":[{"Darkstone Periapt":9,"Vajra":13,"Pandora\u0027s Box":17,"Mark of Pain":0,"Incense Burner":7,"Burning Blood":0},{"Darkstone Periapt":5,"Vajra":7,"Pandora\u0027s Box":8,"Mark of Pain":0,"Incense Burner":5,"Burning Blood":0},{"Darkstone Periapt":19,"Vajra":28,"Pandora\u0027s Box":37,"Mark of Pain":0,"Incense Burner":19,"Burning Blood":0}]},"card_choices":[{"not_picked":["Clothesline","Thunderclap"],"picked":"Disarm","floor":1.0},{"not_picked":["Pummel","Headbutt"],"picked":"Inflame","floor":2.0},{"not_picked":["Perfected Strike","Cleave"],"picked":"Sword Boomerang","floor":4.0},{"not_picked":["Body Slam","Anger"],"picked":"Twin Strike","floor":5.0},{"not_picked":["Anger","Thunderclap"],"picked":"Pommel Strike","floor":7.0},{"not_picked":["Sentinel","Perfected Strike","Dark Embrace"],"picked":"SKIP","floor":12.0},{"not_picked":["Juggernaut","Flex"],"picked":"Flame Barrier","floor":13.0},{"not_picked":["Offering","Immolate"],"picked":"Corruption","floor":16.0},{"not_picked":["Power Through","Flex"],"picked":"Seeing Red","floor":18.0},{"not_picked":["Hemokinesis","Seeing Red"],"picked":"Cleave","floor":20.0},{"not_picked":["Sword Boomerang","Cleave"],"picked":"Pommel Strike","floor":21.0}],"player_experience":524695,"relics_obtained":[{"floor":7.0,"key":"Incense Burner"},{"floor":9.0,"key":"Darkstone Periapt"},{"floor":13.0,"key":"Vajra"}],"event_choices":[{"cards_removed":["Strike_R"],"damage_healed":0.0,"max_hp_gain":0.0,"max_hp_loss":0.0,"gold_gain":0.0,"event_name":"Wheel of Change","player_choice":"Card Removal","floor":14.0,"gold_loss":0.0,"damage_taken":0.0}],"is_beta":false,"boss_relics":[{"not_picked":["Sozu","Runic Cube"],"picked":"Pandora\u0027s Box"}],"items_purged_floors":[3,19],"is_endless":false,"potions_floor_spawned":[4,5,16,21],"killed_by":"Centurion and Healer","ascension_level":14}}