{"host":"3jpwrwmmgyabjceh","time":1612517935,"event":{"mods":["AchievementEnabler","BaseMod","Colored Map","Colored Powertips","Highlight Path","Minty Spire (QoL Compilation)","Quick Restart","Relic Stats","StSLib","SuperFastMode"],"gold_per_floor":[113,130,145,158,158,189,189,202,228,303,321,396,1,17,17,17,17],"floor_reached":16,"language":"ENG","playtime":462,"items_purged":["Strike_B"],"score":146,"play_id":"5bf4904f-5a1b-4c48-8163-5e2c3eb7fb78","local_time":"20210205123855","is_ascension_mode":true,"campfire_choices":[{"data":"Zap","floor":7,"key":"SMITH"},{"floor":15,"key":"REST"}],"circlet_count":0,"master_deck":["Strike_B","Strike_B","Strike_B","Defend_B","Defend_B","Defend_B","Defend_B","Zap+1","Dualcast","CurseOfTheBell","Lockon","Genetic Algorithm","White Noise","Conserve Battery","Doom and Gloom","Recycle","Coolheaded","Electrodynamics","Reinforced Body"],"relics":["Calling Bell","PreservedInsect","Ornamental Fan","Peace Pipe","Incense Burner","Happy Flower","Ancient Tea Set"],"acts_visited":["Exordium"],"potions_floor_usage":[14],"damage_taken":[{"damage":1,"enemies":"Cultist","floor":1,"turns":4},{"damage":6,"enemies":"Jaw Worm","floor":2,"turns":5},{"damage":7,"enemies":"Small Slimes","floor":3,"turns":3},{"damage":3,"enemies":"Exordium Wildlife","floor":4,"turns":3},{"damage":13,"enemies":"Lagavulin","floor":6,"turns":6},{"damage":10,"enemies":"2 Fungi Beasts","floor":8,"turns":5},{"damage":0,"enemies":"Looter","floor":11,"turns":4},{"damage":7,"enemies":"Exordium Thugs","floor":14,"turns":4},{"damage":42,"enemies":"Hexaghost","floor":16,"turns":14}],"seed_played":"2619263188659950108","potions_obtained":[{"floor":3,"key":"SpeedPotion"},{"floor":6,"key":"ColorlessPotion"}],"is_trial":false,"path_per_floor":["M","M","M","M","?","E","R","M","T","?","M","?","$","M","R","B"],"character_chosen":"DEFECT","items_purchased":["Electrodynamics","Ancient Tea Set"],"campfire_rested":1,"item_purchase_floors":[13,13],"current_hp_per_floor":[67,61,54,51,56,43,43,33,33,33,33,22,22,15,39,0,0],"gold":17,"neow_bonus":"BOSS_RELIC","is_daily":false,"chose_seed":false,"campfire_upgraded":1,"win_rate":0.0,"timestamp":1612517935,"path_taken":["M","?","M","M","?","E","R","M","T","?","?","?","?","M","R","BOSS"],"items_purchased_type":["Card","Relic"],"build_version":"2020-12-22","purchased_purges":1,"victory":false,"max_hp_per_floor":[75,75,75,75,80,80,80,80,80,80,80,80,80,80,80,80,80],"relic_stats":{"Peace Pipe":0,"Happy Flower":[7],"counters":[9,48],"Ornamental Fan":[8],"PreservedInsect":29,"obtain_stats":[{"Calling Bell":0,"Peace Pipe":0,"Happy Flower":9,"Ornamental Fan":0,"PreservedInsect":0,"Incense Burner":6,"Cracked Core":0,"Ancient Tea Set":13},{"Calling Bell":0,"Peace Pipe":0,"Happy Flower":6,"Ornamental Fan":0,"PreservedInsect":0,"Incense Burner":5,"Cracked Core":0,"Ancient Tea Set":7},{"Calling Bell":0,"Peace Pipe":0,"Happy Flower":26,"Ornamental Fan":0,"PreservedInsect":0,"Incense Burner":21,"Cracked Core":0,"Ancient Tea Set":30}]},"card_choices":[{"not_picked":["Barrage","Stack"],"picked":"Lockon","floor":1},{"not_picked":["Hologram","Conserve Battery"],"picked":"Genetic Algorithm","floor":2},{"not_picked":["Leap","Streamline"],"picked":"White Noise","floor":3},{"not_picked":["Hologram","Undo"],"picked":"Conserve Battery","floor":4},{"not_picked":["Skim","Cold Snap"],"picked":"Doom and Gloom","floor":6},{"not_picked":["Scrape","Undo"],"picked":"Recycle","floor":8},{"not_picked":["Turbo","Redo"],"picked":"Coolheaded","floor":11},{"not_picked":["BootSequence","Gash"],"picked":"Reinforced Body","floor":14}],"player_experience":327134,"relics_obtained":[{"floor":0,"key":"PreservedInsect"},{"floor":0,"key":"Ornamental Fan"},{"floor":0,"key":"Peace Pipe"},{"floor":6,"key":"Incense Burner"},{"floor":9,"key":"Happy Flower"}],"event_choices":[{"damage_healed":0,"gold_gain":0,"player_choice":"Donut","damage_taken":0,"max_hp_gain":5,"max_hp_loss":0,"event_name":"Big Fish","floor":5,"gold_loss":0},{"damage_healed":0,"gold_gain":75,"player_choice":"Gained Gold","damage_taken":0,"max_hp_gain":0,"max_hp_loss":0,"event_name":"Golden Wing","floor":10,"gold_loss":0},{"damage_healed":0,"gold_gain":75,"player_choice":"Gather Gold","damage_taken":11,"max_hp_gain":0,"max_hp_loss":0,"event_name":"World of Goop","floor":12,"gold_loss":0}],"is_beta":false,"boss_relics":[],"items_purged_floors":[13],"is_endless":false,"potions_floor_spawned":[3,6],"killed_by":"Hexaghost","ascension_level":8}}