{"host":"xp5rvh2jwe2ejyfm","time":1612484653,"event":{"mods":["2.2 Compatiblity","Aspiration","BaseMod","BetterRewards","Colored Powertips","Conspire","Downfall","GifTheSpireLib","Gremlin Mod","Hermit","Hubris","Jorbs\u0027s Wanderer Trilogy","Minty Spire (QoL Compilation)","Replay The Spire","Robot Space Explorer","Shade Mod","Somnambulant","StSLib","The Bug Knight","The Clintock","The Construct","The Cursed","The Disciple","The Forsaken","The Hierophant","The Necromancer","The Runesmith","The Servant 0.9.4","The Valiant","The Witch","thorton"],"gold_per_floor":[110,110,15,39,58,87,87,121,145,188,210,210,238,238,238,350,350,668,767,784,784,784],"floor_reached":20,"language":"ENG","playtime":703,"items_purged":[],"score":207,"play_id":"312c36f4-0fda-46c2-ad74-1f6d74e61075","local_time":"20210204192413","is_ascension_mode":false,"campfire_choices":[{"data":"thethorton:BusinessBoom","floor":7,"key":"SMITH"},{"floor":15,"key":"RECALL"}],"circlet_count":0,"master_deck":["thethorton:Strike","thethorton:Strike","thethorton:Strike","thethorton:Strike","thethorton:Defend","thethorton:Defend","thethorton:Defend","thethorton:Heckle","thethorton:CreditCard","Normality","thethorton:BusinessBoom+1","thethorton:BoardroomBlast","thethorton:PocketChange","thethorton:GoldBuffer","thethorton:PocketChange","thethorton:GoldBuffer","thethorton:HedgeFund","thethorton:LongTermPayoff+1","thethorton:BusinessCard","thethorton:BookBash","thethorton:Jackpot"],"relics":["thethorton:CouragePotion","NeowsBlessing","theForsaken:Lifeblossom","Peace Pipe","Replay:Multitool","Boot","construct:WeddingRing"],"acts_visited":["Exordium","TheCity"],"potions_floor_usage":[16,16,20],"damage_taken":[{"damage":0,"enemies":"Jaw Worm","floor":1,"turns":1},{"damage":0,"enemies":"Cultist","floor":5,"turns":1},{"damage":0,"enemies":"Lagavulin","floor":6,"turns":1},{"damage":6,"enemies":"2 Louse","floor":8,"turns":3},{"damage":20,"enemies":"Gremlin Nob","floor":10,"turns":4},{"damage":11,"enemies":"2 Fungi Beasts","floor":11,"turns":4},{"damage":5,"enemies":"Exordium Thugs","floor":13,"turns":3},{"damage":17,"enemies":"Slime Boss","floor":16,"turns":6},{"damage":40,"enemies":"Spheric Guardian","floor":18,"turns":5},{"damage":36,"enemies":"Shell Parasite","floor":20,"turns":6}],"seed_played":"368549874952020228","potions_obtained":[{"floor":6,"key":"PowerPotion"},{"floor":8,"key":"Explosive Potion"},{"floor":11,"key":"Toxic Potion"},{"floor":13,"key":"LiquidMemories"},{"floor":16,"key":"Guardian:BlockOnCardUsePotion"}],"is_trial":false,"path_per_floor":["M","?","$","T","M","E","R","M","T","E","M","?","M","?","R","B",null,"M","?","M"],"character_chosen":"THE_THORT","items_purchased":["thethorton:PocketChange","thethorton:GoldBuffer"],"campfire_rested":0,"item_purchase_floors":[3,3],"current_hp_per_floor":[68,68,68,68,68,68,68,62,62,48,43,43,43,43,43,32,68,29,29,0,0,0],"gold":784,"neow_bonus":"THREE_ENEMY_KILL","is_daily":false,"chose_seed":false,"campfire_upgraded":1,"win_rate":0.0,"timestamp":1612484653,"path_taken":["M","?","?","?","M","E","R","?","T","E","M","?","M","?","R","BOSS","M","?","M"],"items_purchased_type":["Card","Card"],"build_version":"2020-12-22","purchased_purges":0,"victory":false,"max_hp_per_floor":[68,68,68,68,68,68,68,68,68,68,68,68,68,68,68,68,68,68,68,68,68,68],"card_choices":[{"not_picked":["thethorton:PocketChange","thethorton:FearfulRun"],"picked":"thethorton:BusinessBoom","floor":1},{"not_picked":["thethorton:SeeingDouble","thethorton:FocusStrength"],"picked":"thethorton:PocketChange","floor":5},{"not_picked":["thethorton:LongTermPayoff","thethorton:BusinessBoom"],"picked":"thethorton:GoldBuffer","floor":6},{"not_picked":["thethorton:StumblingSlap","thethorton:ShoutAndRun"],"picked":"thethorton:HedgeFund","floor":8},{"not_picked":["thethorton:CrashingStocks","thethorton:Fortune"],"picked":"thethorton:LongTermPayoff","floor":10},{"not_picked":["thethorton:LongTermPayoff","thethorton:BoardroomBlast"],"picked":"thethorton:BusinessCard","floor":11},{"not_picked":["thethorton:FearfulRun","thethorton:DesperateRun"],"picked":"thethorton:BookBash","floor":13},{"not_picked":["thethorton:CrashingStocks","thethorton:DodgeAndRollAndRun"],"picked":"thethorton:GoldenPetal","floor":16},{"not_picked":["hermit:EternalForm","TheCursedMod:ForbiddenAlchemy"],"picked":"thethorton:Jackpot","floor":18}],"player_experience":424528,"relics_obtained":[{"floor":4,"key":"theForsaken:Lifeblossom"},{"floor":6,"key":"Peace Pipe"},{"floor":10,"key":"Replay:Multitool"}],"event_choices":[{"damage_healed":0,"gold_gain":0,"cards_transformed":["thethorton:Defend"],"player_choice":"Transformed","damage_taken":0,"max_hp_gain":0,"max_hp_loss":0,"event_name":"Transmorgrifier","floor":2,"gold_loss":0,"cards_obtained":["thethorton:BoardroomBlast"]},{"damage_healed":0,"gold_gain":0,"player_choice":"Searched \u00271\u0027 times","damage_taken":0,"relics_obtained":["Boot"],"max_hp_gain":0,"max_hp_loss":0,"event_name":"Dead Adventurer","floor":12,"gold_loss":0},{"damage_healed":0,"gold_gain":0,"player_choice":"Grow","damage_taken":0,"max_hp_gain":0,"max_hp_loss":0,"event_name":"Living Wall","floor":14,"gold_loss":0,"cards_upgraded":["thethorton:LongTermPayoff"]},{"damage_healed":0,"gold_gain":99,"player_choice":"Stole From Cult","damage_taken":0,"max_hp_gain":0,"max_hp_loss":0,"event_name":"Nest","floor":19,"gold_loss":0}],"is_beta":false,"boss_relics":[{"not_picked":["Replay:Wanted Poster","Ring of Chaos"],"picked":"construct:WeddingRing"}],"items_purged_floors":[],"is_endless":false,"potions_floor_spawned":[6,8,11,13,16],"killed_by":"Shell Parasite","ascension_level":0}}