{"host":"1v3mnj67s3trvm6y","time":1612512848,"event":{"mods":["BaseMod","Challenge The Spire","Downfall","Minty Spire (QoL Compilation)","StSLib"],"gold_per_floor":[99,199,210,52,52,72,143,43,71,71,98,8,8,19,33,132,132,132,150,166,166,51,51,76,142,142,162,62,73,98,124,151,258,270,182,212,244,267,279,318,356,368,392,404,426,451,513,556,578,590,602,648,51,51,51,51],"floor_reached":57,"language":"ENG","playtime":4434,"items_purged":["bronze:Strike","bronze:Strike","bronze:Strike","bronze:Strike"],"score":1299,"play_id":"ad0d029f-6059-496e-a065-933bd8ed9d01","local_time":"20210205171408","is_ascension_mode":false,"campfire_choices":[{"data":"bronze:Replicate","floor":1.0,"key":"SMITH"},{"data":"bronze:BuggyMess","floor":8.0,"key":"SMITH"},{"data":"bronze:SpaghettiCode","floor":10.0,"key":"SMITH"},{"floor":13.0,"key":"REST"},{"data":"bronze:Terminator","floor":18.0,"key":"SMITH"},{"data":"bronze:HardenedForm","floor":23.0,"key":"SMITH"},{"floor":26.0,"key":"RECALL"},{"data":"bronze:Terminator","floor":28.0,"key":"SMITH"},{"data":"bronze:Mutator","floor":35.0,"key":"SMITH"},{"data":"bronze:FollowUp","floor":44.0,"key":"SMITH"},{"floor":54.0,"key":"REST"}],"circlet_count":0,"master_deck":["bronze:Defend","bronze:Defend","bronze:Defend","bronze:Defend","bronze:Replicate+1","bronze:Goto+1","bronze:BuggyMess+1","bronze:SpaghettiCode+1","bronze:ShipIt","bronze:FollowUp+1","bronze:ShipIt","bronze:Repair","bronze:Flail+1","bronze:ShipIt+1","bronze:WildBeam+1","bronze:Terminator+1","bronze:Virus+1","bronze:OilSpill+1","bronze:Fortify+1","bronze:HardenedForm+1","bronze:BugBarrage+1","bronze:MaxOutput","bronze:Shield","bronze:Terminator+1","bronze:Refactor","bronze:Fortify+1","bronze:ChosenStrike+1","bronze:OilSpill+1","bronze:Mutator+1","bronze:BugBarrage+1","bronze:Separator+1","bronze:Frontload","bronze:InfiniteLoop+1","bronze:BitShift+1","bronze:Optimize+1","bronze:Constructor","bronze:InfiniteBeams+1","bronze:Turbo","bronze:Overheat+1"],"relics":["bronze:BronzeCore","downfall:HeartBlessingBlue","Orichalcum","Molten Egg 2","bronze:MakeshiftBattery","Vajra","downfall:HeartBlessingRed","MawBank","Busted Crown","downfall:HeartBlessingGreen","HornCleat","MealTicket","Unceasing Top","Toy Ornithopter","Art of War","Ornamental Fan"],"acts_visited":["Exordium","TheCity","TheBeyond","TheEnding"],"potions_floor_usage":[56],"damage_taken":[{"damage":2.0,"enemies":"Small Slimes","floor":3.0,"turns":4.0},{"damage":0.0,"enemies":"downfall:FleeingMerchant","floor":4.0,"turns":4.0},{"damage":2.0,"enemies":"2 Louse","floor":6.0,"turns":2.0},{"damage":16.0,"enemies":"Gremlin Nob","floor":9.0,"turns":4.0},{"damage":22.0,"enemies":"Lagavulin","floor":11.0,"turns":6.0},{"damage":0.0,"enemies":"downfall:FleeingMerchant","floor":12.0,"turns":4.0},{"damage":0.0,"enemies":"Jaw Worm","floor":14.0,"turns":1.0},{"damage":0.0,"enemies":"2 Fungi Beasts","floor":15.0,"turns":2.0},{"damage":0.0,"enemies":"SI_SHIV_ARCHETYPE","floor":16.0,"turns":5.0},{"damage":0.0,"enemies":"3 Byrds","floor":19.0,"turns":2.0},{"damage":0.0,"enemies":"Spheric Guardian","floor":20.0,"turns":1.0},{"damage":4.0,"enemies":"downfall:FleeingMerchant","floor":22.0,"turns":4.0},{"damage":17.0,"enemies":"downfall:FleeingMerchant","floor":25.0,"turns":3.0},{"damage":2.0,"enemies":"Chosen and Byrds","floor":27.0,"turns":4.0},{"damage":2.0,"enemies":"Cultist and Chosen","floor":29.0,"turns":2.0},{"damage":0.0,"enemies":"Snecko","floor":31.0,"turns":2.0},{"damage":10.0,"enemies":"Shelled Parasite and Fungi","floor":32.0,"turns":5.0},{"damage":7.0,"enemies":"WA_ARCHETYPE_CALM","floor":33.0,"turns":5.0},{"damage":0.0,"enemies":"3 Darklings","floor":36.0,"turns":4.0},{"damage":4.0,"enemies":"Orb Walker","floor":37.0,"turns":3.0},{"damage":0.0,"enemies":"Transient","floor":38.0,"turns":5.0},{"damage":18.0,"enemies":"Nemesis","floor":40.0,"turns":5.0},{"damage":0.0,"enemies":"Sphere and 2 Shapes","floor":43.0,"turns":1.0},{"damage":0.0,"enemies":"Spire Growth","floor":45.0,"turns":3.0},{"damage":0.0,"enemies":"3 Darklings","floor":46.0,"turns":4.0},{"damage":0.0,"enemies":"3 Darklings","floor":47.0,"turns":4.0},{"damage":2.0,"enemies":"Reptomancer","floor":48.0,"turns":3.0},{"damage":0.0,"enemies":"Transient","floor":49.0,"turns":5.0},{"damage":42.0,"enemies":"DF_ARCHETYPE_ORBS","floor":50.0,"turns":7.0},{"damage":70.0,"enemies":"downfall:CharBossMerchant","floor":52.0,"turns":8.0},{"damage":27,"enemies":"downfall:NeowBoss","floor":55,"turns":13},{"damage":121,"enemies":"downfall:NeowBossFinal","floor":56,"turns":9}],"seed_played":"5182072451306244748","potions_obtained":[{"floor":9.0,"key":"LiquidMemories"},{"floor":11.0,"key":"AttackPotion"},{"floor":14.0,"key":"AttackPotion"},{"floor":16.0,"key":"EssenceOfSteel"},{"floor":21.0,"key":"Block Potion"},{"floor":27.0,"key":"Explosive Potion"},{"floor":29.0,"key":"FairyPotion"},{"floor":36.0,"key":"champ:CounterPotion"},{"floor":38.0,"key":"Block Potion"},{"floor":43.0,"key":"Guardian:BlockOnCardUsePotion"},{"floor":47.0,"key":"Block Potion"}],"is_trial":false,"path_per_floor":["R","?","M","$","?","M","T","R","E","R","E","$","R","M","M","B",null,"R","M","M","?","$","R","T","$","R","M","R","M","T","M","M","B",null,"R","M","M","M","$","E","T","$","M","R","M","M","?","E","M","B",null,"E","$","R","B","B",null],"character_chosen":"THE_AUTOMATON","items_purchased":["bronze:ShipIt","bronze:ShipIt+1","bronze:MaxOutput","bronze:Shield","bronze:Terminator","Ornamental Fan","bronze:Turbo","bronze:Overheat+1","FairyPotion"],"campfire_rested":2,"item_purchase_floors":[4,12,25,25,25,53,53,53,53],"current_hp_per_floor":[70,70,68,68,73,71,71,81,65,65,43,50,75,75,75,82,85,85,85,85,85,81,81,81,64,64,69,69,74,74,74,71,71,85,85,85,81,85,85,67,67,82,82,82,82,85,85,83,85,53,85,30,45,70,53,21],"gold":51,"neow_bonus":"UPGRADE_CARD","is_daily":false,"chose_seed":false,"campfire_upgraded":8,"win_rate":0.0,"timestamp":1612512848,"path_taken":["R","?","M","$","?","M","T","R","E","R","E","?","R","M","M","BOSS","R","M","M","?","?","R","T","$","R","M","R","?","?","M","M","BOSS","R","M","M","M","$","E","T","$","M","R","M","M","?","E","M","BOSS","E","$","R","BOSS","BOSS"],"items_purchased_type":["Card","Card","Card","Card","Card","Relic","Card","Card","Potion"],"build_version":"2020-12-22","purchased_purges":4,"victory":true,"max_hp_per_floor":[70,70,70,70,75,75,75,85,85,85,85,85,85,85,85,85,85,85,85,85,85,85,85,85,85,85,85,85,85,85,85,85,85,85,85,85,85,85,85,85,85,85,85,85,85,85,85,85,85,85,85,85,85,85,85,85],"card_choices":[{"not_picked":["bronze:OilSpill","bronze:Shield"],"picked":"bronze:BuggyMess","floor":3.0},{"not_picked":["bronze:DelayedSlice","bronze:DarkDash"],"picked":"bronze:SpaghettiCode","floor":4.0},{"not_picked":["bronze:DigitalCarnage","bronze:Shield"],"picked":"bronze:FollowUp","floor":6.0},{"not_picked":["bronze:Invalidate","bronze:Repulsor"],"picked":"bronze:ShipIt","floor":9.0},{"not_picked":["bronze:FineTuning","bronze:Refactor"],"picked":"bronze:Repair","floor":11.0},{"not_picked":["bronze:ItsAFeature","bronze:GetLatest"],"picked":"bronze:Flail+1","floor":12.0},{"not_picked":["bronze:Return","bronze:WhirlingStrike+1"],"picked":"bronze:WildBeam+1","floor":14.0},{"not_picked":["bronze:ForceShield","bronze:FineTuning"],"picked":"bronze:Terminator","floor":15.0},{"not_picked":["bronze:AlphaBuild+1","bronze:Assembly"],"picked":"bronze:Virus+1","floor":16.0},{"not_picked":["bronze:BitShift","bronze:NullPointer+1"],"picked":"bronze:OilSpill+1","floor":19.0},{"not_picked":["bronze:Refactor+1","bronze:DelayedGuard"],"picked":"bronze:Fortify+1","floor":20.0},{"not_picked":["bronze:Iterate+1","bronze:Flail+1"],"picked":"bronze:HardenedForm","floor":22.0},{"not_picked":["bronze:BuggyMess","bronze:Overload"],"picked":"bronze:BugBarrage+1","floor":25.0},{"not_picked":["bronze:Separator+1","bronze:MaxOutput"],"picked":"bronze:Refactor","floor":27.0},{"not_picked":["bronze:Deprecate","bronze:CutThrough+1"],"picked":"bronze:Fortify+1","floor":29.0},{"not_picked":["bronze:Deprecate","bronze:ForLoop+1"],"picked":"bronze:ChosenStrike+1","floor":31.0},{"not_picked":["bronze:Shield","bronze:BitShift"],"picked":"bronze:OilSpill+1","floor":32.0},{"not_picked":["bronze:HyperBeam+1","bronze:CleanCode"],"picked":"bronze:Mutator","floor":33.0},{"not_picked":[],"picked":"bronze:BugBarrage+1","floor":36.0},{"not_picked":[],"picked":"bronze:Separator+1","floor":37.0},{"not_picked":[],"picked":"bronze:Frontload","floor":38.0},{"not_picked":[],"picked":"bronze:InfiniteLoop+1","floor":40.0},{"not_picked":[],"picked":"bronze:BitShift+1","floor":43.0},{"not_picked":["bronze:Deprecate"],"picked":"SKIP","floor":45.0},{"not_picked":[],"picked":"bronze:Optimize+1","floor":46.0},{"not_picked":[],"picked":"bronze:Constructor","floor":48.0},{"not_picked":["bronze:Separator+1"],"picked":"SKIP","floor":49.0},{"not_picked":[],"picked":"bronze:InfiniteBeams+1","floor":52.0}],"player_experience":1662076,"relics_obtained":[{"floor":9.0,"key":"Orichalcum"},{"floor":11.0,"key":"Molten Egg 2"},{"floor":24.0,"key":"Vajra"},{"floor":30.0,"key":"MawBank"},{"floor":40.0,"key":"HornCleat"},{"floor":41.0,"key":"MealTicket"},{"floor":47.0,"key":"Unceasing Top"},{"floor":48.0,"key":"Toy Ornithopter"},{"floor":52.0,"key":"Art of War"}],"event_choices":[{"damage_healed":0.0,"max_hp_gain":5.0,"max_hp_loss":0.0,"gold_gain":0.0,"event_name":"Big Fish","player_choice":"Donut","floor":5.0,"gold_loss":0.0,"damage_taken":0.0},{"damage_healed":0.0,"max_hp_gain":0.0,"max_hp_loss":0.0,"gold_gain":0.0,"event_name":"Lab","player_choice":"Got Potions","floor":21.0,"gold_loss":0.0,"damage_taken":0.0}],"is_beta":false,"boss_relics":[{"not_picked":["Pandora\u0027s Box","SacredBark"],"picked":"bronze:MakeshiftBattery"},{"not_picked":["Coffee Dripper","Velvet Choker"],"picked":"Busted Crown"}],"items_purged_floors":[4,22,25,53],"is_endless":false,"potions_floor_spawned":[9,11,14,16,27,29,31,32,33,36,38,43,47,49],"ascension_level":0}}