{"host":"l6elh4j9kblzg1qy","time":1612517080,"event":{"mods":["BaseMod","Downfall","Minty Spire (QoL Compilation)","Replay The Spire","StSLib"],"gold_per_floor":[99,109,109,122,138,138,138,158,158,188,18,37,37,47,63,63,63,63],"floor_reached":16,"language":"SPA","playtime":975,"items_purged":[],"score":104,"play_id":"bc7e7880-2685-4279-bf9f-cfbbaa36ce74","local_time":"20210205102440","is_ascension_mode":false,"campfire_choices":[{"data":"Slimebound:CorrosiveSpit","floor":1,"key":"SMITH"},{"data":"Slimebound:Split","floor":6,"key":"SMITH"}],"circlet_count":0,"master_deck":["Slimebound:Strike_Slimebound","Slimebound:Strike_Slimebound","Slimebound:Tackle","Slimebound:Defend_Slimebound","Slimebound:Defend_Slimebound","Slimebound:Defend_Slimebound","Slimebound:Defend_Slimebound","Slimebound:Split+1","Slimebound:CorrosiveSpit+1","Slimebound:SplitAcid+1","Slimebound:RejuvenatingLick+1","Slimebound:FinishingTackle","Slimebound:GoopTackle","Slimebound:SplitLeeching","Slimebound:Prepare","Parasite","Slimebound:BestDefense","Slimebound:SpikyOuterGoop"],"relics":["Slimebound:AbsorbEndCombat","Girya","downfall:BrokenWingStatue","Centennial Puzzle","Guide Book"],"acts_visited":["Exordium"],"potions_floor_usage":[10,10,10,16,16,16],"damage_taken":[{"damage":7,"enemies":"Jaw Worm","floor":2,"turns":3},{"damage":6,"enemies":"Cultist","floor":4,"turns":3},{"damage":3,"enemies":"2 Louse","floor":5,"turns":2},{"damage":14,"enemies":"Exordium Wildlife","floor":8,"turns":3},{"damage":18,"enemies":"Lagavulin","floor":10,"turns":3},{"damage":15,"enemies":"downfall:FleeingMerchant","floor":11,"turns":4},{"damage":9,"enemies":"Exordium Thugs","floor":12,"turns":4},{"damage":15,"enemies":"2 Fungi Beasts","floor":14,"turns":2},{"damage":9,"enemies":"3 Louse","floor":15,"turns":1},{"damage":30,"enemies":"DF_ARCHETYPE_STREAMLINE","floor":16,"turns":4}],"seed_played":"-7997633322381441235","potions_obtained":[{"floor":4,"key":"Weak Potion"},{"floor":5,"key":"BlessingOfTheForge"},{"floor":8,"key":"SneckoOil"},{"floor":12,"key":"Doom Potion"},{"floor":14,"key":"SkillPotion"},{"floor":15,"key":"champ:CounterPotion"}],"is_trial":false,"path_per_floor":["R","M","?","M","M","R","T","M","?","E","$","M","?","M","M","B"],"character_chosen":"SLIMEBOUND","items_purchased":["Guide Book"],"campfire_rested":0,"item_purchase_floors":[11],"current_hp_per_floor":[71,68,68,64,61,61,61,49,49,33,22,17,34,21,16,0,0,0],"gold":63,"neow_bonus":"TEN_PERCENT_HP_BONUS","is_daily":false,"chose_seed":false,"campfire_upgraded":2,"win_rate":0.0,"timestamp":1612517080,"path_taken":["R","M","?","?","M","R","T","M","?","E","$","M","?","?","M","BOSS"],"items_purchased_type":["Relic"],"build_version":"2020-12-22","purchased_purges":0,"victory":false,"max_hp_per_floor":[71,71,71,71,71,71,71,71,71,71,71,71,71,71,71,71,71,71],"card_choices":[{"not_picked":["Slimebound:SplitMire","Slimebound:RollThrough"],"picked":"Slimebound:SplitAcid","floor":2},{"not_picked":["Slimebound:SplitAcid","Slimebound:HauntingLick"],"picked":"Slimebound:RejuvenatingLick","floor":4},{"not_picked":["Slimebound:ItLooksTasty","Slimebound:FormOfPuddle"],"picked":"Slimebound:FinishingTackle","floor":5},{"not_picked":["Slimebound:Schlurp","Slimebound:ComboTackle"],"picked":"Slimebound:GoopTackle","floor":8},{"not_picked":["Slimebound:Schlurp","Slimebound:Replication"],"picked":"Slimebound:SplitLeeching","floor":10},{"not_picked":["Slimebound:LeechLife","Slimebound:GoopTackle"],"picked":"Slimebound:Prepare","floor":11},{"not_picked":["Slimebound:LeechEnergy","Slimebound:ProtectTheBoss","Slimebound:PressTheAttack"],"picked":"SKIP","floor":12},{"not_picked":["Slimebound:SplitLeeching","Slimebound:FinishingTackle"],"picked":"Slimebound:BestDefense","floor":14},{"not_picked":["Slimebound:SamplingLick","Slimebound:Nibble"],"picked":"Slimebound:SpikyOuterGoop","floor":15}],"player_experience":73850,"relics_obtained":[{"floor":7,"key":"Girya"},{"floor":10,"key":"Centennial Puzzle"}],"event_choices":[{"cards_removed":["Slimebound:Strike_Slimebound"],"damage_healed":0,"gold_gain":0,"player_choice":"Offered Basic","damage_taken":0,"max_hp_gain":0,"max_hp_loss":0,"event_name":"Bonfire Elementals","floor":3,"gold_loss":0},{"damage_healed":17,"gold_gain":0,"player_choice":"Healed and dodged fight","damage_taken":0,"max_hp_gain":0,"max_hp_loss":0,"event_name":"Mushrooms","floor":13,"gold_loss":0,"cards_obtained":["Parasite"]}],"is_beta":false,"boss_relics":[],"items_purged_floors":[],"is_endless":false,"potions_floor_spawned":[4,5,8,12,14,15],"killed_by":"DF_ARCHETYPE_STREAMLINE","ascension_level":0}}