{"host":"1q02rw1wpi0nrsss","time":1612546215,"event":{"mods":["AchievementEnabler","BaseMod","Better Note","Custom Start","Dark Map","DeckTracker","Disable Question Mark Monsters","Hermit","Minty Spire (QoL Compilation)","Permanent Neow","Quick Restart","Rare Cards Sparkle","Relic Stats","StSLib","??????REMEMod"],"gold_per_floor":[110,110,110,110,124,164,176,226,238,327,357,369,8,32,32,157,157,177,177,190,206,229,229,249,249,249,249,274,28,44,78,78,206,206,229,244,19,19,43,43,84,84,110,154,32,32,32,7,7,7,7],"floor_reached":50,"language":"ENG","playtime":2186,"items_purged":["Regret","Strike_R"],"score":719,"play_id":"aeb71b7c-e672-4490-b8ad-15a177457933","local_time":"20210205093015","is_ascension_mode":true,"campfire_choices":[{"data":"Whirlwind","floor":7,"key":"SMITH"},{"data":"REME_ACTH","floor":12,"key":"SMITH"},{"data":"Shrug It Off","floor":15,"key":"SMITH"},{"data":"True Grit","floor":23,"key":"SMITH"},{"data":"Battle Trance","floor":27,"key":"SMITH"},{"data":"Shockwave","floor":32,"key":"SMITH"},{"data":"Bash","floor":40,"key":"SMITH"},{"floor":42,"key":"REST"},{"floor":46,"key":"REST"},{"floor":49,"key":"REST"}],"circlet_count":0,"master_deck":["Strike_R+1","Strike_R+1","Strike_R","Strike_R","Defend_R","Defend_R","Defend_R","Defend_R","Bash+1","REME_TheLastStrike","Fiend Fire","Whirlwind+1","REME_ACTH+1","Shrug It Off+1","Battle Trance+1","Disarm","True Grit+1","Shockwave+1","Feed+1"],"relics":["Burning Blood","REME_ComplimentaryCards","Golden Idol","InkBottle","MawBank","Matryoshka","Potion Belt","Tiny Chest","White Beast Statue","Mark of Pain","Orichalcum","Sundial","Anchor","Molten Egg 2","SacredBark","Membership Card","Blood Vial","REME_LimitBreaker","Omamori","Ancient Tea Set","HornCleat","Bronze Scales"],"acts_visited":["Exordium","TheCity","TheBeyond"],"potions_floor_usage":[8,14,16,16,20,21,21,22,24,30,33,33,36,39,39,41,41,44,50,50],"damage_taken":[{"damage":5,"enemies":"Small Slimes","floor":1,"turns":4},{"damage":2,"enemies":"2 Louse","floor":5,"turns":2},{"damage":8,"enemies":"Gremlin Nob","floor":6,"turns":3},{"damage":15,"enemies":"3 Sentries","floor":8,"turns":4},{"damage":0,"enemies":"Cultist","floor":11,"turns":2},{"damage":0,"enemies":"Exordium Thugs","floor":14,"turns":1},{"damage":0,"enemies":"Hexaghost","floor":16,"turns":6},{"damage":7,"enemies":"2 Thieves","floor":18,"turns":3},{"damage":6,"enemies":"3 Byrds","floor":20,"turns":5},{"damage":30,"enemies":"Snake Plant","floor":21,"turns":6},{"damage":0,"enemies":"3 Cultists","floor":22,"turns":3},{"damage":24,"enemies":"Centurion and Healer","floor":24,"turns":6},{"damage":6,"enemies":"Snecko","floor":28,"turns":3},{"damage":2,"enemies":"3 Cultists","floor":30,"turns":4},{"damage":5,"enemies":"Slavers","floor":31,"turns":2},{"damage":39,"enemies":"Collector","floor":33,"turns":9},{"damage":0,"enemies":"Orb Walker","floor":35,"turns":2},{"damage":12,"enemies":"3 Darklings","floor":36,"turns":3},{"damage":25,"enemies":"Writhing Mass","floor":39,"turns":15},{"damage":32,"enemies":"Giant Head","floor":41,"turns":9},{"damage":79,"enemies":"Reptomancer","floor":44,"turns":12},{"damage":81,"enemies":"Awakened One","floor":50,"turns":19}],"seed_played":"-5061984798136446843","potions_obtained":[{"floor":6,"key":"EssenceOfSteel"},{"floor":8,"key":"Ancient Potion"},{"floor":11,"key":"ColorlessPotion"},{"floor":14,"key":"SteroidPotion"},{"floor":16,"key":"EssenceOfSteel"},{"floor":18,"key":"LiquidMemories"},{"floor":20,"key":"Dexterity Potion"},{"floor":21,"key":"BlessingOfTheForge"},{"floor":22,"key":"SkillPotion"},{"floor":24,"key":"SneckoOil"},{"floor":28,"key":"SpeedPotion"},{"floor":30,"key":"Fruit Juice"},{"floor":31,"key":"SteroidPotion"},{"floor":33,"key":"ColorlessPotion"},{"floor":35,"key":"ElixirPotion"},{"floor":36,"key":"ColorlessPotion"},{"floor":39,"key":"REME_GoldPotion"},{"floor":41,"key":"Fire Potion"},{"floor":44,"key":"Swift Potion"}],"is_trial":false,"path_per_floor":["M","?","?","?","M","E","R","E","T","?","M","R","$","M","R","B",null,"M","?","M","M","M","R","M","?","T","R","M","$","M","E","R","B",null,"M","M","$","T","M","R","E","R","T","E","$","R","T","$","R","B"],"character_chosen":"IRONCLAD","items_purchased":["White Beast Statue","SteroidPotion","Anchor","Membership Card","Blood Vial","HornCleat","Energy Potion"],"campfire_rested":3,"item_purchase_floors":[13,13,29,37,37,45,48],"current_hp_per_floor":[80,60,48,32,36,34,34,25,25,25,31,31,31,37,37,43,80,79,79,79,55,61,61,43,90,90,90,90,90,90,90,90,57,90,90,84,84,84,67,67,53,83,83,12,12,42,42,42,72,0,0],"gold":7,"neow_bonus":"THREE_RARE_CARDS","is_daily":false,"chose_seed":false,"campfire_upgraded":7,"win_rate":0.0,"timestamp":1612546215,"path_taken":["M","?","?","?","M","E","R","E","T","?","M","R","$","M","R","BOSS","M","?","M","M","M","R","M","?","T","R","M","$","M","E","R","BOSS","M","M","$","?","M","R","E","R","T","E","$","R","?","$","R","BOSS"],"items_purchased_type":["Relic","Potion","Relic","Relic","Relic","Relic","Potion"],"build_version":"2020-12-22","purchased_purges":2,"victory":false,"max_hp_per_floor":[80,80,80,80,80,80,80,80,80,80,80,80,80,80,80,80,80,80,80,80,80,80,80,80,90,90,90,90,90,90,90,90,90,90,90,90,90,90,90,90,100,100,100,100,100,100,100,100,100,104,104],"relic_stats":{"Blood Vial":8,"counters":[22,123],"Golden Idol":143,"Sundial":[32],"Bronze Scales":[105],"Tiny Chest":1,"Orichalcum":[78],"MawBank":84,"obtain_stats":[{"Potion Belt":9,"Golden Idol":2,"SacredBark":34,"Omamori":43,"Orichalcum":26,"REME_LimitBreaker":41,"MawBank":6,"Ancient Tea Set":44,"Burning Blood":0,"White Beast Statue":13,"Blood Vial":37,"Anchor":29,"Matryoshka":8,"HornCleat":45,"Sundial":26,"Bronze Scales":47,"Tiny Chest":9,"Molten Egg 2":31,"Mark of Pain":17,"Membership Card":37,"InkBottle":3,"REME_ComplimentaryCards":0},{"Potion Belt":4,"Golden Idol":1,"SacredBark":16,"Omamori":20,"Orichalcum":12,"REME_LimitBreaker":20,"MawBank":3,"Ancient Tea Set":21,"Burning Blood":0,"White Beast Statue":5,"Blood Vial":18,"Anchor":13,"Matryoshka":4,"HornCleat":21,"Sundial":12,"Bronze Scales":21,"Tiny Chest":4,"Molten Egg 2":15,"Mark of Pain":7,"Membership Card":18,"InkBottle":1,"REME_ComplimentaryCards":0},{"Potion Belt":13,"Golden Idol":4,"SacredBark":63,"Omamori":92,"Orichalcum":45,"REME_LimitBreaker":92,"MawBank":9,"Ancient Tea Set":104,"Burning Blood":0,"White Beast Statue":15,"Blood Vial":68,"Anchor":48,"Matryoshka":13,"HornCleat":104,"Sundial":45,"Bronze Scales":104,"Tiny Chest":13,"Molten Egg 2":54,"Mark of Pain":22,"Membership Card":68,"InkBottle":4,"REME_ComplimentaryCards":0}],"Burning Blood":114,"InkBottle":[28]},"card_choices":[{"not_picked":["Double Tap","Berserk"],"picked":"Fiend Fire","floor":0},{"not_picked":["Anger","Heavy Blade","Clash"],"picked":"SKIP","floor":1},{"not_picked":["Cleave","Heavy Blade"],"picked":"Whirlwind","floor":5},{"not_picked":["Twin Strike","Perfected Strike"],"picked":"REME_ACTH","floor":6},{"not_picked":["Wild Strike","Cleave","Flex"],"picked":"SKIP","floor":8},{"not_picked":["Inflame","Shockwave"],"picked":"Shrug It Off","floor":11},{"not_picked":["Disarm","Fire Breathing","Whirlwind"],"picked":"SKIP","floor":14},{"not_picked":["Berserk","REME_ACTH"],"picked":"Barricade","floor":16},{"not_picked":["Armaments","Anger","REME_SingleHolding+1"],"picked":"SKIP","floor":18},{"not_picked":["Armaments","Headbutt"],"picked":"Disarm","floor":20},{"not_picked":["Cleave","Second Wind+1","Heavy Blade"],"picked":"SKIP","floor":21},{"not_picked":["Sentinel","Havoc"],"picked":"True Grit","floor":22},{"not_picked":["REME_ACTH","Pommel Strike"],"picked":"Shockwave","floor":24},{"not_picked":["Thunderclap+1","Perfected Strike","Headbutt"],"picked":"SKIP","floor":28},{"not_picked":["Clash+1","Shrug It Off+1","Twin Strike"],"picked":"SKIP","floor":30},{"not_picked":["Infernal Blade","Reckless Charge+1","Entrench"],"picked":"SKIP","floor":31},{"not_picked":["Wild Strike+1","Heavy Blade+1","Clash+1"],"picked":"SKIP","floor":35},{"not_picked":["True Grit","Metallicize"],"picked":"Feed+1","floor":36},{"not_picked":["Twin Strike+1","Body Slam+1","Perfected Strike+1"],"picked":"SKIP","floor":39},{"not_picked":["Evolve","Infernal Blade+1","Anger+1"],"picked":"SKIP","floor":41},{"not_picked":["Clothesline+1","True Grit","REME_Cut"],"picked":"SKIP","floor":44}],"player_experience":88130,"relics_obtained":[{"floor":6,"key":"MawBank"},{"floor":8,"key":"Matryoshka"},{"floor":9,"key":"Potion Belt"},{"floor":9,"key":"Tiny Chest"},{"floor":26,"key":"Orichalcum"},{"floor":26,"key":"Sundial"},{"floor":31,"key":"Molten Egg 2"},{"floor":41,"key":"REME_LimitBreaker"},{"floor":43,"key":"Omamori"},{"floor":44,"key":"Ancient Tea Set"},{"floor":47,"key":"Bronze Scales"}],"event_choices":[{"damage_healed":0,"gold_gain":0,"player_choice":"Take Damage","damage_taken":20,"relics_obtained":["Golden Idol"],"max_hp_gain":0,"max_hp_loss":0,"event_name":"Golden Idol","floor":2,"gold_loss":0},{"damage_healed":0,"gold_gain":0,"player_choice":"Success","damage_taken":12,"relics_obtained":["InkBottle"],"max_hp_gain":0,"max_hp_loss":0,"event_name":"Scrap Ooze","floor":3,"gold_loss":0},{"damage_healed":0,"gold_gain":0,"player_choice":"Entered Light","damage_taken":16,"max_hp_gain":0,"max_hp_loss":0,"event_name":"Shining Light","floor":4,"gold_loss":0,"cards_upgraded":["Strike_R","Strike_R"]},{"damage_healed":0,"gold_gain":77,"player_choice":"Gained Gold","damage_taken":0,"max_hp_gain":0,"max_hp_loss":0,"event_name":"Golden Wing","floor":10,"gold_loss":0},{"damage_healed":0,"gold_gain":0,"player_choice":"Read","damage_taken":0,"max_hp_gain":0,"max_hp_loss":0,"event_name":"The Library","floor":19,"gold_loss":0,"cards_obtained":["Battle Trance"]},{"cards_removed":["Barricade"],"damage_healed":37,"gold_gain":0,"player_choice":"Offered Rare","damage_taken":0,"max_hp_gain":10,"max_hp_loss":0,"event_name":"Bonfire Elementals","floor":25,"gold_loss":0}],"is_beta":false,"boss_relics":[{"not_picked":["Sozu","Ectoplasm"],"picked":"Mark of Pain"},{"not_picked":["Coffee Dripper","Runic Cube"],"picked":"SacredBark"}],"items_purged_floors":[13,29],"is_endless":false,"potions_floor_spawned":[6,8,11,14,16,18,20,21,22,24,28,30,31,33,35,36,39,41,44],"killed_by":"Awakened One","ascension_level":4}}