{"host":"6rz02yiipefhcw4r","time":1612510038,"event":{"mods":["2.2 Compatiblity","Arknights","BaseMod","Better Match","Better Third Choice","Better Vampires","BetterRewards","Block Reminder","Colored Map","Curses Come First","DeckTracker","Googly Eyes","Hubris","Minty Spire (QoL Compilation)","Quick Restart","Rare Cards Sparkle","Reliquary","Shade Mod","Spicy Shops","StSLib","The Bladedancer","The Cursed","The Marked","The Necromancer","The Runesmith"],"gold_per_floor":[111,127,127,127,6,6,39,57,130,130,130],"floor_reached":10,"language":"ENG","playtime":269,"items_purged":[],"score":132,"play_id":"502c8410-3e81-4ccb-aee6-cfdbe7fea31a","local_time":"20210205052718","is_ascension_mode":true,"campfire_choices":[{"floor":6.0,"key":"REST"}],"circlet_count":0,"master_deck":["AscendersBane","Strike_G","Strike_G","Strike_G","Strike_G","Strike_G","Defend_G","Defend_G","Defend_G","Defend_G+1","Defend_G","Survivor","Neutralize+1","PiercingWail","PiercingWail","Predator","Heel Hook"],"relics":["reliquary:WritOfMandamus","hubris:Icosahedron","Dream Catcher","InkBottle"],"acts_visited":["Exordium"],"potions_floor_usage":[],"damage_taken":[{"damage":3.0,"enemies":"Small Slimes","floor":1.0,"turns":5.0},{"damage":14.0,"enemies":"Jaw Worm","floor":2.0,"turns":6.0},{"damage":27.0,"enemies":"3 Sentries","floor":7.0,"turns":8.0},{"damage":0.0,"enemies":"2 Louse","floor":8.0,"turns":2.0},{"damage":0,"enemies":"Gremlin Nob","floor":10,"turns":1}],"seed_played":"-4691715538730648603","potions_obtained":[{"floor":1.0,"key":"Strength Potion"}],"is_trial":false,"path_per_floor":["M","M","?","?","$","R","E","M","T","E"],"character_chosen":"THE_SILENT","items_purchased":["PiercingWail","Predator"],"campfire_rested":1,"item_purchase_floors":[5,5],"current_hp_per_floor":[56,42,42,22,22,41,14,14,14,14,14],"gold":130,"neow_bonus":"BOSS_RELIC","is_daily":false,"chose_seed":false,"campfire_upgraded":0,"win_rate":0.0,"timestamp":1612510038,"path_taken":["M","M","?","?","?","R","E","?","T","E"],"items_purchased_type":["Card","Card"],"build_version":"2020-12-22","purchased_purges":0,"victory":false,"max_hp_per_floor":[66,66,66,66,66,66,66,66,66,66,66],"card_choices":[{"not_picked":["Masterful Stab","Dodge and Roll","hubris:SlightOfHand"],"picked":"SKIP","floor":1.0},{"not_picked":["Wraith Form v2","Dodge and Roll"],"picked":"PiercingWail","floor":2.0},{"not_picked":["Blur","Cloak And Dagger"],"picked":"Heel Hook","floor":7.0},{"not_picked":["Bane","hubris:Sniper","Reflex"],"picked":"SKIP","floor":8.0}],"player_experience":806238,"relics_obtained":[{"floor":7.0,"key":"Dream Catcher"},{"floor":9.0,"key":"InkBottle"}],"event_choices":[{"damage_healed":42.0,"max_hp_gain":0.0,"max_hp_loss":66.0,"gold_gain":0.0,"event_name":"betterThird:BetterShining","player_choice":"Upgrade","floor":4.0,"gold_loss":0.0,"damage_taken":20.0,"cards_upgraded":["Defend_G","Neutralize"]}],"is_beta":false,"boss_relics":[],"items_purged_floors":[],"is_endless":false,"potions_floor_spawned":[1],"killed_by":"Gremlin Nob","ascension_level":20}}