{"host":"zlryddw6xv0ljf8b","time":1612529230,"event":{"mods":["AchievementEnabler","BaseMod","Colored Map","Colored Powertips","Highlight Path","Minty Spire (QoL Compilation)","Permanent Neow","Quick Restart","StSLib"],"gold_per_floor":[113,1,13,13,25,25,60,60,85,85,160,173,5,23,23,123,123,137,151,163,163,183,183,194,194,194,96,116,149,149,159,159,261,261,277,277,296,316,28,55,55,55,55,82,6,6,26,26,26,26],"floor_reached":51,"language":"ENG","playtime":2978,"items_purged":["Pray"],"score":747,"play_id":"e13cde9c-50bf-4788-a208-19e7f68e85a5","local_time":"20210205064710","is_ascension_mode":false,"campfire_choices":[{"data":"Eruption","floor":6.0,"key":"SMITH"},{"floor":8.0,"key":"REST"},{"floor":10.0,"key":"REST"},{"data":"Apotheosis","floor":15.0,"key":"SMITH"},{"floor":23.0,"key":"REST"},{"data":"Study","floor":30.0,"key":"SMITH"},{"floor":32.0,"key":"REST"},{"floor":42,"key":"REST"},{"data":"Vault","floor":49,"key":"SMITH"}],"circlet_count":0,"master_deck":["Strike_P","Strike_P","Strike_P","Strike_P","Defend_P","Defend_P","Defend_P","Defend_P","Eruption+1","Vigilance","InnerPeace","Consecrate","Protect","EmptyFist","Apotheosis+1","Crescendo","Vault+1","PathToVictory+1","PathToVictory","Evaluate","PathToVictory+1","ClearTheMind","PathToVictory","Study+1","DevaForm","LikeWater+1"],"relics":["PureWater","TungstenRod","Art of War","Ice Cream","MealTicket","VioletLotus","Letter Opener","Bag of Preparation","SlaversCollar","Toxic Egg 2","Pocketwatch","Happy Flower"],"acts_visited":["Exordium","TheCity","TheBeyond"],"potions_floor_usage":[38,50,50],"damage_taken":[{"damage":0.0,"enemies":"Cultist","floor":1.0,"turns":3.0},{"damage":0.0,"enemies":"2 Louse","floor":3.0,"turns":2.0},{"damage":5.0,"enemies":"Jaw Worm","floor":5.0,"turns":3.0},{"damage":44.0,"enemies":"3 Sentries","floor":7.0,"turns":9.0},{"damage":0.0,"enemies":"Red Slaver","floor":12.0,"turns":4.0},{"damage":4.0,"enemies":"Lots of Slimes","floor":14.0,"turns":4.0},{"damage":0.0,"enemies":"The Guardian","floor":16.0,"turns":9.0},{"damage":4.0,"enemies":"3 Byrds","floor":18.0,"turns":6.0},{"damage":15.0,"enemies":"Spheric Guardian","floor":19.0,"turns":5.0},{"damage":18.0,"enemies":"Snake Plant","floor":20.0,"turns":4.0},{"damage":0.0,"enemies":"Snecko","floor":22.0,"turns":6.0},{"damage":8.0,"enemies":"Cultist and Chosen","floor":24.0,"turns":4.0},{"damage":8.0,"enemies":"Sentry and Sphere","floor":28.0,"turns":7.0},{"damage":11.0,"enemies":"Slavers","floor":29.0,"turns":5.0},{"damage":13.0,"enemies":"Snake Plant","floor":31.0,"turns":3.0},{"damage":49.0,"enemies":"Automaton","floor":33.0,"turns":9.0},{"damage":9.0,"enemies":"Orb Walker","floor":35.0,"turns":4.0},{"damage":0.0,"enemies":"3 Shapes","floor":37.0,"turns":2.0},{"damage":22,"enemies":"Writhing Mass","floor":38,"turns":4},{"damage":44,"enemies":"Reptomancer","floor":40,"turns":6},{"damage":5,"enemies":"3 Darklings","floor":47,"turns":4},{"damage":38,"enemies":"Awakened One","floor":50,"turns":11}],"seed_played":"1436773464805468030","potions_obtained":[{"floor":1.0,"key":"DuplicationPotion"},{"floor":7.0,"key":"Fire Potion"},{"floor":12.0,"key":"Strength Potion"},{"floor":14.0,"key":"EssenceOfSteel"},{"floor":16.0,"key":"Weak Potion"},{"floor":19.0,"key":"EssenceOfSteel"},{"floor":24.0,"key":"AttackPotion"},{"floor":28.0,"key":"PowerPotion"},{"floor":31.0,"key":"CultistPotion"},{"floor":35.0,"key":"DistilledChaos"},{"floor":40,"key":"LiquidMemories"}],"is_trial":false,"path_per_floor":["M","?","M","$","M","R","E","R","T","R","?","M","$","M","R","B",null,"M","M","M","?","M","R","M","?","T","$","M","E","R","M","R","B",null,"M","?","M","M","$","E","?","R","T","T","$","?","M","$","R","B",null],"character_chosen":"WATCHER","items_purchased":["Apotheosis","PathToVictory","Toxic Egg 2","SkillPotion","LikeWater"],"campfire_rested":5,"item_purchase_floors":[13,27,39,39,45],"current_hp_per_floor":[51,51,51,51,46,46,2,23,23,44,34,34,49,45,45,45,72,68,53,35,35,35,56,48,48,48,63,55,44,44,31,52,3,72,63,63,63,41,56,12,12,32,32,32,47,47,42,57,57,19],"gold":26,"neow_bonus":"ONE_RARE_RELIC","is_daily":false,"chose_seed":false,"campfire_upgraded":4,"win_rate":0.0,"timestamp":1612529230,"path_taken":["M","?","M","?","M","R","E","R","T","R","?","?","?","M","R","BOSS","M","?","M","?","M","R","?","?","T","$","M","E","R","M","R","BOSS","M","?","M","M","$","E","?","R","T","?","$","?","M","$","R","BOSS"],"items_purchased_type":["Card","Card","Relic","Potion","Card"],"build_version":"2020-12-22","purchased_purges":1,"victory":true,"max_hp_per_floor":[72,72,72,72,72,72,72,72,72,72,72,72,72,72,72,72,72,72,72,72,72,72,72,72,72,72,72,72,72,72,72,72,72,72,72,68,68,68,68,68,68,68,68,68,68,68,68,68,68,68],"card_choices":[{"not_picked":["EmptyBody","Weave"],"picked":"InnerPeace","floor":1.0},{"not_picked":["CrushJoints","SashWhip"],"picked":"Consecrate","floor":3.0},{"not_picked":["Consecrate","Protect"],"picked":"Pray","floor":5.0},{"not_picked":["MentalFortress","Ragnarok"],"picked":"Protect","floor":7.0},{"not_picked":["ThirdEye","Halt"],"picked":"EmptyFist","floor":12.0},{"not_picked":["ThirdEye","Halt"],"picked":"Crescendo","floor":14.0},{"not_picked":["Wish","SpiritShield"],"picked":"Vault","floor":16.0},{"not_picked":["Evaluate","Weave+1"],"picked":"PathToVictory+1","floor":18.0},{"not_picked":["Nirvana","Prostrate"],"picked":"PathToVictory","floor":19.0},{"not_picked":["Swivel+1","Halt"],"picked":"Evaluate","floor":20.0},{"not_picked":["Consecrate+1","EmptyBody","Crescendo"],"picked":"SKIP","floor":22.0},{"not_picked":["TalkToTheHand+1","Protect"],"picked":"ClearTheMind","floor":24.0},{"not_picked":["Nirvana","Pray+1","Conclude+1"],"picked":"SKIP","floor":28.0},{"not_picked":["BattleHymn","Conclude"],"picked":"Study","floor":29.0},{"not_picked":["JustLucky+1","FollowUp","ThirdEye"],"picked":"SKIP","floor":31.0},{"not_picked":["Devotion","Judgement"],"picked":"DevaForm","floor":33.0},{"not_picked":["Consecrate","FollowUp+1","Worship"],"picked":"SKIP","floor":35.0},{"not_picked":["MentalFortress","CutThroughFate","ThirdEye"],"picked":"SKIP","floor":37.0},{"not_picked":["Prostrate+1","WindmillStrike","SashWhip"],"picked":"SKIP","floor":38},{"not_picked":["ThirdEye+1","Study","SashWhip+1"],"picked":"SKIP","floor":40},{"not_picked":["CutThroughFate+1","CarveReality","Evaluate+1"],"picked":"SKIP","floor":47}],"player_experience":70000,"relics_obtained":[{"floor":7.0,"key":"Ice Cream"},{"floor":9.0,"key":"MealTicket"},{"floor":26.0,"key":"Letter Opener"},{"floor":29.0,"key":"Bag of Preparation"},{"floor":40,"key":"Pocketwatch"},{"floor":44,"key":"Happy Flower"}],"event_choices":[{"damage_healed":0.0,"max_hp_gain":0.0,"max_hp_loss":0.0,"gold_gain":0.0,"event_name":"WeMeetAgain","player_choice":"Paid Gold","floor":2.0,"gold_loss":112.0,"damage_taken":0.0,"relics_obtained":["Art of War"]},{"damage_healed":0.0,"max_hp_gain":0.0,"max_hp_loss":0.0,"gold_gain":75.0,"event_name":"World of Goop","player_choice":"Gather Gold","floor":11.0,"gold_loss":0.0,"damage_taken":11.0},{"damage_healed":0.0,"max_hp_gain":0.0,"max_hp_loss":0.0,"gold_gain":0.0,"event_name":"Duplicator","player_choice":"Copied","floor":21.0,"gold_loss":0.0,"damage_taken":0.0,"cards_obtained":["PathToVictory"]},{"damage_healed":0.0,"max_hp_gain":0.0,"max_hp_loss":0.0,"gold_gain":0.0,"event_name":"Cursed Tome","player_choice":"Ignored","floor":25.0,"gold_loss":0.0,"damage_taken":0.0},{"damage_healed":0.0,"max_hp_gain":0.0,"max_hp_loss":4.0,"gold_gain":0.0,"event_name":"Winding Halls","player_choice":"Max HP","floor":36.0,"gold_loss":0.0,"damage_taken":0.0},{"damage_healed":0,"gold_gain":0,"player_choice":"Ignored","damage_taken":0,"max_hp_gain":0,"max_hp_loss":0,"event_name":"Tomb of Lord Red Mask","floor":41,"gold_loss":0},{"damage_healed":0,"gold_gain":0,"player_choice":"Upgraded","damage_taken":0,"max_hp_gain":0,"max_hp_loss":0,"event_name":"Upgrade Shrine","floor":46,"gold_loss":0,"cards_upgraded":["LikeWater"]}],"is_beta":false,"boss_relics":[{"not_picked":["Snecko Eye","Busted Crown"],"picked":"VioletLotus"},{"not_picked":["HolyWater","SacredBark"],"picked":"SlaversCollar"}],"items_purged_floors":[27],"is_endless":false,"potions_floor_spawned":[1,7,12,14,16,19,24,28,31,35,40],"ascension_level":0}}