{"host":"j4g6ia6asvpyu2b0","time":1612566323,"event":{"mods":["BaseMod","Colored Map","Downfall","Minty Spire (QoL Compilation)","Permanent Neow","Quick Restart","Relic Stats","StSLib","Unceasing Turn Reminder"],"gold_per_floor":[99,119,119,130,130,163,163,179,193,193,138,172,172,172,191,191,191,191],"floor_reached":16,"language":"ENG","playtime":557,"items_purged":[],"score":110,"play_id":"2ed25f22-6fcb-4a5f-93b8-4f1625529467","local_time":"20210205160523","is_ascension_mode":false,"campfire_choices":[{"data":"bronze:AlphaBuild","floor":1,"key":"SMITH"},{"data":"bronze:Spike","floor":10,"key":"SMITH"},{"floor":13,"key":"REST"}],"circlet_count":0,"master_deck":["bronze:Strike+1","bronze:Strike+1","bronze:Strike","bronze:Strike","bronze:Defend","bronze:Defend","bronze:Defend+1","bronze:Defend","bronze:Replicate","bronze:Goto","bronze:AlphaBuild+1","bronze:ClassDefault","downfall:Malfunctioning","bronze:FollowUp","bronze:Spike+1","bronze:Shield","bronze:AlphaBuild","bronze:ChildClass","bronze:RecursiveStrike","bronze:Repulsor"],"relics":["bronze:BronzeCore","Potion Belt","Singing Bowl","Boot","Unceasing Top"],"acts_visited":["Exordium"],"potions_floor_usage":[12],"damage_taken":[{"damage":0,"enemies":"Small Slimes","floor":2,"turns":2},{"damage":0,"enemies":"2 Louse","floor":4,"turns":2},{"damage":23,"enemies":"2 Louse","floor":5,"turns":4},{"damage":11,"enemies":"Lagavulin","floor":6,"turns":7},{"damage":0,"enemies":"Cultist","floor":8,"turns":2},{"damage":0,"enemies":"Exordium Wildlife","floor":9,"turns":2},{"damage":10,"enemies":"downfall:FleeingMerchant","floor":11,"turns":4},{"damage":27,"enemies":"3 Sentries","floor":12,"turns":8},{"damage":6,"enemies":"Large Slime","floor":15,"turns":3},{"damage":23,"enemies":"WA_ARCHETYPE_RETAIN","floor":16,"turns":5}],"seed_played":"3241384805384144622","potions_obtained":[{"floor":4,"key":"bronze:FreeFunctionsPotion"},{"floor":6,"key":"BlessingOfTheForge"},{"floor":9,"key":"Fire Potion"},{"floor":15,"key":"champ:CounterPotion"}],"is_trial":false,"path_per_floor":["R","M","?","M","?","E","T","M","M","R","$","E","R","?","M","B"],"character_chosen":"THE_AUTOMATON","items_purchased":["bronze:Repulsor"],"campfire_rested":1,"item_purchase_floors":[11],"current_hp_per_floor":[70,70,70,70,47,36,36,36,38,38,28,3,25,18,14,0,0,0],"gold":191,"neow_bonus":"ONE_RANDOM_RARE_CARD","is_daily":false,"chose_seed":false,"campfire_upgraded":2,"win_rate":0.0,"timestamp":1612566323,"path_taken":["R","M","?","M","?","E","T","M","M","R","$","E","R","?","M","BOSS"],"items_purchased_type":["Card"],"build_version":"2020-12-22","purchased_purges":0,"victory":false,"max_hp_per_floor":[70,70,70,70,70,70,70,70,72,72,72,74,74,74,76,76,76,76],"relic_stats":{"Singing Bowl":6,"counters":[10,39],"Boot":[7],"obtain_stats":[{"Potion Belt":6,"bronze:BronzeCore":0,"Singing Bowl":7,"Boot":12,"Unceasing Top":14},{"Potion Belt":4,"bronze:BronzeCore":0,"Singing Bowl":4,"Boot":8,"Unceasing Top":8},{"Potion Belt":15,"bronze:BronzeCore":0,"Singing Bowl":15,"Boot":31,"Unceasing Top":31}],"Unceasing Top":[2]},"card_choices":[{"not_picked":["bronze:BuggyMess","bronze:Branch"],"picked":"bronze:ClassDefault","floor":2},{"not_picked":["bronze:Fortify","bronze:Backtrace"],"picked":"bronze:FollowUp","floor":4},{"not_picked":[],"picked":"bronze:Spike","floor":5},{"not_picked":["bronze:Turbo","bronze:DelayedGuard"],"picked":"bronze:Shield","floor":5},{"not_picked":["bronze:Turbo","bronze:Deprecate"],"picked":"bronze:AlphaBuild","floor":6},{"not_picked":["bronze:Iterate","bronze:WildBeam"],"picked":"bronze:ChildClass","floor":8},{"not_picked":["bronze:Shell","bronze:Invalidate","bronze:OilSpill"],"picked":"Singing Bowl","floor":9},{"not_picked":["bronze:Repair","bronze:Invalidate"],"picked":"bronze:RecursiveStrike","floor":11},{"not_picked":["bronze:ChildClass","bronze:DelayedGuard","bronze:Fortify"],"picked":"Singing Bowl","floor":12},{"not_picked":["bronze:WhirlingStrike","bronze:Repulsor","bronze:Invalidate"],"picked":"Singing Bowl","floor":15}],"player_experience":1176758,"relics_obtained":[{"floor":6,"key":"Potion Belt"},{"floor":7,"key":"Singing Bowl"},{"floor":12,"key":"Boot"}],"event_choices":[{"damage_healed":0,"gold_gain":0,"player_choice":"Success","damage_taken":7,"relics_obtained":["Unceasing Top"],"max_hp_gain":0,"max_hp_loss":0,"event_name":"Scrap Ooze","floor":14,"gold_loss":0}],"is_beta":false,"boss_relics":[],"items_purged_floors":[],"is_endless":false,"potions_floor_spawned":[4,6,9,15],"killed_by":"WA_ARCHETYPE_RETAIN","ascension_level":0}}