{"host":"l4p18zw33fr8bdc3","time":1612489525,"event":{"mods":["AchievementEnabler","BaseMod","Bestiary","Block Reminder","Colored Map","Colored Powertips","Curses Come First","Minty Spire (QoL Compilation)","Quick Restart","Rare Cards Sparkle","StSLib"],"gold_per_floor":[111,130,130,142,63,93,106,120,188,263,278,304,304,320,320,424,424,442,442,461,477,489,524,541,76,376,405,423,423,423,442,442,545,545,555,231,250,267,287,287,313,313,339,354,354,366,386,486,486,486],"floor_reached":51,"language":"ENG","playtime":8293,"items_purged":["Ragnarok","Crescendo"],"score":966,"play_id":"c4a7844d-4d59-4b77-927c-e4f194e2c962","local_time":"20210204204525","is_ascension_mode":true,"campfire_choices":[{"floor":15.0,"key":"REST"},{"floor":29.0,"key":"REST"},{"floor":32,"key":"REST"},{"floor":40,"key":"RECALL"},{"data":"Blasphemy","floor":42,"key":"SMITH"},{"data":"Wallop","floor":45,"key":"SMITH"},{"floor":49,"key":"REST"}],"circlet_count":0,"master_deck":["Eruption","Vigilance+1","FlurryOfBlows+1","CutThroughFate","FlurryOfBlows+1","FearNoEvil+1","EmptyFist","Nirvana","CutThroughFate","Wireheading+1","EmptyBody","Blasphemy+1","WheelKick+1","Wallop+1","CutThroughFate","CutThroughFate+1","Vault","BowlingBash","LessonLearned","TalkToTheHand+1","RitualDagger","Wireheading+1","Adaptation+1","Protect+1","Meditate+1","CarveReality+1","Master of Strategy","Study","SashWhip+1","ThirdEye","Scrawl","Evaluate+1","WindmillStrike+1","Consecrate+1","TalkToTheHand+1","Parasite","FollowUp+1","Establishment"],"relics":["PureWater","NeowsBlessing","White Beast Statue","Matryoshka","FossilizedHelix","Pandora\u0027s Box","Bronze Scales","Frozen Eye","Strawberry","Old Coin","Ice Cream","Nloth\u0027s Gift","VioletLotus","Pen Nib","Anchor","Potion Belt"],"acts_visited":["Exordium","TheCity","TheBeyond"],"potions_floor_usage":[33,38,41,46,47,50],"damage_taken":[{"damage":0.0,"enemies":"Small Slimes","floor":1.0,"turns":1.0},{"damage":0.0,"enemies":"Cultist","floor":2.0,"turns":1.0},{"damage":0.0,"enemies":"Jaw Worm","floor":4.0,"turns":1.0},{"damage":28.0,"enemies":"Gremlin Nob","floor":6.0,"turns":5.0},{"damage":0.0,"enemies":"Large Slime","floor":7.0,"turns":4.0},{"damage":2.0,"enemies":"Lots of Slimes","floor":8.0,"turns":2.0},{"damage":31.0,"enemies":"Gremlin Gang","floor":11.0,"turns":4.0},{"damage":15.0,"enemies":"3 Sentries","floor":12.0,"turns":9.0},{"damage":1.0,"enemies":"Exordium Thugs","floor":14.0,"turns":5.0},{"damage":0.0,"enemies":"Slime Boss","floor":16.0,"turns":8.0},{"damage":0.0,"enemies":"3 Byrds","floor":18.0,"turns":4.0},{"damage":0.0,"enemies":"2 Thieves","floor":20.0,"turns":2.0},{"damage":0.0,"enemies":"Centurion and Healer","floor":21.0,"turns":6.0},{"damage":24.0,"enemies":"Sentry and Sphere","floor":22.0,"turns":7.0},{"damage":0.0,"enemies":"Book of Stabbing","floor":23.0,"turns":5.0},{"damage":0.0,"enemies":"Snake Plant","floor":24.0,"turns":6.0},{"damage":46.0,"enemies":"Gremlin Leader","floor":27.0,"turns":7.0},{"damage":5.0,"enemies":"Cultist and Chosen","floor":28.0,"turns":6.0},{"damage":0.0,"enemies":"Centurion and Healer","floor":31.0,"turns":6.0},{"damage":42,"enemies":"Collector","floor":33,"turns":11},{"damage":0,"enemies":"Orb Walker","floor":35,"turns":2},{"damage":0,"enemies":"3 Shapes","floor":37,"turns":6},{"damage":6,"enemies":"Maw","floor":38,"turns":8},{"damage":18,"enemies":"Writhing Mass","floor":39,"turns":6},{"damage":10,"enemies":"Nemesis","floor":41,"turns":9},{"damage":11,"enemies":"Spire Growth","floor":44,"turns":5},{"damage":6,"enemies":"Jaw Worm Horde","floor":46,"turns":4},{"damage":16,"enemies":"Writhing Mass","floor":47,"turns":8},{"damage":25,"enemies":"Time Eater","floor":50,"turns":10}],"seed_played":"-952458993872813109","potions_obtained":[{"floor":1.0,"key":"SkillPotion"},{"floor":6.0,"key":"Explosive Potion"},{"floor":7.0,"key":"BottledMiracle"},{"floor":11.0,"key":"Swift Potion"},{"floor":12.0,"key":"Strength Potion"},{"floor":14.0,"key":"DistilledChaos"},{"floor":16.0,"key":"ColorlessPotion"},{"floor":18.0,"key":"Fire Potion"},{"floor":22.0,"key":"LiquidBronze"},{"floor":23.0,"key":"SneckoOil"},{"floor":24.0,"key":"PowerPotion"},{"floor":27.0,"key":"Dexterity Potion"},{"floor":28.0,"key":"BottledMiracle"},{"floor":31.0,"key":"Fire Potion"},{"floor":33,"key":"Weak Potion"},{"floor":35,"key":"PowerPotion"},{"floor":38,"key":"SmokeBomb"},{"floor":39,"key":"Weak Potion"},{"floor":41,"key":"ColorlessPotion"},{"floor":44,"key":"BottledMiracle"},{"floor":46,"key":"Energy Potion"},{"floor":47,"key":"Fire Potion"}],"is_trial":false,"path_per_floor":["M","M","?","M","$","E","M","M","T","T","M","E","?","M","R","B",null,"M","?","M","M","M","E","M","$","T","E","M","R","?","M","R","B",null,"M","$","M","M","M","R","E","R","T","M","R","M","M","?","R","B",null],"character_chosen":"WATCHER","items_purchased":["FearNoEvil","Frozen Eye","Master of Strategy","Study","Pen Nib","WindmillStrike"],"campfire_rested":4,"item_purchase_floors":[5,25,25,25,36,36],"current_hp_per_floor":[72,72,72,72,72,54,54,52,52,52,21,6,6,5,29,29,82,82,76,76,76,52,52,52,52,59,13,8,34,34,34,60,18,89,89,89,89,83,65,65,55,55,55,44,44,38,22,22,48,23],"gold":486,"neow_bonus":"THREE_ENEMY_KILL","is_daily":false,"chose_seed":false,"campfire_upgraded":2,"win_rate":0.0,"timestamp":1612489525,"path_taken":["M","M","?","?","$","E","M","M","T","?","M","E","?","M","R","BOSS","M","?","M","M","M","E","M","$","T","E","M","R","?","M","R","BOSS","M","$","M","M","M","R","E","R","T","M","R","?","M","?","R","BOSS"],"items_purchased_type":["Card","Relic","Card","Card","Relic","Card"],"build_version":"2020-12-22","purchased_purges":2,"victory":true,"max_hp_per_floor":[72,72,72,72,72,82,82,82,82,82,82,82,82,82,82,82,82,82,82,82,82,82,82,82,82,89,89,89,89,89,89,89,89,89,89,89,89,89,89,89,89,89,89,89,89,89,89,89,89,89],"card_choices":[{"not_picked":["WreathOfFlame","JustLucky"],"picked":"FlurryOfBlows","floor":1.0},{"not_picked":["Crescendo","CarveReality"],"picked":"CutThroughFate","floor":2.0},{"not_picked":["WaveOfTheHand","BowlingBash"],"picked":"FlurryOfBlows","floor":4.0},{"not_picked":["Crescendo","EmptyMind"],"picked":"EmptyFist","floor":6.0},{"not_picked":["Conclude","CutThroughFate"],"picked":"Ragnarok","floor":7.0},{"not_picked":["FollowUp","SashWhip"],"picked":"Nirvana","floor":8.0},{"not_picked":["ThirdEye","ClearTheMind"],"picked":"CutThroughFate","floor":11.0},{"not_picked":["Swivel","CrushJoints"],"picked":"Wireheading","floor":12.0},{"not_picked":["Sanctity","Meditate"],"picked":"EmptyBody","floor":14.0},{"not_picked":["SpiritShield","Omniscience"],"picked":"Blasphemy","floor":16.0},{"not_picked":["Halt","SashWhip+1"],"picked":"TalkToTheHand+1","floor":18.0},{"not_picked":["PathToVictory","Halt"],"picked":"Wireheading+1","floor":20.0},{"not_picked":["FlurryOfBlows","ThirdEye+1"],"picked":"Adaptation","floor":21.0},{"not_picked":["Swivel","Worship"],"picked":"Protect","floor":22.0},{"not_picked":["MentalFortress","Adaptation"],"picked":"Meditate+1","floor":23.0},{"not_picked":["JustLucky","FlurryOfBlows"],"picked":"CarveReality","floor":24.0},{"not_picked":["Protect","Judgement"],"picked":"Crescendo","floor":27.0},{"not_picked":["Worship","FlyingSleeves+1"],"picked":"SashWhip+1","floor":28.0},{"not_picked":["MasterReality","SashWhip"],"picked":"ThirdEye","floor":31.0},{"not_picked":["Vault","Ragnarok"],"picked":"Scrawl","floor":33},{"not_picked":["CutThroughFate","LessonLearned"],"picked":"Evaluate+1","floor":35},{"not_picked":["LikeWater+1","LessonLearned"],"picked":"Consecrate+1","floor":37},{"not_picked":["Adaptation","JustLucky+1"],"picked":"TalkToTheHand+1","floor":38},{"not_picked":["FlyingSleeves","EmptyMind+1","Crescendo"],"picked":"SKIP","floor":39},{"not_picked":["SpiritShield","WindmillStrike+1","Pray+1"],"picked":"SKIP","floor":41},{"not_picked":["JustLucky+1","CrushJoints+1","EmptyBody+1"],"picked":"SKIP","floor":44},{"not_picked":["InnerPeace+1","WindmillStrike"],"picked":"FollowUp+1","floor":46},{"not_picked":["Wireheading+1","WheelKick+1"],"picked":"Establishment","floor":47}],"player_experience":225645,"relics_obtained":[{"floor":6.0,"key":"Pear"},{"floor":9.0,"key":"White Beast Statue"},{"floor":10.0,"key":"Matryoshka"},{"floor":12.0,"key":"FossilizedHelix"},{"floor":23.0,"key":"Bronze Scales"},{"floor":26.0,"key":"Strawberry"},{"floor":26.0,"key":"Old Coin"},{"floor":27.0,"key":"Ice Cream"},{"floor":41,"key":"Anchor"},{"floor":43,"key":"Potion Belt"}],"event_choices":[{"cards_removed":["Strike_P"],"damage_healed":0.0,"max_hp_gain":0.0,"max_hp_loss":0.0,"gold_gain":0.0,"event_name":"Bonfire Elementals","player_choice":"Offered Basic","floor":3.0,"gold_loss":0.0,"damage_taken":0.0},{"damage_healed":0.0,"max_hp_gain":0.0,"max_hp_loss":0.0,"gold_gain":0.0,"event_name":"Golden Wing","player_choice":"Ignored","floor":13.0,"gold_loss":0.0,"damage_taken":0.0},{"damage_healed":0.0,"max_hp_gain":0.0,"max_hp_loss":0.0,"gold_gain":0.0,"event_name":"Nest","player_choice":"Joined the Cult","floor":19.0,"gold_loss":0.0,"damage_taken":6.0,"cards_obtained":["RitualDagger"]},{"damage_healed":0.0,"max_hp_gain":0.0,"max_hp_loss":0.0,"gold_gain":0.0,"event_name":"N\u0027loth","player_choice":"Traded Relic","floor":30.0,"relics_lost":["Pear"],"gold_loss":0.0,"damage_taken":0.0,"relics_obtained":["Nloth\u0027s Gift"]},{"damage_healed":0,"gold_gain":100,"player_choice":"Pray","damage_taken":0,"max_hp_gain":0,"max_hp_loss":0,"event_name":"Golden Shrine","floor":48,"gold_loss":0}],"is_beta":false,"boss_relics":[{"not_picked":["Empty Cage","Busted Crown"],"picked":"Pandora\u0027s Box"},{"not_picked":["Snecko Eye","Astrolabe"],"picked":"VioletLotus"}],"items_purged_floors":[25,36],"is_endless":false,"potions_floor_spawned":[1,6,7,11,12,14,16,18,20,21,22,23,24,27,28,31,33,35,37,38,39,41,44,46,47],"ascension_level":2}}