{"host":"oehe2dxjvdgux73m","time":1612532573,"event":{"mods":["AchievementEnabler","BaseMod","Colored Map","Colored Powertips","DeckTracker","Keyboard Shortcuts","Minty Spire (QoL Compilation)","Permanent Neow","Quick Restart","StSLib","SuperFastMode"],"gold_per_floor":[367,517,4,4,21,21,60,128,151,151,193,193,224,268,268,340,340,381,435,470,520,163,163,206,206,206],"floor_reached":25,"language":"KOR","playtime":884,"items_purged":["Doubt","Strike_G"],"score":481,"play_id":"408b9ab6-f515-48a6-9c45-a769e0497b17","local_time":"20210205224253","is_ascension_mode":true,"campfire_choices":[{"data":"HandOfGreed","floor":6.0,"key":"SMITH"},{"data":"Prepared","floor":10.0,"key":"SMITH"},{"floor":12.0,"key":"REST"},{"data":"Neutralize","floor":15.0,"key":"SMITH"},{"floor":23.0,"key":"REST"}],"circlet_count":0,"master_deck":["AscendersBane","Strike_G","Strike_G","Strike_G","Strike_G","Defend_G","Defend_G","Defend_G","Defend_G","Defend_G","Survivor","Neutralize+1","Calculated Gamble","Finesse","Escape Plan","HandOfGreed+1","Predator","Prepared+1","Flechettes","Backflip","Underhanded Strike","Backstab","Bullet Time","Footwork","Madness","Concentrate"],"relics":["Ring of the Snake","Pen Nib","Omamori","Runic Pyramid","Red Mask"],"acts_visited":["Exordium","TheCity"],"potions_floor_usage":[25],"damage_taken":[{"damage":29.0,"enemies":"Jaw Worm","floor":1.0,"turns":9.0},{"damage":4.0,"enemies":"Cultist","floor":5.0,"turns":4.0},{"damage":2.0,"enemies":"2 Louse","floor":7.0,"turns":2.0},{"damage":4.0,"enemies":"2 Fungi Beasts","floor":8.0,"turns":5.0},{"damage":0.0,"enemies":"Looter","floor":11.0,"turns":3.0},{"damage":0.0,"enemies":"Gremlin Nob","floor":13.0,"turns":2.0},{"damage":6.0,"enemies":"Red Slaver","floor":14.0,"turns":3.0},{"damage":29.0,"enemies":"The Guardian","floor":16.0,"turns":15.0},{"damage":6.0,"enemies":"2 Thieves","floor":18.0,"turns":3.0},{"damage":32.0,"enemies":"Masked Bandits","floor":19.0,"turns":4.0},{"damage":3.0,"enemies":"3 Byrds","floor":20.0,"turns":6.0},{"damage":1.0,"enemies":"Sentry and Sphere","floor":24.0,"turns":3.0},{"damage":19,"enemies":"Cultist and Chosen","floor":25,"turns":7}],"seed_played":"-3390877391024921807","potions_obtained":[{"floor":1.0,"key":"AttackPotion"},{"floor":7.0,"key":"Block Potion"},{"floor":13.0,"key":"SpeedPotion"},{"floor":16.0,"key":"FearPotion"},{"floor":20.0,"key":"Regen Potion"},{"floor":24.0,"key":"GamblersBrew"}],"is_trial":false,"path_per_floor":["M","?","$","?","M","R","M","M","T","R","M","R","E","M","R","B",null,"M","?","M","?","$","R","M","M"],"character_chosen":"THE_SILENT","items_purchased":["Finesse","Escape Plan","HandOfGreed","Predator","Footwork","Madness","GamblersBrew"],"campfire_rested":2,"item_purchase_floors":[3,3,3,3,22,22,22],"current_hp_per_floor":[30,30,30,30,26,26,24,20,20,20,20,39,39,33,33,4,51,45,13,10,10,10,29,37,18,18],"gold":206,"neow_bonus":"TWO_FIFTY_GOLD","is_daily":false,"chose_seed":false,"campfire_upgraded":3,"win_rate":0.0,"timestamp":1612532573,"path_taken":["M","?","$","?","M","R","M","M","T","R","M","R","E","?","R","BOSS","M","?","M","?","$","R","M","M"],"items_purchased_type":["Card","Card","Card","Card","Card","Card","Potion"],"build_version":"2020-12-22","purchased_purges":2,"victory":false,"max_hp_per_floor":[66,66,66,66,66,66,66,66,66,66,66,66,66,66,66,66,66,66,66,66,66,66,66,66,66,66],"card_choices":[{"not_picked":["Deflect","Dodge and Roll"],"picked":"Calculated Gamble","floor":1.0},{"not_picked":["Flechettes","Sucker Punch"],"picked":"Prepared","floor":5.0},{"not_picked":["Outmaneuver","Storm of Steel"],"picked":"Flechettes","floor":7.0},{"not_picked":["Blade Dance","Endless Agony"],"picked":"Backflip","floor":8.0},{"not_picked":["Masterful Stab","Outmaneuver","Dagger Throw"],"picked":"SKIP","floor":11.0},{"not_picked":["Catalyst","Flying Knee"],"picked":"Underhanded Strike","floor":13.0},{"not_picked":["Prepared","Bane"],"picked":"Backstab","floor":14.0},{"not_picked":["Tools of the Trade","After Image"],"picked":"Bullet Time","floor":16.0},{"not_picked":["Quick Slash","Bane","Expertise"],"picked":"SKIP","floor":18.0},{"not_picked":["Bane","Sucker Punch+1","Underhanded Strike"],"picked":"SKIP","floor":20.0},{"not_picked":["Prepared","Infinite Blades"],"picked":"Concentrate","floor":24.0}],"player_experience":374549,"relics_obtained":[{"floor":9.0,"key":"Pen Nib"},{"floor":13.0,"key":"Omamori"},{"floor":19.0,"key":"Red Mask"}],"event_choices":[{"damage_healed":0.0,"max_hp_gain":0.0,"max_hp_loss":0.0,"gold_gain":150.0,"event_name":"Liars Game","player_choice":"AGREE","floor":2.0,"gold_loss":0.0,"damage_taken":0.0,"cards_obtained":["Doubt"]},{"cards_removed":["Writhe"],"damage_healed":0.0,"max_hp_gain":0.0,"max_hp_loss":0.0,"gold_gain":0.0,"event_name":"Fountain of Cleansing","player_choice":"Removed Curses","floor":4.0,"gold_loss":0.0,"damage_taken":0.0},{"damage_healed":0.0,"max_hp_gain":0.0,"max_hp_loss":0.0,"gold_gain":0.0,"event_name":"Masked Bandits","player_choice":"Fought Bandits","floor":19.0,"gold_loss":0.0,"damage_taken":0.0},{"damage_healed":0.0,"max_hp_gain":0.0,"max_hp_loss":0.0,"gold_gain":50.0,"event_name":"Nest","player_choice":"Stole From Cult","floor":21.0,"gold_loss":0.0,"damage_taken":0.0}],"is_beta":false,"boss_relics":[{"not_picked":["SacredBark","Fusion Hammer"],"picked":"Runic Pyramid"}],"items_purged_floors":[3,22],"is_endless":false,"potions_floor_spawned":[1,7,13,16,20,24],"killed_by":"Cultist and Chosen","ascension_level":20}}