{"host":"188xoqjicp18t4sg","time":1612497699,"event":{"mods":["BaseMod","Highlight Path","Minty Spire (QoL Compilation)","Quick Restart","Shop Mod"],"gold_per_floor":[113,113,113,124,137,137,156,181,181,181,35,55,83,8,8,8,8],"floor_reached":16,"language":"ZHS","playtime":2299,"items_purged":["Strike_P"],"score":236,"play_id":"1d2755e3-c654-4d8e-bb6d-320072567d57","local_time":"20210205120139","is_ascension_mode":true,"campfire_choices":[{"data":"Vigilance","floor":6.0,"key":"SMITH"},{"floor":10.0,"key":"REST"},{"floor":15,"key":"REST"}],"circlet_count":0,"master_deck":["AscendersBane","Strike_P","Strike_P","Strike_P","Defend_P","Defend_P","Defend_P","Defend_P","Eruption+1","Vigilance+1","ReachHeaven"],"relics":["PureWater","Potion Belt","Juzu Bracelet","Centennial Puzzle","Gremlin Horn"],"acts_visited":["Exordium"],"potions_floor_usage":[13],"damage_taken":[{"damage":0.0,"enemies":"2 Louse","floor":1.0,"turns":4.0},{"damage":0.0,"enemies":"Cultist","floor":4.0,"turns":2.0},{"damage":2.0,"enemies":"Jaw Worm","floor":5.0,"turns":3.0},{"damage":3.0,"enemies":"2 Fungi Beasts","floor":7.0,"turns":3.0},{"damage":59.0,"enemies":"Lagavulin","floor":8.0,"turns":7.0},{"damage":6.0,"enemies":"3 Louse","floor":12.0,"turns":3.0},{"damage":0,"enemies":"Gremlin Nob","floor":13,"turns":2},{"damage":36,"enemies":"The Guardian","floor":16,"turns":8}],"seed_played":"4744127258996169272","potions_obtained":[{"floor":8.0,"key":"SteroidPotion"},{"floor":13,"key":"Ancient Potion"}],"is_trial":false,"path_per_floor":["M","?","?","M","M","R","M","E","T","R","$","M","E","$","R","B"],"character_chosen":"WATCHER","items_purchased":["Centennial Puzzle"],"campfire_rested":2,"item_purchase_floors":[11],"current_hp_per_floor":[67,67,67,67,65,65,62,3,3,25,25,19,19,19,41,5,5],"gold":8,"neow_bonus":"TEN_PERCENT_HP_BONUS","is_daily":false,"chose_seed":false,"campfire_upgraded":1,"win_rate":0.0,"timestamp":1612497699,"path_taken":["M","?","?","?","M","R","M","E","T","R","$","M","E","?","R","BOSS"],"items_purchased_type":["Relic"],"build_version":"2020-12-22","purchased_purges":1,"victory":false,"max_hp_per_floor":[74,74,74,74,74,74,74,74,74,74,74,74,74,74,74,74,74],"card_choices":[{"not_picked":["PathToVictory","ThirdEye","Sanctity"],"picked":"SKIP","floor":1.0},{"not_picked":["FollowUp","Protect","CrushJoints"],"picked":"SKIP","floor":4.0},{"not_picked":["PathToVictory","Crescendo","ReachHeaven"],"picked":"SKIP","floor":5.0},{"not_picked":["ForeignInfluence","EmptyBody","PathToVictory"],"picked":"SKIP","floor":7.0},{"not_picked":["WheelKick","Fasting2"],"picked":"ReachHeaven","floor":8.0},{"not_picked":["FlurryOfBlows","Crescendo","MasterReality"],"picked":"SKIP","floor":12.0},{"not_picked":["JustLucky","MasterReality","CrushJoints"],"picked":"SKIP","floor":13}],"player_experience":211222,"relics_obtained":[{"floor":8.0,"key":"Potion Belt"},{"floor":9.0,"key":"Juzu Bracelet"},{"floor":13,"key":"Gremlin Horn"}],"event_choices":[{"damage_healed":0.0,"max_hp_gain":0.0,"max_hp_loss":0.0,"gold_gain":0.0,"event_name":"Liars Game","player_choice":"Ignored","floor":2.0,"gold_loss":0.0,"damage_taken":0.0},{"damage_healed":0.0,"max_hp_gain":0.0,"max_hp_loss":0.0,"gold_gain":0.0,"event_name":"Accursed Blacksmith","player_choice":"Forge","floor":3.0,"gold_loss":0.0,"damage_taken":0.0,"cards_upgraded":["Eruption"]}],"is_beta":false,"boss_relics":[],"items_purged_floors":[14],"is_endless":false,"potions_floor_spawned":[8,13],"killed_by":"The Guardian","ascension_level":15}}