{"host":"38maufg2dcy7va3m","time":1612502635,"event":{"mods":["Act Like it!","BaseMod","Downfall","GifTheSpireLib","Hubris","Infinite Spire","Minty Spire (QoL Compilation)","Replay The Spire","StSLib","The Construct","The Cursed","The Hierophant","The Necromancer","The Poker Player","The Runesmith","everything is the same but u backflip on backflip"],"gold_per_floor":[216,229,244,51,69,69,80,80,106,118,10,27,45,60,60,160,160,170,63,63,82,92,92,102,114,164,164,174,8,8,21,21,21,21],"floor_reached":33,"language":"ENG","playtime":2735,"items_purged":[],"score":272,"play_id":"2b5831f3-94b4-46c2-96b2-1bde144f73c8","local_time":"20210204212355","is_ascension_mode":false,"campfire_choices":[{"data":"Toxic_Smoke_Screen","floor":6,"key":"SMITH"},{"data":"Thousand_Bone_Knives","floor":8,"key":"SMITH"},{"floor":15,"key":"REST"},{"floor":23,"key":"REST"},{"floor":27,"key":"REST"},{"floor":30,"key":"REST"},{"floor":32,"key":"REST"}],"circlet_count":0,"master_deck":["Strike_W","Strike_W","Strike_W","Strike_W","Defend_W","Defend_W","Defend_W","Defend_W","Negative_Energy_Arrows","Bone_Wall","Thousand_Bone_Knives+1","Exploit","Toxic_Smoke_Screen+1","Summon_Undead_Army","Negative_Energy_Shield","Bone_Armor","Bone_Bullets","Finger_Of_Death","Negative_Energy_Shield","Necrotic_Claws","Bone_Spikes","Bone_Spikes","Summon_Lich","Death_March_Dance","Negative_Energy_Burst","Consume_Illness","Grasp_Heart","Thousand_Bone_Knives","Negative_Energy_Sphere","Thunderclap","Bone_Armor","Necrotic_Claws","Finger_Of_Death+1","Life_Drain","Death_Knell+1","Bone_Armor","Bone_Spikes+1","Blood_Shield+1"],"relics":["Vampire_Amulet","Vajra","construct:ClawGrip","Blue Doll"],"acts_visited":["Exordium","TheCity"],"potions_floor_usage":[5,5,12,13,25,31,31,31],"damage_taken":[{"damage":1,"enemies":"Jaw Worm","floor":1,"turns":6},{"damage":1,"enemies":"Cultist","floor":2,"turns":4},{"damage":0,"enemies":"2 Louse","floor":3,"turns":2},{"damage":0,"enemies":"Gremlin Gang","floor":5,"turns":2},{"damage":2,"enemies":"Blue Slaver","floor":7,"turns":5},{"damage":2,"enemies":"Looter","floor":10,"turns":3},{"damage":0,"enemies":"3 Louse","floor":12,"turns":2},{"damage":7,"enemies":"Exordium Thugs","floor":13,"turns":5},{"damage":10,"enemies":"Blue Slaver","floor":14,"turns":2},{"damage":48,"enemies":"Fading Forest","floor":16,"turns":11},{"damage":27,"enemies":"2 Thieves","floor":18,"turns":4},{"damage":1,"enemies":"Chosen","floor":21,"turns":4},{"damage":40,"enemies":"Centurion and Healer","floor":22,"turns":7},{"damage":10,"enemies":"Shelled Parasite and Fungi","floor":24,"turns":6},{"damage":17,"enemies":"Sentry and Sphere","floor":25,"turns":5},{"damage":8,"enemies":"Cultist and Chosen","floor":28,"turns":4},{"damage":5,"enemies":"Centurion and Healer","floor":31,"turns":3},{"damage":81,"enemies":"Automaton","floor":33,"turns":6}],"seed_played":"-6307028954415030298","potions_obtained":[{"floor":1,"key":"Explosive Potion"},{"floor":3,"key":"PowerPotion"},{"floor":7,"key":"Reflective Coating"},{"floor":10,"key":"ColorlessPotion"},{"floor":24,"key":"Fire Potion"},{"floor":28,"key":"DuplicationPotion"}],"is_trial":false,"path_per_floor":["M","M","M","$","M","R","M","R","T","M","$","M","M","M","R","B",null,"M","$","?","M","M","R","M","M","T","R","M","$","R","M","R","B"],"character_chosen":"NECROMANCER","items_purchased":["Summon_Undead_Army","Negative_Energy_Shield","Bone_Armor","Bone_Bullets","Bone_Spikes","Summon_Lich","Negative_Energy_Javelin","Negative_Energy_Sphere","Bone_Armor","Bone_Spikes+1","Energy Potion","Guardian:BlockOnCardUsePotion"],"campfire_rested":5,"item_purchase_floors":[4,4,4,4,11,11,19,19,29,29,29,29],"current_hp_per_floor":[75,75,75,75,75,75,75,75,75,75,75,75,72,64,75,48,75,52,52,52,53,17,39,36,23,23,45,41,41,63,62,75,0,0],"gold":21,"neow_bonus":"HUNDRED_GOLD","is_daily":false,"chose_seed":false,"campfire_upgraded":2,"win_rate":0.0,"timestamp":1612502635,"path_taken":["M","M","M","$","M","R","M","R","T","M","$","M","M","M","R","BOSS","M","$","?","M","?","R","M","?","T","R","M","?","R","M","R","BOSS"],"items_purchased_type":["Card","Card","Card","Card","Card","Card","Card","Card","Card","Card","Potion","Potion"],"build_version":"2020-12-22","purchased_purges":0,"victory":false,"max_hp_per_floor":[75,75,75,75,75,75,75,75,75,75,75,75,75,75,75,75,75,75,75,75,75,75,75,75,75,75,75,75,75,75,75,75,75,75],"card_choices":[{"not_picked":["Consume_Illness","Negative_Energy_Sphere"],"picked":"Thousand_Bone_Knives","floor":1},{"not_picked":["Summon_Lich","Strike_from_Beyond"],"picked":"Exploit","floor":2},{"not_picked":["Negative_Energy_Mist","Blood_Shield"],"picked":"Toxic_Smoke_Screen","floor":3},{"not_picked":["Chill_Blood","Bone_Spikes"],"picked":"Finger_Of_Death","floor":5},{"not_picked":["Blood_Curse","Siphon_Strength"],"picked":"Negative_Energy_Shield","floor":7},{"not_picked":["Blood_Whip","Bones_to_Steel"],"picked":"Necrotic_Claws","floor":10},{"not_picked":["Blood_Curse","Blood_for_Blood"],"picked":"Death_March_Dance","floor":12},{"not_picked":["Blood_Curse","Finger_Of_Death"],"picked":"Negative_Energy_Burst","floor":13},{"not_picked":["Bone_Spikes","Necrotic_Claws"],"picked":"Consume_Illness","floor":14},{"not_picked":["Blood_Magic","Detonate_Bones"],"picked":"Grasp_Heart","floor":16},{"not_picked":["Bones_to_Steel+1","Life_Tap"],"picked":"Thousand_Bone_Knives","floor":18},{"not_picked":["Exploit","Death_March_Dance"],"picked":"Bone_Armor","floor":21},{"not_picked":["Blood_Curse","Negative_Energy_Shield"],"picked":"Necrotic_Claws","floor":22},{"not_picked":["Uncharnel+1","Bone_Spikes+1"],"picked":"Finger_Of_Death+1","floor":24},{"not_picked":["Shackles_Of_Pain","Blood_Is_Power"],"picked":"Life_Drain","floor":25},{"not_picked":["Finger_Of_Death","Reap_The_Weak"],"picked":"Death_Knell+1","floor":28},{"not_picked":["Corrupt","Blood_Is_Power"],"picked":"Blood_Shield+1","floor":31}],"player_experience":264663,"relics_obtained":[{"floor":9,"key":"Vajra"},{"floor":26,"key":"Blue Doll"}],"event_choices":[{"cards_removed":["Negative_Energy_Javelin"],"damage_healed":0,"gold_gain":0,"player_choice":"Took Card","damage_taken":0,"max_hp_gain":0,"max_hp_loss":0,"event_name":"NoteForYourself","floor":20,"gold_loss":0,"cards_obtained":["Thunderclap"]}],"is_beta":false,"boss_relics":[{"not_picked":["Replay:Wanted Poster","hubris:HollowSoul"],"picked":"construct:ClawGrip"}],"items_purged_floors":[],"is_endless":false,"potions_floor_spawned":[1,3,7,10,24,28],"killed_by":"Automaton","ascension_level":0}}