{"host":"bg8va46pgqgvtzim","time":1612515738,"event":{"mods":["BaseMod","Minty Spire (QoL Compilation)","Quick Restart","StSLib","SuperFastMode"],"gold_per_floor":[10,20,40,40,52,67,80,80,109,184,195,207,285,302,331,344,359,359,234,251,266,266,363,363,377,277,202,202,212,232,147,180,199,215,235,286,286,302,302,302,329,345,359,391,391,486,486,497,517,88,100,100,131,147,157,171,243,243,257,257,257,257,272,272,272,272,272,119,153,153],"floor_reached":71,"language":"ZHS","playtime":2701,"items_purged":["Strike_G","Strike_G","Strike_G"],"score":1743,"play_id":"acb69e63-8e22-4716-8e13-d43d5c2061ee","local_time":"20210205170218","is_ascension_mode":true,"campfire_choices":[{"data":"Prepared","floor":18.0,"key":"SMITH"},{"data":"Blade Dance","floor":22.0,"key":"SMITH"},{"data":"Accuracy","floor":40.0,"key":"SMITH"},{"data":"Adrenaline","floor":45.0,"key":"SMITH"},{"floor":62.0,"key":"RECALL"}],"circlet_count":0,"master_deck":["Strike_G+1","Defend_G+1","Defend_G+1","Defend_G+1","Defend_G+1","Defend_G+1","Survivor+1","Neutralize+1","A Thousand Cuts+1","Crippling Poison+1","Blade Dance+1","Accuracy+1","Accuracy+1","Terror+1","Prepared+1","Malaise+1","Acrobatics+1","After Image+1","Acrobatics+1","Adrenaline+1","Acrobatics+1","After Image+1","Concentrate+1","Expertise+1","Acrobatics+1","After Image"],"relics":["Ring of the Snake","Anchor","Ninja Scroll","Sundial","Happy Flower","HoveringKite","Centennial Puzzle","The Specimen","War Paint","Nunchaku","Bronze Scales","Coffee Dripper","Tough Bandages","Kunai","Bottled Tornado","Mark of the Bloom","Medical Kit","Paper Crane"],"acts_visited":["Exordium","TheCity","TheBeyond","TheEnding"],"potions_floor_usage":[70,70,70],"damage_taken":[{"damage":0.0,"enemies":"Jaw Worm","floor":1.0,"turns":6.0},{"damage":5.0,"enemies":"Cultist","floor":2.0,"turns":5.0},{"damage":1.0,"enemies":"2 Louse","floor":3.0,"turns":4.0},{"damage":1.0,"enemies":"Large Slime","floor":5.0,"turns":5.0},{"damage":2.0,"enemies":"Looter","floor":6.0,"turns":3.0},{"damage":0.0,"enemies":"3 Louse","floor":7.0,"turns":3.0},{"damage":25.0,"enemies":"Gremlin Nob","floor":9.0,"turns":4.0},{"damage":4.0,"enemies":"Exordium Thugs","floor":11.0,"turns":4.0},{"damage":2.0,"enemies":"Looter","floor":12.0,"turns":3.0},{"damage":0.0,"enemies":"Large Slime","floor":14.0,"turns":3.0},{"damage":8.0,"enemies":"Lagavulin","floor":15.0,"turns":4.0},{"damage":0.0,"enemies":"Red Slaver","floor":16.0,"turns":3.0},{"damage":0.0,"enemies":"Blue Slaver","floor":17.0,"turns":2.0},{"damage":0.0,"enemies":"Large Slime","floor":20.0,"turns":3.0},{"damage":0.0,"enemies":"Exordium Wildlife","floor":21.0,"turns":3.0},{"damage":0.0,"enemies":"Slime Boss","floor":23.0,"turns":3.0},{"damage":0.0,"enemies":"2 Thieves","floor":25.0,"turns":5.0},{"damage":0.0,"enemies":"Chosen","floor":29.0,"turns":2.0},{"damage":1.0,"enemies":"Centurion and Healer","floor":30.0,"turns":4.0},{"damage":12.0,"enemies":"Slavers","floor":32.0,"turns":4.0},{"damage":0.0,"enemies":"Cultist and Chosen","floor":33.0,"turns":4.0},{"damage":0.0,"enemies":"Snake Plant","floor":34.0,"turns":4.0},{"damage":5.0,"enemies":"Shelled Parasite and Fungi","floor":35.0,"turns":4.0},{"damage":0.0,"enemies":"Cultist and Chosen","floor":38.0,"turns":3.0},{"damage":0.0,"enemies":"Gremlin Leader","floor":41.0,"turns":4.0},{"damage":0.0,"enemies":"Centurion and Healer","floor":42.0,"turns":4.0},{"damage":0.0,"enemies":"Snecko","floor":43.0,"turns":5.0},{"damage":0.0,"enemies":"Slavers","floor":44.0,"turns":4.0},{"damage":3.0,"enemies":"Champ","floor":46.0,"turns":7.0},{"damage":0.0,"enemies":"Orb Walker","floor":48.0,"turns":2.0},{"damage":0.0,"enemies":"3 Shapes","floor":49.0,"turns":5.0},{"damage":0.0,"enemies":"Transient","floor":51.0,"turns":5.0},{"damage":0.0,"enemies":"Giant Head","floor":53.0,"turns":5.0},{"damage":0.0,"enemies":"4 Shapes","floor":54.0,"turns":5.0},{"damage":0.0,"enemies":"Spire Growth","floor":55.0,"turns":3.0},{"damage":0.0,"enemies":"Writhing Mass","floor":56.0,"turns":4.0},{"damage":0.0,"enemies":"Jaw Worm Horde","floor":59.0,"turns":2.0},{"damage":0,"enemies":"3 Darklings","floor":63,"turns":2},{"damage":0,"enemies":"Time Eater","floor":65,"turns":6},{"damage":0,"enemies":"Shield and Spear","floor":69,"turns":3},{"damage":0,"enemies":"The Heart","floor":70,"turns":5}],"seed_played":"-8835644826455938646","potions_obtained":[{"floor":1.0,"key":"SteroidPotion"},{"floor":2.0,"key":"EssenceOfSteel"},{"floor":3.0,"key":"LiquidMemories"},{"floor":16.0,"key":"ColorlessPotion"},{"floor":20.0,"key":"LiquidMemories"},{"floor":23.0,"key":"Energy Potion"},{"floor":30.0,"key":"PowerPotion"},{"floor":34.0,"key":"DistilledChaos"},{"floor":43.0,"key":"Swift Potion"},{"floor":53.0,"key":"SpeedPotion"},{"floor":59.0,"key":"Fire Potion"}],"is_trial":false,"path_per_floor":["M","M","M","?","M","M","M","R","E","?","M","M","T","M","E","M","M","R","$","M","M","R","B",null,"M","$","?","?","M","M","?","E","M","M","M","T","T","M","?","R","E","M","M","E","R","B",null,"M","M","$","M","?","E","M","M","M","T","?","M","?","?","R","M","R","B",null,"R","$","E","B",null],"character_chosen":"THE_SILENT","items_purchased":["Acrobatics","Tough Bandages","Medical Kit"],"campfire_rested":0,"item_purchase_floors":[19,50,68],"current_hp_per_floor":[70,65,64,64,63,61,61,61,36,25,21,19,19,19,11,11,11,11,11,11,11,11,11,70,70,70,70,57,57,56,56,44,44,44,39,39,39,39,39,39,39,39,39,39,39,36,75,75,75,75,75,75,75,75,75,75,75,75,75,75,75,75,75,75,75,75,75,75,75,75],"gold":153,"neow_bonus":"THREE_RARE_CARDS","is_daily":false,"chose_seed":false,"campfire_upgraded":4,"win_rate":0.0,"timestamp":1612515738,"path_taken":["M","M","M","?","M","?","M","R","E","?","M","M","T","M","E","M","M","R","$","M","M","R","BOSS","M","$","?","?","M","M","?","E","M","M","?","T","T","M","?","R","E","M","M","E","R","BOSS","M","M","$","M","?","E","M","M","?","T","?","M","?","?","R","M","R","BOSS","R","$","E","BOSS"],"items_purchased_type":["Card","Relic","Relic"],"build_version":"2020-12-22","purchased_purges":3,"victory":true,"max_hp_per_floor":[70,70,70,70,70,70,70,70,70,70,70,70,70,70,70,70,70,70,70,70,70,70,70,70,70,70,70,75,75,75,75,75,75,75,75,75,75,75,75,75,75,75,75,75,75,75,75,75,75,75,75,75,75,75,75,75,75,75,75,75,75,75,75,75,75,75,75,75,75,75],"card_choices":[{"not_picked":["Burst","Night Terror"],"picked":"A Thousand Cuts","floor":0.0},{"not_picked":["Bouncing Flask","Finisher"],"picked":"Crippling Poison","floor":1.0},{"not_picked":["Dagger Throw","Sucker Punch"],"picked":"Noxious Fumes","floor":2.0},{"not_picked":["Deflect","Caltrops"],"picked":"Blade Dance","floor":3.0},{"not_picked":["Skewer","Deflect"],"picked":"Accuracy","floor":5.0},{"not_picked":["Escape Plan","Deadly Poison"],"picked":"Accuracy","floor":6.0},{"not_picked":["Poisoned Stab","Choke"],"picked":"Terror","floor":7.0},{"not_picked":["Sucker Punch","Backflip"],"picked":"Prepared","floor":9.0},{"not_picked":["Poisoned Stab","Distraction","Dodge and Roll"],"picked":"SKIP","floor":11.0},{"not_picked":["Outmaneuver","Poisoned Stab","Dagger Throw"],"picked":"SKIP","floor":12.0},{"not_picked":["Finisher","Outmaneuver","Choke"],"picked":"SKIP","floor":14.0},{"not_picked":["Accuracy","Choke"],"picked":"Malaise","floor":15.0},{"not_picked":["Cloak And Dagger","Flechettes","Quick Slash"],"picked":"SKIP","floor":16.0},{"not_picked":["Slice","Prepared","Noxious Fumes"],"picked":"SKIP","floor":17.0},{"not_picked":["Underhanded Strike","Finisher","Deflect"],"picked":"SKIP","floor":20.0},{"not_picked":["Poisoned Stab","Envenom","Deflect"],"picked":"SKIP","floor":21.0},{"not_picked":["Phantasmal Killer","Envenom"],"picked":"After Image","floor":23.0},{"not_picked":["Heel Hook","Sucker Punch+1","Poisoned Stab"],"picked":"SKIP","floor":25.0},{"not_picked":["Blur","Backflip","Deflect"],"picked":"SKIP","floor":29.0},{"not_picked":["Setup","Calculated Gamble"],"picked":"Acrobatics","floor":30.0},{"not_picked":["Outmaneuver","Underhanded Strike"],"picked":"Adrenaline","floor":32.0},{"not_picked":["Deflect","Poisoned Stab+1"],"picked":"Acrobatics+1","floor":33.0},{"not_picked":["Flying Knee","Slice","Endless Agony+1"],"picked":"SKIP","floor":34.0},{"not_picked":["Quick Slash+1","Terror","Dagger Spray"],"picked":"SKIP","floor":35.0},{"not_picked":["All Out Attack","Flying Knee","Deadly Poison"],"picked":"SKIP","floor":38.0},{"not_picked":["Catalyst+1","Endless Agony+1","Wraith Form v2"],"picked":"SKIP","floor":41.0},{"not_picked":["Dagger Spray","Slice","Predator"],"picked":"SKIP","floor":42.0},{"not_picked":["Deadly Poison","Bane+1","Terror"],"picked":"SKIP","floor":43.0},{"not_picked":["PiercingWail","Slice","Choke"],"picked":"SKIP","floor":44.0},{"not_picked":["A Thousand Cuts","Night Terror"],"picked":"After Image","floor":46.0},{"not_picked":["Terror","Masterful Stab","Outmaneuver"],"picked":"SKIP","floor":48.0},{"not_picked":["All Out Attack+1","Quick Slash+1"],"picked":"Concentrate+1","floor":49.0},{"not_picked":["Underhanded Strike","Bane","Poisoned Stab"],"picked":"SKIP","floor":51.0},{"not_picked":["Backflip+1","Predator","Masterful Stab+1"],"picked":"SKIP","floor":53.0},{"not_picked":["Terror+1","Storm of Steel"],"picked":"Expertise","floor":54.0},{"not_picked":["Bane+1","Blade Dance","Deadly Poison+1"],"picked":"SKIP","floor":55.0},{"not_picked":["Flechettes","Dodge and Roll+1"],"picked":"Acrobatics+1","floor":56.0},{"not_picked":["Acrobatics+1","Sucker Punch+1","Concentrate"],"picked":"SKIP","floor":59.0},{"not_picked":["Catalyst","Acrobatics+1","Dagger Throw"],"picked":"SKIP","floor":63},{"not_picked":["PiercingWail+1","Dagger Spray"],"picked":"After Image","floor":69}],"player_experience":2393014,"relics_obtained":[{"floor":4.0,"key":"Anchor"},{"floor":9.0,"key":"Ninja Scroll"},{"floor":13.0,"key":"Sundial"},{"floor":15.0,"key":"Happy Flower"},{"floor":32.0,"key":"The Specimen"},{"floor":36.0,"key":"War Paint"},{"floor":41.0,"key":"Nunchaku"},{"floor":44.0,"key":"Bronze Scales"},{"floor":53.0,"key":"Kunai"},{"floor":57.0,"key":"Bottled Tornado"},{"floor":69,"key":"Paper Crane"}],"event_choices":[{"damage_healed":0.0,"max_hp_gain":0.0,"max_hp_loss":0.0,"gold_gain":0.0,"event_name":"Wheel of Change","player_choice":"Relic","floor":4.0,"gold_loss":0.0,"damage_taken":0.0},{"damage_healed":0.0,"max_hp_gain":0.0,"max_hp_loss":0.0,"gold_gain":75.0,"event_name":"World of Goop","player_choice":"Gather Gold","floor":10.0,"gold_loss":0.0,"damage_taken":11.0},{"cards_removed":["Strike_G"],"damage_healed":0.0,"max_hp_gain":0.0,"max_hp_loss":0.0,"gold_gain":0.0,"event_name":"Beggar","player_choice":"Gave Gold","floor":27.0,"gold_loss":75.0,"damage_taken":0.0},{"damage_healed":0.0,"max_hp_gain":5.0,"max_hp_loss":0.0,"gold_gain":0.0,"event_name":"Forgotten Altar","player_choice":"Shed Blood","floor":28.0,"gold_loss":0.0,"damage_taken":18.0},{"damage_healed":0.0,"max_hp_gain":0.0,"max_hp_loss":0.0,"gold_gain":0.0,"event_name":"Addict","player_choice":"Obtained Relic","floor":31.0,"gold_loss":85.0,"damage_taken":0.0,"relics_obtained":["Centennial Puzzle"]},{"damage_healed":0.0,"max_hp_gain":0.0,"max_hp_loss":0.0,"gold_gain":0.0,"event_name":"Ghosts","player_choice":"Ignored","floor":39.0,"gold_loss":0.0,"damage_taken":0.0},{"damage_healed":0.0,"max_hp_gain":0.0,"max_hp_loss":0.0,"gold_gain":0.0,"event_name":"SecretPortal","player_choice":"Ignored","floor":52.0,"gold_loss":0.0,"damage_taken":0.0},{"cards_removed":["Noxious Fumes"],"damage_healed":0.0,"max_hp_gain":0.0,"max_hp_loss":0.0,"gold_gain":0.0,"event_name":"Falling","player_choice":"Removed Power","floor":58.0,"gold_loss":0.0,"damage_taken":0.0},{"damage_healed":0.0,"max_hp_gain":0.0,"max_hp_loss":0.0,"gold_gain":0.0,"event_name":"Tomb of Lord Red Mask","player_choice":"Ignored","floor":60.0,"gold_loss":0.0,"damage_taken":0.0},{"damage_healed":0.0,"max_hp_gain":0.0,"max_hp_loss":0.0,"gold_gain":0.0,"event_name":"MindBloom","player_choice":"Upgrade","floor":61.0,"gold_loss":0.0,"damage_taken":0.0,"cards_upgraded":["Strike_G","Defend_G","Defend_G","Defend_G","Defend_G","Survivor","Neutralize","A Thousand Cuts","Crippling Poison","Accuracy","Malaise","Acrobatics","After Image","Acrobatics","After Image","Expertise"],"relics_obtained":["Mark of the Bloom"]}],"is_beta":false,"boss_relics":[{"not_picked":["Tiny House","Black Star"],"picked":"HoveringKite"},{"not_picked":["Velvet Choker","Sozu"],"picked":"Coffee Dripper"}],"items_purged_floors":[19,26,50],"is_endless":false,"potions_floor_spawned":[1,2,3,7,14,16,17,20,23,25,30,34,35,38,43,49,53,55,59],"ascension_level":1}}