{"host":"kxz5izodaorfb9am","time":1612554497,"event":{"mods":["BaseMod","GifTheSpireLib","Minty Spire (QoL Compilation)","Shop Mod","StSLib"],"gold_per_floor":[109,184,184,184,201,235,251,251,251,251,269,269,304,103,103,194,194,214,129,29,29,3,3,41,41,41,72,122,140,15,33,33,129,129,154,178,197,197,211,211,236,236,318,318,318,7,70,91,91,91],"floor_reached":51,"language":"ENG","playtime":7064,"items_purged":["Strike_G","Injury","Terror","Strike_G"],"score":1199,"play_id":"8a022a6d-5038-46b1-aa16-2163b87725a8","local_time":"20210205204817","is_ascension_mode":true,"campfire_choices":[{"data":"Footwork","floor":8,"key":"SMITH"},{"data":"Noxious Fumes","floor":15,"key":"SMITH"},{"data":"After Image","floor":23,"key":"SMITH"},{"data":"Cloak And Dagger","floor":25,"key":"SMITH"},{"data":"Infinite Blades","floor":32,"key":"SMITH"},{"data":"Adrenaline","floor":40,"key":"SMITH"},{"data":"Blade Dance","floor":42,"key":"SMITH"},{"floor":45,"key":"REST"},{"data":"After Image","floor":49,"key":"SMITH"}],"circlet_count":0,"master_deck":["AscendersBane","Strike_G","Defend_G","Defend_G","Defend_G","Defend_G","Survivor","Neutralize","Noxious Fumes+1","Footwork+1","Blade Dance","Deadly Poison","Noxious Fumes","After Image+1","Cloak And Dagger+1","Cloak And Dagger+1","Terror+1","Backflip","Infinite Blades+1","Adrenaline+1","Blade Dance+1","Accuracy+1","Cloak And Dagger+1","After Image+1"],"relics":["Ring of the Snake","NeowsBlessing","Du-Vu Doll","Incense Burner","Golden Idol","Omamori","Cursed Key","Shuriken","Happy Flower","Letter Opener","Turnip","Empty Cage","Lizard Tail"],"acts_visited":["Exordium","TheCity","TheBeyond"],"potions_floor_usage":[16,24,27,31,33,33,36,41,47,48],"damage_taken":[{"damage":0,"enemies":"Small Slimes","floor":1,"turns":1},{"damage":0,"enemies":"2 Louse","floor":5,"turns":1},{"damage":0,"enemies":"3 Sentries","floor":6,"turns":1},{"damage":1,"enemies":"Jaw Worm","floor":7,"turns":4},{"damage":0,"enemies":"Blue Slaver","floor":11,"turns":6},{"damage":1,"enemies":"Lagavulin","floor":13,"turns":7},{"damage":16,"enemies":"Hexaghost","floor":16,"turns":8},{"damage":9,"enemies":"3 Byrds","floor":18,"turns":5},{"damage":1,"enemies":"Slavers","floor":24,"turns":6},{"damage":14,"enemies":"Gremlin Leader","floor":27,"turns":6},{"damage":6,"enemies":"2 Thieves","floor":29,"turns":4},{"damage":0,"enemies":"3 Cultists","floor":31,"turns":4},{"damage":19,"enemies":"Champ","floor":33,"turns":7},{"damage":6,"enemies":"3 Darklings","floor":35,"turns":4},{"damage":3,"enemies":"3 Shapes","floor":36,"turns":4},{"damage":0,"enemies":"Transient","floor":37,"turns":5},{"damage":9,"enemies":"3 Darklings","floor":39,"turns":3},{"damage":12,"enemies":"4 Shapes","floor":41,"turns":3},{"damage":4,"enemies":"2 Orb Walkers","floor":47,"turns":4},{"damage":4,"enemies":"Transient","floor":48,"turns":5},{"damage":12,"enemies":"Awakened One","floor":50,"turns":7}],"seed_played":"-2049460048383666356","potions_obtained":[{"floor":1,"key":"SpeedPotion"},{"floor":7,"key":"SteroidPotion"},{"floor":18,"key":"Weak Potion"},{"floor":27,"key":"PowerPotion"},{"floor":29,"key":"CunningPotion"},{"floor":31,"key":"FearPotion"},{"floor":36,"key":"Fruit Juice"},{"floor":37,"key":"Fire Potion"},{"floor":41,"key":"SkillPotion"},{"floor":47,"key":"SkillPotion"}],"is_trial":false,"path_per_floor":["M","?","?","?","M","E","M","R","T","?","M","$","E","$","R","B",null,"M","?","$","?","$","R","E","R","T","E","?","M","$","M","R","B",null,"M","M","M","?","M","R","M","R","T","?","R","$","?","M","R","B",null],"character_chosen":"THE_SILENT","items_purchased":["Noxious Fumes","Terror","Cloak And Dagger","After Image"],"campfire_rested":1,"item_purchase_floors":[14,14,22,46],"current_hp_per_floor":[59,48,48,53,53,53,52,52,52,52,52,52,51,51,51,35,62,53,53,53,53,53,53,52,52,52,38,38,32,32,32,32,13,57,51,53,53,53,44,44,32,32,32,32,54,54,50,46,46,34],"gold":91,"neow_bonus":"THREE_ENEMY_KILL","is_daily":false,"chose_seed":false,"campfire_upgraded":8,"win_rate":0.0,"timestamp":1612554497,"path_taken":["M","?","?","?","?","E","M","R","T","?","M","$","E","$","R","BOSS","M","?","$","?","?","R","E","R","T","E","?","M","$","M","R","BOSS","M","M","M","?","M","R","M","R","T","?","R","$","?","M","R","BOSS"],"items_purchased_type":["Card","Card","Card","Card"],"build_version":"2020-12-22","purchased_purges":4,"victory":true,"max_hp_per_floor":[66,66,66,71,71,71,71,71,71,71,71,71,71,71,71,71,71,71,71,71,71,71,71,71,71,71,71,71,71,71,71,71,71,71,71,76,76,76,76,76,76,76,76,76,76,76,76,76,76,76],"card_choices":[{"not_picked":["Dagger Throw","Deflect"],"picked":"Noxious Fumes","floor":1},{"not_picked":["Quick Slash","Flying Knee","Underhanded Strike"],"picked":"SKIP","floor":5},{"not_picked":["Dagger Spray","Sucker Punch"],"picked":"Footwork","floor":6},{"not_picked":["Dodge and Roll","All Out Attack","Backstab"],"picked":"SKIP","floor":7},{"not_picked":["Finisher","Dash"],"picked":"Blade Dance","floor":11},{"not_picked":["Unload","Reflex"],"picked":"Deadly Poison","floor":13},{"not_picked":["Grand Finale","Bullet Time"],"picked":"After Image","floor":16},{"not_picked":["Slice","Catalyst"],"picked":"Cloak And Dagger+1","floor":18},{"not_picked":["Well Laid Plans","Finisher","Dodge and Roll"],"picked":"SKIP","floor":24},{"not_picked":["Bouncing Flask","Finisher"],"picked":"Terror+1","floor":27},{"not_picked":["Tactician","Flying Knee"],"picked":"Backflip","floor":29},{"not_picked":["Deflect","Choke"],"picked":"Infinite Blades","floor":31},{"not_picked":["Storm of Steel","Malaise"],"picked":"Adrenaline","floor":33},{"not_picked":["Terror","Outmaneuver"],"picked":"Blade Dance","floor":35},{"not_picked":["Prepared","Deadly Poison","Deflect"],"picked":"SKIP","floor":36},{"not_picked":["Footwork+1","Blade Dance"],"picked":"Accuracy+1","floor":37},{"not_picked":["Prepared","Endless Agony","Venomology"],"picked":"SKIP","floor":39},{"not_picked":["Dagger Throw","Endless Agony"],"picked":"Cloak And Dagger+1","floor":41},{"not_picked":["Slice+1","Outmaneuver+1","Bane+1"],"picked":"SKIP","floor":48}],"player_experience":288466,"relics_obtained":[{"floor":6,"key":"Du-Vu Doll"},{"floor":9,"key":"Incense Burner"},{"floor":13,"key":"Omamori"},{"floor":24,"key":"Happy Flower"},{"floor":26,"key":"Letter Opener"},{"floor":27,"key":"Turnip"},{"floor":47,"key":"Lizard Tail"}],"event_choices":[{"damage_healed":0,"gold_gain":75,"player_choice":"Gather Gold","damage_taken":11,"max_hp_gain":0,"max_hp_loss":0,"event_name":"World of Goop","floor":2,"gold_loss":0},{"cards_removed":["Strike_G"],"damage_healed":0,"gold_gain":0,"player_choice":"Forget","damage_taken":0,"max_hp_gain":0,"max_hp_loss":0,"event_name":"Living Wall","floor":3,"gold_loss":0},{"damage_healed":0,"gold_gain":0,"player_choice":"Donut","damage_taken":0,"max_hp_gain":5,"max_hp_loss":0,"event_name":"Big Fish","floor":4,"gold_loss":0},{"damage_healed":0,"gold_gain":0,"player_choice":"Take Wound","damage_taken":0,"relics_obtained":["Golden Idol"],"max_hp_gain":0,"max_hp_loss":0,"event_name":"Golden Idol","floor":10,"gold_loss":0,"cards_obtained":["Injury"]},{"damage_healed":0,"gold_gain":0,"player_choice":"Obtained Relic","damage_taken":0,"relics_obtained":["Shuriken"],"max_hp_gain":0,"max_hp_loss":0,"event_name":"Addict","floor":19,"gold_loss":85},{"damage_healed":0,"gold_gain":0,"player_choice":"Ignored","damage_taken":0,"max_hp_gain":0,"max_hp_loss":0,"event_name":"Cursed Tome","floor":21,"gold_loss":0},{"damage_healed":0,"gold_gain":50,"player_choice":"Stole From Cult","damage_taken":0,"max_hp_gain":0,"max_hp_loss":0,"event_name":"Nest","floor":28,"gold_loss":0},{"damage_healed":0,"gold_gain":0,"player_choice":"Ignored","damage_taken":0,"max_hp_gain":0,"max_hp_loss":0,"event_name":"Tomb of Lord Red Mask","floor":38,"gold_loss":0},{"damage_healed":0,"gold_gain":0,"player_choice":"Memory 1","damage_taken":0,"max_hp_gain":0,"max_hp_loss":0,"event_name":"SensoryStone","floor":44,"gold_loss":0},{"damage_healed":0,"gold_gain":0,"player_choice":"Fight","damage_taken":0,"max_hp_gain":0,"max_hp_loss":0,"event_name":"Mysterious Sphere","floor":47,"gold_loss":0}],"is_beta":false,"boss_relics":[{"not_picked":["Velvet Choker","SacredBark"],"picked":"Cursed Key"},{"not_picked":["Ring of the Serpent","HoveringKite"],"picked":"Empty Cage"}],"items_purged_floors":[14,20,30,46],"is_endless":false,"potions_floor_spawned":[1,7,18,27,29,31,36,37,41,47],"ascension_level":16}}