{"host":"yecadp3kwkksam5a","time":1612532315,"event":{"mods":["100% Spire Juice","Arknights","BaseMod","Minty Spire (QoL Compilation)","StSLib","SuperFastMode","The Cursed","WarShipGirlsR/??á´Ò³R mod"],"gold_per_floor":[114,128,141,153,165,165,165,165,192,224,236,161,172,191,191,267,267,287,287,287,28,45,77,77,106,152,165,165,176,176,176,176],"floor_reached":31,"language":"KOR","playtime":1181,"items_purged":[],"score":502,"play_id":"3953c2f8-06ba-46b9-900e-8fce2b727532","local_time":"20210205223835","is_ascension_mode":true,"campfire_choices":[{"data":"Evolve","floor":6.0,"key":"SMITH"},{"data":"Disarm","floor":8.0,"key":"SMITH"},{"data":"Fire Breathing","floor":15.0,"key":"SMITH"},{"data":"True Grit","floor":24,"key":"SMITH"},{"floor":28,"key":"REST"}],"circlet_count":0,"master_deck":["AscendersBane","Defend_R","Defend_R","Bash","Disarm+1","Feel No Pain","Twin Strike","Evolve+1","Pommel Strike","True Grit+1","Battle Trance","Fire Breathing+1","Immolate","Wild Strike+1","Thunderclap+1","Sword Boomerang+1","Writhe","Power Through","Dark Embrace","Body Slam","Sentinel","Burning Pact","Shrug It Off","Impervious","Flame Barrier"],"relics":["Burning Blood","Nunchaku","Strawberry","Astrolabe","Toy Ornithopter","Medical Kit","Molten Egg 2","Blood Vial","Pen Nib"],"acts_visited":["TheCity"],"potions_floor_usage":[25,25,29,31],"damage_taken":[{"damage":4.0,"enemies":"Jaw Worm","floor":1.0,"turns":6.0},{"damage":1.0,"enemies":"Cultist","floor":2.0,"turns":4.0},{"damage":5.0,"enemies":"2 Louse","floor":3.0,"turns":4.0},{"damage":8.0,"enemies":"2 Fungi Beasts","floor":4.0,"turns":6.0},{"damage":4.0,"enemies":"3 Louse","floor":5.0,"turns":3.0},{"damage":33.0,"enemies":"Gremlin Nob","floor":10.0,"turns":5.0},{"damage":16.0,"enemies":"Looter","floor":11.0,"turns":5.0},{"damage":6.0,"enemies":"2 Fungi Beasts","floor":13.0,"turns":6.0},{"damage":8.0,"enemies":"Lots of Slimes","floor":14.0,"turns":7.0},{"damage":18.0,"enemies":"Slime Boss","floor":16.0,"turns":7.0},{"damage":3.0,"enemies":"Shell Parasite","floor":18.0,"turns":6.0},{"damage":12,"enemies":"Chosen","floor":22,"turns":4},{"damage":43,"enemies":"Book of Stabbing","floor":23,"turns":7},{"damage":22,"enemies":"Slavers","floor":25,"turns":5},{"damage":16,"enemies":"Centurion and Healer","floor":27,"turns":6},{"damage":36,"enemies":"3 Cultists","floor":29,"turns":7},{"damage":30,"enemies":"Gremlin Leader","floor":31,"turns":6}],"seed_played":"-4879769511578137494","potions_obtained":[{"floor":1.0,"key":"DuplicationPotion"},{"floor":2.0,"key":"Block Potion"},{"floor":7.0,"key":"EssenceOfSteel"},{"floor":10.0,"key":"Block Potion"},{"floor":11.0,"key":"Block Potion"},{"floor":16.0,"key":"Fire Potion"},{"floor":18.0,"key":"SneckoOil"},{"floor":23,"key":"Fire Potion"},{"floor":27,"key":"Energy Potion"},{"floor":29,"key":"BloodPotion"}],"is_trial":false,"path_per_floor":["M","M","M","M","M","R","?","R","T","E","M","?","M","M","R","B",null,"M","?","?","$","M","E","R","E","T","M","R","M","?","E"],"character_chosen":"IRONCLAD","items_purchased":["Dark Embrace","Medical Kit"],"campfire_rested":1,"item_purchase_floors":[21,21],"current_hp_per_floor":[70,75,75,73,75,75,75,75,75,55,45,45,45,43,43,31,69,72,72,72,72,66,29,29,23,23,15,39,16,16,9,9],"gold":176,"neow_bonus":"TRANSFORM_CARD","is_daily":false,"chose_seed":false,"campfire_upgraded":4,"win_rate":0.0,"timestamp":1612532315,"path_taken":["M","M","M","M","M","R","?","R","T","E","?","?","M","M","R","BOSS","M","?","?","$","M","E","R","E","T","M","R","M","?","E"],"items_purchased_type":["Card","Relic"],"build_version":"2020-12-22","purchased_purges":0,"victory":false,"max_hp_per_floor":[75,75,75,75,75,75,75,75,75,82,82,82,82,82,82,82,82,82,82,82,82,82,82,82,82,82,82,82,82,82,82,82],"card_choices":[{"not_picked":["Evolve","Pommel Strike"],"picked":"Feel No Pain","floor":1.0},{"not_picked":["Warcry","Anger"],"picked":"Twin Strike","floor":2.0},{"not_picked":["Sword Boomerang","Flex"],"picked":"Evolve","floor":3.0},{"not_picked":["Heavy Blade","Corruption"],"picked":"Pommel Strike","floor":4.0},{"not_picked":["Heavy Blade","Clash","Entrench"],"picked":"SKIP","floor":5.0},{"not_picked":["Limit Break","Wild Strike","Seeing Red"],"picked":"SKIP","floor":10.0},{"not_picked":["Cleave","Headbutt"],"picked":"True Grit","floor":11.0},{"not_picked":["True Grit","Clash"],"picked":"Battle Trance","floor":13.0},{"not_picked":["Entrench","Headbutt"],"picked":"Fire Breathing","floor":14.0},{"not_picked":["Corruption","Exhume"],"picked":"Immolate","floor":16.0},{"not_picked":["Shrug It Off","Rupture","True Grit"],"picked":"SKIP","floor":18.0},{"not_picked":["Thunderclap","Inflame"],"picked":"Body Slam","floor":22},{"not_picked":["Headbutt+1","Pommel Strike+1"],"picked":"Sentinel","floor":23},{"not_picked":["Headbutt+1","Havoc"],"picked":"Burning Pact","floor":25},{"not_picked":["Sword Boomerang+1","True Grit","Spot Weakness"],"picked":"SKIP","floor":27},{"not_picked":["Headbutt+1","Sword Boomerang+1"],"picked":"Shrug It Off","floor":29}],"player_experience":601002,"relics_obtained":[{"floor":9.0,"key":"Nunchaku"},{"floor":10.0,"key":"Strawberry"},{"floor":23,"key":"Molten Egg 2"},{"floor":25,"key":"Blood Vial"},{"floor":26,"key":"Pen Nib"}],"event_choices":[{"damage_healed":0.0,"max_hp_gain":0.0,"max_hp_loss":0.0,"gold_gain":0.0,"event_name":"Lab","player_choice":"Got Potions","floor":7.0,"gold_loss":0.0,"damage_taken":0.0},{"cards_removed":["Strike_R"],"damage_healed":0.0,"max_hp_gain":0.0,"max_hp_loss":0.0,"gold_gain":0.0,"event_name":"The Cleric","player_choice":"Card Removal","floor":12.0,"gold_loss":75.0,"damage_taken":0.0},{"damage_healed":0.0,"max_hp_gain":0.0,"max_hp_loss":0.0,"gold_gain":0.0,"event_name":"The Mausoleum","player_choice":"Opened","floor":19.0,"gold_loss":0.0,"damage_taken":0.0,"relics_obtained":["Toy Ornithopter"],"cards_obtained":["Writhe"]},{"damage_healed":0.0,"max_hp_gain":0.0,"max_hp_loss":0.0,"gold_gain":0.0,"event_name":"The Library","player_choice":"Read","floor":20.0,"gold_loss":0.0,"damage_taken":0.0,"cards_obtained":["Power Through"]},{"damage_healed":0,"gold_gain":0,"cards_transformed":["Defend_R","Defend_R"],"player_choice":"Became Test Subject","damage_taken":0,"max_hp_gain":0,"max_hp_loss":0,"event_name":"Drug Dealer","floor":30,"gold_loss":0,"cards_obtained":["Impervious","Flame Barrier"]}],"is_beta":false,"boss_relics":[{"not_picked":["Velvet Choker","Busted Crown"],"picked":"Astrolabe"}],"items_purged_floors":[],"is_endless":false,"potions_floor_spawned":[1,2,10,11,16,18,23,27,29],"killed_by":"Gremlin Leader","ascension_level":16}}