{"host":"3y2rtlgteqp2nuo3","time":1612521375,"event":{"mods":["2.2 Compatiblity","AchievementEnabler","BaseMod","Colored Map","DeckTracker","Highlight Path","Keyboard Shortcuts","Minty Spire (QoL Compilation)","Permanent Neow","Quick Restart","StSLib","SuperFastMode","everything is the same but u backflip on backflip"],"gold_per_floor":[116,134,6,24,24,24,52,52,52,52,62,76,99,113,113,113,113],"floor_reached":16,"language":"KOR","playtime":271,"items_purged":["Strike_G"],"score":189,"play_id":"993a5baa-3a11-4b7b-8ec9-c696cb061a22","local_time":"20210205193615","is_ascension_mode":true,"campfire_choices":[{"data":"Poisoned Stab","floor":6.0,"key":"SMITH"},{"data":"Bane","floor":8,"key":"SMITH"},{"data":"Deadly Poison","floor":15,"key":"SMITH"}],"circlet_count":0,"master_deck":["AscendersBane","Strike_G","Strike_G","Strike_G","Defend_G","Defend_G","Defend_G","Defend_G","Defend_G","Survivor","Neutralize+1","Predator","Dagger Spray","Poisoned Stab+1","Bane+1","Backflip","Dash","Deadly Poison+1"],"relics":["Ring of the Snake","Incense Burner","StrikeDummy","Odd Mushroom"],"acts_visited":["Exordium"],"potions_floor_usage":[7,13,16,16,16],"damage_taken":[{"damage":1.0,"enemies":"2 Louse","floor":1.0,"turns":3.0},{"damage":4.0,"enemies":"Jaw Worm","floor":2.0,"turns":4.0},{"damage":4.0,"enemies":"Small Slimes","floor":4.0,"turns":3.0},{"damage":8,"enemies":"Gremlin Nob","floor":7,"turns":3},{"damage":8,"enemies":"3 Louse","floor":11,"turns":3},{"damage":17,"enemies":"Exordium Thugs","floor":12,"turns":5},{"damage":3,"enemies":"The Mushroom Lair","floor":13,"turns":3},{"damage":0,"enemies":"Exordium Wildlife","floor":14,"turns":2},{"damage":11,"enemies":"Hexaghost","floor":16,"turns":7}],"seed_played":"-5911517861090494246","potions_obtained":[{"floor":2.0,"key":"FearPotion"},{"floor":12,"key":"FearPotion"},{"floor":13,"key":"SpeedPotion"},{"floor":14,"key":"EntropicBrew"}],"is_trial":false,"path_per_floor":["M","M","$","M","?","R","E","R","T","$","M","M","?","M","R","B"],"character_chosen":"THE_SILENT","items_purchased":["Poisoned Stab"],"campfire_rested":0,"item_purchase_floors":[3],"current_hp_per_floor":[58,54,54,50,43,43,35,35,35,35,27,10,7,7,7,0,0],"gold":113,"neow_bonus":"UPGRADE_CARD","is_daily":false,"chose_seed":false,"campfire_upgraded":3,"win_rate":0.0,"timestamp":1612521375,"path_taken":["M","M","$","M","?","R","E","R","T","$","M","M","?","M","R","BOSS"],"items_purchased_type":["Card"],"build_version":"2020-12-22","purchased_purges":1,"victory":false,"max_hp_per_floor":[66,66,66,66,66,66,66,66,66,66,66,66,66,66,66,66,66],"card_choices":[{"not_picked":["Backflip","Prepared"],"picked":"Predator","floor":1.0},{"not_picked":["Cloak And Dagger","Outmaneuver"],"picked":"Dagger Spray","floor":2.0},{"not_picked":["Underhanded Strike","Backflip"],"picked":"Bane","floor":4.0},{"not_picked":["Cloak And Dagger","Deflect"],"picked":"Backflip","floor":7},{"not_picked":["Cloak And Dagger","Bane","Choke"],"picked":"SKIP","floor":11},{"not_picked":["Prepared","All Out Attack","Dagger Spray"],"picked":"SKIP","floor":12},{"not_picked":["Blur","Predator"],"picked":"Dash","floor":13},{"not_picked":["Cloak And Dagger","Dash"],"picked":"Deadly Poison","floor":14}],"player_experience":755488,"relics_obtained":[{"floor":7,"key":"Incense Burner"},{"floor":9,"key":"StrikeDummy"},{"floor":13,"key":"Odd Mushroom"}],"event_choices":[{"cards_removed":["Strike_G"],"damage_healed":0.0,"max_hp_gain":0.0,"max_hp_loss":0.0,"gold_gain":0.0,"event_name":"Golden Wing","player_choice":"Card Removal","floor":5.0,"gold_loss":0.0,"damage_taken":7.0},{"damage_healed":0,"gold_gain":0,"player_choice":"Fought Mushrooms","damage_taken":0,"max_hp_gain":0,"max_hp_loss":0,"event_name":"Mushrooms","floor":13,"gold_loss":0}],"is_beta":false,"boss_relics":[],"items_purged_floors":[3],"is_endless":false,"potions_floor_spawned":[2,12,13,14],"killed_by":"Hexaghost","ascension_level":17}}