{"host":"kiklx4tvdwn31322","time":1612513085,"event":{"mods":["BaseMod","Colored Powertips","Marisa（F雨　魔理沙）","Minty Spire (QoL Compilation)","Quick Restart","Reliquary","Replay The Spire","RumiaBox-露米娅的神秘盒子","StSLib","Waifu the Spire","【功能Mod】混沌之环修复补丁"],"gold_per_floor":[109,57,57,57,57,75,75,66,66,66,66,66,66,66,66,161,161,176,116,116,127,147,147,159,15,15,29,29,44,59,59,59],"floor_reached":31,"language":"ZHS","playtime":824,"items_purged":[],"score":233,"play_id":"d3ecc3d7-bba4-4e99-9981-d5b7416d4aac","local_time":"20210205161805","is_ascension_mode":false,"campfire_choices":[{"data":"Spot Weakness","floor":7.0,"key":"SMITH"},{"data":"Cleave","floor":11.0,"key":"SMITH"},{"data":"Iron Wave","floor":13.0,"key":"SMITH"},{"data":"Strike_R","floor":15.0,"key":"SMITH"},{"floor":23.0,"key":"REST"}],"circlet_count":0,"master_deck":["Strike_R","Strike_R","Strike_R+1","Strike_R","Defend_R","Defend_R","Defend_R","Bash+1","Cleave+1","Iron Wave+1","Spot Weakness+1","Limit Break","Flex+1","Replay:Undeath\u0027s Touch+1","ReplayTheSpireMod:LeadingStrike+1","Inflame","Shame","Heavy Blade"],"relics":["Burning Blood","ReplayTheSpireMod:Spearhead","reliquary:BallBearing","Mercury Hourglass","Empty Cage","CultistMask","Akabeko","reliquary:QuartzCube","reliquary:IridiumChain","Baka2"],"acts_visited":["Exordium","TheCity"],"potions_floor_usage":[],"damage_taken":[{"damage":0.0,"enemies":"Small Slimes","floor":1.0,"turns":3.0},{"damage":9.0,"enemies":"Jaw Worm","floor":6.0,"turns":2.0},{"damage":16.0,"enemies":"Gremlin Nob","floor":8.0,"turns":3.0},{"damage":16.0,"enemies":"Slime Boss","floor":16.0,"turns":6.0},{"damage":22.0,"enemies":"Shell Parasite","floor":18.0,"turns":3.0},{"damage":7.0,"enemies":"Spheric Guardian","floor":21.0,"turns":3.0},{"damage":35.0,"enemies":"Snake Plant","floor":22.0,"turns":3.0},{"damage":10.0,"enemies":"Chosen and Byrds","floor":24.0,"turns":3.0},{"damage":9.0,"enemies":"Centurion and Healer","floor":27.0,"turns":3.0},{"damage":23.0,"enemies":"Snecko","floor":29.0,"turns":4.0},{"damage":15.0,"enemies":"Snake Plant","floor":30.0,"turns":3.0},{"damage":9,"enemies":"Slavers","floor":31,"turns":2}],"seed_played":"-8954632034250045319","potions_obtained":[{"floor":8.0,"key":"FearPotion"},{"floor":21.0,"key":"ElixirPotion"},{"floor":30,"key":"Explosive Potion"}],"is_trial":false,"path_per_floor":["M","$","?","?","?","M","R","E","T","?","R","$","R","$","R","B",null,"M","?","?","M","M","R","M","$","T","M","?","M","M","E"],"character_chosen":"IRONCLAD","items_purchased":["Iron Wave","Akabeko"],"campfire_rested":1,"item_purchase_floors":[2,25],"current_hp_per_floor":[80,80,80,80,80,77,77,67,67,67,67,67,67,67,67,57,80,64,64,64,72,43,67,63,63,63,60,60,43,37,20,20],"gold":59,"neow_bonus":"RANDOM_COMMON_RELIC","is_daily":false,"chose_seed":false,"campfire_upgraded":4,"win_rate":0.0,"timestamp":1612513085,"path_taken":["M","$","?","?","?","M","R","E","T","?","R","?","R","$","R","BOSS","M","?","?","M","M","R","M","$","T","?","?","M","M","E"],"items_purchased_type":["Card","Relic"],"build_version":"2020-12-22","purchased_purges":0,"victory":false,"max_hp_per_floor":[80,80,80,80,80,80,80,80,80,80,80,80,80,80,80,80,80,80,80,80,80,80,80,80,80,80,80,80,80,83,92,92],"card_choices":[{"not_picked":["Headbutt","ReplayTheSpireMod:Strike From Hell"],"picked":"Cleave","floor":1.0},{"not_picked":["ReplayTheSpireMod:Corrosion Curse","Iron Wave"],"picked":"Spot Weakness","floor":6.0},{"not_picked":["ReplayTheSpireMod:Strike From Hell","Iron Wave","Feel No Pain"],"picked":"SKIP","floor":8.0},{"not_picked":["Hemogenesis","Fiend Fire"],"picked":"Limit Break","floor":16.0},{"not_picked":["Warcry+1","Abandon","Reckless Charge"],"picked":"SKIP","floor":18.0},{"not_picked":["Iron Wave","Body Slam"],"picked":"Flex+1","floor":21.0},{"not_picked":["Shrug It Off","Fire Breathing+1"],"picked":"Replay:Undeath\u0027s Touch+1","floor":22.0},{"not_picked":["Dark Embrace","Wild Strike+1"],"picked":"ReplayTheSpireMod:LeadingStrike+1","floor":24.0},{"not_picked":["Clash","Wild Strike+1"],"picked":"Inflame","floor":27.0},{"not_picked":["Body Slam","Inflame","Warcry+1"],"picked":"SKIP","floor":29.0},{"not_picked":["Armaments+1","Rampage"],"picked":"Heavy Blade","floor":30}],"player_experience":22357,"relics_obtained":[{"floor":1.0,"key":"Baka"},{"floor":8.0,"key":"reliquary:BallBearing"},{"floor":9.0,"key":"Mercury Hourglass"},{"floor":26.0,"key":"reliquary:QuartzCube"},{"floor":29.0,"key":"Baka2"}],"event_choices":[{"damage_healed":0.0,"max_hp_gain":0.0,"max_hp_loss":0.0,"gold_gain":0.0,"event_name":"The Cleric","player_choice":"Leave","floor":3.0,"gold_loss":0.0,"damage_taken":0.0},{"damage_healed":0.0,"max_hp_gain":0.0,"max_hp_loss":0.0,"gold_gain":0.0,"event_name":"Golden Wing","player_choice":"Ignored","floor":4.0,"gold_loss":0.0,"damage_taken":0.0},{"damage_healed":0.0,"max_hp_gain":0.0,"max_hp_loss":0.0,"gold_gain":0.0,"event_name":"Liars Game","player_choice":"Ignored","floor":5.0,"gold_loss":0.0,"damage_taken":0.0},{"damage_healed":0.0,"max_hp_gain":0.0,"max_hp_loss":0.0,"gold_gain":0.0,"event_name":"Living Wall","player_choice":"Grow","floor":10.0,"gold_loss":0.0,"damage_taken":0.0,"cards_upgraded":["Bash"]},{"damage_healed":0.0,"max_hp_gain":0.0,"max_hp_loss":0.0,"gold_gain":0.0,"event_name":"FaceTrader","player_choice":"Trade","floor":20.0,"gold_loss":0.0,"damage_taken":0.0,"relics_obtained":["CultistMask"]},{"damage_healed":0.0,"max_hp_gain":0.0,"max_hp_loss":0.0,"gold_gain":0.0,"event_name":"Addict","player_choice":"Stole Relic","floor":28.0,"gold_loss":0.0,"damage_taken":0.0,"relics_obtained":["reliquary:IridiumChain"],"cards_obtained":["Shame"]}],"is_beta":false,"boss_relics":[{"not_picked":["Coffee Dripper","ReplayTheSpireMod:DimensionalGlitch"],"picked":"Empty Cage"}],"items_purged_floors":[],"is_endless":false,"potions_floor_spawned":[8,21,30],"killed_by":"Slavers","ascension_level":0}}