{"host":"Sylvester","time":1612498454,"event":{"mods":["BaseMod","Filter the Spire","Lobotomy","Minty Spire (QoL Compilation)","Replay The Spire","StSLib"],"gold_per_floor":[210,220,220,231,18,48,48,48,48,48,76,86,56,87,101,101,101,101],"floor_reached":17,"language":"ENG","playtime":539,"items_purged":[],"score":250,"play_id":"8275d590-bf6a-4bec-a077-1e20b7dc75df","local_time":"20210204201414","is_ascension_mode":true,"campfire_choices":[{"data":"Cloak And Dagger","floor":7,"key":"SMITH"},{"floor":16,"key":"DIG"}],"circlet_count":0,"master_deck":["AscendersBane","Strike_G","Strike_G","Strike_G","Strike_G","Strike_G","Defend_G","Defend_G","Defend_G","Defend_G","Defend_G","Survivor","Neutralize","Quick Slash","Crippling Poison+1","Cloak And Dagger+1","ReplayTheSpireMod:Speed Training","Blade Dance","Well Laid Plans","A Thousand Cuts"],"relics":["Ring of the Snake","PreservedInsect","Quantum Egg","Centennial Puzzle","Blue Doll","Snake Skull","Snack Pack","Nunchaku","Garlic"],"acts_visited":["Exordium"],"potions_floor_usage":[6,17,17],"damage_taken":[{"damage":8,"enemies":"2 Louse","floor":1,"turns":3},{"damage":1,"enemies":"Cultist","floor":2,"turns":3},{"damage":4,"enemies":"Small Slimes","floor":4,"turns":4},{"damage":15,"enemies":"Lagavulin","floor":6,"turns":6},{"damage":2,"enemies":"Gremlin Nob","floor":11,"turns":3},{"damage":1,"enemies":"Red Slaver","floor":12,"turns":4},{"damage":3,"enemies":"Lagavulin","floor":14,"turns":5},{"damage":0,"enemies":"Looter","floor":15,"turns":3},{"damage":50,"enemies":"Hexaghost","floor":17,"turns":10}],"seed_played":"1656808889460873458","potions_obtained":[{"floor":4,"key":"Fire Potion"},{"floor":6,"key":"Energy Potion"}],"is_trial":false,"path_per_floor":["M","M","?","M","$","E","R","?","T","T","E","M","$","E","M","R","B"],"character_chosen":"THE_SILENT","items_purchased":["PreservedInsect","Strength Potion","Well Laid Plans"],"campfire_rested":0,"item_purchase_floors":[5,5,13],"current_hp_per_floor":[51,50,50,46,46,31,31,31,31,31,29,30,30,31,35,35,0,0],"gold":101,"neow_bonus":"HUNDRED_GOLD","is_daily":false,"chose_seed":false,"campfire_upgraded":1,"win_rate":0.0,"timestamp":1612498454,"path_taken":["M","M","?","M","$","E","R","?","T","T","E","M","$","E","?","R","BOSS"],"items_purchased_type":["Relic","Potion","Card"],"build_version":"2020-11-17","purchased_purges":0,"victory":false,"max_hp_per_floor":[66,66,66,66,66,66,66,66,66,66,66,66,66,66,66,66,66,66],"card_choices":[{"not_picked":["Acrobatics","Expertise"],"picked":"Quick Slash","floor":1},{"not_picked":["Backflip","Deadly Poison"],"picked":"Crippling Poison","floor":2},{"not_picked":["Deadly Poison","Skewer","Riddle With Holes"],"picked":"SKIP","floor":4},{"not_picked":["Deflect","Slice"],"picked":"Cloak And Dagger","floor":6},{"not_picked":["Tools of the Trade","Dagger Throw"],"picked":"ReplayTheSpireMod:Speed Training","floor":11},{"not_picked":["PiercingWail","Poisoned Stab"],"picked":"Blade Dance","floor":12},{"not_picked":["Dagger Throw","Concentrate"],"picked":"A Thousand Cuts","floor":14},{"not_picked":["Choke","Eviscerate","Underhanded Strike"],"picked":"SKIP","floor":15}],"player_experience":211116,"relics_obtained":[{"floor":6,"key":"Quantum Egg"},{"floor":8,"key":"Centennial Puzzle"},{"floor":9,"key":"Blue Doll"},{"floor":10,"key":"Snake Skull"},{"floor":11,"key":"Snack Pack"},{"floor":14,"key":"Nunchaku"},{"floor":16,"key":"Garlic"}],"event_choices":[{"damage_healed":0,"gold_gain":0,"player_choice":"Grow","damage_taken":0,"max_hp_gain":0,"max_hp_loss":0,"event_name":"Living Wall","floor":3,"gold_loss":0,"cards_upgraded":["Crippling Poison"]},{"damage_healed":0,"gold_gain":0,"player_choice":"Relic","damage_taken":0,"max_hp_gain":0,"max_hp_loss":0,"event_name":"Wheel of Change","floor":8,"gold_loss":0}],"is_beta":true,"boss_relics":[],"items_purged_floors":[],"is_endless":false,"potions_floor_spawned":[4,6,11,12],"killed_by":"Hexaghost","ascension_level":20}}