{"host":"p8f0otjoacyb9giz","time":1612569311,"event":{"mods":["AchievementEnabler","BaseMod","Downfall","Minty Spire (QoL Compilation)","StSLib"],"gold_per_floor":[0,19,169,181,181,181,231,231,231,128,141,141,141,176,192,293,293,193,213,148,148,164,64,91,91,104,130,30,49,49,62,62,62,62],"floor_reached":32,"language":"ENG","playtime":1094,"items_purged":["downfall:Malfunctioning","sneckomod:Defend"],"score":297,"play_id":"89a9315f-a61d-4d5a-94ff-118d658be945","local_time":"20210206025511","is_ascension_mode":true,"campfire_choices":[{"floor":1,"key":"DIG"},{"floor":6,"key":"DIG"},{"floor":9,"key":"DIG"},{"floor":13,"key":"DIG"},{"floor":18,"key":"RECALL"},{"floor":28,"key":"DIG"}],"circlet_count":0,"master_deck":["sneckomod:TailWhip","sneckomod:SnekBite","sneckomod:Unknown","sneckomod:Unknown","sneckomod:MixItUp","sneckomod:UnknownUncommonPower+1","sneckomod:UnknownRarePower+1","sneckomod:Nope","sneckomod:UnknownClassTHE_BRONZE_AUTOMATON","sneckomod:UnknownDexterity","sneckomod:UnknownUncommonSkill","Ragnarok+1","sneckomod:UnknownBlock"],"relics":["sneckomod:SneckoSoul","Shovel","Frozen Egg 2","Boot","Smiling Mask","Orichalcum","Omamori","Darkstone Periapt","Runic Pyramid","downfall:HeartBlessingGreen","downfall:HeartBlessingRed","Pen Nib","downfall:HeartBlessingBlue","Bronze Scales","Mummified Hand"],"acts_visited":["Exordium","TheCity"],"potions_floor_usage":[],"damage_taken":[{"damage":2,"enemies":"Jaw Worm","floor":2,"turns":3},{"damage":6,"enemies":"2 Louse","floor":4,"turns":2},{"damage":0,"enemies":"downfall:FleeingMerchant","floor":10,"turns":4},{"damage":0,"enemies":"Small Slimes","floor":11,"turns":2},{"damage":25,"enemies":"Gremlin Nob","floor":14,"turns":4},{"damage":10,"enemies":"Exordium Thugs","floor":15,"turns":4},{"damage":24,"enemies":"SI_SHIV_ARCHETYPE","floor":16,"turns":17},{"damage":7,"enemies":"3 Byrds","floor":19,"turns":3},{"damage":4,"enemies":"downfall:FleeingMerchant","floor":20,"turns":4},{"damage":31,"enemies":"Sentry and Sphere","floor":22,"turns":4},{"damage":0,"enemies":"Snecko","floor":26,"turns":3},{"damage":24,"enemies":"Gremlin Leader","floor":27,"turns":5},{"damage":6,"enemies":"Cultist and Chosen","floor":29,"turns":4},{"damage":18,"enemies":"Snake Plant","floor":31,"turns":2},{"damage":10,"enemies":"Centurion and Healer","floor":32,"turns":1}],"seed_played":"-5599453502140743897","potions_obtained":[{"floor":2,"key":"FearPotion"},{"floor":4,"key":"SteroidPotion"},{"floor":11,"key":"Block Potion"}],"is_trial":false,"path_per_floor":["R","M","?","M","?","R","T","?","R","$","M","?","R","E","M","B",null,"R","M","$","?","M","R","T","?","M","E","R","M","?","M","M"],"character_chosen":"THE_SNECKO","items_purchased":["sneckomod:UnknownUncommonPower+1"],"campfire_rested":0,"item_purchase_floors":[10],"current_hp_per_floor":[90,88,88,82,82,82,82,82,82,82,82,82,82,57,47,23,90,90,83,79,79,48,48,48,48,48,24,34,28,28,10,0,0,0],"gold":62,"neow_bonus":"ONE_RARE_RELIC","is_daily":false,"chose_seed":false,"campfire_upgraded":0,"win_rate":0.0,"timestamp":1612569311,"path_taken":["R","M","?","M","?","R","T","?","R","$","?","?","R","E","M","BOSS","R","M","$","?","M","R","T","?","?","E","R","M","?","M","M"],"items_purchased_type":["Card"],"build_version":"2020-12-22","purchased_purges":2,"victory":false,"max_hp_per_floor":[90,90,90,90,90,90,90,90,90,90,90,90,90,90,90,90,90,90,90,90,90,90,90,90,90,90,90,100,100,100,100,100,100,100],"card_choices":[{"not_picked":["sneckomod:SoulRoll","sneckomod:DiceBlock","sneckomod:QuickBite"],"picked":"SKIP","floor":2},{"not_picked":["sneckomod:MasterEye+1","sneckomod:TrashToTreasure"],"picked":"sneckomod:MixItUp","floor":4},{"not_picked":["sneckomod:UnknownDraw","sneckomod:SnekBeam"],"picked":"sneckomod:Unknown3Cost","floor":10},{"not_picked":["sneckomod:UnknownDraw","sneckomod:SlitherStrike","sneckomod:MixItUp"],"picked":"SKIP","floor":11},{"not_picked":["sneckomod:UnknownUncommonSkill","sneckomod:SoulCleanse","sneckomod:SnakeSap"],"picked":"SKIP","floor":14},{"not_picked":["sneckomod:UnknownDexterity","sneckomod:UnknownCommonAttack","sneckomod:UnknownWeak"],"picked":"SKIP","floor":15},{"not_picked":["sneckomod:Cheat","sneckomod:UnknownBoss"],"picked":"sneckomod:UnknownRarePower+1","floor":16},{"not_picked":["sneckomod:SnekBeam","sneckomod:UnknownClassPURPLE"],"picked":"sneckomod:Nope","floor":19},{"not_picked":["sneckomod:Mudshield+1","sneckomod:UnknownCommonAttack+1","sneckomod:RainOfDice+1"],"picked":"SKIP","floor":20},{"not_picked":["sneckomod:QuickMove","sneckomod:UnknownColorless","sneckomod:RainOfDice+1"],"picked":"SKIP","floor":22},{"not_picked":["sneckomod:UnknownDraw","sneckomod:UnknownCommonAttack","sneckomod:UnknownBlock"],"picked":"SKIP","floor":26},{"not_picked":["sneckomod:UnknownDraw","sneckomod:UnknownCommonAttack"],"picked":"sneckomod:UnknownBlock","floor":26},{"not_picked":["sneckomod:TrashToTreasure","sneckomod:DiceBoulder","sneckomod:UnknownDraw"],"picked":"SKIP","floor":27},{"not_picked":["sneckomod:SlitherStrike","sneckomod:Unknown1Cost","sneckomod:DiceCrush"],"picked":"SKIP","floor":29},{"not_picked":["sneckomod:RainOfDice","sneckomod:SoulDraw","sneckomod:QuickMove"],"picked":"SKIP","floor":31}],"player_experience":445325,"relics_obtained":[{"floor":1,"key":"Frozen Egg 2"},{"floor":6,"key":"Boot"},{"floor":7,"key":"Smiling Mask"},{"floor":9,"key":"Orichalcum"},{"floor":13,"key":"Omamori"},{"floor":14,"key":"Darkstone Periapt"},{"floor":27,"key":"Pen Nib"},{"floor":28,"key":"Bronze Scales"}],"event_choices":[{"damage_healed":0,"gold_gain":0,"player_choice":"Grow","damage_taken":0,"max_hp_gain":0,"max_hp_loss":0,"event_name":"Living Wall","floor":12,"gold_loss":0,"cards_upgraded":["sneckomod:Unknown3Cost"]},{"damage_healed":0,"gold_gain":0,"player_choice":"Got Potions","damage_taken":0,"max_hp_gain":0,"max_hp_loss":0,"event_name":"Lab","floor":25,"gold_loss":0}],"is_beta":false,"boss_relics":[{"not_picked":["Sozu","bronze:MakeshiftBattery"],"picked":"Runic Pyramid"}],"items_purged_floors":[10,20],"is_endless":false,"potions_floor_spawned":[2,4,11,14,22,27,29,31],"killed_by":"Centurion and Healer","ascension_level":3}}