{"host":"aj7el8l5kufbk20z","time":1612524743,"event":{"mods":["AchievementEnabler","BaseMod","Colored Map","Colored Powertips","Curses Come First","Highlight Path","Minty Spire (QoL Compilation)","Permanent Neow","Poor People Problems","Quick Restart","Rare Cards Sparkle","Relic Stats","StSLib","SuperFastMode","Waifu the Spire"],"gold_per_floor":[117,420,440,450,465,496,999,999,999,1031,909,909,941,959,959,1033,1033,1052,903,915,915,561,588,608,636,662,676,694,694,694,694,694,694,694,694,694,594,614,473,500,510,835,835,860,874,874,381,398,398,398],"floor_reached":51,"language":"ZHS","playtime":2772,"items_purged":["Writhe","Strike_B","Strike_B","Defend_B","Defend_B","Defend_B","Defend_B","Strike_B"],"score":1807,"play_id":"28e1affa-d393-4095-b5e7-d2392f2960a9","local_time":"20210205193222","is_ascension_mode":true,"campfire_choices":[{"data":"Loop","floor":8,"key":"SMITH"},{"data":"Consume","floor":12,"key":"SMITH"},{"data":"Zap","floor":15,"key":"SMITH"},{"data":"Seek","floor":29,"key":"SMITH"},{"data":"Force Field","floor":32,"key":"SMITH"},{"data":"Loop","floor":49,"key":"SMITH"}],"circlet_count":0,"master_deck":["AscendersBane","Zap+1","Dualcast","Consume+1","Loop+1","Glacier","Seek+1","Force Field+1","Electrodynamics","Conserve Battery","White Noise","Stack+1","Core Surge","Core Surge","Buffer","Stack+1","Streamline+1","Aggregate+1","Loop+1"],"relics":["FrozenCore","Ice Cream","Membership Card","Bronze Scales","Singing Bowl","Thread and Needle","Pocketwatch","Ornamental Fan","Kunai","Symbiotic Virus","Anchor","Inserter","Juzu Bracelet","Shuriken","Mercury Hourglass","Toxic Egg 2","Turnip","Torii","DollysMirror","DataDisk","Lee\u0027s Waffle","Matryoshka","Akabeko","Cables","Old Coin","Nunchaku","Eternal Feather","Bag of Marbles","Runic Capacitor","Sundial","CeramicFish"],"acts_visited":["Exordium","TheCity","TheBeyond"],"potions_floor_usage":[23,50],"damage_taken":[{"damage":4.0,"enemies":"2 Louse","floor":1.0,"turns":3.0},{"damage":7,"enemies":"Cultist","floor":3,"turns":4},{"damage":5,"enemies":"Small Slimes","floor":4,"turns":3},{"damage":11,"enemies":"Looter","floor":5,"turns":3},{"damage":20,"enemies":"3 Sentries","floor":6,"turns":13},{"damage":37,"enemies":"Gremlin Nob","floor":10,"turns":3},{"damage":5,"enemies":"3 Sentries","floor":13,"turns":7},{"damage":0,"enemies":"3 Louse","floor":14,"turns":3},{"damage":25,"enemies":"The Guardian","floor":16,"turns":8},{"damage":0,"enemies":"3 Byrds","floor":18,"turns":2},{"damage":1,"enemies":"Spheric Guardian","floor":20,"turns":4},{"damage":0,"enemies":"Gremlin Leader","floor":23,"turns":5},{"damage":17,"enemies":"Snake Plant","floor":24,"turns":4},{"damage":22,"enemies":"Slavers","floor":25,"turns":3},{"damage":0,"enemies":"Centurion and Healer","floor":27,"turns":5},{"damage":0,"enemies":"Snecko","floor":30,"turns":4},{"damage":0,"enemies":"3 Cultists","floor":31,"turns":3},{"damage":22,"enemies":"Automaton","floor":33,"turns":8},{"damage":0,"enemies":"Orb Walker","floor":35,"turns":3},{"damage":3,"enemies":"3 Shapes","floor":38,"turns":4},{"damage":17,"enemies":"Reptomancer","floor":40,"turns":4},{"damage":22,"enemies":"Writhing Mass","floor":41,"turns":3},{"damage":0,"enemies":"Giant Head","floor":42,"turns":11},{"damage":1,"enemies":"Nemesis","floor":44,"turns":5},{"damage":40,"enemies":"Jaw Worm Horde","floor":45,"turns":3},{"damage":9,"enemies":"Spire Growth","floor":48,"turns":5},{"damage":0,"enemies":"Time Eater","floor":50,"turns":5}],"seed_played":"6606841157508521578","potions_obtained":[{"floor":5,"key":"LiquidMemories"},{"floor":6,"key":"FearPotion"},{"floor":10,"key":"Ancient Potion"},{"floor":18,"key":"Block Potion"},{"floor":20,"key":"PowerPotion"},{"floor":33,"key":"Swift Potion"},{"floor":42,"key":"Explosive Potion"}],"is_trial":false,"path_per_floor":["M","$","M","M","M","E","$","R","T","E","?","R","E","M","R","B",null,"M","$","M","?","$","E","M","E","T","M","$","R","M","M","R","B",null,"M","?","$","M","$","E","M","E","T","E","M","?","$","M","R","B",null],"character_chosen":"DEFECT","items_purchased":["Membership Card","Bronze Scales","Singing Bowl","Consume","Loop","Pocketwatch","Juzu Bracelet","Shuriken","Mercury Hourglass","Torii","Stack+1","Core Surge","DollysMirror","DataDisk","Lee\u0027s Waffle","Matryoshka","Akabeko","Runic Capacitor","Sundial","CeramicFish","Aggregate+1","Loop"],"campfire_rested":0,"item_purchase_floors":[2,2,2,2,2,7,19,22,22,28,28,28,28,37,37,39,39,47,47,47,47,47],"current_hp_per_floor":[60,60,53,50,39,75,75,75,75,70,70,70,67,69,69,44,70,70,70,69,69,69,71,56,82,82,84,84,84,86,88,88,66,85,87,87,100,97,97,82,62,64,64,65,101,101,101,94,103,103],"gold":398,"neow_bonus":"ONE_RARE_RELIC","is_daily":false,"chose_seed":false,"campfire_upgraded":6,"win_rate":0.0,"timestamp":1612524742,"path_taken":["M","$","M","M","M","E","$","R","T","E","?","R","E","?","R","BOSS","M","$","M","?","$","E","M","E","T","M","$","R","M","M","R","BOSS","M","?","$","M","?","E","M","E","T","E","M","?","$","M","R","BOSS"],"items_purchased_type":["Relic","Relic","Relic","Card","Card","Relic","Relic","Relic","Relic","Relic","Card","Card","Relic","Relic","Relic","Relic","Relic","Relic","Relic","Relic","Card","Card"],"build_version":"2020-12-22","purchased_purges":8,"victory":true,"max_hp_per_floor":[71,71,71,73,73,75,75,75,75,75,75,75,77,79,79,79,79,79,79,79,79,79,81,83,85,85,87,87,87,89,91,91,91,91,93,93,100,100,100,102,104,106,106,108,110,110,110,112,112,112],"relic_stats":{"Lee\u0027s Waffle":13,"Inserter":[40],"Singing Bowl":34,"Torii":7,"counters":[27,127],"CeramicFish":18,"Eternal Feather":9,"Juzu Bracelet":0,"FrozenCore":[15],"Mercury Hourglass":[326],"Cables":[34,7,6,21,0],"Nunchaku":[0],"Ornamental Fan":[0],"Shuriken":[0],"Sundial":[2],"Bronze Scales":[354],"Turnip":[0],"Kunai":[0],"obtain_stats":[{"Ice Cream":0,"Singing Bowl":2,"Torii":28,"CeramicFish":47,"Juzu Bracelet":19,"Runic Capacitor":47,"FrozenCore":34,"Old Coin":42,"Nunchaku":43,"Matryoshka":39,"DollysMirror":28,"Sundial":47,"Kunai":10,"Toxic Egg 2":23,"Cracked Core":0,"Lee\u0027s Waffle":37,"Inserter":17,"Thread and Needle":6,"Eternal Feather":43,"Akabeko":39,"Mercury Hourglass":22,"Cables":40,"Anchor":13,"DataDisk":37,"Ornamental Fan":9,"Shuriken":22,"Bronze Scales":2,"Turnip":25,"Bag of Marbles":44,"Membership Card":2,"Symbiotic Virus":11,"Pocketwatch":7},{"Ice Cream":0,"Singing Bowl":1,"Torii":15,"CeramicFish":25,"Juzu Bracelet":10,"Runic Capacitor":25,"FrozenCore":18,"Old Coin":23,"Nunchaku":23,"Matryoshka":20,"DollysMirror":15,"Sundial":25,"Kunai":6,"Toxic Egg 2":12,"Cracked Core":0,"Lee\u0027s Waffle":19,"Inserter":9,"Thread and Needle":5,"Eternal Feather":23,"Akabeko":20,"Mercury Hourglass":11,"Cables":21,"Anchor":7,"DataDisk":19,"Ornamental Fan":5,"Shuriken":11,"Bronze Scales":1,"Turnip":14,"Bag of Marbles":24,"Membership Card":1,"Symbiotic Virus":6,"Pocketwatch":5},{"Ice Cream":0,"Singing Bowl":3,"Torii":70,"CeramicFish":117,"Juzu Bracelet":49,"Runic Capacitor":117,"FrozenCore":85,"Old Coin":110,"Nunchaku":110,"Matryoshka":92,"DollysMirror":70,"Sundial":117,"Kunai":29,"Toxic Egg 2":58,"Cracked Core":0,"Lee\u0027s Waffle":88,"Inserter":47,"Thread and Needle":26,"Eternal Feather":110,"Akabeko":92,"Mercury Hourglass":53,"Cables":96,"Anchor":36,"DataDisk":88,"Ornamental Fan":26,"Shuriken":53,"Bronze Scales":3,"Turnip":65,"Bag of Marbles":115,"Membership Card":3,"Symbiotic Virus":29,"Pocketwatch":26}],"Pocketwatch":[168]},"card_choices":[{"not_picked":["Compile Driver","Rebound","Turbo"],"picked":"SKIP","floor":1.0},{"not_picked":["Ball Lightning","Turbo"],"picked":"Glacier","floor":3},{"not_picked":["Beam Cell","Turbo","Rebound"],"picked":"Singing Bowl","floor":4},{"not_picked":["Barrage","Hologram"],"picked":"Seek","floor":5},{"not_picked":["Lockon","Doom and Gloom","Auto Shields"],"picked":"Singing Bowl","floor":6},{"not_picked":["Scrape","Rip and Tear"],"picked":"Force Field","floor":10},{"not_picked":["Rebound","Consume","Tempest"],"picked":"Singing Bowl","floor":13},{"not_picked":["Compile Driver","Redo","Reprogram"],"picked":"Singing Bowl","floor":14},{"not_picked":["Meteor Strike","All For One"],"picked":"Electrodynamics","floor":16},{"not_picked":["Genetic Algorithm","Static Discharge"],"picked":"Conserve Battery","floor":18},{"not_picked":["Hologram","Hello World"],"picked":"White Noise","floor":20},{"not_picked":["Consume+1","Turbo+1","Conserve Battery+1"],"picked":"Singing Bowl","floor":23},{"not_picked":["Redo+1","Sweeping Beam","Leap+1"],"picked":"Singing Bowl","floor":24},{"not_picked":["Cold Snap","Rebound","Beam Cell"],"picked":"Singing Bowl","floor":25},{"not_picked":["Go for the Eyes","Steam+1","Rebound"],"picked":"Singing Bowl","floor":27},{"not_picked":["Machine Learning","Compile Driver+1","Scrape"],"picked":"Singing Bowl","floor":30},{"not_picked":["Melter","Redo+1","Fusion+1"],"picked":"Singing Bowl","floor":31},{"not_picked":["Hyperbeam","Seek+1"],"picked":"Buffer","floor":33},{"not_picked":["Gash+1","Leap+1","Go for the Eyes"],"picked":"Singing Bowl","floor":35},{"not_picked":["Sweeping Beam","Recycle+1"],"picked":"Streamline+1","floor":38},{"not_picked":["Turbo+1","Beam Cell","Streamline"],"picked":"Singing Bowl","floor":40},{"not_picked":["Force Field+1","Storm","Conserve Battery+1"],"picked":"Singing Bowl","floor":41},{"not_picked":["Consume+1","Turbo+1","Barrage+1"],"picked":"Singing Bowl","floor":42},{"not_picked":["Conserve Battery+1","Coolheaded+1","Rainbow+1"],"picked":"Singing Bowl","floor":44},{"not_picked":["Leap+1","Ball Lightning+1","Go for the Eyes"],"picked":"Singing Bowl","floor":45},{"not_picked":["Hologram+1","Steam+1","Redo+1"],"picked":"Singing Bowl","floor":48}],"player_experience":269148,"relics_obtained":[{"floor":6,"key":"Thread and Needle"},{"floor":9,"key":"Ornamental Fan"},{"floor":10,"key":"Kunai"},{"floor":13,"key":"Anchor"},{"floor":23,"key":"Toxic Egg 2"},{"floor":25,"key":"Turnip"},{"floor":40,"key":"Cables"},{"floor":42,"key":"Old Coin"},{"floor":43,"key":"Nunchaku"},{"floor":43,"key":"Eternal Feather"},{"floor":44,"key":"Bag of Marbles"}],"event_choices":[{"damage_healed":0,"gold_gain":0,"player_choice":"Paid Gold","damage_taken":0,"relics_obtained":["Symbiotic Virus"],"max_hp_gain":0,"max_hp_loss":0,"event_name":"WeMeetAgain","floor":11,"gold_loss":122},{"cards_removed":["Strike_B"],"damage_healed":0,"gold_gain":0,"player_choice":"Elegance","damage_taken":0,"max_hp_gain":0,"max_hp_loss":0,"event_name":"Back to Basics","floor":21,"gold_loss":0},{"damage_healed":0,"gold_gain":0,"player_choice":"Copied","damage_taken":0,"max_hp_gain":0,"max_hp_loss":0,"event_name":"Duplicator","floor":36,"gold_loss":0,"cards_obtained":["Stack"]},{"damage_healed":0,"gold_gain":0,"player_choice":"Ignored","damage_taken":0,"max_hp_gain":0,"max_hp_loss":0,"event_name":"Tomb of Lord Red Mask","floor":46,"gold_loss":0}],"is_beta":false,"boss_relics":[{"not_picked":["Runic Pyramid","Runic Dome"],"picked":"Inserter"},{"not_picked":["Cursed Key","Velvet Choker"],"picked":"FrozenCore"}],"items_purged_floors":[2,7,19,22,28,37,39,47],"is_endless":false,"potions_floor_spawned":[5,6,10,18,20,33,38,41,42,44,48],"ascension_level":18}}