{"host":"b34lfm0pg36jv5no","time":1612551050,"event":{"mods":["BaseMod","Bestiary","Colored Map","Dark Map","Minty Spire (QoL Compilation)","Relic Stats","ojb\u0027s Info Mod"],"gold_per_floor":[113,113,133,147,167,167,202,202,253,328,402,415,443,459,459,562,562,574,514,526,441,471,471,506,366,441,441,459,493,493,503,503,608,608,623,392,392,31,46,46,46,72,72,104,124,124,140,140,140,140,140,140,66,93,93],"floor_reached":56,"language":"ENG","playtime":5903,"items_purged":["Strike_R","Strike_R"],"score":1403,"play_id":"30881b95-9729-4959-a525-3725b42ccd60","local_time":"20210205185050","is_ascension_mode":true,"campfire_choices":[{"data":"Uppercut","floor":6,"key":"SMITH"},{"data":"Clothesline","floor":8,"key":"SMITH"},{"data":"Offering","floor":15,"key":"SMITH"},{"data":"Fiend Fire","floor":23,"key":"SMITH"},{"data":"1","floor":27,"key":"LIFT"},{"data":"Whirlwind","floor":30,"key":"SMITH"},{"data":"2","floor":32,"key":"LIFT"},{"data":"3","floor":40,"key":"LIFT"},{"data":"Pommel Strike","floor":46,"key":"SMITH"},{"floor":49,"key":"RECALL"},{"data":"Corruption","floor":52,"key":"SMITH"}],"circlet_count":0,"master_deck":["Strike_R","Defend_R","Defend_R","Defend_R","Defend_R","Clothesline+1","Dropkick","Shockwave","Uppercut+1","Offering+1","Fiend Fire+1","Pommel Strike+1","Cleave","Feel No Pain+1","Metallicize+1","Disarm+1","Whirlwind+1","Corruption+1","Armaments+1","Entrench+1","Ghostly Armor+1","Warcry+1"],"relics":["Burning Blood","Ice Cream","Ornamental Fan","Blood Vial","Question Card","Pen Nib","Runic Pyramid","Gremlin Horn","Red Mask","Girya","Centennial Puzzle","Matryoshka","Bottled Flame","Busted Crown","ClockworkSouvenir","Toxic Egg 2","PreservedInsect","Shuriken","Strawberry","Torii"],"acts_visited":["Exordium","TheCity","TheBeyond","TheEnding"],"potions_floor_usage":[13,18,20,29,55,55,55,55,55],"damage_taken":[{"damage":0,"enemies":"Small Slimes","floor":1,"turns":4},{"damage":6,"enemies":"Jaw Worm","floor":3,"turns":3},{"damage":1,"enemies":"Cultist","floor":4,"turns":3},{"damage":2,"enemies":"Large Slime","floor":5,"turns":8},{"damage":8,"enemies":"Lagavulin","floor":7,"turns":6},{"damage":5,"enemies":"Blue Slaver","floor":12,"turns":4},{"damage":10,"enemies":"Gremlin Nob","floor":13,"turns":3},{"damage":12,"enemies":"Gremlin Gang","floor":14,"turns":5},{"damage":59,"enemies":"Hexaghost","floor":16,"turns":10},{"damage":6,"enemies":"3 Byrds","floor":18,"turns":3},{"damage":3,"enemies":"2 Thieves","floor":20,"turns":4},{"damage":6,"enemies":"Masked Bandits","floor":22,"turns":2},{"damage":6,"enemies":"Gremlin Leader","floor":24,"turns":4},{"damage":18,"enemies":"Shelled Parasite and Fungi","floor":28,"turns":3},{"damage":29,"enemies":"Slavers","floor":29,"turns":5},{"damage":6,"enemies":"Snake Plant","floor":31,"turns":1},{"damage":41,"enemies":"Champ","floor":33,"turns":12},{"damage":6,"enemies":"3 Shapes","floor":35,"turns":3},{"damage":6,"enemies":"3 Darklings","floor":39,"turns":2},{"damage":24,"enemies":"Nemesis","floor":42,"turns":3},{"damage":6,"enemies":"Giant Head","floor":44,"turns":4},{"damage":6,"enemies":"Maw","floor":45,"turns":7},{"damage":1,"enemies":"Writhing Mass","floor":47,"turns":9},{"damage":49,"enemies":"Donu and Deca","floor":50,"turns":8},{"damage":6,"enemies":"Shield and Spear","floor":54,"turns":9},{"damage":18,"enemies":"The Heart","floor":55,"turns":8}],"seed_played":"7741015049076447936","potions_obtained":[{"floor":3,"key":"LiquidBronze"},{"floor":7,"key":"DistilledChaos"},{"floor":12,"key":"EntropicBrew"},{"floor":14,"key":"Regen Potion"},{"floor":18,"key":"Energy Potion"},{"floor":28,"key":"SpeedPotion"},{"floor":29,"key":"SteroidPotion"},{"floor":31,"key":"Regen Potion"},{"floor":42,"key":"CultistPotion"}],"is_trial":false,"path_per_floor":["M","?","M","M","M","R","E","R","T","?","T","M","E","M","R","B",null,"M","?","M","?","?","R","E","?","T","R","M","E","R","M","R","B",null,"M","$","?","$","M","R","?","E","T","E","M","R","M","?","R","B",null,"R","$","E","B",null],"character_chosen":"IRONCLAD","items_purchased":["ClockworkSouvenir","Toxic Egg 2","Ghostly Armor+1"],"campfire_rested":0,"item_purchase_floors":[36,38,53],"current_hp_per_floor":[62,67,67,72,76,76,74,74,74,63,63,66,64,60,60,9,85,85,85,85,85,85,85,85,85,85,85,73,66,66,68,68,35,85,85,85,81,81,81,81,81,63,63,72,74,74,81,81,81,40,88,88,88,88,76],"gold":93,"neow_bonus":"ONE_RARE_RELIC","is_daily":false,"chose_seed":false,"campfire_upgraded":7,"win_rate":0.0,"timestamp":1612551050,"path_taken":["M","?","M","M","M","R","E","R","T","?","?","M","E","M","R","BOSS","M","?","?","?","?","R","E","?","T","R","?","E","R","M","R","BOSS","M","$","?","$","M","R","?","E","T","E","M","R","?","?","R","BOSS","R","$","E","BOSS"],"items_purchased_type":["Relic","Relic","Card"],"build_version":"2020-12-22","purchased_purges":2,"victory":true,"max_hp_per_floor":[80,85,85,85,85,85,85,85,85,85,85,85,85,85,85,85,85,85,85,85,85,85,85,85,85,85,85,85,85,85,85,85,85,85,85,85,81,81,81,81,81,81,81,88,88,88,88,88,88,88,88,88,88,88,88],"relic_stats":{"Gremlin Horn":[14,14],"Torii":0,"counters":[26,133],"Pen Nib":[16],"PreservedInsect":193,"Question Card":19,"Burning Blood":153,"Blood Vial":22,"Centennial Puzzle":[39],"Busted Crown":14,"Ornamental Fan":[96],"Shuriken":[7],"obtain_stats":[{"Ice Cream":0,"Girya":24,"Gremlin Horn":21,"Torii":54,"Pen Nib":13,"PreservedInsect":42,"Question Card":11,"Burning Blood":0,"ClockworkSouvenir":36,"Blood Vial":9,"Centennial Puzzle":25,"Bottled Flame":29,"Matryoshka":26,"Busted Crown":34,"Ornamental Fan":7,"Shuriken":43,"Strawberry":44,"Red Mask":22,"Toxic Egg 2":38,"Runic Pyramid":17},{"Ice Cream":0,"Girya":13,"Gremlin Horn":11,"Torii":25,"Pen Nib":7,"PreservedInsect":20,"Question Card":5,"Burning Blood":0,"ClockworkSouvenir":18,"Blood Vial":5,"Centennial Puzzle":13,"Bottled Flame":15,"Matryoshka":13,"Busted Crown":17,"Ornamental Fan":5,"Shuriken":20,"Strawberry":21,"Red Mask":12,"Toxic Egg 2":18,"Runic Pyramid":9},{"Ice Cream":0,"Girya":59,"Gremlin Horn":53,"Torii":125,"Pen Nib":31,"PreservedInsect":88,"Question Card":24,"Burning Blood":0,"ClockworkSouvenir":83,"Blood Vial":24,"Centennial Puzzle":59,"Bottled Flame":67,"Matryoshka":59,"Busted Crown":80,"Ornamental Fan":24,"Shuriken":88,"Strawberry":92,"Red Mask":55,"Toxic Egg 2":83,"Runic Pyramid":46}]},"card_choices":[{"not_picked":["Headbutt","Iron Wave"],"picked":"Clothesline","floor":1},{"not_picked":["Entrench","Perfected Strike"],"picked":"Dropkick","floor":3},{"not_picked":["Perfected Strike","Second Wind"],"picked":"Shockwave","floor":4},{"not_picked":["Flex","Shrug It Off"],"picked":"Uppercut","floor":5},{"not_picked":["Clothesline","Twin Strike","Power Through"],"picked":"SKIP","floor":7},{"not_picked":["Thunderclap","Power Through","Entrench","Headbutt"],"picked":"SKIP","floor":12},{"not_picked":["Thunderclap","Power Through","Entrench","Headbutt"],"picked":"SKIP","floor":12},{"not_picked":["Evolve","Metallicize","Dual Wield","Rage"],"picked":"SKIP","floor":13},{"not_picked":["Thunderclap","Perfected Strike","Cleave"],"picked":"Offering","floor":14},{"not_picked":["Reaper","Berserk","Exhume"],"picked":"Fiend Fire","floor":16},{"not_picked":["Reckless Charge","Infernal Blade","Uppercut","Rampage"],"picked":"SKIP","floor":18},{"not_picked":["Thunderclap","Headbutt","Pommel Strike","Combust"],"picked":"SKIP","floor":20},{"not_picked":["Flex","Clothesline+1","Armaments"],"picked":"Feel No Pain+1","floor":22},{"not_picked":["Cleave","Pommel Strike","Twin Strike"],"picked":"Metallicize+1","floor":24},{"not_picked":["Burning Pact","Rampage","Power Through"],"picked":"Disarm","floor":28},{"not_picked":["Dark Embrace","Wild Strike+1","Pummel"],"picked":"Whirlwind","floor":29},{"not_picked":["Wild Strike+1","Clothesline+1","Heavy Blade","Evolve"],"picked":"SKIP","floor":31},{"not_picked":["Offering","Brutality","Double Tap"],"picked":"Corruption","floor":33},{"not_picked":["Infernal Blade","Power Through"],"picked":"SKIP","floor":35},{"not_picked":["Anger+1"],"picked":"Armaments+1","floor":39},{"not_picked":["Reckless Charge","Demon Form"],"picked":"SKIP","floor":42},{"not_picked":["Heavy Blade+1"],"picked":"Entrench+1","floor":44},{"not_picked":["Heavy Blade","Shockwave+1"],"picked":"SKIP","floor":45},{"not_picked":["Iron Wave+1","Havoc+1"],"picked":"SKIP","floor":47},{"not_picked":["Wild Strike"],"picked":"Warcry+1","floor":54}],"player_experience":2594384,"relics_obtained":[{"floor":7,"key":"Ornamental Fan"},{"floor":9,"key":"Blood Vial"},{"floor":11,"key":"Question Card"},{"floor":13,"key":"Pen Nib"},{"floor":22,"key":"Red Mask"},{"floor":24,"key":"Girya"},{"floor":26,"key":"Matryoshka"},{"floor":29,"key":"Bottled Flame"},{"floor":42,"key":"PreservedInsect"},{"floor":43,"key":"Shuriken"},{"floor":44,"key":"Strawberry"},{"floor":54,"key":"Torii"}],"event_choices":[{"damage_healed":0,"gold_gain":0,"player_choice":"Donut","damage_taken":0,"max_hp_gain":5,"max_hp_loss":0,"event_name":"Big Fish","floor":2,"gold_loss":0},{"damage_healed":0,"gold_gain":75,"player_choice":"Gather Gold","damage_taken":11,"max_hp_gain":0,"max_hp_loss":0,"event_name":"World of Goop","floor":10,"gold_loss":0},{"damage_healed":0,"gold_gain":0,"cards_transformed":["Bash","Strike_R"],"player_choice":"Transformed Cards","damage_taken":0,"max_hp_gain":0,"max_hp_loss":0,"event_name":"Designer","floor":19,"gold_loss":60,"cards_obtained":["Pommel Strike","Cleave"]},{"damage_healed":0,"gold_gain":0,"player_choice":"Obtained Relic","damage_taken":0,"relics_obtained":["Gremlin Horn"],"max_hp_gain":0,"max_hp_loss":0,"event_name":"Addict","floor":21,"gold_loss":85},{"damage_healed":0,"gold_gain":0,"player_choice":"Fought Bandits","damage_taken":0,"max_hp_gain":0,"max_hp_loss":0,"event_name":"Masked Bandits","floor":22,"gold_loss":0},{"damage_healed":0,"gold_gain":0,"player_choice":"Paid Gold","damage_taken":0,"relics_obtained":["Centennial Puzzle"],"max_hp_gain":0,"max_hp_loss":0,"event_name":"WeMeetAgain","floor":25,"gold_loss":140},{"damage_healed":0,"gold_gain":0,"player_choice":"Max HP","damage_taken":0,"max_hp_gain":0,"max_hp_loss":4,"event_name":"Winding Halls","floor":37,"gold_loss":0},{"cards_removed":["Strike_R"],"damage_healed":0,"gold_gain":0,"player_choice":"Offered Basic","damage_taken":0,"max_hp_gain":0,"max_hp_loss":0,"event_name":"Bonfire Elementals","floor":41,"gold_loss":0},{"damage_healed":0,"gold_gain":0,"player_choice":"Forge","damage_taken":0,"max_hp_gain":0,"max_hp_loss":0,"event_name":"Accursed Blacksmith","floor":48,"gold_loss":0,"cards_upgraded":["Disarm"]}],"is_beta":false,"boss_relics":[{"not_picked":["Mark of Pain","Astrolabe"],"picked":"Runic Pyramid"},{"not_picked":["Tiny House","SacredBark"],"picked":"Busted Crown"}],"items_purged_floors":[36,38],"is_endless":false,"potions_floor_spawned":[3,7,12,14,18,28,29,31,35,42,47],"ascension_level":1}}