{"host":"xb2tau8pgi8aflss","time":1612531981,"event":{"mods":["AchievementEnabler","BaseMod","Hermit","Minty Spire (QoL Compilation)","StSLib","SuperFastMode"],"gold_per_floor":[119,14,14,14,14,54,66,97,109,121,148,201,213,205,217,359,371,396,429,11,25,49,49,49],"floor_reached":23,"language":"KOR","playtime":760,"items_purged":[],"score":302,"play_id":"0dbb73e2-10db-4547-b1d2-c4abd01824ec","local_time":"20210205223301","is_ascension_mode":true,"campfire_choices":[{"data":"True Grit","floor":7,"key":"SMITH"},{"data":"Armaments","floor":10,"key":"SMITH"},{"floor":15,"key":"REST"}],"circlet_count":0,"master_deck":["Strike_R","Strike_R","Strike_R","Strike_R","Defend_R","Defend_R+1","Defend_R+1","Defend_R","Bash","Battle Trance","Evolve","True Grit+1","Flame Barrier","Armaments+1","Burning Pact","Fire Breathing","Fiend Fire","Second Wind","Body Slam","Reckless Charge","Shrug It Off"],"relics":["Burning Blood","NeowsBlessing","Golden Idol","MawBank","Nunchaku","Red Skull","Fusion Hammer","Oddly Smooth Stone","Bag of Preparation"],"acts_visited":["Exordium","TheCity"],"potions_floor_usage":[12,16,16,19,21,23],"damage_taken":[{"damage":0,"enemies":"Small Slimes","floor":1,"turns":1},{"damage":0,"enemies":"3 Sentries","floor":6,"turns":2},{"damage":0,"enemies":"Cultist","floor":8,"turns":2},{"damage":8,"enemies":"2 Louse","floor":11,"turns":2},{"damage":33,"enemies":"Lagavulin","floor":12,"turns":8},{"damage":32,"enemies":"Slime Boss","floor":16,"turns":10},{"damage":6,"enemies":"3 Byrds","floor":18,"turns":5},{"damage":18,"enemies":"Spheric Guardian","floor":19,"turns":7},{"damage":14,"enemies":"Snecko","floor":21,"turns":6},{"damage":5,"enemies":"Shelled Parasite and Fungi","floor":22,"turns":5},{"damage":55,"enemies":"Gremlin Leader","floor":23,"turns":5}],"seed_played":"2564707962843917549","potions_obtained":[{"floor":1,"key":"Energy Potion"},{"floor":8,"key":"GamblersBrew"},{"floor":11,"key":"SteroidPotion"},{"floor":12,"key":"EssenceOfSteel"},{"floor":14,"key":"Dexterity Potion"},{"floor":18,"key":"Weak Potion"},{"floor":21,"key":"ElixirPotion"},{"floor":22,"key":"Strength Potion"}],"is_trial":false,"path_per_floor":["M","$","?","?","?","E","R","M","T","R","M","E","?","?","R","B",null,"M","M","$","M","M","E"],"character_chosen":"IRONCLAD","items_purchased":["Evolve","True Grit","Body Slam","Oddly Smooth Stone","Bag of Preparation","Reckless Charge"],"campfire_rested":1,"item_purchase_floors":[2,2,20,20,20,20],"current_hp_per_floor":[78,78,58,63,56,62,62,68,68,68,66,39,22,22,47,21,69,69,57,57,49,50,0,0],"gold":49,"neow_bonus":"THREE_ENEMY_KILL","is_daily":false,"chose_seed":false,"campfire_upgraded":2,"win_rate":0.0,"timestamp":1612531981,"path_taken":["M","$","?","?","?","E","R","M","T","R","M","E","?","?","R","BOSS","M","M","$","M","?","E"],"items_purchased_type":["Card","Card","Card","Relic","Relic","Card"],"build_version":"2020-12-22","purchased_purges":0,"victory":false,"max_hp_per_floor":[80,80,80,85,85,85,85,85,85,85,85,85,85,85,85,85,85,85,85,85,85,85,85,85],"card_choices":[{"not_picked":["Reckless Charge","Heavy Blade"],"picked":"Battle Trance","floor":1},{"not_picked":["Rampage","Battle Trance"],"picked":"Flame Barrier","floor":6},{"not_picked":["Clash","Havoc"],"picked":"Armaments","floor":8},{"not_picked":["Havoc","Rampage"],"picked":"Burning Pact","floor":11},{"not_picked":["Feed","Perfected Strike"],"picked":"Fire Breathing","floor":12},{"not_picked":["Exhume","Barricade"],"picked":"Fiend Fire","floor":16},{"not_picked":["Infernal Blade","Sentinel+1"],"picked":"Second Wind","floor":18},{"not_picked":["Cleave","Rampage","Uppercut+1"],"picked":"SKIP","floor":19},{"not_picked":["Clothesline","Dual Wield","Body Slam"],"picked":"SKIP","floor":21},{"not_picked":["Thunderclap","Armaments"],"picked":"Shrug It Off","floor":22}],"player_experience":806927,"relics_obtained":[{"floor":6,"key":"MawBank"},{"floor":9,"key":"Nunchaku"},{"floor":12,"key":"Red Skull"}],"event_choices":[{"damage_healed":0,"gold_gain":0,"player_choice":"Take Damage","damage_taken":20,"relics_obtained":["Golden Idol"],"max_hp_gain":0,"max_hp_loss":0,"event_name":"Golden Idol","floor":3,"gold_loss":0},{"damage_healed":0,"gold_gain":0,"player_choice":"Donut","damage_taken":0,"max_hp_gain":5,"max_hp_loss":0,"event_name":"Big Fish","floor":4,"gold_loss":0},{"cards_removed":["Strike_R"],"damage_healed":0,"gold_gain":0,"player_choice":"Card Removal","damage_taken":7,"max_hp_gain":0,"max_hp_loss":0,"event_name":"Golden Wing","floor":5,"gold_loss":0},{"damage_healed":0,"gold_gain":0,"player_choice":"Entered Light","damage_taken":17,"max_hp_gain":0,"max_hp_loss":0,"event_name":"Shining Light","floor":13,"gold_loss":0,"cards_upgraded":["Defend_R","Defend_R"]},{"damage_healed":0,"gold_gain":0,"player_choice":"Bought 1 Potion","damage_taken":0,"max_hp_gain":0,"max_hp_loss":0,"event_name":"The Woman in Blue","floor":14,"gold_loss":0}],"is_beta":false,"boss_relics":[{"not_picked":["Pandora\u0027s Box","Busted Crown"],"picked":"Fusion Hammer"}],"items_purged_floors":[],"is_endless":false,"potions_floor_spawned":[1,8,11,12,18,21,22],"killed_by":"Gremlin Leader","ascension_level":7}}