{"host":"soyfmymeou4emntr","time":1612517970,"event":{"mods":["BaseMod","BetterRewards","Minty Spire (QoL Compilation)","Relic Sorter","Relic Stats","StSLib"],"gold_per_floor":[111,121,121,121,141,141,166,182,227,252,8,21,31,31,31,124,124,139,162,205,33,54,54,98,98,179,179,199,240,78,117,117,216,216,237,18,42,375,388,388,338,363,363,198,211,239,253,271,271,271,271,271,271,20,51,51],"floor_reached":57,"language":"ENG","playtime":8013,"items_purged":[],"score":2964,"play_id":"95931a4f-9b56-406d-816e-b20cdc389566","local_time":"20210205023930","is_ascension_mode":true,"campfire_choices":[{"data":"Sever Soul","floor":6.0,"key":"SMITH"},{"floor":15.0,"key":"REST"},{"floor":23.0,"key":"REST"},{"data":"Feel No Pain","floor":25.0,"key":"SMITH"},{"data":"Corruption","floor":27.0,"key":"SMITH"},{"data":"Entrench","floor":32.0,"key":"SMITH"},{"data":"Entrench","floor":40.0,"key":"SMITH"},{"floor":49.0,"key":"RECALL"},{"data":"Barricade","floor":53.0,"key":"SMITH"}],"circlet_count":0,"master_deck":["AscendersBane","Bash","Flame Barrier","Whirlwind+1","Sever Soul+1","Fiend Fire","Entrench+1","Flex","Metallicize+1","Spot Weakness","Feel No Pain+1","Fiend Fire","Offering","Headbutt","Dark Embrace","Reaper","Dark Embrace","Corruption+1","Seeing Red","Brutality","Power Through","Whirlwind+1","True Grit+1","Sentinel","Offering","Barricade+1","Anger+1","Power Through","Entrench+1","Inflame","Sword Boomerang+1","Feel No Pain","Sentinel","Reaper","Rupture"],"relics":["Sozu","HornCleat","Omamori","Ancient Tea Set","Vajra","Pandora\u0027s Box","Red Mask","Frozen Eye","Pear","Self Forming Clay","Oddly Smooth Stone","Bag of Marbles","Eternal Feather","Runic Pyramid","Toolbox","Red Skull","Strange Spoon","Bronze Scales","Torii"],"acts_visited":["Exordium","TheCity","TheBeyond","TheEnding"],"potions_floor_usage":[],"damage_taken":[{"damage":0.0,"enemies":"Small Slimes","floor":1.0,"turns":2.0},{"damage":0.0,"enemies":"2 Louse","floor":2.0,"turns":3.0},{"damage":0.0,"enemies":"Jaw Worm","floor":5.0,"turns":2.0},{"damage":20.0,"enemies":"3 Sentries","floor":7.0,"turns":6.0},{"damage":0.0,"enemies":"2 Fungi Beasts","floor":8.0,"turns":1.0},{"damage":14.0,"enemies":"Lagavulin","floor":10.0,"turns":5.0},{"damage":4.0,"enemies":"Exordium Thugs","floor":12.0,"turns":4.0},{"damage":0.0,"enemies":"Gremlin Gang","floor":13.0,"turns":1.0},{"damage":18.0,"enemies":"Slime Boss","floor":16.0,"turns":6.0},{"damage":6.0,"enemies":"3 Byrds","floor":18.0,"turns":4.0},{"damage":7.0,"enemies":"Spheric Guardian","floor":19.0,"turns":2.0},{"damage":18.0,"enemies":"Masked Bandits","floor":20.0,"turns":4.0},{"damage":13.0,"enemies":"Shelled Parasite and Fungi","floor":22.0,"turns":2.0},{"damage":6.0,"enemies":"Slavers","floor":24.0,"turns":1.0},{"damage":6.0,"enemies":"Centurion and Healer","floor":28.0,"turns":5.0},{"damage":26.0,"enemies":"Gremlin Leader","floor":29.0,"turns":5.0},{"damage":10.0,"enemies":"Book of Stabbing","floor":31.0,"turns":3.0},{"damage":33.0,"enemies":"Automaton","floor":33.0,"turns":11.0},{"damage":0.0,"enemies":"3 Darklings","floor":35.0,"turns":1.0},{"damage":0.0,"enemies":"Orb Walker","floor":37.0,"turns":2.0},{"damage":0.0,"enemies":"Sphere and 2 Shapes","floor":39.0,"turns":5.0},{"damage":0.0,"enemies":"Nemesis","floor":42.0,"turns":7.0},{"damage":6.0,"enemies":"Spire Growth","floor":45.0,"turns":4.0},{"damage":9.0,"enemies":"Reptomancer","floor":46.0,"turns":5.0},{"damage":8.0,"enemies":"Maw","floor":47.0,"turns":8.0},{"damage":26.0,"enemies":"Transient","floor":48.0,"turns":6.0},{"damage":44.0,"enemies":"Awakened One","floor":50.0,"turns":9.0},{"damage":6.0,"enemies":"Time Eater","floor":51.0,"turns":9.0},{"damage":44,"enemies":"Shield and Spear","floor":55,"turns":8},{"damage":62,"enemies":"The Heart","floor":56,"turns":9}],"seed_played":"66025359264568912","potions_obtained":[],"is_trial":false,"path_per_floor":["M","M","?","?","M","R","E","M","T","E","$","M","M","?","R","B",null,"M","M","?","$","M","R","E","R","T","R","M","E","$","E","R","B",null,"M","$","M","?","M","R","?","E","T","$","M","E","M","M","R","B","B",null,"R","$","E","B",null],"character_chosen":"IRONCLAD","items_purchased":["Vajra","Metallicize","Frozen Eye","Bag of Marbles","Toolbox","Anger","Strange Spoon","Reaper","Rupture"],"campfire_rested":2,"item_purchase_floors":[11,11,21,30,36,36,44,54,54],"current_hp_per_floor":[68,68,61,61,61,61,41,41,41,27,27,23,23,23,45,27,63,71,64,59,59,46,68,72,72,72,72,76,65,65,55,70,48,76,76,76,76,76,85,85,85,85,85,85,79,82,85,84,85,49,58,78,85,85,67,37],"gold":51,"neow_bonus":"BOSS_RELIC","is_daily":false,"chose_seed":false,"campfire_upgraded":6,"win_rate":0.0,"timestamp":1612517970,"path_taken":["M","M","?","?","M","R","E","M","T","E","$","M","M","?","R","BOSS","M","M","?","$","M","R","E","R","T","R","M","E","$","E","R","BOSS","M","$","M","?","M","R","?","E","T","$","M","E","M","M","R","BOSS","BOSS","R","$","E","BOSS"],"items_purchased_type":["Relic","Card","Relic","Relic","Relic","Card","Relic","Card","Card"],"build_version":"2020-12-22","purchased_purges":0,"victory":true,"max_hp_per_floor":[75,75,75,75,75,75,75,75,75,75,75,75,75,75,75,75,75,75,75,75,75,75,75,85,85,85,85,85,85,85,85,85,85,85,85,85,85,85,85,85,85,85,85,85,85,85,85,85,85,85,85,85,85,85,85,85],"relic_stats":{"Sozu":11,"Strange Spoon":[49],"Torii":1,"counters":[30,140],"Self Forming Clay":[105],"Bronze Scales":[234],"Pandora\u0027s Box":["Offering","Headbutt","Dark Embrace","Reaper","Dark Embrace","Corruption","Seeing Red","Brutality"],"Eternal Feather":23,"obtain_stats":[{"Pear":24,"Torii":55,"Golden Idol":14,"Self Forming Clay":26,"Vajra":11,"Oddly Smooth Stone":29,"Eternal Feather":31,"Omamori":9,"Ancient Tea Set":10,"Burning Blood":0,"Sozu":0,"Frozen Eye":21,"Strange Spoon":44,"HornCleat":7,"Bronze Scales":46,"Toolbox":36,"Pandora\u0027s Box":17,"Red Mask":20,"Bag of Marbles":30,"Red Skull":42,"Runic Pyramid":34},{"Pear":14,"Torii":29,"Golden Idol":8,"Self Forming Clay":14,"Vajra":6,"Oddly Smooth Stone":16,"Eternal Feather":17,"Omamori":5,"Ancient Tea Set":6,"Burning Blood":0,"Sozu":0,"Frozen Eye":12,"Strange Spoon":22,"HornCleat":4,"Bronze Scales":24,"Toolbox":19,"Pandora\u0027s Box":9,"Red Mask":12,"Bag of Marbles":16,"Red Skull":22,"Runic Pyramid":18},{"Pear":43,"Torii":131,"Golden Idol":24,"Self Forming Clay":43,"Vajra":19,"Oddly Smooth Stone":53,"Eternal Feather":56,"Omamori":14,"Ancient Tea Set":19,"Burning Blood":0,"Sozu":0,"Frozen Eye":40,"Strange Spoon":82,"HornCleat":13,"Bronze Scales":91,"Toolbox":68,"Pandora\u0027s Box":30,"Red Mask":40,"Bag of Marbles":53,"Red Skull":82,"Runic Pyramid":67}]},"card_choices":[{"not_picked":["Havoc","Dropkick"],"picked":"Flame Barrier","floor":1.0},{"not_picked":["Sword Boomerang","Anger"],"picked":"Whirlwind","floor":2.0},{"not_picked":["Heavy Blade","Twin Strike"],"picked":"Sever Soul","floor":5.0},{"not_picked":["Intimidate","Body Slam"],"picked":"Fiend Fire","floor":7.0},{"not_picked":["Pummel","Heavy Blade"],"picked":"Entrench","floor":8.0},{"not_picked":["Twin Strike","Warcry"],"picked":"Flex","floor":10.0},{"not_picked":["Havoc","Rampage"],"picked":"Spot Weakness","floor":12.0},{"not_picked":["Spot Weakness","Headbutt"],"picked":"Feel No Pain","floor":13.0},{"not_picked":["Berserk","Exhume"],"picked":"Fiend Fire","floor":16.0},{"not_picked":["Twin Strike","Shrug It Off"],"picked":"Power Through","floor":18.0},{"not_picked":["Havoc","Armaments","Clothesline"],"picked":"SKIP","floor":19.0},{"not_picked":["Warcry+1","Headbutt"],"picked":"Whirlwind+1","floor":20.0},{"not_picked":["Iron Wave","Heavy Blade"],"picked":"True Grit+1","floor":22.0},{"not_picked":["Clothesline","Combust","Anger"],"picked":"SKIP","floor":24.0},{"not_picked":["Fire Breathing","Havoc","Cleave"],"picked":"SKIP","floor":28.0},{"not_picked":["Perfected Strike","Cleave+1"],"picked":"Sentinel","floor":29.0},{"not_picked":["Cleave","Shrug It Off"],"picked":"Offering","floor":31.0},{"not_picked":["Bludgeon","Immolate"],"picked":"Barricade","floor":33.0},{"not_picked":["Headbutt","Flex","Cleave"],"picked":"SKIP","floor":35.0},{"not_picked":["Uppercut+1","Body Slam"],"picked":"Power Through","floor":37.0},{"not_picked":["Power Through","True Grit"],"picked":"Entrench","floor":39.0},{"not_picked":["Wild Strike","Immolate"],"picked":"Inflame","floor":42.0},{"not_picked":["Rage","Havoc"],"picked":"Sword Boomerang+1","floor":45.0},{"not_picked":["Iron Wave+1","Flex+1"],"picked":"Feel No Pain","floor":46.0},{"not_picked":["Headbutt","Perfected Strike"],"picked":"Sentinel","floor":47.0},{"not_picked":["Bloodletting","Anger","Hemokinesis"],"picked":"SKIP","floor":48.0},{"not_picked":["Body Slam","Burning Pact+1","Reckless Charge"],"picked":"SKIP","floor":55}],"player_experience":3060184,"relics_obtained":[{"floor":7.0,"key":"HornCleat"},{"floor":9.0,"key":"Omamori"},{"floor":10.0,"key":"Ancient Tea Set"},{"floor":20.0,"key":"Red Mask"},{"floor":24.0,"key":"Pear"},{"floor":26.0,"key":"Self Forming Clay"},{"floor":29.0,"key":"Oddly Smooth Stone"},{"floor":31.0,"key":"Eternal Feather"},{"floor":42.0,"key":"Red Skull"},{"floor":46.0,"key":"Bronze Scales"},{"floor":55,"key":"Torii"}],"event_choices":[{"cards_removed":["Strike_R"],"damage_healed":0.0,"max_hp_gain":0.0,"max_hp_loss":0.0,"gold_gain":0.0,"event_name":"Golden Wing","player_choice":"Card Removal","floor":3.0,"gold_loss":0.0,"damage_taken":7.0},{"damage_healed":0.0,"max_hp_gain":0.0,"max_hp_loss":0.0,"gold_gain":0.0,"event_name":"Living Wall","player_choice":"Grow","floor":4.0,"gold_loss":0.0,"damage_taken":0.0,"cards_upgraded":["Whirlwind"]},{"damage_healed":0.0,"max_hp_gain":0.0,"max_hp_loss":0.0,"gold_gain":0.0,"event_name":"Golden Idol","player_choice":"Take Wound","floor":14.0,"gold_loss":0.0,"damage_taken":0.0,"relics_obtained":["Golden Idol"],"cards_obtained":["Injury"]},{"damage_healed":0.0,"max_hp_gain":0.0,"max_hp_loss":0.0,"gold_gain":0.0,"event_name":"Masked Bandits","player_choice":"Fought Bandits","floor":20.0,"gold_loss":0.0,"damage_taken":0.0},{"damage_healed":0.0,"max_hp_gain":0.0,"max_hp_loss":0.0,"gold_gain":333.0,"event_name":"The Moai Head","player_choice":"Gave Idol","floor":38.0,"relics_lost":["Golden Idol"],"gold_loss":0.0,"damage_taken":0.0},{"damage_healed":0.0,"max_hp_gain":0.0,"max_hp_loss":0.0,"gold_gain":0.0,"event_name":"Designer","player_choice":"Upgraded Two","floor":41.0,"gold_loss":50.0,"damage_taken":0.0,"cards_upgraded":["Anger","Metallicize"]}],"is_beta":false,"boss_relics":[{"not_picked":["SacredBark","SlaversCollar"],"picked":"Pandora\u0027s Box"},{"not_picked":["Cursed Key","Philosopher\u0027s Stone"],"picked":"Runic Pyramid"}],"items_purged_floors":[],"is_endless":false,"potions_floor_spawned":[2,5,8,10,13,18,19,29,31,39,42],"ascension_level":20}}