{"host":"n43wxkei7kulhi8o","time":1612548931,"event":{"mods":["BaseMod","Bestiary","Block Reminder","Colored Map","Colored Powertips","Curses Come First","Custom Start","Dark Map","Highlight Path","Minty Spire (QoL Compilation)","Relic Stats","StSLib"],"gold_per_floor":[369,69,69,69,69,69,89,89,89,89,108,121,140,140,140,268,268,286,299,44,44,44],"floor_reached":21,"language":"ENG","playtime":579,"items_purged":[],"score":169,"play_id":"ed6056e9-3c43-44d5-b260-d6c3491887fe","local_time":"20210205131531","is_ascension_mode":false,"campfire_choices":[{"data":"Capacitor","floor":6,"key":"SMITH"},{"data":"Buffer","floor":8,"key":"SMITH"},{"data":"Zap","floor":10,"key":"SMITH"},{"data":"Seek","floor":15,"key":"SMITH"}],"circlet_count":0,"master_deck":["Strike_B","Strike_B","Strike_B","Strike_B","Defend_B","Defend_B","Defend_B","Defend_B","Zap+1","Dualcast","Consume","Thunder Strike","Capacitor+1","Buffer+1","Auto Shields","Seek+1","Ball Lightning","Capacitor","Tempest","Creative AI"],"relics":["Cracked Core","Orrery","Golden Idol","Question Card","Boot","SacredBark","HornCleat"],"acts_visited":["Exordium","TheCity"],"potions_floor_usage":[],"damage_taken":[{"damage":2,"enemies":"2 Louse","floor":1,"turns":2},{"damage":1,"enemies":"Jaw Worm","floor":7,"turns":5},{"damage":0,"enemies":"Cultist","floor":11,"turns":4},{"damage":12,"enemies":"Exordium Wildlife","floor":12,"turns":4},{"damage":8,"enemies":"2 Fungi Beasts","floor":13,"turns":3},{"damage":24,"enemies":"Hexaghost","floor":16,"turns":8},{"damage":0,"enemies":"Chosen","floor":18,"turns":6},{"damage":17,"enemies":"Spheric Guardian","floor":19,"turns":5},{"damage":51,"enemies":"3 Cultists","floor":21,"turns":4}],"seed_played":"2875043760123012715","potions_obtained":[{"floor":7,"key":"Dexterity Potion"},{"floor":16,"key":"Dexterity Potion"}],"is_trial":false,"path_per_floor":["M","$","?","$","?","R","M","R","T","R","M","M","M","?","R","B",null,"M","M","$","M"],"character_chosen":"DEFECT","items_purchased":["Thunder Strike","Orrery","HornCleat"],"campfire_rested":0,"item_purchase_floors":[2,2,20],"current_hp_per_floor":[66,66,49,49,49,49,48,48,48,48,48,36,28,25,25,1,68,68,51,51,0,0],"gold":44,"neow_bonus":"TWO_FIFTY_GOLD","is_daily":false,"chose_seed":false,"campfire_upgraded":4,"win_rate":0.0,"timestamp":1612548931,"path_taken":["M","$","?","$","?","R","M","R","T","R","M","?","M","?","R","BOSS","M","M","$","M"],"items_purchased_type":["Card","Relic","Relic"],"build_version":"2020-12-22","purchased_purges":0,"victory":false,"max_hp_per_floor":[68,68,68,68,68,68,68,68,68,68,68,68,68,68,68,68,68,68,68,68,68,68],"relic_stats":{"counters":[9,41],"Golden Idol":48,"Question Card":6,"Boot":[3],"obtain_stats":[{"HornCleat":20,"Golden Idol":3,"SacredBark":17,"Orrery":2,"Cracked Core":0,"Question Card":9,"Boot":14},{"HornCleat":8,"Golden Idol":1,"SacredBark":6,"Orrery":1,"Cracked Core":0,"Question Card":2,"Boot":5},{"HornCleat":37,"Golden Idol":2,"SacredBark":26,"Orrery":2,"Cracked Core":0,"Question Card":7,"Boot":18}]},"card_choices":[{"not_picked":["Redo","Cold Snap"],"picked":"Consume","floor":1},{"not_picked":["Conserve Battery","Rebound"],"picked":"Capacitor","floor":2},{"not_picked":["Aggregate","Compile Driver"],"picked":"Buffer","floor":2},{"not_picked":["Reprogram","Compile Driver"],"picked":"Auto Shields","floor":2},{"not_picked":["Streamline","Rebound"],"picked":"Seek","floor":2},{"not_picked":["Steam Power","Rebound","Compile Driver"],"picked":"SKIP","floor":7},{"not_picked":["Steam Power","Undo","Coolheaded"],"picked":"Ball Lightning","floor":11},{"not_picked":["Tempest","Doom and Gloom","Hello World"],"picked":"Capacitor","floor":12},{"not_picked":["Redo","Rebound","Conserve Battery"],"picked":"Tempest","floor":13},{"not_picked":["Meteor Strike","Seek","Hyperbeam"],"picked":"Creative AI","floor":16},{"not_picked":["Streamline","Rebound+1","Beam Cell","Tempest"],"picked":"SKIP","floor":18},{"not_picked":["Redo","Tempest","Hologram","Aggregate"],"picked":"SKIP","floor":19}],"player_experience":680263,"relics_obtained":[{"floor":9,"key":"Question Card"}],"event_choices":[{"damage_healed":0,"gold_gain":0,"player_choice":"Take Damage","damage_taken":17,"relics_obtained":["Golden Idol"],"max_hp_gain":0,"max_hp_loss":0,"event_name":"Golden Idol","floor":3,"gold_loss":0},{"damage_healed":0,"gold_gain":0,"player_choice":"Ignored","damage_taken":0,"max_hp_gain":0,"max_hp_loss":0,"event_name":"NoteForYourself","floor":5,"gold_loss":0},{"damage_healed":0,"gold_gain":0,"player_choice":"Success","damage_taken":3,"relics_obtained":["Boot"],"max_hp_gain":0,"max_hp_loss":0,"event_name":"Scrap Ooze","floor":14,"gold_loss":0}],"is_beta":false,"boss_relics":[{"not_picked":["Runic Pyramid","Runic Dome"],"picked":"SacredBark"}],"items_purged_floors":[],"is_endless":false,"potions_floor_spawned":[7,16],"killed_by":"3 Cultists","ascension_level":0}}