{"host":"7fyy23rucerupe6i","time":1612514269,"event":{"mods":["BaseMod","Minty Spire (QoL Compilation)","StSLib","The Senshi"],"gold_per_floor":[118,118,137,212,212,212,242,242,265,190,204,204,204,233,233,335,335,353,353,363,383,398,398,398,398,421,421,431,441,455,469,469,469,469],"floor_reached":33,"language":"ZHS","playtime":1559,"items_purged":["theSenshi:SailorBlock"],"score":257,"play_id":"5d4e495c-6d90-472f-9348-d43e1890da0b","local_time":"20210205163749","is_ascension_mode":false,"campfire_choices":[{"data":"theSenshi:SailorStarMakerAssists","floor":6.0,"key":"SMITH"},{"data":"theSenshi:SailorKick","floor":8.0,"key":"SMITH"},{"data":"theSenshi:MoonPunch","floor":13.0,"key":"SMITH"},{"data":"theSenshi:StudyParty","floor":15.0,"key":"SMITH"},{"data":"theSenshi:SilverMoonCrystalPowerKiss","floor":23.0,"key":"SMITH"},{"floor":25.0,"key":"REST"},{"data":"theSenshi:SailorBlock","floor":27,"key":"SMITH"},{"data":"theSenshi:SteeledNerves","floor":32,"key":"SMITH"}],"circlet_count":0,"master_deck":["theSenshi:SailorKick","theSenshi:SailorKick","theSenshi:SailorKick","theSenshi:SailorKick+1","theSenshi:SailorBlock+1","theSenshi:SailorBlock","theSenshi:SailorBlock","theSenshi:RoseThrow+1","theSenshi:MoonPrismPowerMakeUp","theSenshi:StudyParty+1","theSenshi:SailorStarMakerAssists+1","theSenshi:MoonPunch+1","theSenshi:SilverMoonCrystalPowerKiss+1","theSenshi:Overload+1","theSenshi:SteeledNerves+1"],"relics":["theSenshi:TransformationBroochRelic","InkBottle","MealTicket","Oddly Smooth Stone","Dead Branch","Ice Cream","Sozu"],"acts_visited":["Exordium","TheCity"],"potions_floor_usage":[33],"damage_taken":[{"damage":0.0,"enemies":"Cultist","floor":1.0,"turns":3.0},{"damage":2.0,"enemies":"Jaw Worm","floor":3.0,"turns":5.0},{"damage":26.0,"enemies":"Lagavulin","floor":7.0,"turns":7.0},{"damage":0.0,"enemies":"Small Slimes","floor":11.0,"turns":3.0},{"damage":16.0,"enemies":"Gremlin Nob","floor":14.0,"turns":4.0},{"damage":23.0,"enemies":"Hexaghost","floor":16.0,"turns":8.0},{"damage":18.0,"enemies":"2 Thieves","floor":18.0,"turns":4.0},{"damage":8.0,"enemies":"Shell Parasite","floor":20.0,"turns":5.0},{"damage":10.0,"enemies":"Centurion and Healer","floor":21.0,"turns":5.0},{"damage":18.0,"enemies":"Snake Plant","floor":22.0,"turns":4.0},{"damage":4,"enemies":"3 Cultists","floor":28,"turns":5},{"damage":6,"enemies":"Cultist and Chosen","floor":29,"turns":5},{"damage":0,"enemies":"Centurion and Healer","floor":30,"turns":4},{"damage":11,"enemies":"3 Cultists","floor":31,"turns":5},{"damage":23,"enemies":"Automaton","floor":33,"turns":4}],"seed_played":"-4237798325868812363","potions_obtained":[{"floor":1.0,"key":"PowerPotion"},{"floor":11.0,"key":"Block Potion"},{"floor":16.0,"key":"SkillPotion"}],"is_trial":false,"path_per_floor":["M","?","M","?","?","R","E","R","T","$","M","T","R","E","R","B",null,"M","?","M","M","M","R","?","R","T","R","M","M","M","M","R","B"],"character_chosen":"THE_SENSHI","items_purchased":[],"campfire_rested":1,"item_purchase_floors":[],"current_hp_per_floor":[75,72,70,59,59,59,33,33,33,48,48,48,48,32,32,9,75,57,57,49,39,21,21,21,43,43,43,39,33,33,22,22,0,0],"gold":469,"neow_bonus":"ONE_RANDOM_RARE_CARD","is_daily":false,"chose_seed":false,"campfire_upgraded":7,"win_rate":0.0,"timestamp":1612514269,"path_taken":["M","?","M","?","?","R","E","R","T","?","?","?","R","E","R","BOSS","M","?","?","M","M","R","?","R","T","R","M","M","?","M","R","BOSS"],"items_purchased_type":[],"build_version":"2020-12-22","purchased_purges":1,"victory":false,"max_hp_per_floor":[75,75,75,75,75,75,75,75,75,75,75,75,75,75,75,75,75,75,75,75,75,75,75,75,75,75,75,75,75,75,75,75,75,75],"card_choices":[{"not_picked":["theSenshi:MoonSpiralHeartAttack","theSenshi:SailorPlanetPower"],"picked":"theSenshi:SailorStarMakerAssists","floor":1.0},{"not_picked":["theSenshi:TallSilhouette","theSenshi:MoonPower","theSenshi:SailorNeptuneAssists"],"picked":"SKIP","floor":3.0},{"not_picked":["theSenshi:EncouragingSpeech","theSenshi:LunaWiseMentor","theSenshi:MercurysCunning"],"picked":"SKIP","floor":7.0},{"not_picked":["theSenshi:RainbowMoonHeartAche","theSenshi:MoonsReflection"],"picked":"theSenshi:MoonPunch","floor":11.0},{"not_picked":["theSenshi:MoonKick","theSenshi:FatedKiss","theSenshi:TallSilhouette"],"picked":"SKIP","floor":14.0},{"not_picked":["theSenshi:StudyParty","theSenshi:ChibiMoonsLove"],"picked":"theSenshi:SilverMoonCrystalPowerKiss","floor":16.0},{"not_picked":["theSenshi:MercurysCunning+1","theSenshi:SupersonicWaves","theSenshi:MoonPower"],"picked":"SKIP","floor":18.0},{"not_picked":["theSenshi:MercurysCunning","theSenshi:Sidestep","theSenshi:MoonPower"],"picked":"SKIP","floor":20.0},{"not_picked":["theSenshi:MoonKick","theSenshi:TuxedoSmokingBomber","theSenshi:SailorNeptuneAssists+1"],"picked":"SKIP","floor":21.0},{"not_picked":["theSenshi:SailorStarMakerAssists","theSenshi:MoonPower"],"picked":"theSenshi:Overload+1","floor":22.0},{"not_picked":["theSenshi:MoonPower","theSenshi:SupersonicWaves","theSenshi:MoonTiaraMagic+1"],"picked":"SKIP","floor":28},{"not_picked":["theSenshi:SailorPlanetAttack","theSenshi:MoonTwilightFlash","theSenshi:SchoolBag"],"picked":"SKIP","floor":29},{"not_picked":["theSenshi:TallSilhouette+1","theSenshi:SailorMarsAssists","theSenshi:UranusStrength+1"],"picked":"SKIP","floor":30},{"not_picked":["theSenshi:MoonCosmicPowerMakeUp","theSenshi:Sidestep+1"],"picked":"theSenshi:SteeledNerves","floor":31}],"player_experience":335241,"relics_obtained":[{"floor":7.0,"key":"MealTicket"},{"floor":9.0,"key":"Oddly Smooth Stone"},{"floor":12.0,"key":"Dead Branch"},{"floor":14.0,"key":"Ice Cream"}],"event_choices":[{"damage_healed":0.0,"max_hp_gain":0.0,"max_hp_loss":0.0,"gold_gain":0.0,"event_name":"Scrap Ooze","player_choice":"Success","floor":2.0,"gold_loss":0.0,"damage_taken":3.0,"relics_obtained":["InkBottle"]},{"damage_healed":0.0,"max_hp_gain":0.0,"max_hp_loss":0.0,"gold_gain":75.0,"event_name":"World of Goop","player_choice":"Gather Gold","floor":4.0,"gold_loss":0.0,"damage_taken":11.0},{"damage_healed":0.0,"max_hp_gain":0.0,"max_hp_loss":0.0,"gold_gain":0.0,"event_name":"Liars Game","player_choice":"Ignored","floor":5.0,"gold_loss":0.0,"damage_taken":0.0},{"damage_healed":0.0,"max_hp_gain":0.0,"max_hp_loss":0.0,"gold_gain":0.0,"event_name":"The Woman in Blue","player_choice":"Bought 0 Potions","floor":19.0,"gold_loss":0.0,"damage_taken":0.0},{"damage_healed":0.0,"max_hp_gain":0.0,"max_hp_loss":0.0,"gold_gain":0.0,"event_name":"Upgrade Shrine","player_choice":"Upgraded","floor":24.0,"gold_loss":0.0,"damage_taken":0.0,"cards_upgraded":["theSenshi:RoseThrow"]}],"is_beta":false,"boss_relics":[{"not_picked":["SlaversCollar","Velvet Choker"],"picked":"Sozu"}],"items_purged_floors":[10],"is_endless":false,"potions_floor_spawned":[1,11,16,21,28,30,31],"killed_by":"Automaton","ascension_level":0}}