{"host":"a6lkfb6c2wawj5iq","time":1612508875,"event":{"mods":["AchievementEnabler","BaseMod","Jorbs\u0027s Wanderer Trilogy","Minty Spire (QoL Compilation)","Relic Stats","StSLib"],"gold_per_floor":[110,128,128,138,151,182,182,198,198,223,223,235,235,261,261,361,361,377,397,397,413,439,439,67,98,98,98,110,110,110,138,138,239,239,256,58,75,94,124,124,153,170,197,226,239,239,293,319,319,319,319,319,50,80,80],"floor_reached":56,"language":"ENG","playtime":4116,"items_purged":["stsjorbsmod:Strike_Wanderer+1","stsjorbsmod:Strike_Wanderer+1","stsjorbsmod:Strike_Wanderer+1"],"score":1453,"play_id":"fb84ad6e-f564-4761-9644-11c2252629f4","local_time":"20210205020755","is_ascension_mode":true,"campfire_choices":[{"data":"stsjorbsmod:WeightOfMemory","floor":7,"key":"SMITH"},{"floor":11,"key":"REST"},{"data":"stsjorbsmod:Channel","floor":15,"key":"SMITH"},{"data":"stsjorbsmod:BookOfTongues","floor":23,"key":"SMITH"},{"floor":32,"key":"REST"},{"data":"stsjorbsmod:GatherPower","floor":40,"key":"SMITH"},{"floor":49,"key":"RECALL"},{"data":"stsjorbsmod:FlameWard","floor":52,"key":"SMITH"}],"circlet_count":0,"master_deck":["stsjorbsmod:ForbiddenGrimoire+1","stsjorbsmod:Defend_Wanderer+1","stsjorbsmod:Defend_Wanderer+1","stsjorbsmod:Defend_Wanderer+1","stsjorbsmod:FreshAdventure+1","stsjorbsmod:EyeOfTheStorm+1","stsjorbsmod:WanderingMind+1","stsjorbsmod:Firebolt+1","stsjorbsmod:WeightOfMemory+1","stsjorbsmod:MageArmor+1","stsjorbsmod:Channel+1","stsjorbsmod:SchoolsOfMagic","stsjorbsmod:RefuseToForget+1","stsjorbsmod:ArcaneForm+1","stsjorbsmod:Thorns+1","stsjorbsmod:ArcaneWeapon","stsjorbsmod:BookOfTongues+1","stsjorbsmod:Entangle+1","stsjorbsmod:FlameWard+1","Decay","stsjorbsmod:GatherPower+1","stsjorbsmod:Mania+1","stsjorbsmod:Withdraw+1","stsjorbsmod:Message+1","stsjorbsmod:Inferno+1","stsjorbsmod:RayOfFrost+1","stsjorbsmod:DisguiseSelf+1","stsjorbsmod:CorrodingBarrier+1","stsjorbsmod:UnseenServant+1","stsjorbsmod:ColorSpray+1","Dark Shackles+1","stsjorbsmod:WeightOfMemory+1"],"relics":["Runic Pyramid","stsjorbsmod:BottledMemoryRelic","Pear","Pantograph","Du-Vu Doll","FossilizedHelix","Philosopher\u0027s Stone","Red Mask","OrangePellets","Mummified Hand","Frozen Egg 2","Toxic Egg 2","Sozu","Pen Nib","Sundial","Shuriken"],"acts_visited":["Exordium","TheCity","TheBeyond","TheEnding"],"potions_floor_usage":[10,14,18,22,28,45,55],"damage_taken":[{"damage":3,"enemies":"Cultist","floor":1,"turns":4},{"damage":2,"enemies":"Jaw Worm","floor":2,"turns":5},{"damage":7,"enemies":"Small Slimes","floor":4,"turns":4},{"damage":9,"enemies":"Gremlin Gang","floor":5,"turns":5},{"damage":16,"enemies":"3 Sentries","floor":6,"turns":7},{"damage":8,"enemies":"Blue Slaver","floor":8,"turns":3},{"damage":14,"enemies":"Gremlin Nob","floor":10,"turns":4},{"damage":5,"enemies":"Large Slime","floor":12,"turns":5},{"damage":15,"enemies":"3 Sentries","floor":14,"turns":6},{"damage":27,"enemies":"The Guardian","floor":16,"turns":12},{"damage":36,"enemies":"3 Byrds","floor":18,"turns":6},{"damage":5,"enemies":"Spheric Guardian","floor":19,"turns":4},{"damage":0,"enemies":"Snecko","floor":21,"turns":4},{"damage":0,"enemies":"Masked Bandits","floor":22,"turns":4},{"damage":37,"enemies":"Slavers","floor":25,"turns":6},{"damage":0,"enemies":"Sentry and Sphere","floor":28,"turns":6},{"damage":0,"enemies":"Gremlin Leader","floor":31,"turns":4},{"damage":0,"enemies":"Champ","floor":33,"turns":6},{"damage":0,"enemies":"3 Darklings","floor":35,"turns":5},{"damage":0,"enemies":"Orb Walker","floor":37,"turns":3},{"damage":0,"enemies":"3 Darklings","floor":38,"turns":6},{"damage":0,"enemies":"Maw","floor":39,"turns":4},{"damage":8,"enemies":"Nemesis","floor":41,"turns":3},{"damage":10,"enemies":"Sphere and 2 Shapes","floor":42,"turns":5},{"damage":0,"enemies":"Giant Head","floor":44,"turns":7},{"damage":15,"enemies":"3 Darklings","floor":45,"turns":4},{"damage":0,"enemies":"4 Shapes","floor":47,"turns":5},{"damage":0,"enemies":"Maw","floor":48,"turns":5},{"damage":18,"enemies":"Time Eater","floor":50,"turns":6},{"damage":9,"enemies":"Shield and Spear","floor":54,"turns":5},{"damage":19,"enemies":"The Heart","floor":55,"turns":7}],"seed_played":"-8365028149963849070","potions_obtained":[{"floor":4,"key":"LiquidMemories"},{"floor":8,"key":"Regen Potion"},{"floor":12,"key":"Regen Potion"},{"floor":16,"key":"EssenceOfSteel"},{"floor":18,"key":"FearPotion"},{"floor":21,"key":"SkillPotion"},{"floor":33,"key":"Fire Potion"}],"is_trial":false,"path_per_floor":["M","M","T","M","M","E","R","M","T","E","R","M","?","E","R","B",null,"M","M","?","M","?","R","$","E","T","?","M","?","?","E","R","B",null,"M","$","M","M","M","R","E","M","T","E","M","?","M","M","R","B",null,"R","$","E","B",null],"character_chosen":"WANDERER","items_purchased":["OrangePellets","stsjorbsmod:Entangle","stsjorbsmod:Inferno+1","stsjorbsmod:RayOfFrost","Dark Shackles+1","stsjorbsmod:WeightOfMemory"],"campfire_rested":2,"item_purchase_floors":[24,24,36,36,53,53],"current_hp_per_floor":[65,65,65,60,51,45,45,37,37,23,47,42,47,47,47,45,87,51,48,48,48,48,48,48,11,11,11,27,27,27,27,54,79,91,91,91,91,91,91,91,83,73,73,75,60,60,64,64,64,71,97,97,97,88,78],"gold":80,"neow_bonus":"BOSS_RELIC","is_daily":false,"chose_seed":false,"campfire_upgraded":5,"win_rate":0.0,"timestamp":1612508875,"path_taken":["M","M","?","M","?","E","R","M","T","E","R","M","?","E","R","BOSS","M","M","?","M","?","R","$","E","T","?","?","?","?","E","R","BOSS","M","$","M","M","M","R","E","M","T","E","M","?","M","?","R","BOSS","R","$","E","BOSS"],"items_purchased_type":["Relic","Card","Card","Card","Card","Card"],"build_version":"2020-12-22","purchased_purges":3,"victory":true,"max_hp_per_floor":[68,70,70,72,72,82,82,82,82,82,82,82,87,87,87,87,87,87,89,89,89,89,89,89,89,89,89,91,91,91,91,91,91,91,91,91,91,91,91,91,91,91,91,93,93,93,97,97,97,97,97,97,97,97,97],"relic_stats":{"Sozu":7,"OrangePellets":[26],"counters":[31,160],"Mummified Hand":[81],"Sundial":[2],"Shuriken":[0],"Pantograph":84,"Pen Nib":[6],"obtain_stats":[{"stsjorbsmod:BottledMemoryRelic":3,"Pear":6,"stsjorbsmod:GrimoireRelic":0,"Pen Nib":41,"Frozen Egg 2":26,"Du-Vu Doll":10,"Sozu":34,"OrangePellets":24,"Mummified Hand":25,"Sundial":44,"Shuriken":54,"Pantograph":9,"Philosopher\u0027s Stone":17,"Red Mask":22,"Toxic Egg 2":31,"FossilizedHelix":14,"Runic Pyramid":0},{"stsjorbsmod:BottledMemoryRelic":2,"Pear":5,"stsjorbsmod:GrimoireRelic":0,"Pen Nib":23,"Frozen Egg 2":15,"Du-Vu Doll":7,"Sozu":18,"OrangePellets":14,"Mummified Hand":15,"Sundial":25,"Shuriken":30,"Pantograph":6,"Philosopher\u0027s Stone":10,"Red Mask":14,"Toxic Egg 2":17,"FossilizedHelix":9,"Runic Pyramid":0},{"stsjorbsmod:BottledMemoryRelic":9,"Pear":25,"stsjorbsmod:GrimoireRelic":0,"Pen Nib":116,"Frozen Egg 2":79,"Du-Vu Doll":32,"Sozu":95,"OrangePellets":73,"Mummified Hand":79,"Sundial":128,"Shuriken":153,"Pantograph":28,"Philosopher\u0027s Stone":55,"Red Mask":73,"Toxic Egg 2":89,"FossilizedHelix":43,"Runic Pyramid":0}]},"card_choices":[{"not_picked":["stsjorbsmod:Mindworm","stsjorbsmod:Patron"],"picked":"stsjorbsmod:WanderingMind","floor":1},{"not_picked":["stsjorbsmod:UnseenServant","stsjorbsmod:Hibernate"],"picked":"stsjorbsmod:Firebolt","floor":2},{"not_picked":["stsjorbsmod:FindFamiliar","stsjorbsmod:Materialize"],"picked":"stsjorbsmod:WeightOfMemory","floor":4},{"not_picked":["stsjorbsmod:LoseGrip","stsjorbsmod:Mindworm"],"picked":"stsjorbsmod:MageArmor","floor":5},{"not_picked":["stsjorbsmod:MagicMirror","stsjorbsmod:Materialize"],"picked":"stsjorbsmod:Channel","floor":6},{"not_picked":["stsjorbsmod:DisguiseSelf","stsjorbsmod:FindFamiliar","stsjorbsmod:DoubleCheck"],"picked":"SKIP","floor":8},{"not_picked":["stsjorbsmod:Materialize","stsjorbsmod:OldPocket","stsjorbsmod:ChatteringStrike"],"picked":"SKIP","floor":10},{"not_picked":["stsjorbsmod:Patron","stsjorbsmod:DisguiseSelf"],"picked":"stsjorbsmod:SchoolsOfMagic","floor":12},{"not_picked":["stsjorbsmod:Hurt","stsjorbsmod:DoubleCheck"],"picked":"stsjorbsmod:RefuseToForget","floor":14},{"not_picked":["stsjorbsmod:Determination","stsjorbsmod:Rediscovery"],"picked":"stsjorbsmod:ArcaneForm","floor":16},{"not_picked":["stsjorbsmod:LoseGrip+1","stsjorbsmod:SchoolsOfMagic","stsjorbsmod:WeightOfMemory+1"],"picked":"SKIP","floor":18},{"not_picked":["stsjorbsmod:TinyHut","stsjorbsmod:Will"],"picked":"stsjorbsmod:Thorns","floor":19},{"not_picked":["stsjorbsmod:Materialize","stsjorbsmod:Index+1"],"picked":"stsjorbsmod:ArcaneWeapon","floor":21},{"not_picked":["stsjorbsmod:ParryingBlow","stsjorbsmod:OldPocket"],"picked":"stsjorbsmod:BookOfTongues","floor":22},{"not_picked":["stsjorbsmod:UnseenServant","stsjorbsmod:ParryingBlow"],"picked":"stsjorbsmod:FlameWard","floor":25},{"not_picked":["stsjorbsmod:FranticSearch","stsjorbsmod:BurningFlask","stsjorbsmod:DisguiseSelf"],"picked":"SKIP","floor":28},{"not_picked":["stsjorbsmod:LocateObject+1","stsjorbsmod:FranticSearch+1","stsjorbsmod:TollTheDead+1"],"picked":"SKIP","floor":31},{"not_picked":["stsjorbsmod:DeathThroes","stsjorbsmod:GatherPower+1"],"picked":"stsjorbsmod:Withdraw+1","floor":33},{"not_picked":["stsjorbsmod:TollTheDead","stsjorbsmod:Patron+1"],"picked":"stsjorbsmod:Message+1","floor":35},{"not_picked":["stsjorbsmod:UnseenServant+1","stsjorbsmod:WeightOfMemory"],"picked":"stsjorbsmod:DisguiseSelf+1","floor":37},{"not_picked":["stsjorbsmod:ScorchingRay+1","stsjorbsmod:SchoolsOfMagic+1","stsjorbsmod:Index+1"],"picked":"SKIP","floor":38},{"not_picked":["stsjorbsmod:Introspection+1","stsjorbsmod:RayOfFrost+1","stsjorbsmod:BlackTentacles+1"],"picked":"SKIP","floor":39},{"not_picked":["stsjorbsmod:TrueStrike","stsjorbsmod:LocateObject+1"],"picked":"stsjorbsmod:CorrodingBarrier+1","floor":41},{"not_picked":["stsjorbsmod:BurningFlask+1","stsjorbsmod:Hurt+1","stsjorbsmod:LocateObject+1"],"picked":"SKIP","floor":42},{"not_picked":["stsjorbsmod:DeathThroes","stsjorbsmod:Will+1","stsjorbsmod:HedgeWizard+1"],"picked":"SKIP","floor":44},{"not_picked":["stsjorbsmod:Will+1","stsjorbsmod:BurningFlask+1","stsjorbsmod:BlackTentacles"],"picked":"SKIP","floor":45},{"not_picked":["stsjorbsmod:Channel+1","stsjorbsmod:ChatteringStrike+1"],"picked":"stsjorbsmod:UnseenServant+1","floor":47},{"not_picked":["stsjorbsmod:BlackTentacles","stsjorbsmod:FaerieFire+1"],"picked":"stsjorbsmod:ColorSpray+1","floor":48},{"not_picked":["stsjorbsmod:Thorns+1","stsjorbsmod:FranticSearch+1","stsjorbsmod:Withdraw+1"],"picked":"SKIP","floor":54}],"player_experience":204091,"relics_obtained":[{"floor":3,"key":"stsjorbsmod:BottledMemoryRelic"},{"floor":6,"key":"Pear"},{"floor":9,"key":"Pantograph"},{"floor":10,"key":"Du-Vu Doll"},{"floor":14,"key":"FossilizedHelix"},{"floor":22,"key":"Red Mask"},{"floor":25,"key":"Mummified Hand"},{"floor":26,"key":"Frozen Egg 2"},{"floor":31,"key":"Toxic Egg 2"},{"floor":41,"key":"Pen Nib"},{"floor":44,"key":"Sundial"},{"floor":54,"key":"Shuriken"}],"event_choices":[{"damage_healed":0,"gold_gain":0,"player_choice":"Donut","damage_taken":0,"max_hp_gain":5,"max_hp_loss":0,"event_name":"Big Fish","floor":13,"gold_loss":0},{"damage_healed":0,"gold_gain":0,"player_choice":"Simplicity","damage_taken":0,"max_hp_gain":0,"max_hp_loss":0,"event_name":"Back to Basics","floor":20,"gold_loss":0,"cards_upgraded":["stsjorbsmod:Strike_Wanderer","stsjorbsmod:Strike_Wanderer","stsjorbsmod:Strike_Wanderer","stsjorbsmod:Strike_Wanderer","stsjorbsmod:Defend_Wanderer","stsjorbsmod:Defend_Wanderer","stsjorbsmod:Defend_Wanderer","stsjorbsmod:Defend_Wanderer"]},{"damage_healed":0,"gold_gain":0,"player_choice":"Fought Bandits","damage_taken":0,"max_hp_gain":0,"max_hp_loss":0,"event_name":"Masked Bandits","floor":22,"gold_loss":0},{"damage_healed":0,"gold_gain":0,"player_choice":"Upgraded","damage_taken":0,"max_hp_gain":0,"max_hp_loss":0,"event_name":"Upgrade Shrine","floor":27,"gold_loss":0,"cards_upgraded":["stsjorbsmod:ArcaneForm"]},{"damage_healed":0,"gold_gain":0,"player_choice":"Smashed Altar","damage_taken":0,"max_hp_gain":0,"max_hp_loss":0,"event_name":"Forgotten Altar","floor":29,"gold_loss":0,"cards_obtained":["Decay"]},{"damage_healed":0,"gold_gain":0,"cards_transformed":["stsjorbsmod:Strike_Wanderer","stsjorbsmod:Defend_Wanderer"],"player_choice":"Became Test Subject","damage_taken":0,"max_hp_gain":0,"max_hp_loss":0,"event_name":"Drug Dealer","floor":30,"gold_loss":0,"cards_obtained":["stsjorbsmod:GatherPower","stsjorbsmod:Mania"]},{"damage_healed":0,"gold_gain":0,"player_choice":"Forge","damage_taken":0,"max_hp_gain":0,"max_hp_loss":0,"event_name":"Accursed Blacksmith","floor":46,"gold_loss":0,"cards_upgraded":["stsjorbsmod:Thorns"]}],"is_beta":false,"boss_relics":[{"not_picked":["SlaversCollar","Calling Bell"],"picked":"Philosopher\u0027s Stone"},{"not_picked":["Runic Dome","Busted Crown"],"picked":"Sozu"}],"items_purged_floors":[24,36,53],"is_endless":false,"potions_floor_spawned":[4,8,12,16,18,21,33,38,39,41,44,45,48,54],"ascension_level":2}}