{"host":"0mk07bycsqo1qk03","time":1612536569,"event":{"mods":["BaseMod","Downfall","Hermit","Hubris","Minty Spire (QoL Compilation)","Reliquary","Replay The Spire","StSLib","The Cursed"],"gold_per_floor":[115,115,115,115,131,164,164,164,164,36,47,78,95,170,170,246,296,309,309,309,325,325,325,338,338,338,338,338],"floor_reached":27,"language":"ENG","playtime":803,"items_purged":["Pain"],"score":538,"play_id":"63f12f29-1a52-4402-a806-bb1737ecb301","local_time":"20210205154929","is_ascension_mode":true,"campfire_choices":[{"data":"Perfected Strike","floor":8.0,"key":"SMITH"},{"data":"True Grit","floor":15.0,"key":"SMITH"},{"data":"Feed","floor":23,"key":"SMITH"}],"circlet_count":0,"master_deck":["AscendersBane","Strike_R+1","Strike_R+1","Strike_R+1","Strike_R+1","Defend_R+1","Defend_R+1","Defend_R+1","Defend_R+1","Bash","Wild Strike","Perfected Strike+1","Flame Barrier","True Grit+1","Eclipse","ReplayTheSpireMod:Strike From Hell+1","Demonic Infusion","Feed+1","Warcry","Flame Barrier+1","Disarm+1","Shrug It Off","Shame"],"relics":["Burning Blood","NeowsBlessing","Regal Pillow","WarpedTongs","reliquary:OuijaBoard","Eternal Feather","Tiny House","hubris:BottledHeart","Sundial","Ginger"],"acts_visited":["Exordium","TheCity"],"potions_floor_usage":[27,27],"damage_taken":[{"damage":0.0,"enemies":"Small Slimes","floor":1.0,"turns":1.0},{"damage":0.0,"enemies":"2 Louse","floor":5.0,"turns":1.0},{"damage":0.0,"enemies":"Lagavulin","floor":6.0,"turns":1.0},{"damage":0.0,"enemies":"Cultist","floor":11.0,"turns":2.0},{"damage":0.0,"enemies":"Gremlin Nob","floor":12.0,"turns":3.0},{"damage":0.0,"enemies":"3 Louse","floor":13.0,"turns":3.0},{"damage":80.0,"enemies":"Fading Forest","floor":16.0,"turns":13.0},{"damage":28,"enemies":"Spheric Guardian","floor":18,"turns":6},{"damage":0,"enemies":"Shell Parasite","floor":21,"turns":6},{"damage":0,"enemies":"Snake Plant","floor":24,"turns":6},{"damage":7,"enemies":"Centurion and Healer","floor":27,"turns":7}],"seed_played":"2066317172989753370","potions_obtained":[{"floor":6.0,"key":"Languid Potion"},{"floor":11.0,"key":"Block Potion"},{"floor":12.0,"key":"BloodPotion"},{"floor":13.0,"key":"Elixir"},{"floor":17,"key":"Dexterity Potion"},{"floor":21,"key":"DuplicationPotion"}],"is_trial":false,"path_per_floor":["M","?","$","?","M","E","?","R","T","$","M","E","M","?","R","B",null,"M","?","?","M","?","R","M","?","T","M"],"character_chosen":"IRONCLAD","items_purchased":["True Grit"],"campfire_rested":0,"item_purchase_floors":[10],"current_hp_per_floor":[74,51,51,44,50,56,56,56,56,56,62,68,74,63,72,30,69,47,1,1,1,1,1,1,1,1,0,0],"gold":338,"neow_bonus":"THREE_ENEMY_KILL","is_daily":false,"chose_seed":false,"campfire_upgraded":3,"win_rate":0.0,"timestamp":1612536569,"path_taken":["M","?","$","?","M","E","?","R","T","$","M","E","?","?","R","BOSS","M","?","?","M","?","R","?","?","T","M"],"items_purchased_type":["Card"],"build_version":"2020-12-22","purchased_purges":1,"victory":false,"max_hp_per_floor":[75,75,75,75,75,75,75,75,75,75,75,75,75,75,75,75,80,80,1,1,1,1,1,1,1,1,1,1],"card_choices":[{"not_picked":["Iron Wave","True Grit"],"picked":"Wild Strike","floor":1.0},{"not_picked":["Clash","ReplayTheSpireMod:Corrosion Curse"],"picked":"Perfected Strike","floor":5.0},{"not_picked":["Flex","ReplayTheSpireMod:Muscle Training"],"picked":"Flame Barrier","floor":6.0},{"not_picked":["Warcry","Sentinel"],"picked":"Eclipse","floor":11.0},{"not_picked":["Heavy Blade","Clothesline"],"picked":"ReplayTheSpireMod:Strike From Hell","floor":12.0},{"not_picked":["Whirlwind","Fire Breathing"],"picked":"Demonic Infusion","floor":13.0},{"not_picked":["Berserk","Double Tap"],"picked":"Feed","floor":16.0},{"not_picked":["Iron Wave","Clash"],"picked":"Warcry","floor":17},{"not_picked":["Sever Soul","Whirlwind"],"picked":"Flame Barrier+1","floor":18},{"not_picked":["Cleave","Spot Weakness"],"picked":"Disarm+1","floor":21},{"not_picked":["Sword Boomerang+1","Carnage"],"picked":"Shrug It Off","floor":24}],"player_experience":1006620,"relics_obtained":[{"floor":6.0,"key":"Regal Pillow"},{"floor":9.0,"key":"reliquary:OuijaBoard"},{"floor":12.0,"key":"Eternal Feather"},{"floor":26,"key":"Ginger"}],"event_choices":[{"damage_healed":0.0,"max_hp_gain":0.0,"max_hp_loss":0.0,"gold_gain":0.0,"event_name":"Shining Light","player_choice":"Entered Light","floor":2.0,"gold_loss":0.0,"damage_taken":23.0,"cards_upgraded":["Defend_R","Strike_R"]},{"cards_removed":["Strike_R"],"damage_healed":0.0,"max_hp_gain":0.0,"max_hp_loss":0.0,"gold_gain":0.0,"event_name":"Golden Wing","player_choice":"Card Removal","floor":4.0,"gold_loss":0.0,"damage_taken":7.0},{"damage_healed":0.0,"max_hp_gain":0.0,"max_hp_loss":0.0,"gold_gain":0.0,"event_name":"Accursed Blacksmith","player_choice":"Rummage","floor":7.0,"gold_loss":0.0,"damage_taken":0.0,"relics_obtained":["WarpedTongs"],"cards_obtained":["Pain"]},{"damage_healed":0.0,"max_hp_gain":0.0,"max_hp_loss":0.0,"gold_gain":75.0,"event_name":"World of Goop","player_choice":"Gather Gold","floor":14.0,"gold_loss":0.0,"damage_taken":11.0},{"damage_healed":0,"gold_gain":0,"player_choice":"Shed Blood","damage_taken":0,"max_hp_gain":5,"max_hp_loss":0,"event_name":"Forgotten Altar","floor":20,"gold_loss":0},{"damage_healed":0,"gold_gain":0,"player_choice":"Simplicity","damage_taken":0,"max_hp_gain":0,"max_hp_loss":0,"event_name":"Back to Basics","floor":22,"gold_loss":0,"cards_upgraded":["Strike_R","Strike_R","Strike_R","Defend_R","Defend_R","Defend_R"]},{"damage_healed":0,"gold_gain":0,"player_choice":"Stole Relic","damage_taken":0,"relics_obtained":["Sundial"],"max_hp_gain":0,"max_hp_loss":0,"event_name":"Addict","floor":25,"gold_loss":0,"cards_obtained":["Shame"]}],"is_beta":false,"boss_relics":[{"not_picked":["Empty Cage","SacredBark"],"picked":"Tiny House"}],"items_purged_floors":[10],"is_endless":false,"potions_floor_spawned":[6,11,12,13,21,24],"killed_by":"Centurion and Healer","ascension_level":20}}