{"host":"yans4pr1zf0lm9bx","time":1612531514,"event":{"mods":["AchievementEnabler","BaseMod","Downfall","Minty Spire (QoL Compilation)","StSLib","SuperFastMode","slay the spire mod where everything is the same but ironclad has a cowboy hat"],"gold_per_floor":[99,109,259,259,271,301,376,394,394,412,442,255,255,84,96,197,197,197,209,209,209,294,194,194,94,79,105,105,121,121,138,152,257,257,257,275,293,312,329,379,379,413,413,439,339,349,376,427,444,444,444,444],"floor_reached":50,"language":"ENG","playtime":3993,"items_purged":["bronze:Strike"],"score":716,"play_id":"324cfbf3-232e-471a-93c9-9a9c2baabc5d","local_time":"20210205082514","is_ascension_mode":true,"campfire_choices":[{"data":"bronze:Goto","floor":1.0,"key":"SMITH"},{"data":"bronze:Replicate","floor":9.0,"key":"SMITH"},{"data":"bronze:ChildClass","floor":13.0,"key":"SMITH"},{"data":"bronze:Format","floor":18.0,"key":"SMITH"},{"floor":23.0,"key":"RECALL"},{"data":"bronze:FineTuning","floor":25.0,"key":"SMITH"},{"data":"bronze:ClassDefault","floor":28.0,"key":"SMITH"},{"data":"bronze:Optimize","floor":30.0,"key":"SMITH"},{"data":"bronze:ForceShield","floor":35.0,"key":"SMITH"},{"data":"bronze:Terminator","floor":43,"key":"SMITH"},{"data":"bronze:Defend","floor":45,"key":"SMITH"}],"circlet_count":0,"master_deck":["bronze:Strike","bronze:Strike","bronze:Strike","bronze:Defend+1","bronze:Defend","bronze:Defend","bronze:Defend","bronze:Replicate+1","bronze:Goto+1","bronze:Branch","downfall:Icky","bronze:Goto+1","bronze:Constructor","bronze:ClassDefault+1","bronze:FineTuning+1","bronze:ForceShield+1","bronze:Separator+1","bronze:DelayedGuard","bronze:ChildClass+1","bronze:Iterate+1","bronze:Optimize+1","bronze:Replicate+1","bronze:BronzeOrb+1","bronze:Format+1","bronze:DelayedSlice+1","downfall:Icky","bronze:CutThrough+1","bronze:CloningBeam+1","bronze:Return+1","bronze:Terminator+1","bronze:AlphaBuild+1","bronze:Branch+1","bronze:ChosenStrike+1","bronze:Iterate+1","bronze:Iterate+1","Doubt","bronze:InfiniteBeams+1","bronze:Refactor+1","bronze:ForceShield+1","bronze:DelayedSlice+1"],"relics":["Black Star","TungstenRod","Molten Egg 2","Pear","DollysMirror","Cursed Key","downfall:RedIOU","downfall:HeartBlessingBlue","Darkstone Periapt","downfall:HeartBlessingRed","hexamod:CandleOfCauterizing","Ornamental Fan","sneckomod:SneckoTalon","Gambling Chip","Blue Candle","Guardian:PocketSentry","champ:DeflectingBracers","Meat on the Bone","Bottled Lightning","downfall:HeartBlessingGreen","Pen Nib","Toxic Egg 2","Turnip"],"acts_visited":["Exordium","TheCity","TheBeyond"],"potions_floor_usage":[50],"damage_taken":[{"damage":0.0,"enemies":"Small Slimes","floor":2.0,"turns":3.0},{"damage":0.0,"enemies":"Jaw Worm","floor":5.0,"turns":6.0},{"damage":30.0,"enemies":"3 Sentries","floor":6.0,"turns":11.0},{"damage":0.0,"enemies":"Cultist","floor":8.0,"turns":4.0},{"damage":0.0,"enemies":"Red Slaver","floor":10.0,"turns":4.0},{"damage":20.0,"enemies":"Gremlin Nob","floor":11.0,"turns":7.0},{"damage":2.0,"enemies":"downfall:FleeingMerchant","floor":12.0,"turns":4.0},{"damage":0.0,"enemies":"downfall:FleeingMerchant","floor":14.0,"turns":4.0},{"damage":0.0,"enemies":"Blue Slaver","floor":15.0,"turns":2.0},{"damage":23.0,"enemies":"IC_STATUS_ARCHETYPE","floor":16.0,"turns":9.0},{"damage":0.0,"enemies":"Chosen","floor":19.0,"turns":3.0},{"damage":0.0,"enemies":"downfall:FleeingMerchant","floor":26.0,"turns":4.0},{"damage":10.0,"enemies":"Book of Stabbing","floor":27.0,"turns":5.0},{"damage":0.0,"enemies":"Shell Parasite","floor":29.0,"turns":3.0},{"damage":5.0,"enemies":"Sentry and Sphere","floor":31.0,"turns":4.0},{"damage":0.0,"enemies":"Cultist and Chosen","floor":32.0,"turns":4.0},{"damage":14.0,"enemies":"DF_ARCHETYPE_CLAW","floor":33.0,"turns":7.0},{"damage":0.0,"enemies":"Orb Walker","floor":36.0,"turns":4.0},{"damage":2.0,"enemies":"3 Shapes","floor":37.0,"turns":4.0},{"damage":0.0,"enemies":"Jaw Worm Horde","floor":38.0,"turns":4.0},{"damage":0,"enemies":"Maw","floor":39,"turns":6},{"damage":0,"enemies":"Maw","floor":40,"turns":4},{"damage":0,"enemies":"Giant Head","floor":42,"turns":8},{"damage":11,"enemies":"Nemesis","floor":44,"turns":5},{"damage":0,"enemies":"Spire Growth","floor":46,"turns":3},{"damage":0,"enemies":"Giant Head","floor":47,"turns":6},{"damage":0,"enemies":"2 Orb Walkers","floor":48,"turns":4},{"damage":4,"enemies":"Jaw Worm Horde","floor":49,"turns":3},{"damage":164,"enemies":"WA_ARCHETYPE_DIVINITY","floor":50,"turns":7}],"seed_played":"-1074036593186727290","potions_obtained":[{"floor":6.0,"key":"FairyPotion"},{"floor":10.0,"key":"DistilledChaos"},{"floor":15.0,"key":"AttackPotion"},{"floor":16.0,"key":"DistilledChaos"},{"floor":27.0,"key":"FearPotion"},{"floor":37.0,"key":"PowerPotion"}],"is_trial":false,"path_per_floor":["R","M","?","?","M","E","T","M","R","M","E","$","R","$","M","B",null,"R","M","?","?","?","R","T","R","$","E","R","M","R","M","M","B",null,"R","M","M","M","M","?","T","E","R","E","R","M","E","?","M","B"],"character_chosen":"THE_AUTOMATON","items_purchased":["bronze:ChildClass","bronze:Iterate+1","DollysMirror"],"campfire_rested":0,"item_purchase_floors":[12,12,14],"current_hp_per_floor":[70,70,70,70,70,40,40,40,40,40,30,28,28,28,28,30,80,80,80,80,80,67,77,77,77,77,67,67,67,67,62,62,48,90,90,90,88,88,88,88,94,94,94,83,83,83,83,83,79,0,0,0],"gold":444,"neow_bonus":"BOSS_RELIC","is_daily":false,"chose_seed":false,"campfire_upgraded":10,"win_rate":0.0,"timestamp":1612531514,"path_taken":["R","M","?","?","M","E","T","M","R","?","E","$","R","?","M","BOSS","R","M","?","?","?","R","T","R","$","E","R","M","R","M","M","BOSS","R","M","M","M","M","?","T","E","R","E","R","M","E","?","M","BOSS"],"items_purchased_type":["Card","Card","Relic"],"build_version":"2020-12-22","purchased_purges":1,"victory":false,"max_hp_per_floor":[70,70,70,70,70,70,70,70,70,70,80,80,80,80,80,80,80,80,80,80,80,80,90,90,90,90,90,90,90,90,90,90,90,90,90,90,90,90,90,90,96,96,96,96,96,96,96,96,96,96,96,96],"card_choices":[{"not_picked":["bronze:Shield","bronze:MaxOutput"],"picked":"bronze:Branch","floor":2.0},{"not_picked":["bronze:Turbo","bronze:BitShift"],"picked":"bronze:Constructor","floor":5.0},{"not_picked":["bronze:HyperBeam","bronze:Overload"],"picked":"bronze:ClassDefault","floor":6.0},{"not_picked":["bronze:Overheat","bronze:Shield"],"picked":"bronze:FineTuning","floor":8.0},{"not_picked":["bronze:OilSpill","bronze:BitShift"],"picked":"bronze:ForceShield","floor":10.0},{"not_picked":["bronze:Invalidate","bronze:FineTuning"],"picked":"bronze:Separator+1","floor":11.0},{"not_picked":["bronze:WhirlingStrike+1","bronze:Terminator"],"picked":"bronze:DelayedGuard","floor":12.0},{"not_picked":["bronze:Overheat+1","bronze:Return"],"picked":"bronze:Optimize","floor":14.0},{"not_picked":["bronze:Shield","bronze:ShipIt+1"],"picked":"bronze:BronzeOrb+1","floor":15.0},{"not_picked":["bronze:Mutator","bronze:SpaghettiCode"],"picked":"bronze:Format","floor":16.0},{"not_picked":["bronze:Overload+1","bronze:BuggyMess"],"picked":"bronze:DelayedSlice+1","floor":19.0},{"not_picked":["bronze:FollowUp+1","bronze:Safeguard"],"picked":"bronze:CutThrough+1","floor":26.0},{"not_picked":["bronze:Allocate","bronze:Backtrace+1"],"picked":"bronze:CloningBeam+1","floor":27.0},{"not_picked":["bronze:WhirlingStrike+1","bronze:FollowUp+1"],"picked":"bronze:Return+1","floor":29.0},{"not_picked":["bronze:Overheat+1","bronze:CloningBeam+1"],"picked":"bronze:Terminator","floor":31.0},{"not_picked":["bronze:Deprecate","bronze:Repulsor","bronze:Constructor"],"picked":"SKIP","floor":32.0},{"not_picked":["bronze:ShipIt+1","bronze:Mutator"],"picked":"bronze:AlphaBuild+1","floor":33.0},{"not_picked":["bronze:Repair","bronze:ClassDefault+1"],"picked":"bronze:Branch+1","floor":36.0},{"not_picked":["bronze:Turbo","bronze:Optimize+1"],"picked":"bronze:ChosenStrike+1","floor":37.0},{"not_picked":["bronze:NullPointer+1","bronze:Deprecate","bronze:WildBeam+1"],"picked":"SKIP","floor":38.0},{"not_picked":["bronze:Return","bronze:DigitalCarnage+1"],"picked":"bronze:Iterate+1","floor":39},{"not_picked":["bronze:Overheat+1","bronze:Invalidate+1"],"picked":"bronze:Iterate+1","floor":40},{"not_picked":["bronze:Deprecate+1","bronze:WhirlingStrike+1"],"picked":"bronze:InfiniteBeams+1","floor":42},{"not_picked":["bronze:BronzeOrb+1","bronze:Shield","bronze:Terminator"],"picked":"SKIP","floor":44},{"not_picked":["bronze:AlphaBuild+1","bronze:Shell+1"],"picked":"bronze:Refactor+1","floor":46},{"not_picked":["bronze:Overheat+1","bronze:Constructor+1"],"picked":"bronze:ForceShield+1","floor":47},{"not_picked":["bronze:DarkDash+1","bronze:Invalidate+1"],"picked":"bronze:DelayedSlice+1","floor":49}],"player_experience":344083,"relics_obtained":[{"floor":6.0,"key":"Pantograph"},{"floor":6.0,"key":"TungstenRod"},{"floor":11.0,"key":"Molten Egg 2"},{"floor":11.0,"key":"Pear"},{"floor":24.0,"key":"Darkstone Periapt"},{"floor":27.0,"key":"hexamod:CandleOfCauterizing"},{"floor":27.0,"key":"Ornamental Fan"},{"floor":40,"key":"Gambling Chip"},{"floor":41,"key":"Blue Candle"},{"floor":42,"key":"Guardian:PocketSentry"},{"floor":42,"key":"champ:DeflectingBracers"},{"floor":44,"key":"Meat on the Bone"},{"floor":44,"key":"Bottled Lightning"},{"floor":47,"key":"Pen Nib"},{"floor":47,"key":"Toxic Egg 2"},{"floor":48,"key":"Turnip"}],"event_choices":[{"damage_healed":0.0,"max_hp_gain":0.0,"max_hp_loss":0.0,"gold_gain":0.0,"event_name":"Ghosts","player_choice":"Ignored","floor":20.0,"gold_loss":0.0,"damage_taken":0.0},{"damage_healed":0,"gold_gain":0,"player_choice":"Fight","damage_taken":0,"max_hp_gain":0,"max_hp_loss":0,"event_name":"Mysterious Sphere","floor":48,"gold_loss":0}],"is_beta":false,"boss_relics":[{"not_picked":["Velvet Choker","Tiny House"],"picked":"Cursed Key"},{"not_picked":["Runic Pyramid","expansioncontent:StudyCardRelic"],"picked":"sneckomod:SneckoTalon"}],"items_purged_floors":[12],"is_endless":false,"potions_floor_spawned":[6,10,15,16,27,29,31,32,37,39,42,47,49],"killed_by":"WA_ARCHETYPE_DIVINITY","ascension_level":1}}