{"host":"2pmmafybkq7zb6na","time":1612524571,"event":{"mods":["AchievementEnabler","BaseMod","Colored Map","Highlight Path","Keyboard Shortcuts","Minty Spire (QoL Compilation)","Quick Restart","StSLib","SuperFastMode"],"gold_per_floor":[114,114,39,54,66,95,95,122,122,137,18,38,73,88,88,185,185,203,23,40,40,40,40,70,70,96,109,109,120,120,135,135,239,239,250,264,264,13,13,13,26,26,26,60,75,101,113,152,164,176],"floor_reached":51,"language":"KOR","playtime":2785,"items_purged":["Strike_R","Perfected Strike"],"score":813,"play_id":"18012199-24e1-456f-8b41-539f63bc37f4","local_time":"20210205202931","is_ascension_mode":true,"campfire_choices":[{"data":"Intimidate","floor":7,"key":"SMITH"},{"floor":15,"key":"REST"},{"data":"True Grit","floor":23,"key":"SMITH"},{"data":"Sentinel","floor":25,"key":"SMITH"},{"data":"Havoc","floor":30,"key":"SMITH"},{"data":"Power Through","floor":32,"key":"SMITH"},{"data":"Fiend Fire","floor":40,"key":"SMITH"},{"data":"Evolve","floor":42,"key":"SMITH"},{"data":"Feel No Pain","floor":47,"key":"SMITH"},{"floor":49,"key":"RECALL"}],"circlet_count":0,"master_deck":["Strike_R","Strike_R","Strike_R","Defend_R","Defend_R","Defend_R","Bash","Intimidate+1","Reckless Charge","Burning Pact","Metallicize","True Grit+1","Evolve+1","Carnage","Shrug It Off","Sentinel+1","Feel No Pain+1","Immolate","Havoc+1","Battle Trance+1","Necronomicurse","Dark Embrace+1","Evolve+1","Ghostly Armor","Power Through+1","Fiend Fire+1","Ghostly Armor+1","Sentinel","Corruption","Wild Strike+1","True Grit"],"relics":["Burning Blood","Turnip","Red Skull","White Beast Statue","Potion Belt","Nunchaku","Coffee Dripper","Necronomicon","Mango","Eternal Feather","Bag of Marbles","Mark of Pain","Matryoshka","Smiling Mask","Pantograph","MawBank","Vajra"],"acts_visited":["Exordium","TheCity","TheBeyond"],"potions_floor_usage":[10,12,12,16,16,16,24,27,29,29,33,48,48,50,50,50],"damage_taken":[{"damage":11,"enemies":"2 Louse","floor":1,"turns":3},{"damage":0,"enemies":"Cultist","floor":4,"turns":3},{"damage":5,"enemies":"Small Slimes","floor":5,"turns":3},{"damage":30,"enemies":"3 Sentries","floor":6,"turns":8},{"damage":23,"enemies":"Gremlin Nob","floor":8,"turns":4},{"damage":5,"enemies":"2 Fungi Beasts","floor":10,"turns":3},{"damage":0,"enemies":"Gremlin Gang","floor":12,"turns":4},{"damage":18,"enemies":"Lagavulin","floor":13,"turns":6},{"damage":0,"enemies":"3 Louse","floor":14,"turns":3},{"damage":29,"enemies":"Hexaghost","floor":16,"turns":15},{"damage":15,"enemies":"2 Thieves","floor":18,"turns":4},{"damage":11,"enemies":"3 Byrds","floor":20,"turns":5},{"damage":11,"enemies":"Book of Stabbing","floor":24,"turns":5},{"damage":3,"enemies":"Cultist and Chosen","floor":27,"turns":4},{"damage":13,"enemies":"Snake Plant","floor":29,"turns":4},{"damage":0,"enemies":"Snecko","floor":31,"turns":2},{"damage":50,"enemies":"Champ","floor":33,"turns":11},{"damage":0,"enemies":"3 Darklings","floor":35,"turns":1},{"damage":11,"enemies":"3 Shapes","floor":36,"turns":5},{"damage":0,"enemies":"Sphere and 2 Shapes","floor":41,"turns":2},{"damage":33,"enemies":"Nemesis","floor":44,"turns":5},{"damage":17,"enemies":"Spire Growth","floor":45,"turns":4},{"damage":0,"enemies":"Giant Head","floor":46,"turns":6},{"damage":9,"enemies":"Reptomancer","floor":48,"turns":7},{"damage":120,"enemies":"Awakened One","floor":50,"turns":14}],"seed_played":"-4976221947808793002","potions_obtained":[{"floor":1,"key":"SkillPotion"},{"floor":6,"key":"Energy Potion"},{"floor":10,"key":"EssenceOfSteel"},{"floor":12,"key":"LiquidMemories"},{"floor":13,"key":"Dexterity Potion"},{"floor":14,"key":"SpeedPotion"},{"floor":16,"key":"FairyPotion"},{"floor":18,"key":"LiquidMemories"},{"floor":20,"key":"DuplicationPotion"},{"floor":24,"key":"Weak Potion"},{"floor":27,"key":"ColorlessPotion"},{"floor":29,"key":"DuplicationPotion"},{"floor":31,"key":"SkillPotion"},{"floor":33,"key":"PowerPotion"},{"floor":35,"key":"DistilledChaos"},{"floor":36,"key":"SteroidPotion"},{"floor":41,"key":"PowerPotion"},{"floor":45,"key":"Weak Potion"},{"floor":48,"key":"DuplicationPotion"}],"is_trial":false,"path_per_floor":["M","?","$","M","M","E","R","E","T","M","$","M","E","M","R","B",null,"M","$","M","?","?","R","E","R","T","M","$","M","R","M","R","B",null,"M","M","?","$","?","R","M","R","T","E","M","E","R","E","R","B",null],"character_chosen":"IRONCLAD","items_purchased":["Evolve","Carnage","Sentinel","Havoc","Matryoshka"],"campfire_rested":1,"item_purchase_floors":[11,11,19,19,38],"current_hp_per_floor":[51,51,51,57,58,34,34,17,17,18,18,24,12,18,42,19,80,71,71,66,50,64,64,59,71,71,74,74,67,82,88,94,50,94,94,89,89,89,89,94,94,94,94,67,56,62,80,77,94,14],"gold":188,"neow_bonus":"ONE_RARE_RELIC","is_daily":false,"chose_seed":false,"campfire_upgraded":8,"win_rate":0.0,"timestamp":1612524571,"path_taken":["M","?","$","M","?","E","R","E","T","M","$","M","E","M","R","BOSS","M","$","M","?","?","R","E","R","T","M","$","M","R","?","R","BOSS","M","M","?","$","?","R","M","R","T","E","?","E","R","E","R","BOSS"],"items_purchased_type":["Card","Card","Card","Card","Relic"],"build_version":"2020-12-22","purchased_purges":2,"victory":true,"max_hp_per_floor":[80,80,80,80,80,80,80,80,80,80,80,80,80,80,80,80,80,80,80,80,80,94,94,94,94,94,94,94,94,94,94,94,94,94,94,94,94,94,94,94,94,94,94,94,94,94,94,94,94,94],"card_choices":[{"not_picked":["Cleave","Shrug It Off"],"picked":"Intimidate","floor":1},{"not_picked":["Havoc","Clash"],"picked":"Perfected Strike","floor":4},{"not_picked":["Heavy Blade","Brutality"],"picked":"Reckless Charge","floor":5},{"not_picked":["Infernal Blade","Rupture"],"picked":"Burning Pact","floor":6},{"not_picked":["Pummel","Iron Wave"],"picked":"Metallicize","floor":8},{"not_picked":["Clash","Havoc"],"picked":"True Grit","floor":10},{"not_picked":["Inflame","Entrench"],"picked":"Shrug It Off","floor":12},{"not_picked":["Hemokinesis","Headbutt"],"picked":"Sentinel","floor":13},{"not_picked":["Dual Wield","Wild Strike"],"picked":"Feel No Pain","floor":14},{"not_picked":["Limit Break","Exhume"],"picked":"Immolate","floor":16},{"not_picked":["Uppercut","Evolve","Twin Strike+1"],"picked":"SKIP","floor":18},{"not_picked":["Thunderclap","Whirlwind"],"picked":"Battle Trance+1","floor":20},{"not_picked":["Iron Wave+1","Clothesline"],"picked":"Dark Embrace+1","floor":24},{"not_picked":["Metallicize","Dual Wield"],"picked":"Evolve+1","floor":27},{"not_picked":["Combust+1","Blood for Blood+1"],"picked":"Ghostly Armor","floor":29},{"not_picked":["Wild Strike","Carnage"],"picked":"Power Through","floor":31},{"not_picked":["Juggernaut","Immolate"],"picked":"Fiend Fire","floor":33},{"not_picked":["Whirlwind+1","Perfected Strike"],"picked":"Ghostly Armor+1","floor":35},{"not_picked":["Rampage","Headbutt"],"picked":"Sentinel","floor":36},{"not_picked":["Thunderclap","Whirlwind","Perfected Strike"],"picked":"SKIP","floor":41},{"not_picked":["True Grit","Infernal Blade+1"],"picked":"Wild Strike+1","floor":44},{"not_picked":["Sever Soul+1","Wild Strike+1","Flame Barrier"],"picked":"SKIP","floor":45},{"not_picked":["Sever Soul+1","Wild Strike+1","Flame Barrier"],"picked":"SKIP","floor":45},{"not_picked":["Clothesline+1","Reaper","Iron Wave"],"picked":"SKIP","floor":46},{"not_picked":["Clothesline+1","Feed"],"picked":"True Grit","floor":48}],"player_experience":103261,"relics_obtained":[{"floor":6,"key":"Red Skull"},{"floor":8,"key":"White Beast Statue"},{"floor":9,"key":"Potion Belt"},{"floor":13,"key":"Nunchaku"},{"floor":21,"key":"Necronomicon"},{"floor":24,"key":"Eternal Feather"},{"floor":26,"key":"Bag of Marbles"},{"floor":43,"key":"Smiling Mask"},{"floor":44,"key":"Pantograph"},{"floor":46,"key":"MawBank"},{"floor":48,"key":"Vajra"}],"event_choices":[{"cards_removed":["Defend_R"],"damage_healed":0,"gold_gain":0,"player_choice":"Offered Basic","damage_taken":0,"max_hp_gain":0,"max_hp_loss":0,"event_name":"Bonfire Elementals","floor":2,"gold_loss":0},{"damage_healed":0,"gold_gain":0,"player_choice":"Obtained Book","damage_taken":16,"max_hp_gain":0,"max_hp_loss":0,"event_name":"Cursed Tome","floor":21,"gold_loss":0},{"cards_removed":["Sentinel"],"damage_healed":0,"gold_gain":0,"player_choice":"Gave Card","damage_taken":0,"relics_obtained":["Mango"],"max_hp_gain":0,"max_hp_loss":0,"event_name":"WeMeetAgain","floor":22,"gold_loss":0},{"damage_healed":0,"gold_gain":0,"player_choice":"Ignored","damage_taken":0,"max_hp_gain":0,"max_hp_loss":0,"event_name":"Tomb of Lord Red Mask","floor":37,"gold_loss":0},{"damage_healed":0,"gold_gain":0,"cards_transformed":["Strike_R"],"player_choice":"Transformed","damage_taken":0,"max_hp_gain":0,"max_hp_loss":0,"event_name":"Transmorgrifier","floor":39,"gold_loss":0,"cards_obtained":["Corruption"]}],"is_beta":false,"boss_relics":[{"not_picked":["Sozu","Runic Cube"],"picked":"Coffee Dripper"},{"not_picked":["Velvet Choker","Fusion Hammer"],"picked":"Mark of Pain"}],"items_purged_floors":[3,19],"is_endless":false,"potions_floor_spawned":[1,6,10,12,13,14,16,18,20,24,27,29,31,33,35,36,41,44,45,46,48],"ascension_level":1}}