{"host":"3utruza25chulvet","time":1612528750,"event":{"mods":["2.2 Compatiblity","BaseMod","Colored Map","Colored Powertips","Duelist Mod","Infinite Spire","Minty Spire (QoL Compilation)","Quick Restart","StSLib","SuperFastMode"],"gold_per_floor":[109,123,140,65,45,45,64,64,64,90,104,139,152,169,169,69,79,79,79,79,96,96,114,131,6,16,29,54,64,64,64,89,99,99,99,134,134,243,243,264,280,380,396,410,410,431,467,467,490,503,538,560,560,573,573,581],"floor_reached":57,"language":"ENG","playtime":1786,"items_purged":["Defend_B","Strike_B","Strike_B"],"score":996,"play_id":"ba812fbf-5ea5-4ae3-b559-311e07fb4a9d","local_time":"20210205063910","is_ascension_mode":true,"campfire_choices":[{"data":"Zap","floor":6,"key":"SMITH"},{"data":"Electrodynamics","floor":15,"key":"SMITH"},{"data":"Fission","floor":18,"key":"SMITH"},{"data":"Defragment","floor":30,"key":"SMITH"},{"data":"Glacier","floor":34,"key":"SMITH"},{"data":"Reboot","floor":37,"key":"SMITH"},{"data":"Defend_B","floor":45,"key":"SMITH"},{"data":"Biased Cognition","floor":48,"key":"SMITH"},{"data":"Dualcast","floor":53,"key":"SMITH"},{"data":"Loop","floor":55,"key":"SMITH"}],"circlet_count":0,"master_deck":["Strike_B","Strike_B","Defend_B+1","Defend_B","Defend_B","Zap+1","Dualcast+1","Cold Snap","Cold Snap","Glacier+1","Coolheaded","Electrodynamics+1","Fission+1","Steam","Self Repair","Ball Lightning","Reboot+1","Ball Lightning+1","Fission+1","Defragment+1","Loop+1","Self Repair","Go for the Eyes","Defragment+1","Ball Lightning","Biased Cognition+1","Steam","Consume+1","Beam Cell+1","Gash+1","Beam Cell+1"],"relics":["Cracked Core","NeowsBlessing","infinitespire:CheckeredPen","Lantern","Unceasing Top","Black Star","Bottled Lightning","Sundial","Du-Vu Doll","Anchor","Emotion Chip","infinitespire:Midas Blood","Bottled Flame","Matryoshka","Inserter","Cables","Bag of Preparation","infinitespire:Freezer","infinitespire:Lucky Rock","DataDisk","infinitespire:PuzzleCube"],"acts_visited":["Exordium","TheCity","TheBeyond"],"potions_floor_usage":[43,46,50,54],"damage_taken":[{"damage":0,"enemies":"Cultist","floor":1,"turns":1},{"damage":0,"enemies":"2 Louse","floor":2,"turns":1},{"damage":0,"enemies":"Jaw Worm","floor":3,"turns":1},{"damage":0,"enemies":"Exordium Thugs","floor":5,"turns":4},{"damage":15,"enemies":"Exordium Wildlife","floor":7,"turns":6},{"damage":9,"enemies":"3 Sentries","floor":10,"turns":3},{"damage":0,"enemies":"Gremlin Gang","floor":11,"turns":2},{"damage":11,"enemies":"Gremlin Nob","floor":12,"turns":4},{"damage":0,"enemies":"Large Slime","floor":13,"turns":2},{"damage":20,"enemies":"3 Louse","floor":14,"turns":3},{"damage":0,"enemies":"2 Fungi Beasts","floor":17,"turns":1},{"damage":22,"enemies":"Hexaghost","floor":19,"turns":11},{"damage":10,"enemies":"Shell Parasite","floor":21,"turns":4},{"damage":0,"enemies":"Chosen","floor":23,"turns":3},{"damage":18,"enemies":"Centurion and Healer","floor":24,"turns":4},{"damage":0,"enemies":"Cultist and Chosen","floor":26,"turns":3},{"damage":13,"enemies":"Snecko","floor":27,"turns":4},{"damage":16,"enemies":"Slavers","floor":28,"turns":2},{"damage":30,"enemies":"Shelled Parasite and Fungi","floor":29,"turns":5},{"damage":0,"enemies":"theDuelist:KaibaA2","floor":32,"turns":1},{"damage":6,"enemies":"Chosen and Byrds","floor":33,"turns":6},{"damage":0,"enemies":"Gremlin Leader","floor":36,"turns":4},{"damage":31,"enemies":"Automaton","floor":38,"turns":10},{"damage":1,"enemies":"3 Darklings","floor":40,"turns":2},{"damage":5,"enemies":"3 Shapes","floor":41,"turns":4},{"damage":7,"enemies":"Jaw Worm Horde","floor":43,"turns":2},{"damage":0,"enemies":"4 Shapes","floor":44,"turns":2},{"damage":11,"enemies":"Writhing Mass","floor":46,"turns":4},{"damage":14,"enemies":"Giant Head","floor":47,"turns":7},{"damage":8,"enemies":"Maw","floor":50,"turns":6},{"damage":12,"enemies":"Nemesis","floor":51,"turns":5},{"damage":11,"enemies":"Jaw Worm Horde","floor":52,"turns":4},{"damage":13,"enemies":"4 Shapes","floor":54,"turns":3},{"damage":26,"enemies":"Awakened One","floor":56,"turns":10}],"seed_played":"-9206788424006518101","potions_obtained":[{"floor":1,"key":"LiquidBronze"},{"floor":5,"key":"Explosive Potion"},{"floor":8,"key":"DuplicationPotion"},{"floor":12,"key":"Energy Potion"},{"floor":40,"key":"Block Potion"},{"floor":43,"key":"LiquidBronze"},{"floor":44,"key":"DuplicationPotion"},{"floor":47,"key":"PowerPotion"},{"floor":52,"key":"AttackPotion"}],"is_trial":false,"path_per_floor":["M","M","M","$","M","R","M","?","T","E","M","E","M","M","R","$","M","R","B",null,"M","?","M","M","$","M","M","E","M","R","T","E","M","R","T","E","R","B",null,"M","M","?","M","M","R","M","E","R","T","M","E","M","R","M","R","B",null],"character_chosen":"DEFECT","items_purchased":[],"campfire_rested":0,"item_purchase_floors":[],"current_hp_per_floor":[75,75,75,75,75,75,60,60,60,51,51,40,40,27,27,27,34,34,19,75,72,72,72,61,61,68,62,53,37,37,37,44,52,52,52,59,59,42,75,75,75,75,75,75,75,75,75,75,75,75,75,75,75,69,69,57],"gold":581,"neow_bonus":"THREE_ENEMY_KILL","is_daily":false,"chose_seed":false,"campfire_upgraded":10,"win_rate":0.0,"timestamp":1612528750,"path_taken":["M","M","M","?","M","R","?","?","T","E","?","E","M","M","R","?","M","R","BOSS","M","?","M","M","?","M","M","E","M","R","T","E","M","R","?","E","R","BOSS","M","M","?","M","?","R","M","E","R","T","M","E","M","R","M","R","BOSS"],"items_purchased_type":[],"build_version":"2020-12-22","purchased_purges":3,"victory":true,"max_hp_per_floor":[75,75,75,75,75,75,75,75,75,75,75,75,75,75,75,75,75,75,75,75,75,75,75,75,75,75,75,75,75,75,75,75,75,75,75,75,75,75,75,75,75,75,75,75,75,75,75,75,75,75,75,75,75,75,75,75],"card_choices":[{"not_picked":["Rebound","Conserve Battery"],"picked":"Cold Snap","floor":1},{"not_picked":["FTL","Barrage"],"picked":"Cold Snap","floor":2},{"not_picked":["Streamline","Hologram"],"picked":"Glacier","floor":3},{"not_picked":["Conserve Battery","Rip and Tear"],"picked":"Coolheaded","floor":5},{"not_picked":["FTL","Ball Lightning"],"picked":"Electrodynamics","floor":7},{"not_picked":["Rebound","Cold Snap"],"picked":"Fission","floor":10},{"not_picked":["Leap","Conserve Battery"],"picked":"Steam","floor":11},{"not_picked":["Genetic Algorithm","Hologram"],"picked":"Self Repair","floor":12},{"not_picked":["Heatsinks","Hologram"],"picked":"Ball Lightning","floor":13},{"not_picked":["Force Field","Coolheaded","Doom and Gloom"],"picked":"SKIP","floor":14},{"not_picked":["Scrape","Doom and Gloom","Redo"],"picked":"SKIP","floor":17},{"not_picked":["Hyperbeam","Machine Learning"],"picked":"Reboot","floor":19},{"not_picked":["Compile Driver","Coolheaded"],"picked":"Ball Lightning+1","floor":21},{"not_picked":["Turbo","Reprogram","Static Discharge+1"],"picked":"SKIP","floor":23},{"not_picked":["Static Discharge","Echo Form"],"picked":"Defragment","floor":24},{"not_picked":["Lockon","Reprogram"],"picked":"Loop","floor":26},{"not_picked":["Steam Power","Redo"],"picked":"Self Repair","floor":27},{"not_picked":["Hologram","Barrage+1","Streamline"],"picked":"SKIP","floor":28},{"not_picked":["Chaos","Fusion"],"picked":"Go for the Eyes","floor":29},{"not_picked":["Chill+1","Core Surge"],"picked":"Defragment+1","floor":32},{"not_picked":["Reprogram","Barrage","Streamline"],"picked":"SKIP","floor":33},{"not_picked":["Cold Snap","Streamline"],"picked":"Ball Lightning","floor":36},{"not_picked":["Rainbow","Seek"],"picked":"Biased Cognition","floor":38},{"not_picked":["Streamline","Sunder"],"picked":"Steam","floor":40},{"not_picked":["Ball Lightning+1","Streamline"],"picked":"Consume+1","floor":41},{"not_picked":["Redo+1","Coolheaded+1","FTL"],"picked":"SKIP","floor":43},{"not_picked":["Steam","Barrage","Turbo"],"picked":"SKIP","floor":44},{"not_picked":["Redo+1","Chill","Tempest"],"picked":"SKIP","floor":46},{"not_picked":["Reprogram+1","Lockon"],"picked":"Beam Cell+1","floor":47},{"not_picked":["Storm+1","Redo+1","Lockon+1"],"picked":"SKIP","floor":50},{"not_picked":["Streamline+1","Fission"],"picked":"Gash+1","floor":51},{"not_picked":["Go for the Eyes+1","Hologram"],"picked":"Beam Cell+1","floor":52},{"not_picked":["Ball Lightning","Cold Snap+1","Sweeping Beam+1"],"picked":"SKIP","floor":54}],"player_experience":218952,"relics_obtained":[{"floor":9,"key":"infinitespire:CheckeredPen"},{"floor":10,"key":"Lantern"},{"floor":12,"key":"Unceasing Top"},{"floor":28,"key":"Bottled Lightning"},{"floor":28,"key":"Sundial"},{"floor":31,"key":"Du-Vu Doll"},{"floor":32,"key":"Anchor"},{"floor":32,"key":"Emotion Chip"},{"floor":35,"key":"infinitespire:Midas Blood"},{"floor":36,"key":"Bottled Flame"},{"floor":36,"key":"Matryoshka"},{"floor":47,"key":"Cables"},{"floor":47,"key":"Bag of Preparation"},{"floor":49,"key":"infinitespire:Freezer"},{"floor":49,"key":"infinitespire:Lucky Rock"},{"floor":51,"key":"DataDisk"},{"floor":51,"key":"infinitespire:PuzzleCube"}],"event_choices":[{"damage_healed":0,"gold_gain":0,"player_choice":"Got Potions","damage_taken":0,"max_hp_gain":0,"max_hp_loss":0,"event_name":"Lab","floor":8,"gold_loss":0},{"damage_healed":0,"gold_gain":0,"player_choice":"Copied","damage_taken":0,"max_hp_gain":0,"max_hp_loss":0,"event_name":"Duplicator","floor":22,"gold_loss":0,"cards_obtained":["Fission"]},{"damage_healed":0,"gold_gain":100,"player_choice":"Pray","damage_taken":0,"max_hp_gain":0,"max_hp_loss":0,"event_name":"Golden Shrine","floor":42,"gold_loss":0}],"is_beta":false,"boss_relics":[{"not_picked":["Snecko Eye","Fusion Hammer"],"picked":"Black Star"},{"not_picked":["Runic Dome","SlaversCollar"],"picked":"Inserter"}],"items_purged_floors":[4,16,25],"is_endless":false,"potions_floor_spawned":[1,5,12,14,17,23,26,29,33,36,40,43,44,47,52],"ascension_level":3}}