{"host":"t1puqh5lxz8sp6fn","time":1612552610,"event":{"mods":["AchievementEnabler","BaseMod","Colored Powertips","Minty Spire (QoL Compilation)","Rare Cards Sparkle","Relic Stats","StSLib"],"gold_per_floor":[119,172,184,204,1,30,30,55,55,13,13,27,44,44,44,44,44],"floor_reached":16,"playtime":515,"items_purged":["Injury"],"score":182,"play_id":"0946b239-b0c2-44ca-8aee-66fca00a2ec8","local_time":"20210205161650","is_ascension_mode":true,"campfire_choices":[{"data":"Inflame","floor":15.0,"key":"SMITH"}],"circlet_count":0,"master_deck":["AscendersBane","Strike_R","Strike_R","Strike_R","Strike_R","Strike_R","Defend_R","Defend_R","Defend_R","Defend_R","Bash","Carnage","Sword Boomerang","Inflame+1","Cleave","Feel No Pain","Pommel Strike","Flex","Shrug It Off+1","Thunderclap"],"relics":["Burning Blood","Shovel","Anchor","The Courier","Thread and Needle","Toxic Egg 2","SsserpentHead"],"acts_visited":["Exordium"],"potions_floor_usage":[16],"damage_taken":[{"damage":14.0,"enemies":"Small Slimes","floor":1.0,"turns":4.0},{"damage":2.0,"enemies":"2 Louse","floor":3.0,"turns":3.0},{"damage":6.0,"enemies":"Cultist","floor":4.0,"turns":3.0},{"damage":29.0,"enemies":"3 Sentries","floor":6.0,"turns":9.0},{"damage":35.0,"enemies":"Lagavulin","floor":8.0,"turns":7.0},{"damage":0.0,"enemies":"Blue Slaver","floor":12.0,"turns":2.0},{"damage":0.0,"enemies":"Exordium Thugs","floor":13.0,"turns":4.0},{"damage":61,"enemies":"Hexaghost","floor":16,"turns":9}],"seed_played":"5236140217417862886","potions_obtained":[{"floor":3.0,"key":"Regen Potion"},{"floor":4.0,"key":"AttackPotion"},{"floor":12.0,"key":"Regen Potion"}],"is_trial":false,"path_per_floor":["M","?","M","M","$","E","?","E","T","$","?","M","M","?","R","B"],"character_chosen":"IRONCLAD","items_purchased":["Cleave","Feel No Pain","Shrug It Off+1"],"campfire_rested":0,"item_purchase_floors":[5,5,10],"current_hp_per_floor":[64,64,68,68,68,45,45,31,31,31,31,37,43,43,43,0,0],"gold":44,"neow_bonus":"ONE_RARE_RELIC","is_daily":false,"chose_seed":false,"campfire_upgraded":1,"win_rate":0.0,"timestamp":1612552610,"path_taken":["M","?","M","M","$","E","?","E","T","$","?","M","?","?","R","BOSS"],"items_purchased_type":["Card","Card","Card"],"build_version":"2020-12-13","purchased_purges":1,"victory":false,"max_hp_per_floor":[80,80,80,80,80,80,80,80,80,80,80,80,80,80,80,80,80],"relic_stats":{"SsserpentHead":0,"Shovel":0,"counters":[8,41],"obtain_stats":[{"SsserpentHead":14,"Anchor":6,"Shovel":0,"Thread and Needle":8,"The Courier":7,"Toxic Egg 2":9,"Burning Blood":0},{"SsserpentHead":7,"Anchor":4,"Shovel":0,"Thread and Needle":5,"The Courier":4,"Toxic Egg 2":5,"Burning Blood":0},{"SsserpentHead":32,"Anchor":19,"Shovel":0,"Thread and Needle":26,"The Courier":19,"Toxic Egg 2":26,"Burning Blood":0}],"Burning Blood":42},"card_choices":[{"not_picked":["Burning Pact","Rampage"],"picked":"Carnage","floor":1.0},{"not_picked":["Havoc","Heavy Blade"],"picked":"Sword Boomerang","floor":3.0},{"not_picked":["True Grit","Flex"],"picked":"Inflame","floor":4.0},{"not_picked":["Perfected Strike","Rupture"],"picked":"Pommel Strike","floor":6.0},{"not_picked":["Pommel Strike","Exhume"],"picked":"Flex","floor":8.0},{"not_picked":["Flex+1","Combust","Fire Breathing"],"picked":"SKIP","floor":12.0},{"not_picked":["Carnage","Pummel"],"picked":"Thunderclap","floor":13.0}],"player_experience":474093,"relics_obtained":[{"floor":6.0,"key":"Anchor"},{"floor":8.0,"key":"Thread and Needle"},{"floor":9.0,"key":"Toxic Egg 2"}],"event_choices":[{"damage_healed":0.0,"max_hp_gain":0.0,"max_hp_loss":0.0,"gold_gain":53.0,"event_name":"Golden Wing","player_choice":"Gained Gold","floor":2.0,"gold_loss":0.0,"damage_taken":0.0},{"damage_healed":0.0,"max_hp_gain":0.0,"max_hp_loss":0.0,"gold_gain":0.0,"event_name":"Dead Adventurer","player_choice":"Searched \u00272\u0027 times","floor":7.0,"gold_loss":0.0,"damage_taken":0.0,"relics_obtained":["The Courier"]},{"damage_healed":0.0,"max_hp_gain":0.0,"max_hp_loss":0.0,"gold_gain":0.0,"event_name":"Match and Keep!","player_choice":"0 cards matched","floor":11.0,"gold_loss":0.0,"damage_taken":0.0,"cards_obtained":[]},{"damage_healed":0.0,"max_hp_gain":0.0,"max_hp_loss":0.0,"gold_gain":0.0,"event_name":"FaceTrader","player_choice":"Trade","floor":14.0,"gold_loss":0.0,"damage_taken":0.0,"relics_obtained":["SsserpentHead"]}],"is_beta":false,"boss_relics":[],"items_purged_floors":[5],"is_endless":false,"potions_floor_spawned":[3,4,12],"killed_by":"Hexaghost","ascension_level":13}}