{"host":"rx3fqeecbcmic2ko","time":1612553692,"event":{"mods":["BaseMod","Better Sensory Stone","Disable Question Mark Monsters","Energized Spire","Hyrulean Relics","Minty Spire (QoL Compilation)","Quick Restart","Relic Filter","Small Relic Pack","StSLib","The Bug Knight","The Wild Card"],"gold_per_floor":[111,111,111,111,186,186,186,186,186,199,214,246,261,281,281,379,379,394,244,244,170,170,170,196,196,196,223,138,163,179,179,179],"floor_reached":31,"language":"ENG","playtime":905,"items_purged":["Pain"],"score":294,"play_id":"8e167d30-b3f9-4dfa-8886-178f44e45175","local_time":"20210205143452","is_ascension_mode":false,"campfire_choices":[{"data":"Bash","floor":6.0,"key":"SMITH"},{"data":"Strike_R","floor":8,"key":"SMITH"},{"floor":15,"key":"REST"},{"floor":23,"key":"REST"},{"floor":25,"key":"REST"}],"circlet_count":0,"master_deck":["Strike_R+1","Strike_R","Strike_R","Strike_R","Defend_R","Defend_R","Defend_R","Defend_R","Bash+1","Heavy Blade+1","Flex","Feed","Sword Boomerang","Rupture+1","Rampage","Whirlwind","theWildCard:Lucifer","LessonLearned","Barricade","Reaper","Anger+1","Sword Boomerang+1"],"relics":["Philosopher\u0027s Stone","WarpedTongs","Art of War","Bronze Scales","Calling Bell","Omamori","Kunai","WingedGreaves","relicPack:EdsArm","Prayer Wheel","Question Card","Toy Ornithopter","Smiling Mask","Potion Belt"],"acts_visited":["TheCity"],"potions_floor_usage":[16,16,24,30],"damage_taken":[{"damage":0.0,"enemies":"2 Louse","floor":1.0,"turns":3.0},{"damage":3,"enemies":"Small Slimes","floor":10,"turns":3},{"damage":3,"enemies":"Cultist","floor":11,"turns":2},{"damage":3,"enemies":"Gremlin Nob","floor":12,"turns":2},{"damage":10,"enemies":"3 Louse","floor":13,"turns":3},{"damage":18,"enemies":"Exordium Thugs","floor":14,"turns":3},{"damage":27,"enemies":"Slime Boss","floor":16,"turns":7},{"damage":32,"enemies":"Shell Parasite","floor":18,"turns":5},{"damage":57,"enemies":"Book of Stabbing","floor":24,"turns":5},{"damage":31,"enemies":"HollowMod:Nosk","floor":27,"turns":6},{"damage":6,"enemies":"Spheric Guardian","floor":30,"turns":3},{"damage":22,"enemies":"Snecko","floor":31,"turns":3}],"seed_played":"3852878784743750838","potions_obtained":[{"floor":10,"key":"EssenceOfSteel"},{"floor":11,"key":"Ancient Potion"},{"floor":13,"key":"Explosive Potion"},{"floor":18,"key":"Weak Potion"},{"floor":27,"key":"SteroidPotion"}],"is_trial":false,"path_per_floor":["M","?","?","?","?","R","?","R","T","M","M","E","M","M","R","B",null,"M","$","?","$","?","R","E","R","T","E","?","T","M","M"],"character_chosen":"IRONCLAD","items_purchased":["Rampage","Whirlwind"],"campfire_rested":3,"item_purchase_floors":[19,21],"current_hp_per_floor":[80,80,80,85,74,74,74,74,74,71,68,65,58,43,70,43,91,59,59,47,47,47,72,19,46,46,15,15,15,14,0,0],"gold":179,"neow_bonus":"BOSS_RELIC","is_daily":false,"chose_seed":false,"campfire_upgraded":2,"win_rate":0.0,"timestamp":1612553692,"path_taken":["M","?","?","?","?","R","?","R","T","M","?","E","M","M","R","BOSS","M","$","?","?","?","R","E","R","T","E","?","?","?","M"],"items_purchased_type":["Card","Card"],"build_version":"2020-12-22","purchased_purges":1,"victory":false,"max_hp_per_floor":[80,80,80,85,85,85,85,85,85,85,85,85,88,91,91,91,91,91,91,91,91,86,86,90,90,90,90,90,90,90,90,90],"card_choices":[{"not_picked":["Headbutt","True Grit"],"picked":"Heavy Blade","floor":1.0},{"not_picked":["Clash","Carnage"],"picked":"Fire Breathing","floor":10},{"not_picked":["Battle Trance","Sever Soul"],"picked":"Flex","floor":11},{"not_picked":["Cleave","Limit Break"],"picked":"Feed","floor":12},{"not_picked":["Heavy Blade","Seeing Red"],"picked":"Warcry","floor":13},{"not_picked":["Second Wind","Twin Strike"],"picked":"Sword Boomerang","floor":14},{"not_picked":["Corruption","Offering"],"picked":"Double Tap","floor":16},{"not_picked":["Feel No Pain","Iron Wave+1"],"picked":"Rupture+1","floor":18},{"not_picked":["Thunderclap","Rupture","Havoc"],"picked":"SKIP","floor":24},{"not_picked":["Sever Soul+1","Clothesline+1","Inflame"],"picked":"Reaper","floor":27},{"not_picked":["Iron Wave+1","Twin Strike+1","Evolve"],"picked":"Anger+1","floor":30},{"not_picked":["Dropkick","Clothesline","Cleave"],"picked":"Sword Boomerang+1","floor":30}],"player_experience":87995,"relics_obtained":[{"floor":9,"key":"Art of War"},{"floor":12,"key":"Bronze Scales"},{"floor":17,"key":"Omamori"},{"floor":17,"key":"Kunai"},{"floor":17,"key":"WingedGreaves"},{"floor":24,"key":"Prayer Wheel"},{"floor":26,"key":"Question Card"},{"floor":27,"key":"Toy Ornithopter"},{"floor":29,"key":"Potion Belt"}],"event_choices":[{"damage_healed":0.0,"max_hp_gain":0.0,"max_hp_loss":0.0,"gold_gain":0.0,"event_name":"Golden Idol","player_choice":"Ignored","floor":2.0,"gold_loss":0.0,"damage_taken":0.0},{"damage_healed":0.0,"max_hp_gain":0.0,"max_hp_loss":0.0,"gold_gain":0.0,"event_name":"Living Wall","player_choice":"Grow","floor":3.0,"gold_loss":0.0,"damage_taken":0.0,"cards_upgraded":["Heavy Blade"]},{"damage_healed":0.0,"max_hp_gain":5.0,"max_hp_loss":0.0,"gold_gain":0.0,"event_name":"Big Fish","player_choice":"Donut","floor":4.0,"gold_loss":0.0,"damage_taken":0.0},{"damage_healed":0.0,"max_hp_gain":0.0,"max_hp_loss":0.0,"gold_gain":75.0,"event_name":"World of Goop","player_choice":"Gather Gold","floor":5.0,"gold_loss":0.0,"damage_taken":11.0},{"damage_healed":0.0,"max_hp_gain":0.0,"max_hp_loss":0.0,"gold_gain":0.0,"event_name":"Accursed Blacksmith","player_choice":"Rummage","floor":7.0,"gold_loss":0.0,"damage_taken":0.0,"relics_obtained":["WarpedTongs"],"cards_obtained":["Pain"]},{"damage_healed":0,"gold_gain":0,"player_choice":"CARD ","damage_taken":12,"max_hp_gain":0,"max_hp_loss":0,"event_name":"Knowing Skull","floor":20,"potions_obtained":[],"gold_loss":0,"cards_obtained":["Purity"]},{"damage_healed":0,"gold_gain":0,"player_choice":"Obtained Relic","damage_taken":0,"relics_obtained":["Smiling Mask"],"max_hp_gain":0,"max_hp_loss":0,"event_name":"Addict","floor":28,"gold_loss":85}],"is_beta":false,"boss_relics":[{"not_picked":["Cursed Key","Sozu"],"picked":"Calling Bell"}],"items_purged_floors":[19],"is_endless":false,"potions_floor_spawned":[10,11,13,18,27],"killed_by":"Snecko","ascension_level":0}}