{"host":"l2onoeb0kdqo1a9y","time":1612485166,"event":{"mods":["AchievementEnabler","BaseMod","Colored Powertips","Highlight Path","Minty Spire (QoL Compilation)","Quick Restart"],"gold_per_floor":[115,65,118,132,11,44,44,44,68,85,116,135,148,167,167,271,271,286,286,385,400,410,438,438,468,468,468,480,405,405,405,405,502,502,516,516,516],"floor_reached":36,"language":"ZHS","playtime":1410,"items_purged":["Strike_R"],"score":487,"play_id":"ec9cc285-c025-480c-9634-7b7b9edad618","local_time":"20210205083246","is_ascension_mode":false,"campfire_choices":[{"floor":15,"key":"RECALL"},{"data":"Feed","floor":24,"key":"SMITH"},{"floor":27,"key":"REST"},{"data":"Armaments","floor":32,"key":"SMITH"}],"circlet_count":0,"master_deck":["Strike_R+1","Strike_R+1","Strike_R+1","Defend_R+1","Defend_R+1","Defend_R+1","Defend_R+1","Bash","Hemokinesis","Battle Trance","Rage","Anger","Armaments+1","Anger","Shrug It Off+1","Armaments+1","Feed+1","Cleave","Reaper"],"relics":["Burning Blood","NeowsBlessing","Lantern","Toxic Egg 2","Bag of Preparation","Busted Crown","Vajra","Mango","Singing Bowl","SlaversCollar"],"acts_visited":["Exordium","TheCity","TheBeyond"],"potions_floor_usage":[16,22,28,28,33,33,33,33,36],"damage_taken":[{"damage":0,"enemies":"Jaw Worm","floor":1,"turns":1},{"damage":0,"enemies":"Small Slimes","floor":4,"turns":1},{"damage":2,"enemies":"Lagavulin","floor":6,"turns":1},{"damage":3,"enemies":"Cultist","floor":10,"turns":3},{"damage":20,"enemies":"3 Sentries","floor":11,"turns":9},{"damage":9,"enemies":"Large Slime","floor":12,"turns":4},{"damage":4,"enemies":"2 Fungi Beasts","floor":13,"turns":3},{"damage":2,"enemies":"3 Louse","floor":14,"turns":2},{"damage":28,"enemies":"Hexaghost","floor":16,"turns":10},{"damage":11,"enemies":"Shell Parasite","floor":18,"turns":8},{"damage":14,"enemies":"2 Thieves","floor":21,"turns":4},{"damage":17,"enemies":"Cultist and Chosen","floor":22,"turns":7},{"damage":22,"enemies":"Gremlin Leader","floor":23,"turns":9},{"damage":35,"enemies":"Book of Stabbing","floor":25,"turns":6},{"damage":13,"enemies":"Centurion and Healer","floor":28,"turns":6},{"damage":3,"enemies":"Colosseum Slavers","floor":30,"turns":4},{"damage":35,"enemies":"Collector","floor":33,"turns":8},{"damage":37,"enemies":"3 Darklings","floor":35,"turns":8},{"damage":119,"enemies":"2 Orb Walkers","floor":36,"turns":6}],"seed_played":"8612487833759945100","potions_obtained":[{"floor":6,"key":"Energy Potion"},{"floor":11,"key":"DuplicationPotion"},{"floor":12,"key":"Weak Potion"},{"floor":14,"key":"Energy Potion"},{"floor":16,"key":"Regen Potion"},{"floor":25,"key":"Energy Potion"},{"floor":28,"key":"EntropicBrew"},{"floor":35,"key":"Energy Potion"}],"is_trial":false,"path_per_floor":["M","?","?","M","$","E","$","T","T","M","E","M","M","M","R","B",null,"M","?","?","M","M","E","R","E","T","R","M","$","?","?","R","B",null,"M","?"],"character_chosen":"IRONCLAD","items_purchased":["Rage","Anger"],"campfire_rested":1,"item_purchase_floors":[5,5],"current_hp_per_floor":[80,80,80,80,80,80,80,80,80,80,66,63,65,69,69,47,80,78,62,62,54,58,42,42,31,31,62,55,55,68,68,68,51,108,89,0,0],"gold":516,"neow_bonus":"THREE_ENEMY_KILL","is_daily":false,"chose_seed":false,"campfire_upgraded":2,"win_rate":0.0,"timestamp":1612485166,"path_taken":["M","?","?","M","?","E","$","?","T","M","E","?","M","M","R","BOSS","M","?","?","?","?","E","R","E","T","R","M","$","?","?","R","BOSS","M","?"],"items_purchased_type":["Card","Card"],"build_version":"2020-12-22","purchased_purges":1,"victory":false,"max_hp_per_floor":[80,80,80,80,80,80,80,80,80,80,80,80,80,80,80,80,80,83,88,88,88,88,88,88,106,106,106,106,106,106,106,106,108,108,110,110,110],"card_choices":[{"not_picked":["Clothesline","Havoc"],"picked":"Hemokinesis","floor":1},{"not_picked":["Flame Barrier","Shrug It Off"],"picked":"Battle Trance","floor":4},{"not_picked":["Reckless Charge","Double Tap"],"picked":"Armaments","floor":6},{"not_picked":["Burning Pact+1","Pummel","True Grit+1"],"picked":"SKIP","floor":10},{"not_picked":["True Grit+1","Immolate"],"picked":"Anger","floor":11},{"not_picked":["Whirlwind","Ghostly Armor+1","Disarm+1"],"picked":"SKIP","floor":12},{"not_picked":["Clothesline","Rupture"],"picked":"Shrug It Off+1","floor":13},{"not_picked":["Sword Boomerang","Wild Strike"],"picked":"Armaments+1","floor":14},{"not_picked":["Reaper","Exhume+1"],"picked":"Feed","floor":16},{"not_picked":[],"picked":"Cleave","floor":18},{"not_picked":["Metallicize+1"],"picked":"SKIP","floor":21},{"not_picked":["Burning Pact+1"],"picked":"SKIP","floor":22},{"not_picked":["Armaments+1"],"picked":"SKIP","floor":23},{"not_picked":["Body Slam"],"picked":"SKIP","floor":25},{"not_picked":[],"picked":"Reaper","floor":28},{"not_picked":["Limit Break+1"],"picked":"Singing Bowl","floor":33},{"not_picked":["Rage+1"],"picked":"Singing Bowl","floor":35}],"player_experience":133724,"relics_obtained":[{"floor":6,"key":"Lantern"},{"floor":8,"key":"Toxic Egg 2"},{"floor":11,"key":"Bag of Preparation"},{"floor":23,"key":"Vajra"},{"floor":25,"key":"Mango"},{"floor":26,"key":"Singing Bowl"}],"event_choices":[{"cards_removed":["Strike_R"],"damage_healed":0,"gold_gain":0,"player_choice":"Card Removal","damage_taken":0,"max_hp_gain":0,"max_hp_loss":0,"event_name":"The Cleric","floor":2,"gold_loss":50},{"damage_healed":0,"gold_gain":53,"player_choice":"Gained Gold","damage_taken":0,"max_hp_gain":0,"max_hp_loss":0,"event_name":"Golden Wing","floor":3,"gold_loss":0},{"damage_healed":0,"gold_gain":0,"player_choice":"Shed Blood","damage_taken":21,"max_hp_gain":5,"max_hp_loss":0,"event_name":"Forgotten Altar","floor":19,"gold_loss":0},{"damage_healed":0,"gold_gain":99,"player_choice":"Stole From Cult","damage_taken":0,"max_hp_gain":0,"max_hp_loss":0,"event_name":"Nest","floor":20,"gold_loss":0},{"damage_healed":0,"gold_gain":0,"player_choice":"Fight","damage_taken":0,"max_hp_gain":0,"max_hp_loss":0,"event_name":"Colosseum","floor":30,"gold_loss":0},{"damage_healed":0,"gold_gain":0,"player_choice":"Fled From Nobs","damage_taken":0,"max_hp_gain":0,"max_hp_loss":0,"event_name":"Colosseum","floor":30,"gold_loss":0},{"damage_healed":0,"gold_gain":0,"player_choice":"Simplicity","damage_taken":0,"max_hp_gain":0,"max_hp_loss":0,"event_name":"Back to Basics","floor":31,"gold_loss":0,"cards_upgraded":["Strike_R","Strike_R","Strike_R","Defend_R","Defend_R","Defend_R","Defend_R"]},{"damage_healed":0,"gold_gain":0,"player_choice":"Fight","damage_taken":0,"max_hp_gain":0,"max_hp_loss":0,"event_name":"Mysterious Sphere","floor":36,"gold_loss":0}],"is_beta":false,"boss_relics":[{"not_picked":["Tiny House","Velvet Choker"],"picked":"Busted Crown"},{"not_picked":["Pandora\u0027s Box","Astrolabe"],"picked":"SlaversCollar"}],"items_purged_floors":[29],"is_endless":false,"potions_floor_spawned":[6,11,12,14,16,18,25,28,30,35],"killed_by":"2 Orb Walkers","ascension_level":0}}