{"host":"62ml2u9p5u2np5kb","time":1612528989,"event":{"mods":["BaseMod","Colored Map","Colored Powertips","Friendly Minions","KinomotoSakuraMod(木之本樱)","Koishi","Marisa（F雨　魔理沙）","Minty Spire (QoL Compilation)","MostiFishMod","Quick Restart","Shop Mod","StSLib","Waifu the Spire","WarShipGirlsR/战舰少女R mod","Yakumo Yukari mod","Youmu（魂魄妖梦）","[功能]功能增强和修复MOD"],"gold_per_floor":[11,286,302,316,367,367,367,11,11,27,54,74,44,62,62,62,62],"floor_reached":16,"language":"ZHS","playtime":1240,"items_purged":["Regret"],"score":152,"play_id":"11ba7c27-9656-4875-95ac-c2536abfa67f","local_time":"20210205204309","is_ascension_mode":false,"campfire_choices":[{"data":"ClowCardTheLoop","floor":6,"key":"SMITH"},{"floor":15,"key":"RECALL"}],"circlet_count":0,"master_deck":["SakuraCardTheWatery+","ClowCardTheSword","ClowCardTheSword","ClowCardTheShield","ClowCardTheShield","ClowCardTheShield","ClowCardTheShield","SpellCardSeal","SpellCardRelease","ClowCardTheLoop+1","ClowCardTheSilent","ClowCardTheWood","ClowCardTheSong","ClowCardTheGlow","Decay","ClowCardTheWood","ClowCardTheBig","ClowCardTheVoice","ClowCardTheRain","ClowCardTheVoice","ClowCardTheVoice"],"relics":["KSMOD_SealedBook","KSMOD_SealedWand","DaveBox","Chemical X","SynthV:TestCard","MerchantsRug","Happy Flower"],"acts_visited":["Exordium"],"potions_floor_usage":[4,10,11,11,11,11],"damage_taken":[{"damage":0,"enemies":"2 Louse","floor":1,"turns":5},{"damage":2,"enemies":"Cultist","floor":3,"turns":3},{"damage":0,"enemies":"Small Slimes","floor":4,"turns":3},{"damage":18,"enemies":"Red Slaver","floor":10,"turns":5},{"damage":25,"enemies":"Lagavulin","floor":11,"turns":8},{"damage":12,"enemies":"3 Louse","floor":12,"turns":3},{"damage":12,"enemies":"Blue Slaver","floor":14,"turns":6},{"damage":0,"enemies":"Hexaghost","floor":16,"turns":1}],"seed_played":"-1569917616645856047","potions_obtained":[{"floor":1,"key":"PowerPotion"},{"floor":3,"key":"BlessingOfTheForge"},{"floor":3,"key":"SteroidPotion"},{"floor":4,"key":"Strength Potion"},{"floor":10,"key":"SteroidPotion"},{"floor":11,"key":"Fruit Juice"},{"floor":14,"key":"Strength Potion"},{"floor":14,"key":"LiquidBronze"}],"is_trial":false,"path_per_floor":["M","?","M","M","?","R","?","$","T","M","E","M","?","M","R","B"],"character_chosen":"KINOMOTOSAKURA","items_purchased":["MerchantsRug","ClowCardTheWood","ClowCardTheWatery","ClowCardTheBig"],"campfire_rested":0,"item_purchase_floors":[8,8,8,8],"current_hp_per_floor":[70,70,68,68,68,68,68,68,68,50,30,18,18,6,6,6,6],"gold":62,"neow_bonus":"TRANSFORM_TWO_CARDS","is_daily":false,"chose_seed":false,"campfire_upgraded":1,"win_rate":0.0,"timestamp":1612528989,"path_taken":["M","?","?","M","?","R","?","$","T","M","E","?","?","M","R","BOSS"],"items_purchased_type":["Relic","Card","Card","Card"],"build_version":"2020-12-22","purchased_purges":1,"victory":false,"max_hp_per_floor":[70,70,70,70,70,70,70,70,70,70,75,75,75,75,75,75,75],"card_choices":[{"not_picked":["ClowCardTheSleep","ClowCardTheIllusion"],"picked":"ClowCardTheWood","floor":1},{"not_picked":["ClowCardTheFloat","ClowCardTheDream","ClowCardTheIllusion","ClowCardTheFirey"],"picked":"ClowCardTheSong","floor":3},{"not_picked":["ClowCardTheDream","ClowCardTheLock","ClowCardTheChange","ClowCardTheRain"],"picked":"ClowCardTheGlow","floor":4},{"not_picked":["ClowCardTheIllusion","ClowCardTheMirror","ClowCardTheBig","ClowCardTheCloud"],"picked":"ClowCardTheVoice","floor":10},{"not_picked":["ClowCardTheDark","ClowCardTheWindy","ClowCardTheLibra","ClowCardTheSleep"],"picked":"ClowCardTheRain","floor":11},{"not_picked":["ClowCardTheRain","ClowCardTheMove","ClowCardThePower","ClowCardTheSilent"],"picked":"ClowCardTheVoice","floor":12},{"not_picked":["ClowCardTheWindy","ClowCardTheChange","ClowCardThePower","ClowCardTheIllusion"],"picked":"ClowCardTheVoice","floor":14}],"player_experience":59246,"relics_obtained":[{"floor":1,"key":"SynthV:TestCard"},{"floor":11,"key":"Happy Flower"}],"event_choices":[{"damage_healed":0,"gold_gain":275,"player_choice":"Desecrate","damage_taken":0,"max_hp_gain":0,"max_hp_loss":0,"event_name":"Golden Shrine","floor":2,"gold_loss":0,"cards_obtained":["Regret"]},{"damage_healed":0,"gold_gain":51,"player_choice":"Gained Gold","damage_taken":0,"max_hp_gain":0,"max_hp_loss":0,"event_name":"Golden Wing","floor":5,"gold_loss":0},{"damage_healed":0,"gold_gain":0,"player_choice":"Cursed","damage_taken":0,"max_hp_gain":0,"max_hp_loss":0,"event_name":"Wheel of Change","floor":7,"gold_loss":0,"cards_obtained":["Decay"]}],"is_beta":false,"boss_relics":[],"items_purged_floors":[8],"is_endless":false,"potions_floor_spawned":[1,3,3,4,10,10,11,14,14],"killed_by":"Hexaghost","ascension_level":0}}