{"host":"fuszjwm6fqgjjp4d","time":1612512873,"event":{"mods":["BaseMod","Bestiary","Colored Map","Minty Spire (QoL Compilation)","Permanent Neow","Relic Sorter","Relic Stats","StSLib"],"gold_per_floor":[118,131,142,153,228,254,254,283,283,297,314,349,349,368,368,442,442,458,193,193,193],"floor_reached":20,"language":"ENG","playtime":527,"items_purged":["Strike_B"],"score":492,"play_id":"cf563abe-597a-4449-8a5e-15ca59964858","local_time":"20210205021433","is_ascension_mode":true,"campfire_choices":[{"data":"Flash of Steel","floor":7,"key":"SMITH"},{"floor":13,"key":"REST"},{"data":"Defragment","floor":15,"key":"SMITH"}],"circlet_count":0,"master_deck":["AscendersBane","Strike_B","Strike_B","Strike_B","Defend_B","Defend_B","Defend_B","Defend_B","Zap","Dualcast","Flash of Steel+1","Ball Lightning","Rebound","Streamline","Leap","Machine Learning","Cold Snap","Sweeping Beam","Defragment","Defragment+1","Echo Form","Self Repair","Defragment"],"relics":["Cracked Core","Nunchaku","Bronze Scales","Mercury Hourglass","Calipers","Coffee Dripper","Membership Card"],"acts_visited":["Exordium","TheCity"],"potions_floor_usage":[8,11,16,20],"damage_taken":[{"damage":1.0,"enemies":"Cultist","floor":1.0,"turns":3.0},{"damage":7.0,"enemies":"Jaw Worm","floor":2.0,"turns":3.0},{"damage":7.0,"enemies":"2 Louse","floor":3.0,"turns":2.0},{"damage":6.0,"enemies":"Exordium Thugs","floor":4.0,"turns":3.0},{"damage":8,"enemies":"Gremlin Nob","floor":6,"turns":3},{"damage":16,"enemies":"3 Sentries","floor":8,"turns":6},{"damage":0,"enemies":"2 Fungi Beasts","floor":10,"turns":2},{"damage":0,"enemies":"Lots of Slimes","floor":11,"turns":1},{"damage":6,"enemies":"Gremlin Nob","floor":12,"turns":3},{"damage":3,"enemies":"Looter","floor":14,"turns":3},{"damage":0,"enemies":"Slime Boss","floor":16,"turns":5},{"damage":26,"enemies":"Shell Parasite","floor":18,"turns":5},{"damage":32,"enemies":"Masked Bandits","floor":20,"turns":3}],"seed_played":"-7837033475762407708","potions_obtained":[{"floor":2.0,"key":"PotionOfCapacity"},{"floor":4.0,"key":"ColorlessPotion"},{"floor":8,"key":"Explosive Potion"},{"floor":14,"key":"Fire Potion"}],"is_trial":false,"path_per_floor":["M","M","M","M","?","E","R","E","T","M","M","E","R","M","R","B",null,"M","$","?"],"character_chosen":"DEFECT","items_purchased":["Membership Card","Defragment","Block Potion"],"campfire_rested":1,"item_purchase_floors":[19,19,19],"current_hp_per_floor":[63,56,49,43,32,24,24,8,8,8,8,2,23,20,20,20,58,32,32,0,0],"gold":193,"neow_bonus":"RANDOM_COLORLESS","is_daily":false,"chose_seed":false,"campfire_upgraded":2,"win_rate":0.0,"timestamp":1612512873,"path_taken":["M","M","M","?","?","E","R","E","T","M","M","E","R","M","R","BOSS","M","$","?"],"items_purchased_type":["Relic","Card","Potion"],"build_version":"2020-12-22","purchased_purges":1,"victory":false,"max_hp_per_floor":[71,71,71,71,71,71,71,71,71,71,71,71,71,71,71,71,71,71,71,71,71],"relic_stats":{"Nunchaku":[4],"counters":[13,42],"Bronze Scales":[33],"obtain_stats":[{"Nunchaku":6,"Calipers":12,"Bronze Scales":8,"Coffee Dripper":17,"Membership Card":19,"Cracked Core":0,"Mercury Hourglass":9},{"Nunchaku":5,"Calipers":9,"Bronze Scales":6,"Coffee Dripper":11,"Membership Card":12,"Cracked Core":0,"Mercury Hourglass":6},{"Nunchaku":14,"Calipers":26,"Bronze Scales":20,"Coffee Dripper":34,"Membership Card":39,"Cracked Core":0,"Mercury Hourglass":20}],"Mercury Hourglass":[84]},"card_choices":[{"not_picked":["Deep Breath","Dark Shackles"],"picked":"Flash of Steel","floor":0.0},{"not_picked":["Melter","Conserve Battery"],"picked":"Ball Lightning","floor":1.0},{"not_picked":["Steam","Consume"],"picked":"Rebound","floor":2.0},{"not_picked":["Compile Driver","Steam","Fusion"],"picked":"SKIP","floor":3.0},{"not_picked":["Steam","Rebound"],"picked":"Streamline","floor":4.0},{"not_picked":["Force Field","Steam Power"],"picked":"Leap","floor":6},{"not_picked":["Skim","Lockon"],"picked":"Machine Learning","floor":8},{"not_picked":["Steam","Stack"],"picked":"Cold Snap","floor":10},{"not_picked":["Consume","Cold Snap"],"picked":"Sweeping Beam","floor":11},{"not_picked":["Steam Power","Leap"],"picked":"Defragment","floor":12},{"not_picked":["Ball Lightning","Steam Power"],"picked":"Defragment","floor":14},{"not_picked":["Creative AI","Hyperbeam"],"picked":"Echo Form","floor":16},{"not_picked":["Conserve Battery","Chill"],"picked":"Self Repair","floor":18}],"player_experience":1442769,"relics_obtained":[{"floor":6,"key":"Nunchaku"},{"floor":8,"key":"Bronze Scales"},{"floor":9,"key":"Mercury Hourglass"},{"floor":12,"key":"Calipers"}],"event_choices":[{"damage_healed":0.0,"max_hp_gain":0.0,"max_hp_loss":0.0,"gold_gain":75.0,"event_name":"World of Goop","player_choice":"Gather Gold","floor":5.0,"gold_loss":0.0,"damage_taken":11.0},{"damage_healed":0,"gold_gain":0,"player_choice":"Fought Bandits","damage_taken":0,"max_hp_gain":0,"max_hp_loss":0,"event_name":"Masked Bandits","floor":20,"gold_loss":0}],"is_beta":false,"boss_relics":[{"not_picked":["Calling Bell","Empty Cage"],"picked":"Coffee Dripper"}],"items_purged_floors":[19],"is_endless":false,"potions_floor_spawned":[2,4,8,14],"killed_by":"Masked Bandits","ascension_level":20}}