{"host":"aq3xpixvif6gmjmv","time":1612527625,"event":{"mods":["BaseMod","CapriCore","Colored Map","Colored Powertips","Friendly Minions","Minty Spire (QoL Compilation)","StSLib","SuperFastMode","The Hierophant"],"gold_per_floor":[113,113,132,132,152,186,218,218,218,218,218],"floor_reached":10,"language":"KOR","playtime":460,"items_purged":[],"score":80,"play_id":"aaff60db-9faa-45b3-94ea-2a1f3516fa0b","local_time":"20210205212025","daily_mods":["Vintage","Heirloom","Flight","DeadlyEvents","Elite Swarm"],"is_ascension_mode":true,"campfire_choices":[{"data":"Double Tap","floor":8.0,"key":"SMITH"}],"circlet_count":0,"master_deck":["Strike_R","Strike_R","Strike_R","Strike_R","Defend_R","Defend_R","Defend_R","Defend_R","Bash+1","Double Tap+1"],"relics":["Burning Blood","Prayer Wheel","Regal Pillow","Ice Cream","Tiny Chest","Strawberry","Smiling Mask","Shuriken"],"acts_visited":["Exordium"],"potions_floor_usage":[],"damage_taken":[{"damage":8.0,"enemies":"Jaw Worm","floor":1.0,"turns":4.0},{"damage":6.0,"enemies":"Cultist","floor":3.0,"turns":3.0},{"damage":5.0,"enemies":"2 Louse","floor":5.0,"turns":3.0},{"damage":31.0,"enemies":"3 Sentries","floor":6.0,"turns":7.0},{"damage":25.0,"enemies":"Gremlin Nob","floor":7.0,"turns":4.0},{"damage":42,"enemies":"3 Sentries","floor":10,"turns":8}],"seed_played":"-3649644946628653849","potions_obtained":[{"floor":1.0,"key":"EntropicBrew"}],"is_trial":true,"path_per_floor":["M","?","M","?","M","E","E","R","T","E"],"character_chosen":"IRONCLAD","items_purchased":[],"campfire_rested":0,"item_purchase_floors":[],"current_hp_per_floor":[78,78,78,78,79,61,42,42,42,0,0],"gold":218,"neow_bonus":"","is_daily":false,"chose_seed":false,"campfire_upgraded":1,"win_rate":0.0,"timestamp":1612527625,"path_taken":["M","?","?","?","?","E","E","R","T","E"],"items_purchased_type":[],"build_version":"2020-12-22","purchased_purges":0,"victory":false,"max_hp_per_floor":[80,80,80,80,80,87,87,87,87,87,87],"card_choices":[{"not_picked":["Bludgeon","Exhume","Fiend Fire"],"picked":"SKIP","floor":6.0},{"not_picked":["Reaper","Corruption"],"picked":"Double Tap","floor":7.0}],"player_experience":410281,"relics_obtained":[{"floor":1.0,"key":"Regal Pillow"},{"floor":3.0,"key":"Ice Cream"},{"floor":5.0,"key":"Tiny Chest"},{"floor":6.0,"key":"Strawberry"},{"floor":7.0,"key":"Smiling Mask"},{"floor":9.0,"key":"Shuriken"}],"event_choices":[{"damage_healed":0.0,"max_hp_gain":0.0,"max_hp_loss":0.0,"gold_gain":0.0,"event_name":"Upgrade Shrine","player_choice":"Upgraded","floor":2.0,"gold_loss":0.0,"damage_taken":0.0,"cards_upgraded":["Bash"]},{"cards_removed":["Strike_R"],"damage_healed":0.0,"max_hp_gain":0.0,"max_hp_loss":0.0,"gold_gain":0.0,"event_name":"Purifier","player_choice":"Purged","floor":4.0,"gold_loss":0.0,"damage_taken":0.0}],"is_beta":false,"boss_relics":[],"items_purged_floors":[],"is_endless":false,"potions_floor_spawned":[1],"killed_by":"3 Sentries","ascension_level":1}}