{"host":"LaserWall","time":1612526535,"event":{"mods":["BaseMod","Minty Spire (QoL Compilation)","Relic Stats","Weighted Paths"],"gold_per_floor":[211,228,27,43,56,56,83,83,83,95,95,121,138,163,163,265,265,251,251,269,280,298,298,323,323,323],"floor_reached":25,"language":"ENG","playtime":1625,"items_purged":[],"score":324,"play_id":"bded3ee7-142a-4ddc-9472-c0b1c417edc3","local_time":"20210205070215","is_ascension_mode":true,"campfire_choices":[{"data":"Beam Cell","floor":6,"key":"SMITH"},{"data":"Reinforced Body","floor":8,"key":"SMITH"},{"data":"Dualcast","floor":11,"key":"SMITH"},{"data":"Echo Form","floor":15,"key":"SMITH"},{"data":"Zap","floor":23,"key":"SMITH"}],"circlet_count":0,"master_deck":["Strike_B","Strike_B","Strike_B","Strike_B","Defend_B","Defend_B","Defend_B","Defend_B","Zap+1","Dualcast+1","Cold Snap","Beam Cell+1","Ball Lightning","Leap","Reinforced Body+1","Leap","Echo Form+1","Sweeping Beam","FTL","Rainbow","Barrage","Compile Driver+1","Echo Form+1","Ball Lightning+1","Consume+1"],"relics":["Cracked Core","Frozen Eye","Tiny Chest","StrikeDummy","HornCleat","Lantern","Inserter","Frozen Egg 2","Ancient Tea Set"],"acts_visited":["Exordium","TheCity"],"potions_floor_usage":[7,7,16,22,22],"damage_taken":[{"damage":1,"enemies":"Cultist","floor":1,"turns":3},{"damage":3,"enemies":"2 Louse","floor":2,"turns":2},{"damage":0,"enemies":"Small Slimes","floor":4,"turns":2},{"damage":11,"enemies":"3 Louse","floor":5,"turns":3},{"damage":6,"enemies":"3 Sentries","floor":7,"turns":6},{"damage":3,"enemies":"2 Fungi Beasts","floor":10,"turns":3},{"damage":8,"enemies":"Lagavulin","floor":12,"turns":6},{"damage":9,"enemies":"Lots of Slimes","floor":13,"turns":3},{"damage":0,"enemies":"3 Sentries","floor":14,"turns":6},{"damage":11,"enemies":"Slime Boss","floor":16,"turns":6},{"damage":10,"enemies":"2 Thieves","floor":18,"turns":4},{"damage":12,"enemies":"Spheric Guardian","floor":20,"turns":4},{"damage":0,"enemies":"Centurion and Healer","floor":21,"turns":5},{"damage":5,"enemies":"3 Cultists","floor":22,"turns":5},{"damage":41,"enemies":"Book of Stabbing","floor":24,"turns":7},{"damage":14,"enemies":"Sentry and Sphere","floor":25,"turns":3}],"seed_played":"4057375933378354771","potions_obtained":[{"floor":4,"key":"EssenceOfSteel"},{"floor":13,"key":"SkillPotion"},{"floor":16,"key":"FocusPotion"},{"floor":18,"key":"BlessingOfTheForge"},{"floor":21,"key":"Ancient Potion"}],"is_trial":false,"path_per_floor":["M","M","$","M","M","R","E","R","T","M","R","E","M","E","R","B",null,"M","T","M","M","M","R","E","M"],"character_chosen":"DEFECT","items_purchased":["Frozen Eye","Fire Potion"],"campfire_rested":0,"item_purchase_floors":[3,3],"current_hp_per_floor":[74,71,71,71,60,60,54,54,54,51,51,43,34,34,34,23,75,65,65,53,53,48,48,7,0,0],"gold":323,"neow_bonus":"HUNDRED_GOLD","is_daily":false,"chose_seed":false,"campfire_upgraded":5,"win_rate":0.0,"timestamp":1612526535,"path_taken":["M","M","$","M","?","R","E","R","T","M","R","E","M","E","R","BOSS","M","?","M","M","M","R","E","M"],"items_purchased_type":["Relic","Potion"],"build_version":"2020-12-18","purchased_purges":0,"victory":false,"max_hp_per_floor":[75,75,75,75,75,75,75,75,75,75,75,75,75,75,75,75,75,75,75,75,75,75,75,75,75,75],"relic_stats":{"Inserter":[14],"counters":[16,68],"Tiny Chest":0,"obtain_stats":[{"Frozen Eye":3,"Lantern":14,"HornCleat":12,"Inserter":17,"Tiny Chest":7,"Frozen Egg 2":19,"Cracked Core":0,"StrikeDummy":9,"Ancient Tea Set":24},{"Frozen Eye":2,"Lantern":9,"HornCleat":7,"Inserter":10,"Tiny Chest":5,"Frozen Egg 2":11,"Cracked Core":0,"StrikeDummy":5,"Ancient Tea Set":15},{"Frozen Eye":5,"Lantern":34,"HornCleat":25,"Inserter":40,"Tiny Chest":16,"Frozen Egg 2":44,"Cracked Core":0,"StrikeDummy":16,"Ancient Tea Set":65}]},"card_choices":[{"not_picked":["Beam Cell","Leap"],"picked":"Cold Snap","floor":1},{"not_picked":["Conserve Battery","Steam"],"picked":"Beam Cell","floor":2},{"not_picked":["Reprogram","Rebound"],"picked":"Ball Lightning","floor":4},{"not_picked":["Beam Cell","Turbo"],"picked":"Leap","floor":5},{"not_picked":["Leap","White Noise"],"picked":"Reinforced Body","floor":7},{"not_picked":["Steam","Lockon"],"picked":"Leap","floor":10},{"not_picked":["Fission","Hello World"],"picked":"Echo Form","floor":12},{"not_picked":["Recycle","Stack"],"picked":"Sweeping Beam","floor":13},{"not_picked":["Leap","Steam"],"picked":"FTL","floor":14},{"not_picked":["Multi-Cast","Thunder Strike"],"picked":"Rainbow","floor":16},{"not_picked":["Conserve Battery","Ball Lightning"],"picked":"Barrage","floor":18},{"not_picked":["Redo","Ball Lightning"],"picked":"Compile Driver+1","floor":20},{"not_picked":["Rebound","Go for the Eyes"],"picked":"Echo Form+1","floor":21},{"not_picked":["Streamline","Cold Snap"],"picked":"Ball Lightning+1","floor":22},{"not_picked":["Chaos","Scrape"],"picked":"Consume+1","floor":24}],"player_experience":205040,"relics_obtained":[{"floor":7,"key":"Tiny Chest"},{"floor":9,"key":"StrikeDummy"},{"floor":12,"key":"HornCleat"},{"floor":14,"key":"Lantern"},{"floor":19,"key":"Frozen Egg 2"},{"floor":24,"key":"Ancient Tea Set"}],"event_choices":[],"is_beta":true,"boss_relics":[{"not_picked":["FrozenCore","Velvet Choker"],"picked":"Inserter"}],"items_purged_floors":[],"is_endless":false,"potions_floor_spawned":[4,13,16,18,21],"killed_by":"Sentry and Sphere","ascension_level":4}}