{"host":"fuszjwm6fqgjjp4d","time":1612544358,"event":{"mods":["BaseMod","Bestiary","Colored Map","Minty Spire (QoL Compilation)","Permanent Neow","Relic Sorter","Relic Stats","StSLib"],"gold_per_floor":[11,22,22,32,50,78,78,78,105,0,34,49,65,101,101,200,200,221,71,71,121,146,146,162,185,212,224,275,312,249,301,313,420,432,464,476,14,347,347,347,397,287,287,287,287,318,40,52,52,52,52,52],"floor_reached":51,"language":"ENG","playtime":28898,"items_purged":["Strike_B","Strike_B"],"score":1437,"play_id":"03a14851-e826-4701-a89c-229acbb798b4","local_time":"20210205105918","is_ascension_mode":true,"campfire_choices":[{"data":"Zap","floor":8.0,"key":"SMITH"},{"data":"Glacier","floor":15.0,"key":"SMITH"},{"data":"Echo Form","floor":23,"key":"SMITH"},{"data":"Self Repair","floor":27,"key":"SMITH"},{"data":"Hologram","floor":32,"key":"SMITH"},{"floor":40,"key":"RECALL"},{"data":"Creative AI","floor":44,"key":"SMITH"},{"data":"Conserve Battery","floor":49,"key":"SMITH"}],"circlet_count":0,"master_deck":["AscendersBane","Defend_B","Defend_B","Defend_B","Zap+1","Dualcast+1","Electrodynamics","Conserve Battery+1","Undo","Rip and Tear","Glacier+1","Echo Form+1","Core Surge","Ball Lightning+1","Self Repair+1","Hologram+1","Compile Driver","Hologram+1","Lockon","Creative AI+1","Compile Driver","Lockon","Defragment+1","Capacitor","Cold Snap"],"relics":["Cracked Core","DataDisk","Toy Ornithopter","Art of War","Juzu Bracelet","Anchor","Nuclear Battery","MawBank","Torii","Du-Vu Doll","Busted Crown","TungstenRod","Kunai","Membership Card","Strawberry"],"acts_visited":["Exordium","TheCity","TheBeyond"],"potions_floor_usage":[24,29,31,33,33,51],"damage_taken":[{"damage":0.0,"enemies":"Small Slimes","floor":1.0,"turns":2.0},{"damage":2.0,"enemies":"Cultist","floor":2.0,"turns":4.0},{"damage":0.0,"enemies":"Jaw Worm","floor":4.0,"turns":3.0},{"damage":2.0,"enemies":"Blue Slaver","floor":5.0,"turns":4.0},{"damage":5.0,"enemies":"3 Sentries","floor":6.0,"turns":3.0},{"damage":4.0,"enemies":"Lagavulin","floor":11.0,"turns":6.0},{"damage":3.0,"enemies":"Gremlin Gang","floor":12.0,"turns":2.0},{"damage":0.0,"enemies":"Large Slime","floor":13.0,"turns":4.0},{"damage":21.0,"enemies":"Gremlin Nob","floor":14.0,"turns":4.0},{"damage":15.0,"enemies":"The Guardian","floor":16.0,"turns":11.0},{"damage":0.0,"enemies":"Spheric Guardian","floor":18.0,"turns":4.0},{"damage":7,"enemies":"Shell Parasite","floor":22,"turns":6},{"damage":12,"enemies":"Snake Plant","floor":24,"turns":3},{"damage":17,"enemies":"Chosen and Byrds","floor":25,"turns":5},{"damage":0,"enemies":"Gremlin Leader","floor":28,"turns":6},{"damage":13,"enemies":"Shelled Parasite and Fungi","floor":29,"turns":4},{"damage":15,"enemies":"Book of Stabbing","floor":31,"turns":5},{"damage":24,"enemies":"Champ","floor":33,"turns":13},{"damage":1,"enemies":"Orb Walker","floor":35,"turns":3},{"damage":21,"enemies":"Reptomancer","floor":46,"turns":7},{"damage":8,"enemies":"3 Shapes","floor":48,"turns":5},{"damage":40,"enemies":"Donu and Deca","floor":50,"turns":9},{"damage":39,"enemies":"Awakened One","floor":51,"turns":4}],"seed_played":"7539549724468643898","potions_obtained":[{"floor":2.0,"key":"DistilledChaos"},{"floor":4.0,"key":"AttackPotion"},{"floor":11.0,"key":"Explosive Potion"},{"floor":14.0,"key":"Regen Potion"},{"floor":18.0,"key":"SteroidPotion"},{"floor":22,"key":"LiquidMemories"},{"floor":25,"key":"SneckoOil"},{"floor":29,"key":"EssenceOfDarkness"},{"floor":31,"key":"AttackPotion"},{"floor":35,"key":"Fruit Juice"}],"is_trial":false,"path_per_floor":["M","M","?","M","M","E","?","R","T","?","E","M","M","E","R","B",null,"M","$","?","?","M","R","M","M","T","R","E","M","?","E","R","B",null,"M","?","$","?","?","R","?","?","T","R","?","E","$","M","R","B","B"],"character_chosen":"DEFECT","items_purchased":["Self Repair","TungstenRod","Lockon","Membership Card","Capacitor","Strawberry"],"campfire_rested":0,"item_purchase_floors":[19,37,37,47,47,47],"current_hp_per_floor":[64,62,62,62,60,55,55,55,55,55,60,61,61,40,40,25,54,54,54,54,54,61,61,52,42,42,42,62,64,64,64,64,55,62,61,61,61,61,61,61,61,61,61,61,61,50,57,59,59,29,0,0],"gold":52,"neow_bonus":"THREE_RARE_CARDS","is_daily":false,"chose_seed":false,"campfire_upgraded":7,"win_rate":0.0,"timestamp":1612544358,"path_taken":["M","M","?","M","?","E","?","R","T","?","E","M","M","E","R","BOSS","M","$","?","?","M","R","M","M","T","R","E","M","?","E","R","BOSS","M","?","$","?","?","R","?","?","T","R","?","E","?","M","R","BOSS","BOSS"],"items_purchased_type":["Card","Relic","Card","Relic","Card","Relic"],"build_version":"2020-12-22","purchased_purges":2,"victory":false,"max_hp_per_floor":[71,71,71,71,71,71,64,64,64,64,64,64,64,64,64,64,64,64,64,64,64,64,64,64,64,64,64,64,64,64,64,64,64,64,64,61,61,61,61,61,61,61,61,61,61,61,68,68,68,68,73,73],"relic_stats":{"Busted Crown":6,"Torii":7,"counters":[23,117],"Art of War":[20],"Juzu Bracelet":3,"Kunai":[3],"MawBank":132,"obtain_stats":[{"Torii":28,"Golden Idol":7,"Juzu Bracelet":11,"MawBank":26,"Nuclear Battery":17,"Du-Vu Doll":31,"DataDisk":6,"Anchor":14,"Busted Crown":34,"Strawberry":47,"Art of War":10,"Kunai":46,"Membership Card":47,"Cracked Core":0,"Toy Ornithopter":9,"TungstenRod":37},{"Torii":15,"Golden Idol":5,"Juzu Bracelet":6,"MawBank":14,"Nuclear Battery":10,"Du-Vu Doll":17,"DataDisk":5,"Anchor":9,"Busted Crown":18,"Strawberry":20,"Art of War":5,"Kunai":20,"Membership Card":20,"Cracked Core":0,"Toy Ornithopter":5,"TungstenRod":19},{"Torii":67,"Golden Idol":16,"Juzu Bracelet":22,"MawBank":61,"Nuclear Battery":43,"Du-Vu Doll":76,"DataDisk":16,"Anchor":32,"Busted Crown":89,"Strawberry":99,"Art of War":16,"Kunai":99,"Membership Card":99,"Cracked Core":0,"Toy Ornithopter":16,"TungstenRod":92}],"Toy Ornithopter":33,"TungstenRod":11},"card_choices":[{"not_picked":["Machine Learning","Multi-Cast"],"picked":"Electrodynamics","floor":0.0},{"not_picked":["Redo","Leap"],"picked":"Conserve Battery","floor":1.0},{"not_picked":["Beam Cell","Barrage"],"picked":"Undo","floor":2.0},{"not_picked":["Rebound","Ball Lightning"],"picked":"Glacier","floor":4.0},{"not_picked":["Recycle","Sweeping Beam","Fusion"],"picked":"SKIP","floor":5.0},{"not_picked":["Steam","Darkness","Reinforced Body"],"picked":"SKIP","floor":6.0},{"not_picked":["Hyperbeam","Hologram","Storm"],"picked":"SKIP","floor":11.0},{"not_picked":["Genetic Algorithm","Double Energy","Recycle"],"picked":"SKIP","floor":12.0},{"not_picked":["Heatsinks","Tempest","Rebound"],"picked":"SKIP","floor":13.0},{"not_picked":["Conserve Battery","Redo"],"picked":"Echo Form","floor":14.0},{"not_picked":["Thunder Strike","Meteor Strike"],"picked":"Core Surge","floor":16.0},{"not_picked":["Rebound","Cold Snap"],"picked":"Ball Lightning+1","floor":18.0},{"not_picked":["Sweeping Beam","Turbo"],"picked":"Hologram","floor":22},{"not_picked":["Blizzard","Barrage"],"picked":"Compile Driver","floor":24},{"not_picked":["Ball Lightning","Chaos"],"picked":"Hologram+1","floor":25},{"not_picked":["Beam Cell","Barrage"],"picked":"Lockon","floor":28},{"not_picked":["Streamline","Conserve Battery","Beam Cell"],"picked":"SKIP","floor":29},{"not_picked":["FTL","Steam","Conserve Battery"],"picked":"SKIP","floor":31},{"not_picked":["Electrodynamics","Buffer"],"picked":"Creative AI","floor":33},{"not_picked":[],"picked":"Compile Driver","floor":35},{"not_picked":[],"picked":"Defragment+1","floor":46},{"not_picked":[],"picked":"Cold Snap","floor":48}],"player_experience":1445377,"relics_obtained":[{"floor":6.0,"key":"DataDisk"},{"floor":9.0,"key":"Toy Ornithopter"},{"floor":11.0,"key":"Juzu Bracelet"},{"floor":14.0,"key":"Anchor"},{"floor":26,"key":"MawBank"},{"floor":28,"key":"Torii"},{"floor":31,"key":"Du-Vu Doll"},{"floor":46,"key":"Kunai"}],"event_choices":[{"damage_healed":0.0,"max_hp_gain":0.0,"max_hp_loss":0.0,"gold_gain":0.0,"event_name":"Match and Keep!","player_choice":"1 cards matched","floor":3.0,"gold_loss":0.0,"damage_taken":0.0,"cards_obtained":["Rip and Tear"]},{"damage_healed":0.0,"max_hp_gain":0.0,"max_hp_loss":7.0,"gold_gain":0.0,"event_name":"Golden Idol","player_choice":"Lose Max HP","floor":7.0,"gold_loss":0.0,"damage_taken":0.0,"relics_obtained":["Golden Idol"]},{"damage_healed":0.0,"max_hp_gain":0.0,"max_hp_loss":0.0,"gold_gain":0.0,"event_name":"WeMeetAgain","player_choice":"Paid Gold","floor":10.0,"gold_loss":105.0,"damage_taken":0.0,"relics_obtained":["Art of War"]},{"damage_healed":0,"gold_gain":0,"player_choice":"Ignored","damage_taken":0,"max_hp_gain":0,"max_hp_loss":0,"event_name":"Cursed Tome","floor":20,"gold_loss":0},{"damage_healed":0,"gold_gain":50,"player_choice":"Stole From Cult","damage_taken":0,"max_hp_gain":0,"max_hp_loss":0,"event_name":"Nest","floor":21,"gold_loss":0},{"cards_removed":["Strike_B"],"damage_healed":0,"gold_gain":0,"player_choice":"Gave Gold","damage_taken":0,"max_hp_gain":0,"max_hp_loss":0,"event_name":"Beggar","floor":30,"gold_loss":75},{"damage_healed":0,"gold_gain":0,"player_choice":"Max HP","damage_taken":0,"max_hp_gain":0,"max_hp_loss":3,"event_name":"Winding Halls","floor":36,"gold_loss":0},{"damage_healed":0,"gold_gain":333,"player_choice":"Gave Idol","damage_taken":0,"max_hp_gain":0,"max_hp_loss":0,"event_name":"The Moai Head","floor":38,"relics_lost":["Golden Idol"],"gold_loss":0},{"damage_healed":0,"gold_gain":0,"player_choice":"Ignored","damage_taken":0,"max_hp_gain":0,"max_hp_loss":0,"event_name":"Tomb of Lord Red Mask","floor":39,"gold_loss":0},{"damage_healed":0,"gold_gain":50,"player_choice":"Pray","damage_taken":0,"max_hp_gain":0,"max_hp_loss":0,"event_name":"Golden Shrine","floor":41,"gold_loss":0},{"cards_removed":["Strike_B"],"damage_healed":0,"gold_gain":0,"player_choice":"Upgrade and Remove","damage_taken":0,"max_hp_gain":0,"max_hp_loss":0,"event_name":"Designer","floor":42,"gold_loss":110,"cards_upgraded":["Dualcast"]},{"cards_removed":["Defend_B"],"damage_healed":0,"gold_gain":0,"player_choice":"Purged","damage_taken":0,"max_hp_gain":0,"max_hp_loss":0,"event_name":"Purifier","floor":45,"gold_loss":0}],"is_beta":false,"boss_relics":[{"not_picked":["Runic Dome","Coffee Dripper"],"picked":"Nuclear Battery"},{"not_picked":["Tiny House","FrozenCore"],"picked":"Busted Crown"}],"items_purged_floors":[19,37],"is_endless":false,"potions_floor_spawned":[2,4,5,11,14,18,22,25,29,31,35],"killed_by":"Awakened One","ascension_level":20}}