{"host":"2g68u5ewu4bp0ui7","time":1612540819,"event":{"mods":["AchievementEnabler","BaseMod","Best Route Mod","Block Reminder","Colored Map","Colored Powertips","Highlight Path","Minty Spire (QoL Compilation)","Quick Restart","Shop Mod","SuperFastMode","everything is the same but u backflip on backflip","slay the spire mod where everything is the same but ironclad has a cowboy hat"],"gold_per_floor":[118,50,50,64,64,64,64,64,110,141,111,131,131,155,155,284,284,308,233,251,272,272,272,272],"floor_reached":23,"language":"ENG","playtime":654,"items_purged":[],"score":189,"play_id":"e8c81643-86f9-4b69-83f4-3f22e28d6dd6","local_time":"20210205180019","is_ascension_mode":false,"campfire_choices":[{"data":"Body Slam","floor":8,"key":"SMITH"},{"floor":13,"key":"REST"},{"data":"Twin Strike","floor":15,"key":"SMITH"}],"circlet_count":0,"master_deck":["Strike_R","Strike_R","Strike_R","Defend_R","Defend_R","Defend_R","Defend_R","Bash+1","Headbutt","Inflame","Body Slam+1","Twin Strike+1","Feed"],"relics":["Burning Blood","Golden Idol","Bag of Marbles","Regal Pillow","WingedGreaves","Velvet Choker"],"acts_visited":["Exordium","TheCity"],"potions_floor_usage":[16,16,23],"damage_taken":[{"damage":8,"enemies":"Small Slimes","floor":1,"turns":4},{"damage":1,"enemies":"2 Louse","floor":4,"turns":3},{"damage":48,"enemies":"3 Sentries","floor":10,"turns":10},{"damage":1,"enemies":"Cultist","floor":12,"turns":3},{"damage":0,"enemies":"Looter","floor":14,"turns":3},{"damage":48,"enemies":"The Guardian","floor":16,"turns":17},{"damage":5,"enemies":"Chosen","floor":18,"turns":3},{"damage":19,"enemies":"Spheric Guardian","floor":20,"turns":4},{"damage":27,"enemies":"Snake Plant","floor":21,"turns":3},{"damage":43,"enemies":"Book of Stabbing","floor":23,"turns":4}],"seed_played":"-286201736236213433","potions_obtained":[{"floor":10,"key":"AttackPotion"},{"floor":11,"key":"SneckoOil"},{"floor":11,"key":"SkillPotion"},{"floor":14,"key":"SneckoOil"},{"floor":20,"key":"SkillPotion"}],"is_trial":false,"path_per_floor":["M","$","?","M","$","?","?","R","T","E","?","M","R","M","R","B",null,"M","?","M","M","?","E"],"character_chosen":"IRONCLAD","items_purchased":["Inflame"],"campfire_rested":1,"item_purchase_floors":[2],"current_hp_per_floor":[78,78,78,80,80,74,71,71,71,29,29,34,71,74,74,32,74,74,74,61,43,43,0,0],"gold":272,"neow_bonus":"UPGRADE_CARD","is_daily":false,"chose_seed":false,"campfire_upgraded":2,"win_rate":0.0,"timestamp":1612540819,"path_taken":["M","$","?","M","$","?","?","R","T","E","?","?","R","M","R","BOSS","M","?","M","M","?","E"],"items_purchased_type":["Card"],"build_version":"2020-12-22","purchased_purges":0,"victory":false,"max_hp_per_floor":[80,80,80,80,80,74,74,74,74,74,74,74,74,74,74,74,74,74,74,74,77,77,77,77],"card_choices":[{"not_picked":["Perfected Strike","Evolve"],"picked":"Headbutt","floor":1},{"not_picked":["Shrug It Off","Blood for Blood"],"picked":"Body Slam","floor":4},{"not_picked":["Pummel","Perfected Strike","Pommel Strike"],"picked":"SKIP","floor":10},{"not_picked":["Hemokinesis","Warcry","Clash"],"picked":"SKIP","floor":12},{"not_picked":["Sword Boomerang","Warcry"],"picked":"Twin Strike","floor":14},{"not_picked":["Double Tap","Reaper"],"picked":"Feed","floor":16},{"not_picked":["Heavy Blade","Pommel Strike","Intimidate"],"picked":"SKIP","floor":18},{"not_picked":["Sever Soul","Wild Strike+1","Perfected Strike+1"],"picked":"SKIP","floor":20},{"not_picked":["Hemokinesis","Dark Embrace","Entrench"],"picked":"SKIP","floor":21}],"player_experience":71523,"relics_obtained":[{"floor":9,"key":"Regal Pillow"},{"floor":10,"key":"WingedGreaves"}],"event_choices":[{"cards_removed":["Strike_R"],"damage_healed":0,"gold_gain":0,"player_choice":"Forget","damage_taken":0,"max_hp_gain":0,"max_hp_loss":0,"event_name":"Living Wall","floor":3,"gold_loss":0},{"damage_healed":0,"gold_gain":0,"player_choice":"Lose Max HP","damage_taken":0,"relics_obtained":["Golden Idol"],"max_hp_gain":0,"max_hp_loss":6,"event_name":"Golden Idol","floor":6,"gold_loss":0},{"damage_healed":0,"gold_gain":0,"player_choice":"Success","damage_taken":3,"relics_obtained":["Bag of Marbles"],"max_hp_gain":0,"max_hp_loss":0,"event_name":"Scrap Ooze","floor":7,"gold_loss":0},{"damage_healed":0,"gold_gain":0,"player_choice":"Bought 2 Potions","damage_taken":0,"max_hp_gain":0,"max_hp_loss":0,"event_name":"The Woman in Blue","floor":11,"gold_loss":0},{"cards_removed":["Strike_R"],"damage_healed":0,"gold_gain":0,"player_choice":"Gave Gold","damage_taken":0,"max_hp_gain":0,"max_hp_loss":0,"event_name":"Beggar","floor":19,"gold_loss":75},{"damage_healed":0,"gold_gain":0,"player_choice":"Ignored","damage_taken":0,"max_hp_gain":0,"max_hp_loss":0,"event_name":"The Mausoleum","floor":22,"gold_loss":0}],"is_beta":false,"boss_relics":[{"not_picked":["Tiny House","Runic Cube"],"picked":"Velvet Choker"}],"items_purged_floors":[],"is_endless":false,"potions_floor_spawned":[10,14,20],"killed_by":"Book of Stabbing","ascension_level":0}}