{"host":"e4hse1vg61zltgzv","time":1612501045,"event":{"mods":["AchievementEnabler","BaseMod","Block Reminder","Colored Map","DeckTracker","GifTheSpireLib","Minty Spire (QoL Compilation)","Rare Cards Sparkle","StSLib","SuperFastMode","The Poker Player","everything is the same but u backflip on backflip"],"gold_per_floor":[17,36,53,53,64,64,98,23,23,23,36,49,49,67,67,67,67],"floor_reached":16,"language":"KOR","playtime":412,"items_purged":["SignatureMove"],"score":258,"play_id":"62009f90-c46a-4c03-8f3f-3eec7d8b2af9","local_time":"20210205135725","is_ascension_mode":true,"campfire_choices":[{"data":"Eruption","floor":6,"key":"SMITH"},{"data":"Adaptation","floor":10,"key":"SMITH"},{"data":"Meditate","floor":13,"key":"SMITH"},{"data":"MentalFortress","floor":15,"key":"SMITH"}],"circlet_count":0,"master_deck":["AscendersBane","Eruption+1","Vigilance+1","MentalFortress+1","EmptyMind","MentalFortress+1","BattleHymn","LikeWater","Judgement","ConjureBlade","Adaptation+1","Meditate+1","Adaptation","LessonLearned"],"relics":["PureWater","Pandora\u0027s Box","Bronze Scales","MealTicket"],"acts_visited":["Exordium"],"potions_floor_usage":[11],"damage_taken":[{"damage":14,"enemies":"Small Slimes","floor":1,"turns":2},{"damage":4,"enemies":"Jaw Worm","floor":2,"turns":3},{"damage":0,"enemies":"Cultist","floor":3,"turns":1},{"damage":3,"enemies":"Looter","floor":5,"turns":2},{"damage":0,"enemies":"Lagavulin","floor":7,"turns":4},{"damage":4,"enemies":"Exordium Wildlife","floor":11,"turns":3},{"damage":26,"enemies":"Large Slime","floor":12,"turns":6},{"damage":0,"enemies":"Looter","floor":14,"turns":2},{"damage":20,"enemies":"The Guardian","floor":16,"turns":3}],"seed_played":"8506810887824614774","potions_obtained":[{"floor":2,"key":"AttackPotion"},{"floor":3,"key":"Energy Potion"},{"floor":5,"key":"Swift Potion"}],"is_trial":false,"path_per_floor":["M","M","M","?","M","R","E","$","T","R","M","M","R","M","R","B"],"character_chosen":"WATCHER","items_purchased":[],"campfire_rested":0,"item_purchase_floors":[],"current_hp_per_floor":[47,43,43,43,40,40,40,40,40,40,36,10,10,10,10,0,0],"gold":67,"neow_bonus":"THREE_RARE_CARDS","is_daily":false,"chose_seed":false,"campfire_upgraded":4,"win_rate":0.0,"timestamp":1612501045,"path_taken":["M","M","M","?","M","R","E","?","T","R","M","M","R","M","R","BOSS"],"items_purchased_type":[],"build_version":"2020-12-22","purchased_purges":1,"victory":false,"max_hp_per_floor":[68,68,68,68,68,68,68,68,68,68,68,68,68,68,68,68,68],"card_choices":[{"not_picked":["Establishment","MasterReality"],"picked":"ConjureBlade","floor":0.0},{"not_picked":["Evaluate","EmptyBody"],"picked":"Adaptation","floor":1},{"not_picked":["Protect","BowlingBash"],"picked":"Meditate","floor":2},{"not_picked":["DeceiveReality","PathToVictory","FollowUp"],"picked":"SKIP","floor":3},{"not_picked":["Halt","FollowUp"],"picked":"Adaptation","floor":5},{"not_picked":["Halt","Consecrate"],"picked":"LessonLearned","floor":7},{"not_picked":["Halt","PathToVictory","Crescendo"],"picked":"SKIP","floor":11},{"not_picked":["Indignation","Evaluate","PathToVictory"],"picked":"SKIP","floor":12},{"not_picked":["Evaluate","FlyingSleeves","Prostrate"],"picked":"SKIP","floor":14}],"player_experience":815213,"relics_obtained":[{"floor":7,"key":"Bronze Scales"},{"floor":9,"key":"MealTicket"}],"event_choices":[{"cards_removed":["EmptyMind"],"damage_healed":0,"gold_gain":0,"player_choice":"Forget","damage_taken":0,"max_hp_gain":0,"max_hp_loss":0,"event_name":"Living Wall","floor":4,"gold_loss":0}],"is_beta":false,"boss_relics":[],"items_purged_floors":[8],"is_endless":false,"potions_floor_spawned":[2,3,5],"killed_by":"The Guardian","ascension_level":20}}