{"host":"6q6idgl71g9ab7at","time":1612499367,"event":{"mods":["BaseMod","Minty Spire (QoL Compilation)","StSLib","SuperFastMode"],"gold_per_floor":[119,133,55,130,147,481,481,514,514,514,527,543,543,559,559,559,559],"floor_reached":16,"language":"KOR","playtime":287,"items_purged":[],"score":134,"play_id":"ef3aae07-1686-4600-8eec-3e18d1747dfc","local_time":"20210205132927","is_ascension_mode":true,"campfire_choices":[{"data":"Uppercut","floor":7.0,"key":"SMITH"},{"data":"Limit Break","floor":13,"key":"SMITH"},{"data":"Limit Break","floor":15,"key":"SMITH"}],"circlet_count":0,"master_deck":["Strike_R","Strike_R","Strike_R","Strike_R","Strike_R","Defend_R","Defend_R","Defend_R","Defend_R","Bash","Forethought","Dual Wield","Headbutt","Dropkick","Shrug It Off","Uppercut+1","Limit Break+1","Limit Break+1","Thunderclap"],"relics":["Burning Blood","Old Coin","Self Forming Clay","InkBottle"],"acts_visited":[],"potions_floor_usage":[16],"damage_taken":[{"damage":13.0,"enemies":"Jaw Worm","floor":1.0,"turns":4.0},{"damage":6.0,"enemies":"2 Louse","floor":2.0,"turns":3.0},{"damage":6.0,"enemies":"Cultist","floor":5.0,"turns":3.0},{"damage":23.0,"enemies":"Gremlin Nob","floor":6.0,"turns":4.0},{"damage":28.0,"enemies":"Lagavulin","floor":8.0,"turns":8.0},{"damage":11,"enemies":"Looter","floor":11,"turns":3},{"damage":11,"enemies":"2 Fungi Beasts","floor":12,"turns":3},{"damage":6,"enemies":"Blue Slaver","floor":14,"turns":3},{"damage":18,"enemies":"Hexaghost","floor":16,"turns":8}],"seed_played":"6531218711797065106","potions_obtained":[{"floor":2.0,"key":"Swift Potion"},{"floor":11,"key":"Fire Potion"},{"floor":12,"key":"CultistPotion"}],"is_trial":false,"path_per_floor":["M","M","$","?","M","E","R","E","T","?","M","M","R","M","R","B"],"character_chosen":"IRONCLAD","items_purchased":["Dropkick"],"campfire_rested":0,"item_purchase_floors":[3],"current_hp_per_floor":[73,73,73,62,62,45,45,23,23,23,18,13,13,13,13,0,0],"gold":559,"neow_bonus":"RANDOM_COLORLESS","is_daily":false,"chose_seed":false,"campfire_upgraded":3,"win_rate":0.0,"timestamp":1612499367,"path_taken":["M","M","$","?","M","E","R","E","T","?","M","?","R","M","R","BOSS"],"items_purchased_type":["Card"],"build_version":"2020-12-22","purchased_purges":0,"victory":false,"max_hp_per_floor":[80,80,80,80,80,80,80,80,80,80,80,80,80,80,80,80,80],"card_choices":[{"not_picked":["Panacea","Jack Of All Trades"],"picked":"Forethought","floor":0.0},{"not_picked":["Clothesline","Twin Strike"],"picked":"Dual Wield","floor":1.0},{"not_picked":["Warcry","Sword Boomerang"],"picked":"Headbutt","floor":2.0},{"not_picked":["Clothesline","Dark Embrace"],"picked":"Shrug It Off","floor":5.0},{"not_picked":["Body Slam","Juggernaut"],"picked":"Uppercut","floor":6.0},{"not_picked":["Carnage","Second Wind"],"picked":"Limit Break","floor":8.0},{"not_picked":["Rampage","Havoc"],"picked":"Thunderclap","floor":11},{"not_picked":["Shockwave","Cleave","Feel No Pain"],"picked":"SKIP","floor":12},{"not_picked":["Sever Soul","Blood for Blood","Entrench"],"picked":"SKIP","floor":14}],"player_experience":8188,"relics_obtained":[{"floor":6.0,"key":"Old Coin"},{"floor":8.0,"key":"Self Forming Clay"},{"floor":9.0,"key":"InkBottle"}],"event_choices":[{"damage_healed":0.0,"max_hp_gain":0.0,"max_hp_loss":0.0,"gold_gain":75.0,"event_name":"World of Goop","player_choice":"Gather Gold","floor":4.0,"gold_loss":0.0,"damage_taken":11.0},{"damage_healed":0,"gold_gain":0,"player_choice":"1 cards matched","damage_taken":0,"max_hp_gain":0,"max_hp_loss":0,"event_name":"Match and Keep!","floor":10,"gold_loss":0,"cards_obtained":["Limit Break"]}],"is_beta":false,"boss_relics":[],"items_purged_floors":[],"is_endless":false,"potions_floor_spawned":[2,11,12],"killed_by":"Hexaghost","ascension_level":4}}