{"host":"hjajo0rafoe1e6c4","time":1612517695,"event":{"mods":["AchievementEnabler","BaseMod","Bestiary","Colored Map","Colored Powertips","Downfall","Highlight Path","Minty Spire (QoL Compilation)","Relic Stats","StSLib"],"gold_per_floor":[99,110,125,300,300,300,354,354,373,273,287,287,35,61,72,175,175,175,187,187,201,201,201,255,155,187,206,219,238,248,267,286,386,386,286,298,298,314,339,339,339,355,355,368,402,418,418,437,456,456,456,485,72,72,72,72],"floor_reached":57,"language":"ENG","playtime":3297,"items_purged":["Doubt"],"score":1235,"play_id":"dcad40a7-d445-4672-9f29-4defa63e4d5d","local_time":"20210205043455","is_ascension_mode":false,"campfire_choices":[{"floor":1,"key":"RECALL"},{"data":"bronze:Boost","floor":10,"key":"SMITH"},{"data":"bronze:CloningBeam","floor":12,"key":"SMITH"},{"data":"bronze:Overheat","floor":18,"key":"SMITH"},{"data":"bronze:Frontload","floor":23,"key":"SMITH"},{"floor":25,"key":"REST"},{"data":"bronze:BurnOut","floor":35,"key":"SMITH"},{"floor":43,"key":"REST"},{"floor":47,"key":"REST"},{"floor":54,"key":"REST"}],"circlet_count":0,"master_deck":["bronze:Replicate","bronze:Goto","bronze:MaxOutput","bronze:Frontload","bronze:Iterate","bronze:Boost+1","bronze:CloningBeam+1","bronze:CloningBeam","bronze:Verify","bronze:Overheat+1","bronze:Verify","bronze:BitShift","bronze:Frontload+1","bronze:MaxOutput","bronze:Shell","bronze:HyperBeam","bronze:Overheat","bronze:Overheat","bronze:RecursiveStrike","bronze:BurnOut+1","bronze:Return","expansioncontent:AwakenDeath","bronze:Flail+1"],"relics":["Snecko Eye","Nunchaku","downfall:HeartBlessingRed","Happy Flower","Pandora\u0027s Box","downfall:HeartBlessingBlue","Tiny Chest","Philosopher\u0027s Stone","downfall:HeartBlessingGreen","Anchor","Bottled Lightning","Regal Pillow","Art of War","Calipers"],"acts_visited":["Exordium","TheCity","TheBeyond","TheEnding"],"potions_floor_usage":[21,29,56],"damage_taken":[{"damage":7,"enemies":"Small Slimes","floor":2,"turns":3},{"damage":5,"enemies":"Jaw Worm","floor":3,"turns":5},{"damage":0,"enemies":"Cultist","floor":8,"turns":1},{"damage":2,"enemies":"Large Slime","floor":9,"turns":6},{"damage":5,"enemies":"Gremlin Gang","floor":11,"turns":5},{"damage":0,"enemies":"downfall:FleeingMerchant","floor":13,"turns":4},{"damage":0,"enemies":"Gremlin Nob","floor":14,"turns":3},{"damage":0,"enemies":"2 Fungi Beasts","floor":15,"turns":3},{"damage":2,"enemies":"WA_ARCHETYPE_RETAIN","floor":16,"turns":4},{"damage":0,"enemies":"Chosen","floor":19,"turns":3},{"damage":20,"enemies":"Centurion and Healer","floor":21,"turns":3},{"damage":34,"enemies":"Slavers","floor":26,"turns":4},{"damage":6,"enemies":"Snake Plant","floor":27,"turns":3},{"damage":0,"enemies":"Sentry and Sphere","floor":28,"turns":1},{"damage":10,"enemies":"Cultist and Chosen","floor":29,"turns":4},{"damage":20,"enemies":"Centurion and Healer","floor":30,"turns":3},{"damage":0,"enemies":"Snake Plant","floor":31,"turns":3},{"damage":0,"enemies":"3 Cultists","floor":32,"turns":1},{"damage":0,"enemies":"IC_MUSHROOM_ARCHETYPE","floor":33,"turns":4},{"damage":0,"enemies":"Orb Walker","floor":36,"turns":1},{"damage":28,"enemies":"3 Shapes","floor":38,"turns":3},{"damage":0,"enemies":"Spire Growth","floor":42,"turns":4},{"damage":10,"enemies":"4 Shapes","floor":44,"turns":3},{"damage":12,"enemies":"Giant Head","floor":45,"turns":7},{"damage":0,"enemies":"Writhing Mass","floor":46,"turns":4},{"damage":0,"enemies":"Sphere and 2 Shapes","floor":48,"turns":4},{"damage":15,"enemies":"Jaw Worm Horde","floor":49,"turns":3},{"damage":18,"enemies":"DF_ARCHETYPE_ORBS","floor":50,"turns":5},{"damage":23,"enemies":"downfall:CharBossMerchant","floor":52,"turns":5},{"damage":0,"enemies":"downfall:NeowBoss","floor":55,"turns":8},{"damage":38,"enemies":"downfall:NeowBossFinal","floor":56,"turns":6}],"seed_played":"4644663874674644446","potions_obtained":[{"floor":2,"key":"Strength Potion"},{"floor":3,"key":"LiquidBronze"},{"floor":14,"key":"Block Potion"},{"floor":15,"key":"CultistPotion"},{"floor":27,"key":"SteroidPotion"},{"floor":31,"key":"LiquidBronze"},{"floor":38,"key":"Explosive Potion"}],"is_trial":false,"path_per_floor":["R","M","M","?","?","?","T","M","M","R","M","R","$","E","M","B",null,"R","M","?","M","?","R","T","R","E","M","M","M","M","M","M","B",null,"R","M","?","M","T","?","T","M","R","M","E","M","R","M","M","B",null,"E","$","R","B","B",null],"character_chosen":"THE_AUTOMATON","items_purchased":["bronze:Verify","Calipers","FairyPotion"],"campfire_rested":4,"item_purchase_floors":[13,53,53],"current_hp_per_floor":[70,63,58,58,58,58,58,58,56,56,51,51,51,51,51,49,70,70,70,70,50,50,50,50,80,46,40,40,30,10,10,10,10,80,80,80,80,52,52,52,52,52,76,66,54,54,80,80,65,47,80,57,57,80,80,42],"gold":72,"neow_bonus":"BOSS_RELIC","is_daily":false,"chose_seed":false,"campfire_upgraded":5,"win_rate":0.0,"timestamp":1612517695,"path_taken":["R","M","M","?","?","?","T","M","M","R","M","R","?","E","M","BOSS","R","M","?","M","?","R","T","R","E","M","M","M","M","?","M","BOSS","R","M","?","?","?","?","T","M","R","M","E","M","R","M","M","BOSS","E","$","R","BOSS","BOSS"],"items_purchased_type":["Card","Relic","Potion"],"build_version":"2020-12-22","purchased_purges":1,"victory":true,"max_hp_per_floor":[70,70,70,70,70,70,70,70,70,70,70,70,70,70,70,70,70,70,70,70,70,70,70,70,80,80,80,80,80,80,80,80,80,80,80,80,80,80,80,80,80,80,80,80,80,80,80,80,80,80,80,80,80,80,80,80],"relic_stats":{"Nunchaku":[22],"Regal Pillow":2,"Happy Flower":[29],"counters":[31,116],"Snecko Eye":[208,223,192,221],"Pandora\u0027s Box":["bronze:BitShift","bronze:Frontload","bronze:MaxOutput","bronze:Shell","bronze:HyperBeam","bronze:Overheat","bronze:Overheat"],"Tiny Chest":1,"Art of War":[0],"obtain_stats":[{"Regal Pillow":45,"bronze:BronzeCore":0,"Calipers":53,"downfall:HeartBlessingRed":10,"Happy Flower":14,"downfall:HeartBlessingGreen":35,"Nunchaku":7,"Anchor":39,"downfall:BrokenWingStatue":6,"downfall:HeartBlessingBlue":25,"Snecko Eye":0,"Pandora\u0027s Box":17,"Tiny Chest":26,"Philosopher\u0027s Stone":34,"Art of War":52,"Bottled Lightning":41},{"Regal Pillow":24,"bronze:BronzeCore":0,"Calipers":29,"downfall:HeartBlessingRed":4,"Happy Flower":7,"downfall:HeartBlessingGreen":19,"Nunchaku":2,"Anchor":21,"downfall:BrokenWingStatue":2,"downfall:HeartBlessingBlue":11,"Snecko Eye":0,"Pandora\u0027s Box":9,"Tiny Chest":12,"Philosopher\u0027s Stone":19,"Art of War":29,"Bottled Lightning":21},{"Regal Pillow":81,"bronze:BronzeCore":0,"Calipers":102,"downfall:HeartBlessingRed":15,"Happy Flower":27,"downfall:HeartBlessingGreen":63,"Nunchaku":8,"Anchor":67,"downfall:BrokenWingStatue":8,"downfall:HeartBlessingBlue":40,"Snecko Eye":0,"Pandora\u0027s Box":34,"Tiny Chest":44,"Philosopher\u0027s Stone":63,"Art of War":102,"Bottled Lightning":67}]},"card_choices":[{"not_picked":["bronze:WildBeam","bronze:DelayedSlice"],"picked":"bronze:MaxOutput","floor":2},{"not_picked":["bronze:Separator","bronze:WhirlingStrike"],"picked":"bronze:Frontload","floor":3},{"not_picked":["bronze:Allocate","bronze:Constructor"],"picked":"bronze:Boost","floor":8},{"not_picked":["bronze:CutThrough","bronze:Branch","bronze:OilSpill"],"picked":"SKIP","floor":9},{"not_picked":["bronze:CutThrough","bronze:Shell"],"picked":"bronze:CloningBeam","floor":11},{"not_picked":["bronze:Terminator","bronze:Frontload"],"picked":"bronze:CloningBeam","floor":13},{"not_picked":["bronze:Shield","bronze:FineTuning","bronze:FollowUp"],"picked":"SKIP","floor":14},{"not_picked":["bronze:CutThrough","bronze:Branch"],"picked":"bronze:Overheat","floor":15},{"not_picked":["bronze:RecursiveStrike","bronze:BurnOut"],"picked":"bronze:Verify","floor":16},{"not_picked":["bronze:BitShift+1","bronze:FineTuning","bronze:BronzeArmor"],"picked":"SKIP","floor":19},{"not_picked":["bronze:OilSpill+1","bronze:Separator","bronze:Deprecate"],"picked":"SKIP","floor":21},{"not_picked":["bronze:FindAndReplace","bronze:Iterate","bronze:NullPointer"],"picked":"SKIP","floor":26},{"not_picked":["bronze:BuggyMess","bronze:ForceShield","bronze:BitShift"],"picked":"SKIP","floor":27},{"not_picked":["bronze:Shield","bronze:BuggyMess"],"picked":"bronze:RecursiveStrike","floor":28},{"not_picked":["bronze:Branch","bronze:BuggyMess","bronze:BronzeArmor+1"],"picked":"SKIP","floor":29},{"not_picked":["bronze:GetLatest","bronze:ChildClass+1","bronze:DelayedGuard"],"picked":"SKIP","floor":30},{"not_picked":["bronze:DelayedGuard+1","bronze:OilSpill+1","bronze:Deprecate"],"picked":"SKIP","floor":31},{"not_picked":["bronze:DigitalCarnage","bronze:ClassDefault","bronze:BuggyMess+1"],"picked":"SKIP","floor":32},{"not_picked":["bronze:SpaghettiCode","bronze:Assembly"],"picked":"bronze:BurnOut","floor":33},{"not_picked":["bronze:CutThrough","bronze:WildBeam+1"],"picked":"bronze:Return","floor":36},{"not_picked":["bronze:ItsAFeature","bronze:BuggyMess","bronze:WhirlingStrike+1"],"picked":"SKIP","floor":38},{"not_picked":["expansioncontent:GuardianWhirl","expansioncontent:Chronoboost"],"picked":"expansioncontent:AwakenDeath","floor":40},{"not_picked":["bronze:Shield","bronze:BugBarrage+1","bronze:WildBeam"],"picked":"SKIP","floor":42},{"not_picked":["bronze:Overheat+1","bronze:Shield+1","bronze:Branch+1"],"picked":"SKIP","floor":44},{"not_picked":["bronze:Shield+1","bronze:CleanCode","bronze:Separator"],"picked":"SKIP","floor":45},{"not_picked":["bronze:ChildClass","bronze:BugBarrage","bronze:DelayedSlice+1"],"picked":"SKIP","floor":46},{"not_picked":["bronze:OilSpill+1","bronze:Optimize+1","bronze:Separator"],"picked":"SKIP","floor":48},{"not_picked":["bronze:DelayedGuard","bronze:Optimize+1"],"picked":"bronze:Flail+1","floor":49},{"not_picked":["bronze:Format","bronze:ClassDefault","bronze:ChosenStrike+1"],"picked":"SKIP","floor":52}],"player_experience":240771,"relics_obtained":[{"floor":7,"key":"Nunchaku"},{"floor":14,"key":"Happy Flower"},{"floor":26,"key":"Tiny Chest"},{"floor":39,"key":"Anchor"},{"floor":41,"key":"Bottled Lightning"},{"floor":45,"key":"Regal Pillow"},{"floor":52,"key":"Art of War"}],"event_choices":[{"damage_healed":0,"gold_gain":0,"player_choice":"Ignored","damage_taken":0,"max_hp_gain":0,"max_hp_loss":0,"event_name":"Vampires","floor":20,"gold_loss":0}],"is_beta":false,"boss_relics":[{"not_picked":["SacredBark","Fusion Hammer"],"picked":"Pandora\u0027s Box"},{"not_picked":["Velvet Choker","Runic Dome"],"picked":"Philosopher\u0027s Stone"}],"items_purged_floors":[13],"is_endless":false,"potions_floor_spawned":[2,3,14,15,16,19,27,28,31,33,38,45,46,48,52],"ascension_level":0}}