{"host":"m3qxensetu6036ua","time":1612553849,"event":{"mods":["2.2 Compatiblity","AchievementEnabler","BaseMod","Better Altar","Better Match","Better Sensory Stone","Better Skull","Better Third Choice","Better Vampires","Block Reminder","Colored Powertips","Displayed Cursed Tome","Evolution","Good Game Mod","GungeonMod","Hubris","Jedi Mod","Minty Spire (QoL Compilation)","Rare Cards Sparkle","Remove Card Discount Mod","Replay The Spire","Spicy Shops","StSLib","The Cursed"],"gold_per_floor":[117,97,117,117,129,141,181,193,229,252,264,289,299,317,317,413,413,424,424,56,56,74,104,104,114,191,219,238,269,281,299,299,395,395,406,406,423,87,87,114,114,114,114,114,146,146,164,164,164,164],"floor_reached":51,"language":"ENG","playtime":2710,"items_purged":["Regret"],"score":850,"play_id":"320b3b41-45c2-49c5-89f8-de944177ae52","local_time":"20210205203729","is_ascension_mode":true,"campfire_choices":[{"data":"Sadistic Nature","floor":6,"key":"SMITH"},{"data":"Neutralize","floor":11,"key":"SMITH"},{"data":"Footwork","floor":15,"key":"SMITH"},{"floor":24,"key":"REST"},{"floor":32,"key":"REST"},{"data":"Infinite Blades","floor":41,"key":"SMITH"},{"data":"Cloak And Dagger","floor":46,"key":"SMITH"},{"data":"Infinite Blades","floor":49,"key":"SMITH"}],"circlet_count":0,"master_deck":["Sadistic Nature+1","Dagger Throw","Dagger Throw","Dagger Throw","Strike_G+1","Strike_G","Defend_G+1","Defend_G+1","Defend_G+1","Defend_G+1","Defend_G+1","Survivor","Neutralize+1","jedi:studypoison","Backflip","Noxious Fumes","Poisoned Stab","Footwork+1","Glass Knife","Sadistic Nature+1","ReplayTheSpireMod:Private Reserves","Sadistic Nature+1","Dash","PiercingWail","Infinite Blades+1","Corpse Explosion","PiercingWail","Sucker Punch+1","Cloak And Dagger+1","Infinite Blades+1","jedi:pocketpoison+1","ReplayTheSpireMod:Private Reserves","Riddle With Holes+1"],"relics":["Ring of the Snake","EVO:Axolotl","REME:ComplimentaryCards","MawBank","DemoMod:MonsterBlood","Toy Ornithopter","DemoMod:RiddleOfLead","hubris:Towel","DollysMirror","Anchor","Shuriken","Replay:Bottled Eggs","Replay:Kaleidoscope","Chemical X","hubris:Icosahedron","Basket Of Snakes","Eternal Feather","hubris:MysteriousPyramids","hubris:DisguiseKit"],"acts_visited":["Exordium","TheCity","TheBeyond"],"potions_floor_usage":[16,28,28,33,33,33,33,45,50,50],"damage_taken":[{"damage":3,"enemies":"Jaw Worm","floor":1,"turns":2},{"damage":0,"enemies":"Cultist","floor":3,"turns":3},{"damage":7,"enemies":"Lagavulin","floor":7,"turns":5},{"damage":0,"enemies":"2 Louse","floor":10,"turns":1},{"damage":9,"enemies":"Exordium Thugs","floor":12,"turns":3},{"damage":1,"enemies":"Blue Slaver","floor":14,"turns":2},{"damage":6,"enemies":"The Guardian","floor":16,"turns":7},{"damage":15,"enemies":"2 Thieves","floor":18,"turns":3},{"damage":0,"enemies":"Spheric Guardian","floor":22,"turns":3},{"damage":22,"enemies":"Gremlin Leader","floor":23,"turns":4},{"damage":2,"enemies":"Centurion and Healer","floor":25,"turns":5},{"damage":12,"enemies":"Replay:Snechameleon","floor":27,"turns":3},{"damage":12,"enemies":"Sentry and Sphere","floor":28,"turns":4},{"damage":0,"enemies":"Gremlin Leader","floor":29,"turns":4},{"damage":2,"enemies":"Snecko","floor":30,"turns":3},{"damage":5,"enemies":"Snake Plant","floor":31,"turns":3},{"damage":10,"enemies":"Champ","floor":33,"turns":8},{"damage":0,"enemies":"Orb Walker","floor":35,"turns":4},{"damage":5,"enemies":"3 Shapes","floor":37,"turns":2},{"damage":14,"enemies":"R_Hoarder","floor":40,"turns":6},{"damage":19,"enemies":"Giant Head","floor":45,"turns":6},{"damage":0,"enemies":"Transient","floor":47,"turns":5},{"damage":1,"enemies":"Donu and Deca","floor":50,"turns":4}],"seed_played":"-3305617591824887696","potions_obtained":[{"floor":1,"key":"Languid Potion"},{"floor":2,"key":"EntropicBrew"},{"floor":7,"key":"Venom Potion"},{"floor":18,"key":"Poison Potion"},{"floor":28,"key":"ColorlessPotion"},{"floor":29,"key":"ColorlessPotion"},{"floor":37,"key":"DemoMod:LeadSkinPotion"},{"floor":40,"key":"Elixir"},{"floor":47,"key":"Swift Potion"}],"is_trial":false,"path_per_floor":["M","?","M","?","?","R","E","?","T","M","R","M","$","M","R","B",null,"M","?","$","?","M","E","R","M","T","E","M","E","M","M","R","B",null,"M","?","M","$","?","E","R","?","T","T","E","R","M","?","R","B",null],"character_chosen":"THE_SILENT","items_purchased":["DollysMirror","ReplayTheSpireMod:Private Reserves","Chemical X","Cloak And Dagger","Infinite Blades"],"campfire_rested":2,"item_purchase_floors":[20,20,38,38,38],"current_hp_per_floor":[67,67,67,67,67,67,67,67,67,67,67,58,58,57,57,56,87,72,72,72,72,72,50,76,74,74,62,60,60,58,53,79,79,87,87,87,82,82,82,68,68,68,68,68,54,72,72,72,87,86],"gold":164,"neow_bonus":"THREE_CARDS","is_daily":false,"chose_seed":false,"campfire_upgraded":6,"win_rate":0.0,"timestamp":1612553849,"path_taken":["M","?","?","?","?","R","E","?","T","M","R","?","$","M","R","BOSS","M","?","$","?","?","E","R","M","T","E","M","E","?","M","R","BOSS","M","?","?","$","?","E","R","?","T","?","E","R","?","?","R","BOSS"],"items_purchased_type":["Relic","Card","Relic","Card","Card"],"build_version":"2020-12-22","purchased_purges":1,"victory":true,"max_hp_per_floor":[70,70,70,70,70,70,77,77,77,77,77,77,77,77,77,77,87,87,87,87,87,87,87,87,87,87,87,87,87,87,87,87,87,87,87,87,87,87,87,87,87,87,87,87,87,87,87,87,87,87],"card_choices":[{"not_picked":["Setup","Eviscerate"],"picked":"Backflip","floor":0},{"not_picked":["Blade Dance","jedi:pocketpoison"],"picked":"Deadly Poison","floor":1},{"not_picked":["Calculated Gamble","hubris:Sniper"],"picked":"Noxious Fumes","floor":3},{"not_picked":["Die Die Die","Prepared","Outmaneuver"],"picked":"SKIP","floor":7},{"not_picked":["hubris:TrickCloak","Finisher","Toxin Wave"],"picked":"SKIP","floor":10},{"not_picked":["Riddle With Holes","Prepared"],"picked":"Poisoned Stab","floor":12},{"not_picked":["Dagger Spray","jedi:unstablefumes"],"picked":"Footwork","floor":14},{"not_picked":["jedi:studyshivs","Night Terror"],"picked":"Glass Knife","floor":16},{"not_picked":["Hidden Blade","Flying Knee","hubris:Counter"],"picked":"SKIP","floor":18},{"not_picked":["Underhanded Strike","Slice","Blade Dance+1"],"picked":"SKIP","floor":22},{"not_picked":["hubris:TrickCloak+1","Glass Knife"],"picked":"Dash","floor":23},{"not_picked":["Dagger Spray","All Out Attack","ReplayTheSpireMod:Scrap Shanks+1"],"picked":"SKIP","floor":25},{"not_picked":["Sucker Punch+1","ReplayTheSpireMod:Shiv Toss"],"picked":"PiercingWail","floor":27},{"not_picked":["Leg Sweep+1","Quick Slash"],"picked":"Infinite Blades","floor":28},{"not_picked":["Bane","Outmaneuver+1","Backflip+1"],"picked":"SKIP","floor":29},{"not_picked":["ReplayTheSpireMod:Shiv Toss","Leg Sweep","Toxin Wave"],"picked":"SKIP","floor":30},{"not_picked":["Reflex","Bane","Flying Knee"],"picked":"SKIP","floor":31},{"not_picked":["After Image","jedi:studypoison"],"picked":"Corpse Explosion","floor":33},{"not_picked":["jedi:unstablefumes","ReplayTheSpireMod:The Works+1"],"picked":"PiercingWail","floor":35},{"not_picked":["Flying Knee","Slice+1"],"picked":"Sucker Punch+1","floor":37},{"not_picked":["Draining Mist+1","Poisoned Stab+1"],"picked":"jedi:pocketpoison+1","floor":40},{"not_picked":["ReplayTheSpireMod:Brewmster","DemoMod:Spice"],"picked":"ReplayTheSpireMod:Private Reserves","floor":42},{"not_picked":["Quick Slash","jedi:acidrain+1","Acrobatics+1"],"picked":"SKIP","floor":45},{"not_picked":["Hidden Blade","Outmaneuver","Havoc"],"picked":"Riddle With Holes+1","floor":47}],"player_experience":220467,"relics_obtained":[{"floor":7,"key":"DemoMod:MonsterBlood"},{"floor":9,"key":"Toy Ornithopter"},{"floor":23,"key":"Anchor"},{"floor":26,"key":"Shuriken"},{"floor":27,"key":"Replay:Bottled Eggs"},{"floor":29,"key":"Replay:Kaleidoscope"},{"floor":40,"key":"Basket Of Snakes"},{"floor":43,"key":"Eternal Feather"},{"floor":44,"key":"hubris:MysteriousPyramids"},{"floor":45,"key":"hubris:DisguiseKit"}],"event_choices":[{"damage_healed":0,"gold_gain":0,"player_choice":"Bought 1 Potion","damage_taken":0,"max_hp_gain":0,"max_hp_loss":0,"event_name":"The Woman in Blue","floor":2,"gold_loss":0},{"damage_healed":0,"gold_gain":0,"player_choice":"Box","damage_taken":0,"relics_obtained":["MawBank"],"max_hp_gain":0,"max_hp_loss":0,"event_name":"Big Fish","floor":4,"gold_loss":0,"cards_obtained":["Regret"]},{"damage_healed":0,"gold_gain":0,"player_choice":"Ignored","damage_taken":129,"max_hp_gain":0,"max_hp_loss":0,"event_name":"betterThird:BetterSerpent","floor":5,"gold_loss":0},{"damage_healed":0,"gold_gain":0,"player_choice":"Copied","damage_taken":0,"max_hp_gain":0,"max_hp_loss":0,"event_name":"Duplicator","floor":21,"gold_loss":0,"cards_obtained":["Sadistic Nature"]},{"damage_healed":0,"gold_gain":3,"player_choice":"1","damage_taken":0,"max_hp_gain":0,"max_hp_loss":0,"event_name":"betterStone:BetterStone","floor":42,"gold_loss":0},{"cards_removed":["Deadly Poison"],"damage_healed":0,"gold_gain":0,"player_choice":"Removed Skill","damage_taken":0,"max_hp_gain":0,"max_hp_loss":0,"event_name":"Falling","floor":48,"gold_loss":0}],"is_beta":false,"boss_relics":[{"not_picked":["Pandora\u0027s Box","Runic Pyramid"],"picked":"DemoMod:RiddleOfLead"},{"not_picked":["hubris:VirtuousBlindfold","Replay:Grab Bag","hubris:CrackedHourglass"]}],"items_purged_floors":[13],"is_endless":false,"potions_floor_spawned":[1,7,12,18,27,28,29,31,37,40,47],"ascension_level":1}}