{"host":"yml0ux6c8lqydjlc","time":1612560662,"event":{"mods":["BaseMod","Conspire","Downfall","Duelist Mod","GungeonMod","Hermit","Jedi Mod","Minty Spire (QoL Compilation)","StSLib"],"gold_per_floor":[114,150,69,83,96,96,106,106,106,106,119,22,22,41,41,144,194,204,204,219,219,219,219],"floor_reached":22,"language":"ENG","playtime":2340,"items_purged":[],"score":176,"play_id":"103cdc39-f4b4-4e1c-bce8-50d584456538","local_time":"20210205163102","is_ascension_mode":false,"campfire_choices":[{"floor":6.0,"key":"REST"},{"floor":8.0,"key":"REST"},{"floor":13.0,"key":"REST"},{"data":"hermit:Snapshot","floor":15.0,"key":"SMITH"}],"circlet_count":0,"master_deck":["hermit:Strike_Hermit","hermit:Strike_Hermit+1","hermit:Strike_Hermit","hermit:Strike_Hermit+1","hermit:Defend_Hermit","hermit:Defend_Hermit","hermit:Defend_Hermit","hermit:Defend_Hermit","hermit:Snapshot+1","hermit:Covet","hermit:Glare","hermit:LowProfile+1","hermit:Malice","hermit:Maintenance","hermit:HighCaliber","hermit:Glare","hermit:Quickdraw","hermit:Desperado","hermit:Glare","hermit:Dive","hermit:HeroicBravado","hermit:Quickdraw","hermit:FlashPowder+1","hermit:Desperado"],"relics":["hermit:Momento","jedi:shrinkray","Pocketwatch","Tiny House","Enchiridion","GremlinMask"],"acts_visited":["Exordium","TheCity"],"potions_floor_usage":[],"damage_taken":[{"damage":2.0,"enemies":"Small Slimes","floor":1.0,"turns":4.0},{"damage":30.0,"enemies":"conspire:MimicChest","floor":2.0,"turns":6.0},{"damage":2.0,"enemies":"2 Louse","floor":4.0,"turns":2.0},{"damage":7.0,"enemies":"conspire:RoseBush","floor":5.0,"turns":2.0},{"damage":7.0,"enemies":"2 Fungi Beasts","floor":7.0,"turns":3.0},{"damage":5.0,"enemies":"Looter","floor":11.0,"turns":3.0},{"damage":10.0,"enemies":"Lots of Slimes","floor":14.0,"turns":3.0},{"damage":37.0,"enemies":"Hexaghost","floor":16.0,"turns":11.0},{"damage":4.0,"enemies":"Spheric Guardian","floor":18.0,"turns":3.0},{"damage":7,"enemies":"Shell Parasite","floor":20,"turns":6},{"damage":14,"enemies":"Snake Plant","floor":22,"turns":3}],"seed_played":"8157181616979137933","potions_obtained":[{"floor":11.0,"key":"Block Potion"},{"floor":14.0,"key":"Block Potion"},{"floor":16.0,"key":"Guardian:BlockOnCardUsePotion"},{"floor":17.0,"key":"Explosive Potion"}],"is_trial":false,"path_per_floor":["M","?","$","M","M","R","M","R","T","?","M","$","R","M","R","B",null,"M","?","M","?","M"],"character_chosen":"HERMIT","items_purchased":["hermit:Malice","hermit:Desperado","hermit:Glare"],"campfire_rested":3,"item_purchase_floors":[3,12,12],"current_hp_per_floor":[80,50,50,48,41,65,58,82,82,66,61,61,82,72,72,35,87,83,67,60,60,46,46],"gold":219,"neow_bonus":"TEN_PERCENT_HP_BONUS","is_daily":false,"chose_seed":false,"campfire_upgraded":1,"win_rate":0.0,"timestamp":1612560662,"path_taken":["M","?","$","M","?","R","M","R","T","?","M","$","R","M","R","BOSS","M","?","M","?","M"],"items_purchased_type":["Card","Card","Card"],"build_version":"2020-12-22","purchased_purges":0,"victory":false,"max_hp_per_floor":[82,82,82,82,82,82,82,82,82,82,82,82,82,82,82,82,87,87,87,87,87,87,87],"card_choices":[{"not_picked":["hermit:Misfire","hermit:Desperado"],"picked":"hermit:Glare","floor":1.0},{"not_picked":["hermit:TrackingShot","hermit:Vantage"],"picked":"hermit:LowProfile","floor":2.0},{"not_picked":["hermit:FinalCanter","hermit:HighCaliber"],"picked":"hermit:Maintenance","floor":4.0},{"not_picked":["hermit:Snipe","hermit:Grudge"],"picked":"hermit:HighCaliber","floor":5.0},{"not_picked":["hermit:DeadMansHand","hermit:Snipe"],"picked":"hermit:Glare","floor":7.0},{"not_picked":["hermit:Reprieve","hermit:Glare"],"picked":"hermit:Quickdraw","floor":11.0},{"not_picked":["hermit:Snipe","hermit:ShadowCloak"],"picked":"hermit:Dive","floor":14.0},{"not_picked":["hermit:FinalCanter","hermit:OverwhelmingPower"],"picked":"hermit:HeroicBravado","floor":16.0},{"not_picked":["hermit:Headshot","hermit:Gestalt"],"picked":"hermit:Quickdraw","floor":17.0},{"not_picked":["hermit:HighCaliber","hermit:Brawl"],"picked":"hermit:FlashPowder+1","floor":18.0},{"not_picked":["hermit:TrackingShot","hermit:Glare"],"picked":"hermit:Desperado","floor":20}],"player_experience":4996,"relics_obtained":[{"floor":2.0,"key":"jedi:shrinkray"},{"floor":9.0,"key":"Pocketwatch"},{"floor":19.0,"key":"Enchiridion"}],"event_choices":[{"damage_healed":0.0,"max_hp_gain":0.0,"max_hp_loss":0.0,"gold_gain":0.0,"event_name":"Shining Light","player_choice":"Entered Light","floor":10.0,"gold_loss":0.0,"damage_taken":16.0,"cards_upgraded":["hermit:LowProfile","hermit:Strike_Hermit"]},{"damage_healed":0.0,"max_hp_gain":0.0,"max_hp_loss":0.0,"gold_gain":0.0,"event_name":"Cursed Tome","player_choice":"Obtained Book","floor":19.0,"gold_loss":0.0,"damage_taken":16.0},{"damage_healed":0,"gold_gain":0,"player_choice":"Trade","damage_taken":0,"relics_obtained":["GremlinMask"],"max_hp_gain":0,"max_hp_loss":0,"event_name":"FaceTrader","floor":21,"gold_loss":0}],"is_beta":false,"boss_relics":[{"not_picked":["Philosopher\u0027s Stone","Ectoplasm"],"picked":"Tiny House"}],"items_purged_floors":[],"is_endless":false,"potions_floor_spawned":[11,14,16,20],"killed_by":"Snake Plant","ascension_level":0}}