{"host":"89iuq2p5kwriuwfq","time":1612518750,"event":{"mods":["BaseMod","Curses Come First","Minty Spire (QoL Compilation)","Permanent Neow","StSLib"],"gold_per_floor":[111,111,36,55,5,5,19,49,49,49,62,98,98,128,128,237,237,258,279,301,301,301],"floor_reached":21,"language":"ENG","playtime":1028,"items_purged":["Regret"],"score":299,"play_id":"28c4d7f6-75c6-43d6-8913-b877d2dbf553","local_time":"20210205095230","is_ascension_mode":true,"campfire_choices":[{"data":"1","floor":6,"key":"LIFT"},{"data":"2","floor":10,"key":"LIFT"},{"data":"3","floor":15,"key":"LIFT"}],"circlet_count":0,"master_deck":["AscendersBane","Strike_R","Strike_R","Strike_R","Strike_R","Defend_R","Defend_R","Defend_R","Bash","Dropkick","Sentinel","True Grit","Inflame","Cleave","Thunderclap","Uppercut+1","Anger","Demon Form","Disarm","Shrug It Off","Twin Strike+1"],"relics":["Burning Blood","Girya","Happy Flower","Question Card","CeramicFish","Red Skull","Coffee Dripper"],"acts_visited":["Exordium","TheCity"],"potions_floor_usage":[8,18,18],"damage_taken":[{"damage":7,"enemies":"Jaw Worm","floor":1,"turns":4},{"damage":8,"enemies":"2 Louse","floor":4,"turns":4},{"damage":0,"enemies":"Small Slimes","floor":7,"turns":3},{"damage":20,"enemies":"Gremlin Nob","floor":8,"turns":4},{"damage":3,"enemies":"Blue Slaver","floor":11,"turns":3},{"damage":23,"enemies":"Lagavulin","floor":12,"turns":5},{"damage":22,"enemies":"Gremlin Nob","floor":14,"turns":4},{"damage":21,"enemies":"Hexaghost","floor":16,"turns":6},{"damage":20,"enemies":"3 Byrds","floor":18,"turns":5},{"damage":5,"enemies":"Shell Parasite","floor":19,"turns":4},{"damage":49,"enemies":"Chosen and Byrds","floor":20,"turns":5},{"damage":10,"enemies":"3 Cultists","floor":21,"turns":2}],"seed_played":"-156989688972434921","potions_obtained":[{"floor":4,"key":"FearPotion"},{"floor":7,"key":"LiquidMemories"},{"floor":11,"key":"Fire Potion"},{"floor":14,"key":"SkillPotion"},{"floor":19,"key":"Weak Potion"}],"is_trial":false,"path_per_floor":["M","?","$","M","?","R","M","E","T","R","M","E","?","E","R","B",null,"M","M","M","M"],"character_chosen":"IRONCLAD","items_purchased":[],"campfire_rested":0,"item_purchase_floors":[],"current_hp_per_floor":[71,71,71,69,69,69,75,61,61,61,64,47,47,31,31,16,64,50,51,8,0,0],"gold":301,"neow_bonus":"TRANSFORM_TWO_CARDS","is_daily":false,"chose_seed":false,"campfire_upgraded":0,"win_rate":0.0,"timestamp":1612518750,"path_taken":["M","?","$","M","?","R","M","E","T","R","M","E","?","E","R","BOSS","M","M","M","M"],"items_purchased_type":[],"build_version":"2020-12-22","purchased_purges":1,"victory":false,"max_hp_per_floor":[80,80,80,80,80,80,80,80,80,80,80,80,80,80,80,80,80,80,80,80,80,80],"card_choices":[{"not_picked":["Iron Wave","Headbutt"],"picked":"True Grit","floor":1},{"not_picked":["Havoc","Wild Strike"],"picked":"Inflame","floor":4},{"not_picked":["Havoc","Clash"],"picked":"Cleave","floor":7},{"not_picked":["Clash","Power Through"],"picked":"Thunderclap","floor":8},{"not_picked":["Combust","True Grit","Shockwave"],"picked":"Uppercut","floor":11},{"not_picked":["Reckless Charge","Sentinel","Wild Strike"],"picked":"Anger","floor":12},{"not_picked":["Blood for Blood","Carnage","Reckless Charge","Wild Strike"],"picked":"SKIP","floor":14},{"not_picked":["Bludgeon","Offering","Immolate"],"picked":"Demon Form","floor":16},{"not_picked":["Battle Trance","Metallicize+1","Sever Soul"],"picked":"Disarm","floor":18},{"not_picked":["Perfected Strike+1","Pommel Strike","Rupture"],"picked":"Shrug It Off","floor":19},{"not_picked":["Headbutt+1","True Grit","Spot Weakness"],"picked":"Twin Strike+1","floor":20}],"player_experience":631976,"relics_obtained":[{"floor":8,"key":"Happy Flower"},{"floor":9,"key":"Question Card"},{"floor":12,"key":"CeramicFish"},{"floor":14,"key":"Red Skull"}],"event_choices":[{"damage_healed":0,"gold_gain":0,"player_choice":"Box","damage_taken":0,"relics_obtained":["Girya"],"max_hp_gain":0,"max_hp_loss":0,"event_name":"Big Fish","floor":2,"gold_loss":0,"cards_obtained":["Regret"]},{"cards_removed":["Shame"],"damage_healed":0,"gold_gain":0,"player_choice":"Card Removal","damage_taken":0,"max_hp_gain":0,"max_hp_loss":0,"event_name":"The Cleric","floor":5,"gold_loss":50},{"damage_healed":0,"gold_gain":0,"player_choice":"Upgraded","damage_taken":0,"max_hp_gain":0,"max_hp_loss":0,"event_name":"Upgrade Shrine","floor":13,"gold_loss":0,"cards_upgraded":["Uppercut"]}],"is_beta":false,"boss_relics":[{"not_picked":["Cursed Key","SlaversCollar"],"picked":"Coffee Dripper"}],"items_purged_floors":[3],"is_endless":false,"potions_floor_spawned":[4,7,11,14,19],"killed_by":"3 Cultists","ascension_level":10}}