{"host":"7f01flv6y0vhl3vt","time":1612548253,"event":{"mods":["Act Like it!","BaseMod","Downfall","Minty Spire (QoL Compilation)","StSLib"],"gold_per_floor":[99,117,127,37,37,22,22,22,22,22,50,50,68,0,12,109,109,9,27,45,62,12,12,12,12],"floor_reached":23,"language":"ENG","playtime":2629,"items_purged":["champ:Strike"],"score":239,"play_id":"27af2a85-1044-456e-8eed-d21039d7df65","local_time":"20210205130413","is_ascension_mode":false,"campfire_choices":[{"floor":1,"key":"RECALL"},{"floor":10,"key":"REST"},{"data":"champ:IgnorePain","floor":18,"key":"SMITH"}],"circlet_count":0,"master_deck":["champ:Strike","champ:Strike","champ:Strike","champ:Defend","champ:Defend","champ:Defend","champ:Defend","champ:Execute","champ:Taunt","champ:FanOfKnives","champ:ViciousMockery","champ:IronFortress","champ:IgnorePain+1","champ:SetATrap","champ:Encircle","champ:FaceSlap","champ:EnGarde","champ:RapidStrikes","champ:IgnorePain+1","champ:GutPunch","champ:GladiatorStyle","champ:Encircle+1","champ:FocusedDefense+1","champ:BerserkerStyle"],"relics":["champ:ChampionCrownUpgraded","Juzu Bracelet","Eternal Feather","downfall:HeartBlessingBlue"],"acts_visited":["Exordium","TheCity"],"potions_floor_usage":[15,16,16],"damage_taken":[{"damage":28,"enemies":"Jaw Worm","floor":2,"turns":4},{"damage":18,"enemies":"2 Louse","floor":3,"turns":3},{"damage":20,"enemies":"downfall:FleeingMerchant","floor":4,"turns":4},{"damage":30,"enemies":"downfall:FleeingMerchant","floor":6,"turns":4},{"damage":81,"enemies":"Lagavulin","floor":11,"turns":11},{"damage":23,"enemies":"Small Slimes","floor":13,"turns":4},{"damage":10,"enemies":"downfall:FleeingMerchant","floor":14,"turns":4},{"damage":0,"enemies":"2 Fungi Beasts","floor":15,"turns":4},{"damage":39,"enemies":"WA_ARCHETYPE_RETAIN","floor":16,"turns":9},{"damage":49,"enemies":"3 Byrds","floor":19,"turns":9},{"damage":63,"enemies":"Shell Parasite","floor":20,"turns":6},{"damage":95,"enemies":"Centurion and Healer","floor":21,"turns":15},{"damage":27,"enemies":"downfall:FleeingMerchant","floor":22,"turns":4},{"damage":70,"enemies":"downfall:FleeingMerchant","floor":23,"turns":10}],"seed_played":"4837368481834132421","potions_obtained":[{"floor":2,"key":"Block Potion"},{"floor":11,"key":"Strength Potion"},{"floor":13,"key":"FairyPotion"},{"floor":15,"key":"SneckoOil"},{"floor":20,"key":"FairyPotion"}],"is_trial":false,"path_per_floor":["R","M","M","$","?","$","T","?","?","R","E","?","M","$","M","B",null,"R","M","M","M","$","?"],"character_chosen":"THE_CHAMP","items_purchased":["champ:EnGarde","champ:BerserkerStyle"],"campfire_rested":1,"item_purchase_floors":[14,22],"current_hp_per_floor":[99,91,83,83,88,78,78,78,71,102,66,76,68,68,68,39,114,124,100,52,35,23,0,0,0],"gold":12,"neow_bonus":"TEN_PERCENT_HP_BONUS","is_daily":false,"chose_seed":false,"campfire_upgraded":1,"win_rate":0.0,"timestamp":1612548253,"path_taken":["R","M","M","$","?","$","T","?","?","R","E","?","M","?","M","BOSS","R","M","M","M","$","?"],"items_purchased_type":["Card","Card"],"build_version":"2020-12-22","purchased_purges":1,"victory":false,"max_hp_per_floor":[99,99,99,99,104,104,104,104,104,104,104,114,114,114,114,114,114,124,124,124,124,124,124,124,124],"card_choices":[{"not_picked":["champ:DefensiveShout","champ:BringItOn"],"picked":"champ:FanOfKnives","floor":2},{"not_picked":["champ:AdrenalArmor","champ:PreciseThrust"],"picked":"champ:ViciousMockery","floor":3},{"not_picked":["champ:Haymaker","champ:ShieldSigil"],"picked":"champ:IronFortress","floor":4},{"not_picked":["champ:EnragedBash","champ:SetATrap"],"picked":"champ:IgnorePain","floor":6},{"not_picked":["champ:FanOfKnives","champ:Haymaker"],"picked":"champ:SetATrap","floor":11},{"not_picked":["champ:Endure","champ:EnGarde"],"picked":"champ:Encircle","floor":13},{"not_picked":["champ:Backstep","champ:PerfectedStrike"],"picked":"champ:FaceSlap","floor":14},{"not_picked":["champ:ShieldSigil","champ:TornadoPunch"],"picked":"champ:RapidStrikes","floor":15},{"not_picked":["champ:HeavySlash","champ:UltimateStance"],"picked":"champ:IgnorePain","floor":16},{"not_picked":["champ:PerfectedStrike","champ:BerserkersShout"],"picked":"champ:GutPunch","floor":19},{"not_picked":["champ:Shatter","champ:Backstep+1"],"picked":"champ:GladiatorStyle","floor":20},{"not_picked":["champ:PerfectedStrike","champ:ShieldSigil+1"],"picked":"champ:Encircle+1","floor":21},{"not_picked":["champ:GutPunch","champ:EnragedBash"],"picked":"champ:FocusedDefense+1","floor":22}],"player_experience":1628044,"relics_obtained":[{"floor":11,"key":"Eternal Feather"}],"event_choices":[{"damage_healed":0,"gold_gain":0,"player_choice":"Donut","damage_taken":0,"max_hp_gain":5,"max_hp_loss":0,"event_name":"Big Fish","floor":5,"gold_loss":0},{"damage_healed":0,"gold_gain":0,"player_choice":"Grow","damage_taken":0,"max_hp_gain":0,"max_hp_loss":0,"event_name":"Living Wall","floor":8,"gold_loss":0,"cards_upgraded":["champ:IgnorePain"]},{"damage_healed":0,"gold_gain":0,"player_choice":"Success","damage_taken":7,"relics_obtained":["Juzu Bracelet"],"max_hp_gain":0,"max_hp_loss":0,"event_name":"Scrap Ooze","floor":9,"gold_loss":0}],"is_beta":false,"boss_relics":[{"not_picked":["bronze:MakeshiftBattery","Empty Cage"],"picked":"champ:ChampionCrownUpgraded"}],"items_purged_floors":[4],"is_endless":false,"potions_floor_spawned":[2,11,13,15,20],"killed_by":"downfall:FleeingMerchant","ascension_level":0}}