{"host":"ty7uytdfitsmf36k","time":1612492512,"event":{"mods":["AchievementEnabler","BaseMod","Colored Map","Colored Powertips","DeckTracker","Downfall","Infinite Spire","Minty Spire (QoL Compilation)","Relic Stats","Replay The Spire","Spire Arcade","StSLib","SuperFastMode","The Jungle","Wandering Minibosses"],"gold_per_floor":[99,114,132,132,148,164,164,177,211,223,223,223,238,266,286,286,286,286],"floor_reached":16,"language":"ENG","playtime":561,"items_purged":[],"score":113,"play_id":"da7b94c4-bd2f-40b9-8932-cd31589ccec6","local_time":"20210204213512","is_ascension_mode":true,"campfire_choices":[{"data":"hexamod:Strike","floor":1,"key":"PURGE"},{"data":"hexamod:Float","floor":12,"key":"SMITH"}],"circlet_count":0,"master_deck":["hexamod:Strike","hexamod:Strike","hexamod:Strike","hexamod:Defend","hexamod:Defend","hexamod:Defend","hexamod:Defend","hexamod:Sear","hexamod:Float+1","hexamod:StepThrough","hexamod:FastForward","Pain","hexamod:RadiantFlame","hexamod:EmpoweredFlame","hexamod:ShieldOfDarkness","hexamod:DynamicBlow","hexamod:SpectersWail"],"relics":["hexamod:SpiritBrand","Art of War","WarpedTongs","Darkstone Periapt","hexamod:InflammatoryLetter"],"acts_visited":["Exordium"],"potions_floor_usage":[9,16],"damage_taken":[{"damage":3,"enemies":"2 Louse","floor":2,"turns":3},{"damage":0,"enemies":"Cultist","floor":3,"turns":3},{"damage":3,"enemies":"Small Slimes","floor":5,"turns":3},{"damage":3,"enemies":"Blue Slaver","floor":6,"turns":3},{"damage":10,"enemies":"Large Slime","floor":8,"turns":7},{"damage":14,"enemies":"3 Sentries","floor":9,"turns":7},{"damage":4,"enemies":"2 Fungi Beasts","floor":10,"turns":5},{"damage":11,"enemies":"Red Slaver","floor":13,"turns":3},{"damage":17,"enemies":"Lots of Slimes","floor":14,"turns":4},{"damage":3,"enemies":"3 Louse","floor":15,"turns":4},{"damage":5,"enemies":"WA_ARCHETYPE_RETAIN","floor":16,"turns":1}],"seed_played":"-7967567008372297097","potions_obtained":[{"floor":2,"key":"ColorlessPotion"},{"floor":8,"key":"CultistPotion"},{"floor":13,"key":"Weak Potion"},{"floor":14,"key":"Reflective Coating"}],"is_trial":false,"path_per_floor":["R_BF","M","M","?","M","M","T","M","E","M","?","R","M","M","M","B"],"character_chosen":"THE_SPIRIT","items_purchased":[],"campfire_rested":0,"item_purchase_floors":[],"current_hp_per_floor":[70,67,67,67,64,61,61,51,37,33,33,33,22,5,2,0,0,0],"gold":286,"neow_bonus":"RANDOM_COMMON_RELIC","is_daily":false,"chose_seed":false,"campfire_upgraded":1,"win_rate":0.0,"timestamp":1612492512,"path_taken":["R_BF","M","M","?","?","M","T","M","E","M","?","R","M","M","M","BOSS"],"items_purchased_type":[],"build_version":"2020-12-22","purchased_purges":0,"victory":false,"max_hp_per_floor":[70,70,70,70,70,70,70,70,70,70,70,70,70,70,70,70,70,70],"relic_stats":{"Darkstone Periapt":0,"counters":[11,43],"Art of War":[5],"obtain_stats":[{"Darkstone Periapt":7,"hexamod:InflammatoryLetter":9,"Art of War":0,"hexamod:SpiritBrand":0,"WarpedTongs":4},{"Darkstone Periapt":4,"hexamod:InflammatoryLetter":6,"Art of War":0,"hexamod:SpiritBrand":0,"WarpedTongs":2},{"Darkstone Periapt":12,"hexamod:InflammatoryLetter":26,"Art of War":0,"hexamod:SpiritBrand":0,"WarpedTongs":6}],"WarpedTongs":[37]},"card_choices":[{"not_picked":["hexamod:CatchUp","hexamod:InspiringFlames"],"picked":"hexamod:StepThrough","floor":2},{"not_picked":["hexamod:RadiantFlame","hexamod:HauntingEcho"],"picked":"hexamod:FastForward","floor":3},{"not_picked":["hexamod:AdvancingGuard","hexamod:GhostLash"],"picked":"hexamod:RadiantFlame","floor":5},{"not_picked":["hexamod:GhostShield","hexamod:AdvancingGuard"],"picked":"hexamod:EmpoweredFlame","floor":6},{"not_picked":["hexamod:BurningTouch","hexamod:NightmareStrike"],"picked":"hexamod:ShieldOfDarkness","floor":8},{"not_picked":["hexamod:Haunt","hexamod:BacktrackSmack"],"picked":"hexamod:DynamicBlow","floor":9},{"not_picked":["hexamod:Haunt","hexamod:ThermalTransfer","hexamod:NightmareStrike"],"picked":"SKIP","floor":10},{"not_picked":["hexamod:GhostLash","hexamod:AdvancingGuard"],"picked":"hexamod:SpectersWail","floor":13},{"not_picked":["hexamod:CatchUp","hexamod:SwordOfDarkness","hexamod:NecessarySacrifice"],"picked":"SKIP","floor":14},{"not_picked":["hexamod:ParanormalForm","hexamod:AdvancingGuard","hexamod:FlamesFromBeyond"],"picked":"SKIP","floor":15}],"player_experience":209589,"relics_obtained":[{"floor":7,"key":"Darkstone Periapt"},{"floor":9,"key":"hexamod:InflammatoryLetter"}],"event_choices":[{"damage_healed":0,"gold_gain":0,"player_choice":"Rummage","damage_taken":0,"relics_obtained":["WarpedTongs"],"max_hp_gain":0,"max_hp_loss":0,"event_name":"Accursed Blacksmith","floor":4,"gold_loss":0,"cards_obtained":["Pain"]}],"is_beta":false,"boss_relics":[],"items_purged_floors":[],"is_endless":false,"potions_floor_spawned":[2,8,13,14],"killed_by":"WA_ARCHETYPE_RETAIN","ascension_level":1}}