{"host":"f5gffvlv6a66yqkd","time":1612545676,"event":{"mods":["2.2 Compatiblity","BaseMod","Colored Map","Custom Start","DeckTracker","Keyboard Shortcuts","Minty Spire (QoL Compilation)","Permanent Neow","Quick Restart","Relic Stats","StSLib","SuperFastMode"],"gold_per_floor":[369,386,45,45,56,56,56,56,56,56,56,75,94,123,123,197,197,215,225,15,15,27,27,77,77,77,87,5,36,52,63,63,137,137,156,175,175,188,188,188,201,235,235,261,280,54,54,72,72,72,72,72,72,3,34,34],"floor_reached":57,"language":"KOR","playtime":2232,"items_purged":["Parasite","Strike_R","Anger"],"score":2968,"play_id":"80c56dba-e426-477a-b112-1f2458a7e4b8","local_time":"20210206022116","is_ascension_mode":true,"campfire_choices":[{"data":"Spot Weakness","floor":6.0,"key":"SMITH"},{"data":"Bash","floor":8.0,"key":"SMITH"},{"floor":10.0,"key":"RECALL"},{"data":"True Grit","floor":15.0,"key":"SMITH"},{"data":"Offering","floor":23.0,"key":"SMITH"},{"floor":25.0,"key":"REST"},{"floor":32.0,"key":"REST"},{"data":"Seeing Red","floor":40.0,"key":"SMITH"},{"data":"Evolve","floor":47.0,"key":"SMITH"},{"floor":49.0,"key":"REST"},{"data":"Feel No Pain","floor":53,"key":"SMITH"}],"circlet_count":0,"master_deck":["AscendersBane","Defend_R","Defend_R","Defend_R","Defend_R","Bash+1","Spot Weakness+1","Wild Strike","Ghostly Armor","Wild Strike","Cleave","True Grit+1","Offering+1","Shockwave+1","Juggernaut+1","Heavy Blade+1","Bloodletting","Feel No Pain+1","Disarm","True Grit+1","Fiend Fire","Seeing Red+1","Infernal Blade+1","Body Slam","Infernal Blade+1","Power Through","Evolve+1","Feel No Pain+1","Limit Break","Dark Embrace","Madness","Intimidate"],"relics":["Burning Blood","Medical Kit","Centennial Puzzle","InkBottle","Pear","Astrolabe","Membership Card","Dead Branch","OrangePellets","The Courier","SlaversCollar","PreservedInsect","Bag of Marbles","Oddly Smooth Stone","Bronze Scales"],"acts_visited":["Exordium","TheCity","TheBeyond","TheEnding"],"potions_floor_usage":[51],"damage_taken":[{"damage":6.0,"enemies":"Cultist","floor":1.0,"turns":3.0},{"damage":6.0,"enemies":"2 Louse","floor":2.0,"turns":3.0},{"damage":2.0,"enemies":"Jaw Worm","floor":5.0,"turns":4.0},{"damage":2.0,"enemies":"Looter","floor":12.0,"turns":3.0},{"damage":17.0,"enemies":"Exordium Thugs","floor":13.0,"turns":4.0},{"damage":32.0,"enemies":"Lagavulin","floor":14.0,"turns":7.0},{"damage":22.0,"enemies":"The Guardian","floor":16.0,"turns":10.0},{"damage":26.0,"enemies":"Chosen","floor":18.0,"turns":5.0},{"damage":9.0,"enemies":"Spheric Guardian","floor":19.0,"turns":3.0},{"damage":22.0,"enemies":"Snake Plant","floor":22.0,"turns":3.0},{"damage":9.0,"enemies":"Cultist and Chosen","floor":27.0,"turns":3.0},{"damage":9.0,"enemies":"Gremlin Leader","floor":29.0,"turns":7.0},{"damage":19.0,"enemies":"Centurion and Healer","floor":30.0,"turns":7.0},{"damage":17.0,"enemies":"Snake Plant","floor":31.0,"turns":4.0},{"damage":26.0,"enemies":"Collector","floor":33.0,"turns":10.0},{"damage":9.0,"enemies":"3 Darklings","floor":35.0,"turns":1.0},{"damage":17.0,"enemies":"3 Shapes","floor":36.0,"turns":4.0},{"damage":10.0,"enemies":"Transient","floor":38.0,"turns":6.0},{"damage":8.0,"enemies":"Writhing Mass","floor":41.0,"turns":4.0},{"damage":6.0,"enemies":"Giant Head","floor":42.0,"turns":7.0},{"damage":13.0,"enemies":"Nemesis","floor":44.0,"turns":7.0},{"damage":15.0,"enemies":"4 Shapes","floor":45.0,"turns":4.0},{"damage":16.0,"enemies":"Sphere and 2 Shapes","floor":48.0,"turns":6.0},{"damage":9.0,"enemies":"Donu and Deca","floor":50.0,"turns":6.0},{"damage":36,"enemies":"Time Eater","floor":51,"turns":6},{"damage":6,"enemies":"Shield and Spear","floor":55,"turns":2},{"damage":31,"enemies":"The Heart","floor":56,"turns":9}],"seed_played":"-1803419696788184990","potions_obtained":[{"floor":5.0,"key":"CultistPotion"},{"floor":12.0,"key":"AttackPotion"},{"floor":14.0,"key":"ColorlessPotion"},{"floor":22.0,"key":"PowerPotion"},{"floor":27.0,"key":"BlessingOfTheForge"},{"floor":29.0,"key":"SteroidPotion"},{"floor":33.0,"key":"Fire Potion"},{"floor":44.0,"key":"AttackPotion"},{"floor":45.0,"key":"SpeedPotion"},{"floor":48.0,"key":"SkillPotion"}],"is_trial":false,"path_per_floor":["M","M","$","T","M","R","?","R","T","R","$","M","M","E","R","B",null,"M","M","$","?","M","R","?","R","T","M","$","E","M","M","R","B",null,"M","M","$","M","?","R","M","E","T","E","M","$","R","M","R","B","B",null,"R","$","E","B",null],"character_chosen":"IRONCLAD","items_purchased":["Medical Kit","Wild Strike","Ghostly Armor","Membership Card","OrangePellets","Power Through","Oddly Smooth Stone","Evolve","Feel No Pain","Dark Embrace","Madness"],"campfire_rested":3,"item_purchase_floors":[3,3,3,20,28,46,46,46,46,54,54],"current_hp_per_floor":[68,68,68,68,72,72,72,72,72,72,72,72,61,45,45,29,69,49,46,46,46,30,30,30,54,54,51,51,48,35,24,48,28,69,66,55,55,51,82,82,80,80,80,73,64,64,64,54,78,75,45,73,73,73,73,48],"gold":34,"neow_bonus":"TWO_FIFTY_GOLD","is_daily":false,"chose_seed":false,"campfire_upgraded":7,"win_rate":0.0,"timestamp":1612545676,"path_taken":["M","?","$","?","M","R","?","R","T","R","?","M","M","E","R","BOSS","M","M","$","?","M","R","?","R","T","M","$","E","?","M","R","BOSS","M","M","$","M","?","R","M","E","T","E","?","?","R","M","R","BOSS","BOSS","R","$","E","BOSS"],"items_purchased_type":["Relic","Card","Card","Relic","Relic","Card","Relic","Card","Card","Card","Card"],"build_version":"2020-12-22","purchased_purges":3,"victory":true,"max_hp_per_floor":[75,75,72,72,72,72,72,72,72,72,72,72,72,82,82,82,82,82,82,82,82,82,82,82,82,82,82,82,82,82,82,82,82,82,82,82,82,82,82,82,82,82,82,82,82,82,82,82,82,82,82,82,82,82,82,82],"relic_stats":{"OrangePellets":[19],"Centennial Puzzle":[75],"counters":[27,138],"Astrolabe":["Shockwave","Juggernaut","Heavy Blade"],"Dead Branch":[512],"Bronze Scales":[114],"PreservedInsect":127,"Medical Kit":[90],"obtain_stats":[{"Pear":14,"Astrolabe":17,"Dead Branch":26,"Oddly Smooth Stone":46,"The Courier":29,"PreservedInsect":42,"Medical Kit":3,"Burning Blood":0,"OrangePellets":28,"SlaversCollar":34,"Centennial Puzzle":4,"Bronze Scales":55,"Bag of Marbles":44,"Membership Card":20,"InkBottle":9},{"Pear":6,"Astrolabe":7,"Dead Branch":10,"Oddly Smooth Stone":22,"The Courier":12,"PreservedInsect":20,"Medical Kit":2,"Burning Blood":0,"OrangePellets":11,"SlaversCollar":15,"Centennial Puzzle":2,"Bronze Scales":26,"Bag of Marbles":21,"Membership Card":9,"InkBottle":3},{"Pear":24,"Astrolabe":34,"Dead Branch":45,"Oddly Smooth Stone":109,"The Courier":55,"PreservedInsect":98,"Medical Kit":6,"Burning Blood":0,"OrangePellets":48,"SlaversCollar":76,"Centennial Puzzle":6,"Bronze Scales":129,"Bag of Marbles":105,"Membership Card":42,"InkBottle":10}],"Burning Blood":158,"InkBottle":[67]},"card_choices":[{"not_picked":["True Grit","Clash"],"picked":"Anger","floor":1.0},{"not_picked":["Twin Strike","Perfected Strike"],"picked":"Spot Weakness","floor":2.0},{"not_picked":["Havoc","Uppercut"],"picked":"Wild Strike","floor":5.0},{"not_picked":["Thunderclap","Headbutt"],"picked":"Cleave","floor":12.0},{"not_picked":["Flex","Corruption","Body Slam"],"picked":"SKIP","floor":13.0},{"not_picked":["Sentinel","Warcry"],"picked":"True Grit","floor":14.0},{"not_picked":["Barricade","Berserk"],"picked":"Offering","floor":16.0},{"not_picked":["Flame Barrier","Searing Blow"],"picked":"Bloodletting","floor":18.0},{"not_picked":["Searing Blow","Pummel"],"picked":"Feel No Pain+1","floor":19.0},{"not_picked":["Sword Boomerang","Warcry","Flex"],"picked":"SKIP","floor":22.0},{"not_picked":["Rupture+1","Clothesline","Thunderclap"],"picked":"SKIP","floor":27.0},{"not_picked":["Inflame","Entrench"],"picked":"Disarm","floor":29.0},{"not_picked":["Intimidate","Ghostly Armor"],"picked":"True Grit+1","floor":30.0},{"not_picked":["Whirlwind","Disarm","Thunderclap"],"picked":"SKIP","floor":31.0},{"not_picked":["Demon Form","Reaper"],"picked":"Fiend Fire","floor":33.0},{"not_picked":["Ghostly Armor+1","Headbutt"],"picked":"Seeing Red","floor":35.0},{"not_picked":["Pommel Strike","Thunderclap","Cleave"],"picked":"SKIP","floor":36.0},{"not_picked":["Battle Trance","Flex"],"picked":"Infernal Blade+1","floor":38.0},{"not_picked":["Immolate","Heavy Blade","Headbutt"],"picked":"SKIP","floor":41.0},{"not_picked":["Cleave","Iron Wave"],"picked":"Body Slam","floor":42.0},{"not_picked":["Clash","Searing Blow"],"picked":"Infernal Blade+1","floor":44.0},{"not_picked":["Clash+1","Twin Strike","Dropkick"],"picked":"SKIP","floor":45.0},{"not_picked":["Battle Trance","Uppercut"],"picked":"Limit Break","floor":48.0},{"not_picked":["Ghostly Armor","Carnage"],"picked":"Intimidate","floor":55}],"player_experience":1658630,"relics_obtained":[{"floor":4.0,"key":"Centennial Puzzle"},{"floor":9.0,"key":"InkBottle"},{"floor":14.0,"key":"Pear"},{"floor":26.0,"key":"Dead Branch"},{"floor":29.0,"key":"The Courier"},{"floor":42.0,"key":"PreservedInsect"},{"floor":44.0,"key":"Bag of Marbles"},{"floor":55,"key":"Bronze Scales"}],"event_choices":[{"damage_healed":0.0,"max_hp_gain":0.0,"max_hp_loss":0.0,"gold_gain":0.0,"event_name":"The Cleric","player_choice":"Leave","floor":7.0,"gold_loss":0.0,"damage_taken":0.0},{"cards_removed":["Strike_R"],"damage_healed":0.0,"max_hp_gain":0.0,"max_hp_loss":0.0,"gold_gain":0.0,"event_name":"Back to Basics","player_choice":"Elegance","floor":21.0,"gold_loss":0.0,"damage_taken":0.0},{"damage_healed":0.0,"max_hp_gain":0.0,"max_hp_loss":0.0,"gold_gain":50.0,"event_name":"Nest","player_choice":"Stole From Cult","floor":24.0,"gold_loss":0.0,"damage_taken":0.0},{"damage_healed":31.0,"max_hp_gain":0.0,"max_hp_loss":0.0,"gold_gain":0.0,"event_name":"Wheel of Change","player_choice":"Full Heal","floor":39.0,"gold_loss":0.0,"damage_taken":0.0}],"is_beta":false,"boss_relics":[{"not_picked":["Cursed Key","SacredBark"],"picked":"Astrolabe"},{"not_picked":["Coffee Dripper","Runic Dome"],"picked":"SlaversCollar"}],"items_purged_floors":[3,20,46],"is_endless":false,"potions_floor_spawned":[5,12,14,22,27,29,33,44,45,48],"ascension_level":20}}