{"host":"vyjryxuuuxkt43k4","time":1612486707,"event":{"mods":["AchievementEnabler","BaseMod","Colored Map","DeckTracker","Highlight Path","Keyboard Shortcuts","Minty Spire (QoL Compilation)","Permanent Neow","Quick Restart","Relic Stats","StSLib","SuperFastMode","everything is the same but u backflip on backflip"],"gold_per_floor":[369,5,19,33,108,108,118,118,118,144,144,164,164,178,178,254,254,264,277,289,308,62,62,62,62,62,62,77,89,39,57,57,57,57],"floor_reached":33,"language":"KOR","playtime":1297,"items_purged":["Strike_P"],"score":427,"play_id":"fbc70eef-3e9b-47d6-8954-f7bdf3239218","local_time":"20210205095827","is_ascension_mode":true,"campfire_choices":[{"data":"Eruption","floor":6.0,"key":"SMITH"},{"floor":8.0,"key":"REST"},{"floor":11.0,"key":"REST"},{"floor":15.0,"key":"REST"},{"floor":23,"key":"REST"},{"floor":25,"key":"REST"},{"data":"CrushJoints","floor":27,"key":"SMITH"},{"floor":32,"key":"REST"}],"circlet_count":0,"master_deck":["AscendersBane","Strike_P","Strike_P","Strike_P","Defend_P","Defend_P","Defend_P","Eruption+1","Vigilance","CrushJoints+1","FearNoEvil","FollowUp","Halt","WheelKick","Adaptation+1","DevaForm+1","TalkToTheHand","Halt+1","Injury"],"relics":["PureWater","Sundial","Frozen Egg 2","Letter Opener","Cursed Key","Kunai","Bronze Scales"],"acts_visited":["Exordium","TheCity"],"potions_floor_usage":[29,31,33],"damage_taken":[{"damage":0.0,"enemies":"2 Louse","floor":1.0,"turns":2.0},{"damage":0.0,"enemies":"Cultist","floor":3.0,"turns":2.0},{"damage":7.0,"enemies":"Jaw Worm","floor":4.0,"turns":3.0},{"damage":17.0,"enemies":"3 Louse","floor":7.0,"turns":4.0},{"damage":24.0,"enemies":"3 Sentries","floor":10.0,"turns":9.0},{"damage":6.0,"enemies":"Exordium Wildlife","floor":12.0,"turns":4.0},{"damage":1.0,"enemies":"Looter","floor":14.0,"turns":2.0},{"damage":22.0,"enemies":"The Guardian","floor":16.0,"turns":7.0},{"damage":2.0,"enemies":"Chosen","floor":18.0,"turns":3.0},{"damage":1.0,"enemies":"3 Byrds","floor":19.0,"turns":4.0},{"damage":30.0,"enemies":"Snake Plant","floor":20.0,"turns":4.0},{"damage":4,"enemies":"Snecko","floor":21,"turns":5},{"damage":0,"enemies":"Cultist and Chosen","floor":28,"turns":4},{"damage":32,"enemies":"Shelled Parasite and Fungi","floor":29,"turns":5},{"damage":11,"enemies":"Snecko","floor":31,"turns":5},{"damage":91,"enemies":"Automaton","floor":33,"turns":6}],"seed_played":"-4149316354193266719","potions_obtained":[{"floor":4.0,"key":"FearPotion"},{"floor":7.0,"key":"GamblersBrew"},{"floor":12.0,"key":"AttackPotion"},{"floor":16.0,"key":"Fire Potion"},{"floor":19.0,"key":"AttackPotion"},{"floor":28,"key":"DuplicationPotion"},{"floor":31,"key":"BlessingOfTheForge"}],"is_trial":false,"path_per_floor":["M","$","M","M","?","R","M","R","T","E","R","M","?","M","R","B",null,"M","M","M","M","$","R","?","R","T","R","M","M","$","M","R","B"],"character_chosen":"WATCHER","items_purchased":["Sundial","FearNoEvil","Kunai","Weak Potion"],"campfire_rested":6,"item_purchase_floors":[2,2,22,30],"current_hp_per_floor":[43,43,43,36,25,25,8,28,28,4,24,18,18,17,37,15,55,53,52,22,18,18,38,26,47,47,47,47,15,15,4,25,0,0],"gold":57,"neow_bonus":"TWO_FIFTY_GOLD","is_daily":false,"chose_seed":false,"campfire_upgraded":2,"win_rate":0.0,"timestamp":1612486707,"path_taken":["M","$","M","M","?","R","M","R","T","E","R","M","?","M","R","BOSS","M","?","M","M","$","R","?","R","T","R","M","M","$","M","R","BOSS"],"items_purchased_type":["Relic","Card","Relic","Potion"],"build_version":"2020-12-22","purchased_purges":1,"victory":false,"max_hp_per_floor":[68,68,68,68,68,68,68,68,68,68,68,68,68,68,68,68,68,68,68,68,68,68,68,73,73,73,73,73,73,73,73,73,73,73],"relic_stats":{"counters":[16,69],"Sundial":[12],"Bronze Scales":[62],"Letter Opener":[32],"Kunai":[10],"Cursed Key":1,"obtain_stats":[{"Sundial":2,"Bronze Scales":26,"Letter Opener":10,"Kunai":22,"PureWater":0,"Frozen Egg 2":9,"Cursed Key":17},{"Sundial":1,"Bronze Scales":12,"Letter Opener":5,"Kunai":12,"PureWater":0,"Frozen Egg 2":4,"Cursed Key":8},{"Sundial":2,"Bronze Scales":49,"Letter Opener":20,"Kunai":49,"PureWater":0,"Frozen Egg 2":11,"Cursed Key":33}]},"card_choices":[{"not_picked":["SashWhip","ReachHeaven"],"picked":"CrushJoints","floor":1.0},{"not_picked":["FollowUp","PathToVictory","Evaluate"],"picked":"SKIP","floor":3.0},{"not_picked":["FlurryOfBlows","DeceiveReality","DevaForm"],"picked":"SKIP","floor":4.0},{"not_picked":["SashWhip","BowlingBash","Crescendo"],"picked":"SKIP","floor":7.0},{"not_picked":["Evaluate","Sanctity"],"picked":"FollowUp","floor":10.0},{"not_picked":["PathToVictory","EmptyBody"],"picked":"Halt","floor":12.0},{"not_picked":["TalkToTheHand","CrushJoints"],"picked":"Adaptation+1","floor":14.0},{"not_picked":["ConjureBlade","Brilliance"],"picked":"DevaForm+1","floor":16.0},{"not_picked":["Fasting2+1","JustLucky"],"picked":"TalkToTheHand","floor":18.0},{"not_picked":["CutThroughFate","Protect","Evaluate"],"picked":"SKIP","floor":19.0},{"not_picked":["Indignation","FlurryOfBlows"],"picked":"Halt+1","floor":20.0},{"not_picked":["CutThroughFate","WindmillStrike","BattleHymn+1"],"picked":"SKIP","floor":21},{"not_picked":["Judgement","Fasting2+1","ThirdEye"],"picked":"SKIP","floor":28},{"not_picked":["CarveReality","ThirdEye","Halt"],"picked":"SKIP","floor":29},{"not_picked":["Conclude","Perseverance","PathToVictory"],"picked":"SKIP","floor":31}],"player_experience":723735,"relics_obtained":[{"floor":9.0,"key":"Frozen Egg 2"},{"floor":10.0,"key":"Letter Opener"},{"floor":26,"key":"Bronze Scales"}],"event_choices":[{"damage_healed":0.0,"max_hp_gain":0.0,"max_hp_loss":0.0,"gold_gain":75.0,"event_name":"World of Goop","player_choice":"Gather Gold","floor":5.0,"gold_loss":0.0,"damage_taken":11.0},{"damage_healed":0.0,"max_hp_gain":0.0,"max_hp_loss":0.0,"gold_gain":0.0,"cards_transformed":["Defend_P"],"event_name":"Transmorgrifier","player_choice":"Transformed","floor":13.0,"gold_loss":0.0,"damage_taken":0.0,"cards_obtained":["WheelKick"]},{"damage_healed":0,"gold_gain":0,"player_choice":"Shed Blood","damage_taken":17,"max_hp_gain":5,"max_hp_loss":0,"event_name":"Forgotten Altar","floor":24,"gold_loss":0}],"is_beta":false,"boss_relics":[{"not_picked":["Velvet Choker","Coffee Dripper"],"picked":"Cursed Key"}],"items_purged_floors":[2],"is_endless":false,"potions_floor_spawned":[4,7,12,16,19,28,31],"killed_by":"Automaton","ascension_level":14}}