{"host":"36t3qd3wjvajtu1z","time":1612507180,"event":{"mods":["2.2 Compatiblity","AchievementEnabler","BaseMod","Block Reminder","Colored Map","Colored Powertips","Minty Spire (QoL Compilation)","Permanent Neow","Quick Restart","Random Character Button","Rare Cards Sparkle","Relic Stats","Slay-I","StSLib"],"gold_per_floor":[112,112,131,141,158,158,193,193,193,193,19,45,65,75,75,176,176,190,190,205,205,219,251,268,268,268,279,279,292,327,30,30,130,130,149,149,149,162,162,162,194,194,194,224,224,239,251,9,9,9],"floor_reached":51,"language":"ENG","playtime":3371,"items_purged":["Strike_G","Well Laid Plans"],"score":1156,"play_id":"781e9e23-74ad-4836-884b-0376548136cc","local_time":"20210204223940","is_ascension_mode":true,"campfire_choices":[{"data":"Blade Dance","floor":6.0,"key":"SMITH"},{"data":"Cloak And Dagger","floor":8.0,"key":"SMITH"},{"floor":10.0,"key":"REST"},{"floor":15.0,"key":"REST"},{"data":"Apotheosis","floor":25.0,"key":"SMITH"},{"data":"After Image","floor":28.0,"key":"SMITH"},{"floor":32.0,"key":"REST"},{"data":"After Image","floor":40.0,"key":"SMITH"},{"floor":42.0,"key":"REST"},{"floor":45,"key":"REST"},{"floor":49,"key":"DIG"}],"circlet_count":0,"master_deck":["AscendersBane","Strike_G","Defend_G","Defend_G","Defend_G","Neutralize","Unload","Bullet Time","Poisoned Stab","Blur","Slice","Blade Dance+1","Cloak And Dagger+1","Apotheosis+1","Terror+1","Deadly Poison","A Thousand Cuts","Backflip","After Image+1","Venomology","Dash+1","Blur","Envenom","Predator","Caltrops","After Image+1","Blade Dance+1","Phantasmal Killer","Leg Sweep+1","Accuracy+1","After Image","Choke"],"relics":["Ring of the Snake","Boot","Vajra","InkBottle","WristBlade","War Paint","Blood Vial","Pantograph","Potion Belt","Runic Pyramid","Ninja Scroll","Bottled Flame","Darkstone Periapt","Shovel","Lantern"],"acts_visited":["Exordium","TheCity","TheBeyond"],"potions_floor_usage":[44,44,50,50],"damage_taken":[{"damage":0.0,"enemies":"2 Louse","floor":1.0,"turns":2.0},{"damage":2.0,"enemies":"Cultist","floor":3.0,"turns":4.0},{"damage":0.0,"enemies":"Small Slimes","floor":4.0,"turns":3.0},{"damage":0.0,"enemies":"Exordium Thugs","floor":5.0,"turns":5.0},{"damage":15.0,"enemies":"3 Sentries","floor":7.0,"turns":10.0},{"damage":13.0,"enemies":"Lagavulin","floor":12.0,"turns":6.0},{"damage":0.0,"enemies":"Large Slime","floor":13.0,"turns":4.0},{"damage":14.0,"enemies":"Exordium Wildlife","floor":14.0,"turns":4.0},{"damage":5.0,"enemies":"The Guardian","floor":16.0,"turns":8.0},{"damage":10.0,"enemies":"Shell Parasite","floor":18.0,"turns":3.0},{"damage":1.0,"enemies":"Chosen","floor":20.0,"turns":3.0},{"damage":10.0,"enemies":"Centurion and Healer","floor":22.0,"turns":4.0},{"damage":7.0,"enemies":"Slavers","floor":23.0,"turns":4.0},{"damage":0.0,"enemies":"Snecko","floor":24.0,"turns":4.0},{"damage":3.0,"enemies":"Shelled Parasite and Fungi","floor":27.0,"turns":3.0},{"damage":8.0,"enemies":"Cultist and Chosen","floor":29.0,"turns":6.0},{"damage":27.0,"enemies":"Gremlin Leader","floor":30.0,"turns":5.0},{"damage":30.0,"enemies":"Collector","floor":33.0,"turns":6.0},{"damage":4.0,"enemies":"Orb Walker","floor":35.0,"turns":2.0},{"damage":10.0,"enemies":"3 Shapes","floor":38.0,"turns":6.0},{"damage":10.0,"enemies":"Reptomancer","floor":41.0,"turns":6.0},{"damage":31,"enemies":"Giant Head","floor":44,"turns":7},{"damage":12,"enemies":"Maw","floor":46,"turns":6},{"damage":0,"enemies":"Spire Growth","floor":47,"turns":3},{"damage":10,"enemies":"Donu and Deca","floor":50,"turns":10}],"seed_played":"5847480598692680208","potions_obtained":[{"floor":4.0,"key":"Dexterity Potion"},{"floor":7.0,"key":"Energy Potion"},{"floor":12.0,"key":"GamblersBrew"},{"floor":16.0,"key":"SteroidPotion"},{"floor":18.0,"key":"DistilledChaos"},{"floor":27.0,"key":"PowerPotion"},{"floor":33.0,"key":"Weak Potion"},{"floor":46,"key":"LiquidMemories"},{"floor":47,"key":"Poison Potion"}],"is_trial":false,"path_per_floor":["M","?","M","M","M","R","E","R","T","R","$","E","M","M","R","B",null,"M","?","M","?","M","E","M","R","T","M","R","M","E","$","R","B",null,"M","?","?","M","T","R","E","R","T","E","R","M","M","$","R","B",null],"character_chosen":"THE_SILENT","items_purchased":["Apotheosis","Potion Belt","Caltrops","After Image","Choke"],"campfire_rested":5,"item_purchase_floors":[11,31,31,48,48],"current_hp_per_floor":[45,45,43,43,43,43,28,28,28,49,49,36,36,22,43,38,62,52,70,69,69,59,52,52,52,52,51,51,45,20,20,41,38,62,60,60,60,52,52,52,44,65,65,36,57,47,49,49,49,60],"gold":9,"neow_bonus":"TRANSFORM_TWO_CARDS","is_daily":false,"chose_seed":false,"campfire_upgraded":5,"win_rate":0.0,"timestamp":1612507180,"path_taken":["M","?","?","M","M","R","E","R","T","R","$","E","M","M","R","BOSS","M","?","M","?","?","E","M","R","T","M","R","M","E","$","R","BOSS","M","?","?","M","?","R","E","R","T","E","R","M","M","$","R","BOSS"],"items_purchased_type":["Card","Relic","Card","Card","Card"],"build_version":"2020-12-22","purchased_purges":2,"victory":true,"max_hp_per_floor":[70,70,70,70,70,70,70,70,70,70,70,70,70,70,70,70,70,70,70,70,70,70,70,70,70,70,70,70,70,70,70,70,70,70,70,70,70,70,70,70,70,70,70,70,70,70,70,70,70,70],"relic_stats":{"Blood Vial":20,"Darkstone Periapt":0,"Shovel":1,"counters":[25,124],"Pantograph":46,"War Paint":["Terror","Survivor"],"Boot":[11],"obtain_stats":[{"Potion Belt":31,"Darkstone Periapt":43,"Lantern":49,"Vajra":9,"War Paint":23,"Boot":7,"Blood Vial":26,"Bottled Flame":41,"Shovel":44,"WristBlade":17,"Ninja Scroll":39,"Pantograph":30,"InkBottle":12,"Ring of the Snake":0,"Runic Pyramid":34},{"Potion Belt":17,"Darkstone Periapt":21,"Lantern":24,"Vajra":5,"War Paint":13,"Boot":5,"Blood Vial":14,"Bottled Flame":21,"Shovel":22,"WristBlade":9,"Ninja Scroll":20,"Pantograph":17,"InkBottle":6,"Ring of the Snake":0,"Runic Pyramid":18},{"Potion Belt":78,"Darkstone Periapt":98,"Lantern":114,"Vajra":24,"War Paint":60,"Boot":24,"Blood Vial":64,"Bottled Flame":98,"Shovel":105,"WristBlade":46,"Ninja Scroll":92,"Pantograph":78,"InkBottle":30,"Ring of the Snake":0,"Runic Pyramid":84}],"InkBottle":[38],"Ring of the Snake":[50]},"card_choices":[{"not_picked":["Cloak And Dagger","Prepared"],"picked":"Poisoned Stab","floor":1.0},{"not_picked":["Acrobatics","Flechettes"],"picked":"Blur","floor":3.0},{"not_picked":["Sucker Punch","Prepared"],"picked":"Slice","floor":4.0},{"not_picked":["PiercingWail","Slice"],"picked":"Blade Dance","floor":5.0},{"not_picked":["Grand Finale","Poisoned Stab"],"picked":"Cloak And Dagger","floor":7.0},{"not_picked":["Underhanded Strike","Blade Dance"],"picked":"Terror","floor":12.0},{"not_picked":["Prepared","Outmaneuver"],"picked":"Deadly Poison","floor":13.0},{"not_picked":["Sucker Punch","Acrobatics"],"picked":"Well Laid Plans","floor":14.0},{"not_picked":["Grand Finale","Storm of Steel"],"picked":"A Thousand Cuts","floor":16.0},{"not_picked":["Sucker Punch","All Out Attack","Flying Knee"],"picked":"SKIP","floor":18.0},{"not_picked":["Eviscerate","PiercingWail"],"picked":"Backflip","floor":20.0},{"not_picked":["Dagger Throw","Dodge and Roll+1","Deflect+1"],"picked":"SKIP","floor":22.0},{"not_picked":["Dagger Throw","Sucker Punch","Flying Knee"],"picked":"SKIP","floor":23.0},{"not_picked":["Flying Knee+1","Outmaneuver"],"picked":"Dash+1","floor":24.0},{"not_picked":["Underhanded Strike","Cloak And Dagger"],"picked":"Blur","floor":27.0},{"not_picked":["Deflect+1","Quick Slash"],"picked":"Envenom","floor":29.0},{"not_picked":["Acrobatics","Dodge and Roll"],"picked":"Predator","floor":30.0},{"not_picked":["Adrenaline","A Thousand Cuts"],"picked":"After Image","floor":33.0},{"not_picked":["All Out Attack","Flying Knee"],"picked":"Blade Dance+1","floor":35.0},{"not_picked":["Skewer","Endless Agony+1","Dash"],"picked":"SKIP","floor":38.0},{"not_picked":["Catalyst","Riddle With Holes"],"picked":"Phantasmal Killer","floor":41.0},{"not_picked":["Doppelganger","Poisoned Stab","Blade Dance"],"picked":"SKIP","floor":44},{"not_picked":["Bane","Blur"],"picked":"Leg Sweep+1","floor":46},{"not_picked":["Acrobatics","Underhanded Strike+1"],"picked":"Accuracy+1","floor":47}],"player_experience":399887,"relics_obtained":[{"floor":7.0,"key":"Boot"},{"floor":9.0,"key":"Vajra"},{"floor":12.0,"key":"InkBottle"},{"floor":23.0,"key":"War Paint"},{"floor":26.0,"key":"Blood Vial"},{"floor":30.0,"key":"Pantograph"},{"floor":39.0,"key":"Ninja Scroll"},{"floor":41.0,"key":"Bottled Flame"},{"floor":43.0,"key":"Darkstone Periapt"},{"floor":44,"key":"Shovel"},{"floor":49,"key":"Lantern"}],"event_choices":[{"cards_removed":["Strike_G"],"damage_healed":0.0,"max_hp_gain":0.0,"max_hp_loss":0.0,"gold_gain":0.0,"event_name":"Purifier","player_choice":"Purged","floor":2.0,"gold_loss":0.0,"damage_taken":0.0},{"damage_healed":23.0,"max_hp_gain":0.0,"max_hp_loss":0.0,"gold_gain":0.0,"event_name":"The Library","player_choice":"Heal","floor":19.0,"gold_loss":0.0,"damage_taken":0.0},{"damage_healed":0.0,"max_hp_gain":0.0,"max_hp_loss":0.0,"gold_gain":0.0,"cards_transformed":["Defend_G","Strike_G"],"event_name":"Drug Dealer","player_choice":"Became Test Subject","floor":21.0,"gold_loss":0.0,"damage_taken":0.0,"cards_obtained":["After Image","Venomology"]},{"cards_removed":["Survivor"],"damage_healed":0.0,"max_hp_gain":0.0,"max_hp_loss":0.0,"gold_gain":0.0,"event_name":"Falling","player_choice":"Removed Skill","floor":36.0,"gold_loss":0.0,"damage_taken":0.0},{"damage_healed":0.0,"max_hp_gain":0.0,"max_hp_loss":0.0,"gold_gain":0.0,"event_name":"Mysterious Sphere","player_choice":"Ignored","floor":37.0,"gold_loss":0.0,"damage_taken":0.0}],"is_beta":false,"boss_relics":[{"not_picked":["Snecko Eye","Runic Dome"],"picked":"WristBlade"},{"not_picked":["Empty Cage","Sozu"],"picked":"Runic Pyramid"}],"items_purged_floors":[31,48],"is_endless":false,"potions_floor_spawned":[4,7,12,16,18,24,27,33,46,47],"ascension_level":12}}