{"host":"6p0attdrtjqaih7v","time":1612500678,"event":{"mods":["2.2 Compatiblity","AchievementEnabler","Bard","BaseMod","Better Skull","Better Third Choice","Colored Powertips","Hermit","Highlight Path","Key Reminder","Minty Spire (QoL Compilation)","Permanent Neow","Quick Restart","Random Character Button","Relic Stats","Reliquary","Replay The Spire","Robot Space Explorer","StSLib","The Witch"],"gold_per_floor":[210,225,225,16,35,61,61,91,91,91,103,119,136,152,152,226,226,226,26,6,6,6,6,6,6,6,6,6,6,6,6,6,6,6],"floor_reached":33,"language":"ENG","playtime":1556,"items_purged":[],"score":612,"play_id":"13ee3f13-6b24-49e7-9ccb-5d6665e3159d","local_time":"20210204235118","is_ascension_mode":true,"campfire_choices":[{"data":"RobotSpaceExplorer:ExhaustFan","floor":7,"key":"SMITH"},{"floor":10,"key":"REST"},{"data":"RobotSpaceExplorer:SelfCleaning","floor":15,"key":"SMITH"},{"data":"RobotSpaceExplorer:ExhaustFan","floor":24,"key":"SMITH"},{"data":"RobotSpaceExplorer:ShovelStrike","floor":28,"key":"SMITH"},{"data":"RobotSpaceExplorer:ShovelStrike","floor":30,"key":"SMITH"},{"data":"RobotSpaceExplorer:Blaster","floor":32,"key":"SMITH"}],"circlet_count":0,"master_deck":["AscendersBane","RobotSpaceExplorer:Strike","RobotSpaceExplorer:Strike","RobotSpaceExplorer:Strike","RobotSpaceExplorer:Defend","RobotSpaceExplorer:Defend","RobotSpaceExplorer:Defend","RobotSpaceExplorer:Defend","RobotSpaceExplorer:Scan","RobotSpaceExplorer:MiniLasers","RobotSpaceExplorer:Smokescreen","RobotSpaceExplorer:PlasmaMissile","RobotSpaceExplorer:ExhaustFan+1","RobotSpaceExplorer:SelfCleaning+1","RobotSpaceExplorer:ScrapToss","RobotSpaceExplorer:GearShield","RobotSpaceExplorer:ScrapShield","RobotSpaceExplorer:ShovelStrike+1","RobotSpaceExplorer:PlasmaMissile","RobotSpaceExplorer:Blaster+1","RobotSpaceExplorer:SurgingStrike","RobotSpaceExplorer:LuckyStrike","RobotSpaceExplorer:Probe","RobotSpaceExplorer:ExhaustFan+1","RobotSpaceExplorer:ToxicBomb+1","RobotSpaceExplorer:Electropulse","RobotSpaceExplorer:ShovelStrike+1"],"relics":["RobotSpaceExplorer:RoboCore","ClockworkSouvenir","Vajra","Meat on the Bone","Replay:Mystery Machine","Ectoplasm","Medical Kit","reliquary:PorcupineQuills","reliquary:Knoch"],"acts_visited":["Exordium","TheCity"],"potions_floor_usage":[6,13,16,20,23,25,33],"damage_taken":[{"damage":0,"enemies":"Jaw Worm","floor":1,"turns":6},{"damage":0,"enemies":"2 Louse","floor":2,"turns":3},{"damage":3,"enemies":"Small Slimes","floor":5,"turns":6},{"damage":33,"enemies":"Gremlin Nob","floor":6,"turns":5},{"damage":19,"enemies":"Lagavulin","floor":8,"turns":8},{"damage":2,"enemies":"Exordium Wildlife","floor":11,"turns":5},{"damage":0,"enemies":"Exordium Thugs","floor":12,"turns":4},{"damage":1,"enemies":"Blue Slaver","floor":13,"turns":3},{"damage":0,"enemies":"3 Louse","floor":14,"turns":4},{"damage":27,"enemies":"Slime Boss","floor":16,"turns":10},{"damage":1,"enemies":"Shell Parasite","floor":18,"turns":4},{"damage":11,"enemies":"2 Thieves","floor":20,"turns":2},{"damage":6,"enemies":"Chosen and Byrds","floor":22,"turns":4},{"damage":0,"enemies":"Gremlin Leader","floor":23,"turns":7},{"damage":8,"enemies":"Snecko","floor":25,"turns":7},{"damage":9,"enemies":"3 Cultists","floor":29,"turns":5},{"damage":12,"enemies":"Sentry and Sphere","floor":31,"turns":5},{"damage":40,"enemies":"Collector","floor":33,"turns":9}],"seed_played":"5547010830424703966","potions_obtained":[{"floor":1,"key":"SkillPotion"},{"floor":8,"key":"Swift Potion"},{"floor":11,"key":"Cursed Concoction"},{"floor":16,"key":"DuplicationPotion"},{"floor":18,"key":"Swift Potion"},{"floor":20,"key":"ColorlessPotion"},{"floor":25,"key":"Block Potion"}],"is_trial":false,"path_per_floor":["M","M","?","$","M","E","R","E","T","R","M","M","M","M","R","B",null,"M","$","M","?","M","E","R","M","T","$","R","M","R","M","R","B"],"character_chosen":"RobotSpaceExplorer","items_purchased":["ClockworkSouvenir","RobotSpaceExplorer:ExhaustFan","Medical Kit","RobotSpaceExplorer:LuckyStrike"],"campfire_rested":1,"item_purchase_floors":[4,4,19,19],"current_hp_per_floor":[64,64,64,64,61,28,28,9,9,30,40,40,39,39,39,24,59,58,58,47,47,41,41,41,45,45,45,45,36,36,36,36,0,0],"gold":6,"neow_bonus":"HUNDRED_GOLD","is_daily":false,"chose_seed":false,"campfire_upgraded":6,"win_rate":0.0,"timestamp":1612500678,"path_taken":["M","M","?","$","M","E","R","E","T","R","M","M","M","M","R","BOSS","M","$","M","?","M","E","R","M","T","$","R","M","R","M","R","BOSS"],"items_purchased_type":["Relic","Card","Relic","Card"],"build_version":"2020-12-22","purchased_purges":0,"victory":false,"max_hp_per_floor":[71,71,71,71,71,71,71,71,71,71,71,71,71,71,71,71,71,71,71,71,71,71,71,71,71,71,71,71,71,71,71,71,71,71],"relic_stats":{"counters":[18,97],"Ectoplasm":159,"Medical Kit":[3],"obtain_stats":[{"reliquary:PorcupineQuills":23,"Vajra":6,"RobotSpaceExplorer:RoboCore":0,"Ectoplasm":17,"reliquary:Knoch":26,"Replay:Mystery Machine":9,"Medical Kit":19,"ClockworkSouvenir":4,"Meat on the Bone":8},{"reliquary:PorcupineQuills":14,"Vajra":4,"RobotSpaceExplorer:RoboCore":0,"Ectoplasm":10,"reliquary:Knoch":15,"Replay:Mystery Machine":5,"Medical Kit":11,"ClockworkSouvenir":2,"Meat on the Bone":5},{"reliquary:PorcupineQuills":71,"Vajra":20,"RobotSpaceExplorer:RoboCore":0,"Ectoplasm":54,"reliquary:Knoch":78,"Replay:Mystery Machine":28,"Medical Kit":58,"ClockworkSouvenir":9,"Meat on the Bone":28}],"Meat on the Bone":48},"card_choices":[{"not_picked":["RobotSpaceExplorer:ShockKick","RobotSpaceExplorer:Electroshield"],"picked":"RobotSpaceExplorer:Smokescreen","floor":1},{"not_picked":["RobotSpaceExplorer:FrostMissile","RobotSpaceExplorer:SwiftStep"],"picked":"RobotSpaceExplorer:PlasmaMissile","floor":2},{"not_picked":["RobotSpaceExplorer:ImprovisedAttack","RobotSpaceExplorer:Reload"],"picked":"RobotSpaceExplorer:SelfCleaning","floor":5},{"not_picked":["RobotSpaceExplorer:Probe","RobotSpaceExplorer:MetalStrike"],"picked":"RobotSpaceExplorer:ScrapToss","floor":6},{"not_picked":["RobotSpaceExplorer:Electropulse","RobotSpaceExplorer:Jetpack"],"picked":"RobotSpaceExplorer:GearShield","floor":8},{"not_picked":["RobotSpaceExplorer:Pulsar","RobotSpaceExplorer:Counterblock"],"picked":"RobotSpaceExplorer:ScrapShield","floor":11},{"not_picked":["RobotSpaceExplorer:ImprovisedAttack","RobotSpaceExplorer:SwiftStep"],"picked":"RobotSpaceExplorer:ShovelStrike","floor":12},{"not_picked":["RobotSpaceExplorer:GlueShot","RobotSpaceExplorer:FreezingShield"],"picked":"RobotSpaceExplorer:PlasmaMissile","floor":13},{"not_picked":["RobotSpaceExplorer:Pulsar","RobotSpaceExplorer:GlueShot","RobotSpaceExplorer:ScrapMissile"],"picked":"SKIP","floor":14},{"not_picked":["RobotSpaceExplorer:Scanner","RobotSpaceExplorer:Comet"],"picked":"RobotSpaceExplorer:Blaster","floor":16},{"not_picked":["RobotSpaceExplorer:ShockKick+1","RobotSpaceExplorer:MiniBoosters"],"picked":"RobotSpaceExplorer:SurgingStrike","floor":18},{"not_picked":["RobotSpaceExplorer:PlasmaMissile","RobotSpaceExplorer:GearShield"],"picked":"RobotSpaceExplorer:Probe","floor":20},{"not_picked":["RobotSpaceExplorer:PowerGlove","RobotSpaceExplorer:MetalStrike"],"picked":"RobotSpaceExplorer:ExhaustFan","floor":22},{"not_picked":["RobotSpaceExplorer:Probe+1","RobotSpaceExplorer:SurgingShield"],"picked":"RobotSpaceExplorer:ToxicBomb+1","floor":23},{"not_picked":["RobotSpaceExplorer:SurgingStrike","RobotSpaceExplorer:MetalStrike"],"picked":"RobotSpaceExplorer:Electropulse","floor":25},{"not_picked":["RobotSpaceExplorer:Ammunition","RobotSpaceExplorer:ScrapMissile"],"picked":"RobotSpaceExplorer:ShovelStrike","floor":29},{"not_picked":["RobotSpaceExplorer:BlastShield","RobotSpaceExplorer:Ammunition","RobotSpaceExplorer:Counterblock"],"picked":"SKIP","floor":31}],"player_experience":1001287,"relics_obtained":[{"floor":6,"key":"Vajra"},{"floor":8,"key":"Meat on the Bone"},{"floor":9,"key":"Replay:Mystery Machine"},{"floor":23,"key":"reliquary:PorcupineQuills"},{"floor":26,"key":"reliquary:Knoch"}],"event_choices":[{"damage_healed":0,"gold_gain":0,"player_choice":"Ignored","damage_taken":0,"max_hp_gain":0,"max_hp_loss":0,"event_name":"Vampires","floor":21,"gold_loss":0}],"is_beta":false,"boss_relics":[{"not_picked":["Tiny House","Fusion Hammer"],"picked":"Ectoplasm"}],"items_purged_floors":[],"is_endless":false,"potions_floor_spawned":[1,8,11,16,18,20,25],"killed_by":"Collector","ascension_level":20}}