{"host":"hszimsrtxxc2k25w","time":1612559844,"event":{"mods":["AchievementEnabler","BaseMod","Colored Map","DeckTracker","Minty Spire (QoL Compilation)","Rare Cards Sparkle","SuperFastMode"],"gold_per_floor":[112,122,138,138,63,63,76,95,173,173,185,185,14,32,32,32,32],"floor_reached":16,"language":"KOR","playtime":362,"items_purged":["Defend_G"],"score":188,"play_id":"f3ece25d-6d23-4a2b-b3a8-1203449e8f37","local_time":"20210206061724","is_ascension_mode":true,"campfire_choices":[{"data":"A Thousand Cuts","floor":10.0,"key":"SMITH"},{"floor":12.0,"key":"REST"},{"data":"Blade Dance","floor":15,"key":"SMITH"}],"circlet_count":0,"master_deck":["AscendersBane","Strike_G","Strike_G","Strike_G","Defend_G","Defend_G","Defend_G","Defend_G","Survivor","Neutralize","Crippling Poison","Masterful Stab","Leg Sweep","Prepared","A Thousand Cuts+1","Well Laid Plans","Blade Dance+1","Flechettes"],"relics":["Ring of the Snake","NeowsBlessing","Blue Candle","Membership Card"],"acts_visited":["Exordium"],"potions_floor_usage":[],"damage_taken":[{"damage":0.0,"enemies":"Small Slimes","floor":1.0,"turns":1.0},{"damage":0.0,"enemies":"Cultist","floor":2.0,"turns":1.0},{"damage":0.0,"enemies":"2 Louse","floor":3.0,"turns":1.0},{"damage":1.0,"enemies":"Blue Slaver","floor":7.0,"turns":4.0},{"damage":12.0,"enemies":"Gremlin Gang","floor":8.0,"turns":6.0},{"damage":22.0,"enemies":"Large Slime","floor":11.0,"turns":6.0},{"damage":7,"enemies":"Lots of Slimes","floor":14,"turns":3},{"damage":31,"enemies":"Hexaghost","floor":16,"turns":9}],"seed_played":"4838812388445194876","potions_obtained":[{"floor":1.0,"key":"SpeedPotion"},{"floor":7.0,"key":"Fire Potion"}],"is_trial":false,"path_per_floor":["M","M","M","?","$","?","M","M","T","R","M","R","$","M","R","B"],"character_chosen":"THE_SILENT","items_purchased":["Membership Card"],"campfire_rested":1,"item_purchase_floors":[13],"current_hp_per_floor":[59,59,59,59,59,52,51,39,39,39,17,36,36,29,29,0,0],"gold":32,"neow_bonus":"THREE_ENEMY_KILL","is_daily":false,"chose_seed":false,"campfire_upgraded":2,"win_rate":0.0,"timestamp":1612559844,"path_taken":["M","M","M","?","?","?","M","M","T","R","M","R","?","M","R","BOSS"],"items_purchased_type":["Relic"],"build_version":"2020-12-22","purchased_purges":1,"victory":false,"max_hp_per_floor":[66,66,66,66,66,66,66,66,66,66,66,66,66,66,66,66,66],"card_choices":[{"not_picked":["Dagger Spray","Poisoned Stab"],"picked":"Crippling Poison","floor":1.0},{"not_picked":["Dagger Spray","Skewer"],"picked":"Masterful Stab","floor":2.0},{"not_picked":["Reflex","Infinite Blades"],"picked":"Leg Sweep","floor":3.0},{"not_picked":["Skewer","Acrobatics"],"picked":"A Thousand Cuts","floor":7.0},{"not_picked":["Dodge and Roll","Quick Slash"],"picked":"Well Laid Plans","floor":8.0},{"not_picked":["Cloak And Dagger","Outmaneuver"],"picked":"Blade Dance","floor":11.0},{"not_picked":["Terror","Blade Dance"],"picked":"Flechettes","floor":14}],"player_experience":666113,"relics_obtained":[{"floor":9.0,"key":"Blue Candle"}],"event_choices":[{"damage_healed":0.0,"max_hp_gain":0.0,"max_hp_loss":0.0,"gold_gain":0.0,"cards_transformed":["Strike_G"],"event_name":"Transmorgrifier","player_choice":"Transformed","floor":4.0,"gold_loss":0.0,"damage_taken":0.0,"cards_obtained":["Prepared"]},{"cards_removed":["Strike_G"],"damage_healed":0.0,"max_hp_gain":0.0,"max_hp_loss":0.0,"gold_gain":0.0,"event_name":"Golden Wing","player_choice":"Card Removal","floor":6.0,"gold_loss":0.0,"damage_taken":7.0}],"is_beta":false,"boss_relics":[],"items_purged_floors":[5],"is_endless":false,"potions_floor_spawned":[1,7,8],"killed_by":"Hexaghost","ascension_level":20}}