{"host":"lsq35p0sdkx2xifo","time":1612502294,"event":{"mods":["AchievementEnabler","BaseMod","Highlight Path","Minty Spire (QoL Compilation)","StSLib"],"gold_per_floor":[16,35,54,54,54,54,85,85,85,97,114,142,142,152,152,224,224,261,242,242,242,242],"floor_reached":21,"language":"ENG","playtime":2134,"items_purged":[],"score":344,"play_id":"14ff4168-c775-43c1-9109-7a5b7454043f","local_time":"20210204211814","is_ascension_mode":true,"campfire_choices":[{"floor":6,"key":"REST"},{"floor":8,"key":"REST"},{"floor":13,"key":"REST"},{"data":"Caltrops","floor":15,"key":"SMITH"}],"circlet_count":0,"master_deck":["AscendersBane","Strike_G","Strike_G","Strike_G","Strike_G","Strike_G","Defend_G","Defend_G","Defend_G","Defend_G","Defend_G","Survivor","Neutralize","Magnetism+1","Sucker Punch","Choke","Caltrops+1","Skewer","Acrobatics","Sucker Punch","Quick Slash","Deflect","Envenom","Deflect","Flying Knee","Neutralize","Unload"],"relics":["Ring of the Serpent","Pear","Nunchaku","Darkstone Periapt"],"acts_visited":["Exordium","TheCity"],"potions_floor_usage":[3,16,16,18,21],"damage_taken":[{"damage":4,"enemies":"Jaw Worm","floor":1,"turns":7},{"damage":9,"enemies":"Small Slimes","floor":2,"turns":4},{"damage":0,"enemies":"Cultist","floor":3,"turns":2},{"damage":39,"enemies":"3 Sentries","floor":7,"turns":12},{"damage":7,"enemies":"Large Slime","floor":10,"turns":6},{"damage":3,"enemies":"2 Fungi Beasts","floor":11,"turns":5},{"damage":17,"enemies":"Lagavulin","floor":12,"turns":6},{"damage":3,"enemies":"Looter","floor":14,"turns":4},{"damage":6,"enemies":"Hexaghost","floor":16,"turns":8},{"damage":33,"enemies":"3 Byrds","floor":18,"turns":6},{"damage":16,"enemies":"2 Thieves","floor":19,"turns":4},{"damage":20,"enemies":"Centurion and Healer","floor":21,"turns":6}],"seed_played":"-391701050223688309","potions_obtained":[{"floor":2,"key":"DistilledChaos"},{"floor":12,"key":"AttackPotion"},{"floor":14,"key":"Poison Potion"},{"floor":16,"key":"BlessingOfTheForge"},{"floor":19,"key":"Explosive Potion"}],"is_trial":false,"path_per_floor":["M","M","M","?","?","R","E","R","T","M","M","E","R","M","R","B",null,"M","M","?","M"],"character_chosen":"THE_SILENT","items_purchased":[],"campfire_rested":3,"item_purchase_floors":[],"current_hp_per_floor":[55,46,46,46,28,47,18,40,40,33,30,13,35,32,32,26,64,31,15,15,0,0],"gold":242,"neow_bonus":"RANDOM_COLORLESS_2","is_daily":false,"chose_seed":false,"campfire_upgraded":1,"win_rate":0.0,"timestamp":1612502294,"path_taken":["M","M","M","?","?","R","E","R","T","M","M","E","R","M","R","BOSS","M","M","?","?"],"items_purchased_type":[],"build_version":"2020-12-22","purchased_purges":0,"victory":false,"max_hp_per_floor":[66,66,66,66,66,66,76,76,76,76,76,76,76,76,76,76,76,76,76,76,76,76],"card_choices":[{"not_picked":["Transmutation","Metamorphosis"],"picked":"Magnetism","floor":0},{"not_picked":["Underhanded Strike","Quick Slash"],"picked":"Sucker Punch","floor":1},{"not_picked":["Deadly Poison","Outmaneuver"],"picked":"Choke","floor":2},{"not_picked":["Outmaneuver","Calculated Gamble"],"picked":"Caltrops","floor":3},{"not_picked":["Concentrate","Outmaneuver"],"picked":"Skewer","floor":7},{"not_picked":["Catalyst","Poisoned Stab"],"picked":"Acrobatics","floor":10},{"not_picked":["Grand Finale","Finisher"],"picked":"Sucker Punch","floor":11},{"not_picked":["Endless Agony","Setup"],"picked":"Quick Slash","floor":12},{"not_picked":["Dagger Spray","Reflex"],"picked":"Deflect","floor":14},{"not_picked":["Doppelganger","Malaise"],"picked":"Envenom","floor":16},{"not_picked":["Quick Slash","Accuracy"],"picked":"Deflect","floor":18},{"not_picked":["Blur","Backflip"],"picked":"Flying Knee","floor":19}],"player_experience":1276001,"relics_obtained":[{"floor":7,"key":"Pear"},{"floor":9,"key":"Nunchaku"},{"floor":12,"key":"Darkstone Periapt"}],"event_choices":[{"damage_healed":0,"gold_gain":0,"player_choice":"Grow","damage_taken":0,"max_hp_gain":0,"max_hp_loss":0,"event_name":"Living Wall","floor":4,"gold_loss":0,"cards_upgraded":["Magnetism"]},{"damage_healed":0,"gold_gain":0,"player_choice":"Fled","damage_taken":18,"max_hp_gain":0,"max_hp_loss":0,"event_name":"Scrap Ooze","floor":5,"gold_loss":0},{"damage_healed":0,"gold_gain":0,"player_choice":"2 cards matched","damage_taken":0,"max_hp_gain":0,"max_hp_loss":0,"event_name":"Match and Keep!","floor":20,"gold_loss":0,"cards_obtained":["Neutralize","Unload"]}],"is_beta":false,"boss_relics":[{"not_picked":["WristBlade","Fusion Hammer"],"picked":"Ring of the Serpent"}],"items_purged_floors":[],"is_endless":false,"potions_floor_spawned":[2,12,14,16,19],"killed_by":"Centurion and Healer","ascension_level":16}}