{"host":"sc0o2qwpf9j16a4i","time":1612534347,"event":{"mods":["AchievementEnabler","BaseMod","BetterRewards","Block Reminder","Colored Map","Colored Powertips","Custom Start","Highlight Path","Minty Spire (QoL Compilation)","Relic Stats"],"gold_per_floor":[113,25,38,38,49,83,95,110,110,141,172,209,221,250,262,371,383,411,13,13,57,57,57],"floor_reached":22,"language":"ENG","playtime":576,"items_purged":[],"score":248,"play_id":"25fbb69c-1876-424a-9818-2d7660df5e8e","local_time":"20210205161227","daily_mods":["Allstar","ControlledChaos","Terminal"],"is_ascension_mode":false,"campfire_choices":[{"data":"Mind Blast","floor":15,"key":"SMITH"}],"circlet_count":0,"master_deck":["Strike_P","Strike_P","Strike_P","Strike_P","Defend_P","Defend_P+1","Defend_P+1","Defend_P","Eruption","Vigilance","Dramatic Entrance","Mind Blast+1","Finesse","Sadistic Nature","FlurryOfBlows","ClearTheMind","Study","Swivel","FlyingSleeves","BowlingBash","CutThroughFate","ClearTheMind","Vengeance","Alpha","Conclude","Thinking Ahead","Tantrum","Wish","Indignation","Adaptation","SashWhip","Adaptation+1"],"relics":["PureWater","Frozen Eye","FaceOfCleric","War Paint","Dream Catcher","MawBank","Odd Mushroom","Philosopher\u0027s Stone","Gambling Chip","Unceasing Top"],"acts_visited":["Exordium","TheCity"],"potions_floor_usage":[6,16,21,21,21,21],"damage_taken":[{"damage":1,"enemies":"Jaw Worm","floor":1,"turns":3},{"damage":0,"enemies":"Cultist","floor":3,"turns":3},{"damage":0,"enemies":"2 Louse","floor":5,"turns":2},{"damage":0,"enemies":"3 Sentries","floor":6,"turns":3},{"damage":0,"enemies":"2 Fungi Beasts","floor":7,"turns":2},{"damage":0,"enemies":"Large Slime","floor":8,"turns":3},{"damage":0,"enemies":"Gremlin Nob","floor":10,"turns":2},{"damage":0,"enemies":"Lots of Slimes","floor":11,"turns":3},{"damage":0,"enemies":"The Mushroom Lair","floor":12,"turns":3},{"damage":0,"enemies":"3 Louse","floor":14,"turns":3},{"damage":4,"enemies":"The Guardian","floor":16,"turns":7},{"damage":7,"enemies":"Chosen","floor":18,"turns":2},{"damage":7,"enemies":"3 Byrds","floor":21,"turns":2},{"damage":0,"enemies":"Shelled Parasite and Fungi","floor":22,"turns":1}],"seed_played":"7945049359836749328","potions_obtained":[{"floor":3,"key":"Explosive Potion"},{"floor":8,"key":"BottledMiracle"},{"floor":12,"key":"PowerPotion"},{"floor":16,"key":"EntropicBrew"},{"floor":21,"key":"Block Potion"}],"is_trial":true,"path_per_floor":["M","$","M","?","M","E","M","M","T","E","M","?","?","M","R","B",null,"M","$","T","M","M"],"character_chosen":"WATCHER","items_purchased":["ClearTheMind","Study","Gambling Chip","Adaptation","SashWhip"],"campfire_rested":0,"item_purchase_floors":[2,2,19,19,19],"current_hp_per_floor":[70,69,68,67,67,67,67,67,66,66,66,66,65,65,64,61,63,57,57,57,51,51,51],"gold":57,"neow_bonus":"","is_daily":false,"chose_seed":false,"campfire_upgraded":1,"win_rate":0.0,"timestamp":1612534347,"path_taken":["M","$","M","?","?","E","M","M","T","E","M","?","?","M","R","BOSS","M","$","?","M","?"],"items_purchased_type":["Card","Card","Relic","Card","Card"],"build_version":"2020-12-22","purchased_purges":0,"victory":false,"max_hp_per_floor":[70,69,68,67,67,67,67,67,66,66,66,66,65,65,64,64,63,63,62,61,61,61,61],"relic_stats":{"Dream Catcher":0,"FaceOfCleric":11,"counters":[13,38],"Gambling Chip":[2],"War Paint":["Defend_P","Defend_P"],"MawBank":108,"obtain_stats":[{"Frozen Eye":0,"Dream Catcher":9,"FaceOfCleric":4,"Gambling Chip":19,"Philosopher\u0027s Stone":17,"PureWater":0,"War Paint":6,"Odd Mushroom":12,"MawBank":10,"Unceasing Top":20},{"Frozen Eye":0,"Dream Catcher":6,"FaceOfCleric":2,"Gambling Chip":12,"Philosopher\u0027s Stone":11,"PureWater":0,"War Paint":4,"Odd Mushroom":9,"MawBank":7,"Unceasing Top":12},{"Frozen Eye":0,"Dream Catcher":16,"FaceOfCleric":6,"Gambling Chip":36,"Philosopher\u0027s Stone":34,"PureWater":0,"War Paint":11,"Odd Mushroom":24,"MawBank":18,"Unceasing Top":36}],"Unceasing Top":[0]},"card_choices":[{"not_picked":["Study","Halt"],"picked":"FlurryOfBlows","floor":1},{"not_picked":["Pray","MentalFortress"],"picked":"Swivel","floor":3},{"not_picked":["Weave","Judgement"],"picked":"FlyingSleeves","floor":5},{"not_picked":["EmptyMind","SignatureMove"],"picked":"BowlingBash","floor":6},{"not_picked":["Consecrate","WheelKick"],"picked":"CutThroughFate","floor":7},{"not_picked":["EmptyFist","EmptyMind"],"picked":"ClearTheMind","floor":8},{"not_picked":["ForeignInfluence","BowlingBash"],"picked":"Vengeance","floor":10},{"not_picked":["JustLucky","Adaptation"],"picked":"Alpha","floor":11},{"not_picked":["EmptyBody","PathToVictory"],"picked":"Conclude","floor":12},{"not_picked":["EmptyFist","BowlingBash"],"picked":"Tantrum","floor":14},{"not_picked":["Blasphemy","Judgement"],"picked":"Wish","floor":16},{"not_picked":["ClearTheMind","EmptyMind"],"picked":"Indignation","floor":18},{"not_picked":["EmptyFist","PathToVictory+1"],"picked":"Adaptation+1","floor":21}],"player_experience":1200742,"relics_obtained":[{"floor":6,"key":"War Paint"},{"floor":9,"key":"Dream Catcher"},{"floor":10,"key":"MawBank"},{"floor":12,"key":"Odd Mushroom"},{"floor":20,"key":"Unceasing Top"}],"event_choices":[{"damage_healed":0,"gold_gain":0,"player_choice":"Trade","damage_taken":0,"relics_obtained":["FaceOfCleric"],"max_hp_gain":0,"max_hp_loss":0,"event_name":"FaceTrader","floor":4,"gold_loss":0},{"damage_healed":0,"gold_gain":0,"player_choice":"Fought Mushrooms","damage_taken":0,"max_hp_gain":0,"max_hp_loss":0,"event_name":"Mushrooms","floor":12,"gold_loss":0},{"damage_healed":0,"gold_gain":0,"cards_transformed":["Bandage Up"],"player_choice":"Transformed","damage_taken":0,"max_hp_gain":0,"max_hp_loss":0,"event_name":"Transmorgrifier","floor":13,"gold_loss":0,"cards_obtained":["Thinking Ahead"]}],"is_beta":false,"boss_relics":[{"not_picked":["Velvet Choker","Tiny House"],"picked":"Philosopher\u0027s Stone"}],"items_purged_floors":[],"is_endless":false,"potions_floor_spawned":[3,8,12,16,21],"killed_by":"Shelled Parasite and Fungi","ascension_level":0}}