{"host":"9ndbo4kgsfoemf7y","time":1612523133,"event":{"mods":["AchievementEnabler","BaseMod","Colored Map","DeckTracker","Keyboard Shortcuts","Minty Spire (QoL Compilation)","Permanent Neow","Quick Restart","Relic Stats","StSLib","SuperFastMode"],"gold_per_floor":[14,33,33,52,77,110,110,125,125,163,163,201,201,217,217,345,345,358,358,377,377,213,252,252,268,340,354,354,372,372,129,129,249,249,272,291,307,307,25,25,64,64,116,139,139,139,139,155,155,155,155],"floor_reached":50,"language":"KOR","playtime":4181,"items_purged":["Strike_B","Strike_B"],"score":792,"play_id":"a80936c8-63b6-4fff-816b-19b1d2d1a175","local_time":"20210205200533","is_ascension_mode":true,"campfire_choices":[{"floor":11.0,"key":"REST"},{"floor":13.0,"key":"REST"},{"data":"Redo","floor":15.0,"key":"SMITH"},{"data":"Ghostly","floor":24.0,"key":"SMITH"},{"data":"Ghostly","floor":28,"key":"SMITH"},{"floor":30,"key":"REST"},{"data":"Ghostly","floor":32,"key":"SMITH"},{"floor":40,"key":"REST"},{"data":"Ghostly","floor":45,"key":"SMITH"},{"data":"Madness","floor":47,"key":"SMITH"},{"floor":49,"key":"REST"}],"circlet_count":0,"master_deck":["Defend_B","Defend_B","Defend_B","Zap","Dualcast","Redo+1","Static Discharge","Consume","Coolheaded","Hologram+1","Loop","Beam Cell+1","Sweeping Beam+1","Go for the Eyes+1","Capacitor","FTL+1","Biased Cognition","Hologram+1","Blizzard+1","Ghostly+1","Ghostly+1","Ghostly+1","Ghostly+1","Ghostly","Swift Strike+1","Glacier","Skim","Cold Snap+1","Buffer","Chaos+1","Barrage+1","Madness+1","Madness","Blizzard+1","Swift Strike+1","Finesse","Scrape+1"],"relics":["Cracked Core","Golden Idol","Molten Egg 2","Ornamental Fan","Du-Vu Doll","Cables","Nuclear Battery","Matryoshka","Lantern","Kunai","Darkstone Periapt","Frozen Eye","Inserter","TheAbacus","Bag of Preparation","Strawberry","Ancient Tea Set"],"acts_visited":["Exordium","TheCity","TheBeyond"],"potions_floor_usage":[41],"damage_taken":[{"damage":7.0,"enemies":"Jaw Worm","floor":1.0,"turns":3.0},{"damage":0.0,"enemies":"Small Slimes","floor":2.0,"turns":2.0},{"damage":1.0,"enemies":"Cultist","floor":4.0,"turns":3.0},{"damage":0.0,"enemies":"Large Slime","floor":5.0,"turns":7.0},{"damage":23.0,"enemies":"Lagavulin","floor":6.0,"turns":5.0},{"damage":30.0,"enemies":"Gremlin Gang","floor":8.0,"turns":3.0},{"damage":5.0,"enemies":"Gremlin Nob","floor":10.0,"turns":3.0},{"damage":19.0,"enemies":"Lagavulin","floor":12.0,"turns":6.0},{"damage":1.0,"enemies":"Blue Slaver","floor":14.0,"turns":3.0},{"damage":26.0,"enemies":"Slime Boss","floor":16.0,"turns":8.0},{"damage":7.0,"enemies":"Shell Parasite","floor":18.0,"turns":3.0},{"damage":20.0,"enemies":"Spheric Guardian","floor":20.0,"turns":4.0},{"damage":1.0,"enemies":"Slavers","floor":23.0,"turns":7.0},{"damage":1.0,"enemies":"Snecko","floor":25.0,"turns":6.0},{"damage":1,"enemies":"Centurion and Healer","floor":27,"turns":9},{"damage":16,"enemies":"3 Cultists","floor":29,"turns":4},{"damage":16,"enemies":"Champ","floor":33,"turns":15},{"damage":0,"enemies":"3 Darklings","floor":35,"turns":7},{"damage":2,"enemies":"3 Shapes","floor":36,"turns":6},{"damage":10,"enemies":"Sphere and 2 Shapes","floor":37,"turns":6},{"damage":14,"enemies":"Reptomancer","floor":41,"turns":9},{"damage":0,"enemies":"Spire Growth","floor":44,"turns":5},{"damage":0,"enemies":"4 Shapes","floor":48,"turns":7},{"damage":44,"enemies":"Time Eater","floor":50,"turns":4}],"seed_played":"-1043453646249554213","potions_obtained":[{"floor":1.0,"key":"SteroidPotion"},{"floor":2.0,"key":"SkillPotion"},{"floor":8.0,"key":"Explosive Potion"},{"floor":10.0,"key":"Fruit Juice"},{"floor":14.0,"key":"SteroidPotion"},{"floor":27,"key":"EssenceOfSteel"},{"floor":29,"key":"Swift Potion"},{"floor":33,"key":"Strength Potion"},{"floor":35,"key":"PowerPotion"},{"floor":37,"key":"Weak Potion"},{"floor":41,"key":"Strength Potion"}],"is_trial":false,"path_per_floor":["M","M","?","M","M","E","?","M","T","E","R","E","R","M","R","B",null,"M","?","M","?","$","E","R","M","T","M","R","M","R","$","R","B",null,"M","M","M","?","$","R","E","?","T","M","R","?","R","M","R","B"],"character_chosen":"DEFECT","items_purchased":["Swift Strike+1","Frozen Eye","TheAbacus","Blizzard+1","Swift Strike+1"],"campfire_rested":5,"item_purchase_floors":[22,31,39,39,39],"current_hp_per_floor":[61,61,61,60,60,37,37,7,7,7,29,10,32,31,31,5,57,50,50,30,30,30,29,29,28,28,27,27,11,22,22,22,6,29,29,27,17,12,12,23,9,9,16,16,16,16,16,16,29,0,0],"gold":155,"neow_bonus":"TRANSFORM_TWO_CARDS","is_daily":false,"chose_seed":false,"campfire_upgraded":6,"win_rate":0.0,"timestamp":1612523133,"path_taken":["M","M","?","M","M","E","?","M","T","E","R","E","R","?","R","BOSS","M","?","?","?","$","E","R","M","T","M","R","M","R","$","R","BOSS","M","M","M","?","$","R","E","?","T","M","R","?","R","M","R","BOSS"],"items_purchased_type":["Card","Relic","Relic","Card","Card"],"build_version":"2020-12-22","purchased_purges":2,"victory":false,"max_hp_per_floor":[75,75,69,69,69,69,69,69,69,74,74,74,74,74,74,74,74,74,74,74,37,37,37,37,37,37,37,37,37,37,37,37,37,37,37,37,37,37,37,37,37,37,44,44,44,44,44,44,44,44,44],"relic_stats":{"Darkstone Periapt":0,"Inserter":[22],"TheAbacus":[6],"counters":[24,133],"Golden Idol":141,"Ornamental Fan":[104],"Bag of Preparation":[6],"Kunai":[20],"obtain_stats":[{"Darkstone Periapt":26,"Lantern":23,"Inserter":34,"Golden Idol":3,"Bag of Preparation":41,"Ancient Tea Set":43,"Cables":12,"Nuclear Battery":17,"Du-Vu Doll":10,"Frozen Eye":31,"Matryoshka":19,"TheAbacus":39,"Ornamental Fan":9,"Strawberry":43,"Molten Egg 2":6,"Kunai":26,"Cracked Core":0},{"Darkstone Periapt":14,"Lantern":13,"Inserter":17,"Golden Idol":2,"Bag of Preparation":21,"Ancient Tea Set":21,"Cables":8,"Nuclear Battery":10,"Du-Vu Doll":7,"Frozen Eye":16,"Matryoshka":11,"TheAbacus":20,"Ornamental Fan":6,"Strawberry":21,"Molten Egg 2":5,"Kunai":14,"Cracked Core":0},{"Darkstone Periapt":62,"Lantern":56,"Inserter":90,"Golden Idol":5,"Bag of Preparation":118,"Ancient Tea Set":118,"Cables":31,"Nuclear Battery":42,"Du-Vu Doll":26,"Frozen Eye":75,"Matryoshka":45,"TheAbacus":109,"Ornamental Fan":23,"Strawberry":118,"Molten Egg 2":20,"Kunai":62,"Cracked Core":0}],"Cables":[93,51,25,4,13]},"card_choices":[{"not_picked":["Turbo","Sunder"],"picked":"Consume","floor":1.0},{"not_picked":["FTL","Reprogram"],"picked":"Coolheaded","floor":2.0},{"not_picked":["Coolheaded","Steam"],"picked":"Hologram","floor":4.0},{"not_picked":["Hello World","Leap"],"picked":"Loop","floor":5.0},{"not_picked":["Darkness","Doom and Gloom+1"],"picked":"Beam Cell+1","floor":6.0},{"not_picked":["Steam","Sunder+1"],"picked":"Sweeping Beam+1","floor":8.0},{"not_picked":["Undo","Core Surge+1"],"picked":"Go for the Eyes+1","floor":10.0},{"not_picked":["Tempest","Force Field"],"picked":"Capacitor","floor":12.0},{"not_picked":["Aggregate","Recycle"],"picked":"FTL+1","floor":14.0},{"not_picked":["Creative AI","Rainbow"],"picked":"Biased Cognition","floor":16.0},{"not_picked":["Redo","Stack"],"picked":"Hologram+1","floor":18.0},{"not_picked":["Rebound+1","Leap"],"picked":"Blizzard+1","floor":20.0},{"not_picked":["Turbo","Storm"],"picked":"Glacier","floor":23.0},{"not_picked":["Redo","Compile Driver+1"],"picked":"Skim","floor":25.0},{"not_picked":["Hologram","Hyperbeam+1"],"picked":"Cold Snap+1","floor":27},{"not_picked":["Genetic Algorithm","Steam+1","Rip and Tear+1"],"picked":"SKIP","floor":29},{"not_picked":["Rainbow","Hyperbeam+1"],"picked":"Buffer","floor":33},{"not_picked":["Sweeping Beam+1","Streamline+1"],"picked":"Chaos+1","floor":35},{"not_picked":["Streamline+1","Force Field"],"picked":"Barrage+1","floor":36},{"not_picked":["Conserve Battery","Cold Snap+1","Genetic Algorithm"],"picked":"SKIP","floor":37},{"not_picked":["White Noise","Hello World","Leap+1"],"picked":"SKIP","floor":41},{"not_picked":["PanicButton","Chrysalis"],"picked":"Finesse","floor":42},{"not_picked":["Cold Snap+1","Rebound+1","Leap"],"picked":"SKIP","floor":44},{"not_picked":["Streamline+1","Hologram","Ball Lightning+1"],"picked":"SKIP","floor":48}],"player_experience":857134,"relics_obtained":[{"floor":6.0,"key":"Molten Egg 2"},{"floor":9.0,"key":"Ornamental Fan"},{"floor":10.0,"key":"Du-Vu Doll"},{"floor":12.0,"key":"Cables"},{"floor":23.0,"key":"Lantern"},{"floor":26.0,"key":"Kunai"},{"floor":26.0,"key":"Darkstone Periapt"},{"floor":41,"key":"Bag of Preparation"},{"floor":43,"key":"Strawberry"},{"floor":43,"key":"Ancient Tea Set"}],"event_choices":[{"damage_healed":0.0,"max_hp_gain":0.0,"max_hp_loss":6.0,"gold_gain":0.0,"event_name":"Golden Idol","player_choice":"Lose Max HP","floor":3.0,"gold_loss":0.0,"damage_taken":0.0,"relics_obtained":["Golden Idol"]},{"damage_healed":0.0,"max_hp_gain":0.0,"max_hp_loss":0.0,"gold_gain":0.0,"event_name":"Upgrade Shrine","player_choice":"Upgraded","floor":7.0,"gold_loss":0.0,"damage_taken":0.0,"cards_upgraded":["Hologram"]},{"damage_healed":0.0,"max_hp_gain":0.0,"max_hp_loss":0.0,"gold_gain":0.0,"event_name":"WeMeetAgain","player_choice":"Gave Potion","floor":19.0,"gold_loss":0.0,"damage_taken":0.0,"relics_obtained":["Matryoshka"]},{"damage_healed":0.0,"max_hp_gain":0.0,"max_hp_loss":37.0,"gold_gain":0.0,"event_name":"Ghosts","player_choice":"Became a Ghost","floor":21.0,"gold_loss":0.0,"damage_taken":0.0,"cards_obtained":["Ghostly","Ghostly","Ghostly","Ghostly","Ghostly"]},{"damage_healed":0,"gold_gain":0,"player_choice":"Embrace Madness","damage_taken":5,"max_hp_gain":0,"max_hp_loss":0,"event_name":"Winding Halls","floor":38,"gold_loss":0,"cards_obtained":["Madness","Madness"]},{"damage_healed":0,"gold_gain":0,"player_choice":"Memory 1","damage_taken":0,"max_hp_gain":0,"max_hp_loss":0,"event_name":"SensoryStone","floor":42,"gold_loss":0},{"damage_healed":0,"gold_gain":0,"cards_transformed":["Strike_B"],"player_choice":"Transformed","damage_taken":0,"max_hp_gain":0,"max_hp_loss":0,"event_name":"Transmorgrifier","floor":46,"gold_loss":0,"cards_obtained":["Scrape"]}],"is_beta":false,"boss_relics":[{"not_picked":["Coffee Dripper","Philosopher\u0027s Stone"],"picked":"Nuclear Battery"},{"not_picked":["Runic Dome","Calling Bell"],"picked":"Inserter"}],"items_purged_floors":[22,31],"is_endless":false,"potions_floor_spawned":[1,2,8,10,14,27,29,33,35,37,41,48],"killed_by":"Time Eater","ascension_level":9}}