{"host":"cc6r8m2qe4jvlwua","time":1612492068,"event":{"mods":["BaseMod","Hermit","Hubris","Marisa????????","Minty Spire (QoL Compilation)","Replay The Spire","Spicy Shops","StSLib","The Cursed","The Marked"],"gold_per_floor":[118,118,137,137,157,197,213,213,237,187,187,208,221,221,221,345,408,408],"floor_reached":17,"language":"ENG","playtime":772,"items_purged":[],"score":157,"play_id":"2ca61a4d-f5aa-4136-a0d6-59ae795c295a","local_time":"20210204202748","is_ascension_mode":false,"campfire_choices":[{"data":"theMarked:StartUp","floor":8,"key":"SMITH"},{"data":"theMarked:Static","floor":11,"key":"SMITH"},{"floor":15,"key":"REST"}],"circlet_count":0,"master_deck":["theMarked:Strike","theMarked:Strike","theMarked:Strike","theMarked:Strike","theMarked:Defend","theMarked:Defend","theMarked:Defend","theMarked:Defend+1","theMarked:SoldierOfQuellstein","theMarked:SwordAndMagic","theMarked:RepellingDischarge","theMarked:Aftermath","theMarked:Static+1","theMarked:StartUp+1","theMarked:UnarmedFury","theMarked:Static"],"relics":["theMarked:ArtifactOfAir","NeowsBlessing","Golden Idol","Orichalcum","ReplayTheSpireMod:Lightbulb","hubris:Icosahedron","Tiny House"],"acts_visited":["Exordium","TheCity"],"potions_floor_usage":[16,16],"damage_taken":[{"damage":0,"enemies":"Small Slimes","floor":1,"turns":1},{"damage":0,"enemies":"Jaw Worm","floor":3,"turns":1},{"damage":0,"enemies":"Cultist","floor":5,"turns":1},{"damage":34,"enemies":"Lagavulin","floor":6,"turns":9},{"damage":0,"enemies":"Large Slime","floor":7,"turns":6},{"damage":7,"enemies":"Looter","floor":12,"turns":3},{"damage":17,"enemies":"Exordium Wildlife","floor":13,"turns":5},{"damage":42,"enemies":"Fading Forest","floor":16,"turns":11}],"seed_played":"-4489736628801027247","potions_obtained":[{"floor":3,"key":"Explosive Potion"},{"floor":5,"key":"AttackPotion"},{"floor":13,"key":"Regen Potion"},{"floor":16,"key":"Reflective Coating"}],"is_trial":false,"path_per_floor":["M","?","M","?","M","E","M","R","T","?","R","M","M","?","R","B",null],"character_chosen":"THE_DEFAULT","items_purchased":[],"campfire_rested":1,"item_purchase_floors":[],"current_hp_per_floor":[70,53,53,70,70,36,36,36,36,36,36,29,12,12,33,16,75,75],"gold":408,"neow_bonus":"THREE_ENEMY_KILL","is_daily":false,"chose_seed":false,"campfire_upgraded":2,"win_rate":0.0,"timestamp":1612492068,"path_taken":["M","?","M","?","?","E","M","R","T","?","R","M","M","?","R","BOSS"],"items_purchased_type":[],"build_version":"2020-12-22","purchased_purges":0,"victory":false,"max_hp_per_floor":[70,70,70,70,70,70,70,70,70,70,70,70,70,70,70,70,75,75],"card_choices":[{"not_picked":["theMarked:MysticalArsenal","theMarked:ContemptForTheProud"],"picked":"theMarked:SwordAndMagic","floor":1},{"not_picked":["theMarked:HeightenedSenses","theMarked:Improvise"],"picked":"theMarked:RepellingDischarge","floor":3},{"not_picked":["theMarked:SwordAndMagic","theMarked:Frustration"],"picked":"theMarked:Aftermath","floor":5},{"not_picked":["theMarked:ElectricStrings","theMarked:Improvise"],"picked":"theMarked:Static","floor":6},{"not_picked":["theMarked:Snap","theMarked:ResourceFulStrike"],"picked":"theMarked:StartUp","floor":7},{"not_picked":["theMarked:CreepingChasm","theMarked:Convert","theMarked:Seal"],"picked":"SKIP","floor":12},{"not_picked":["theMarked:Opportunist","theMarked:Seal","theMarked:WardOff"],"picked":"SKIP","floor":13},{"not_picked":["theMarked:Vacuum","theMarked:SuspiciousRaven"],"picked":"theMarked:UnarmedFury","floor":16},{"not_picked":["theMarked:Memento","theMarked:Parry"],"picked":"theMarked:Static","floor":17}],"player_experience":239380,"relics_obtained":[{"floor":6,"key":"Orichalcum"},{"floor":9,"key":"ReplayTheSpireMod:Lightbulb"}],"event_choices":[{"damage_healed":0,"gold_gain":0,"player_choice":"Take Damage","damage_taken":17,"relics_obtained":["Golden Idol"],"max_hp_gain":0,"max_hp_loss":0,"event_name":"Golden Idol","floor":2,"gold_loss":0},{"damage_healed":17,"gold_gain":0,"player_choice":"Full Heal","damage_taken":0,"max_hp_gain":0,"max_hp_loss":0,"event_name":"Wheel of Change","floor":4,"gold_loss":0},{"cards_removed":["theMarked:Strike"],"damage_healed":0,"gold_gain":0,"player_choice":"Card Removal","damage_taken":0,"max_hp_gain":0,"max_hp_loss":0,"event_name":"The Cleric","floor":10,"gold_loss":50}],"is_beta":false,"boss_relics":[{"not_picked":["Replay:Bronze Core","hubris:HollowSoul"],"picked":"Tiny House"}],"items_purged_floors":[],"is_endless":false,"potions_floor_spawned":[3,5,13,16],"ascension_level":0}}