{"host":"fc5kl670efuhtomy","time":1612567738,"event":{"mods":["AchievementEnabler","Arknights","Ascension Reborn","BaseMod","Colored Powertips","Downfall","Marisa（F雨　魔理沙）","Minty Spire (QoL Compilation)","Rare Cards Sparkle","Relic Stats","Replay The Spire","StSLib","The Necromancer","The Poker Player","The Servant 0.9.4","WarShipGirlsR/战舰少女R mod"],"gold_per_floor":[99,111,111,126,144,164,164,194,210,81,81,81,100,100,120,218,218,218,229,246,256,256,37,37,53,67,57,77,108,119,137,150,246,246,246,258,268,268,268,268,268,297,120,120,136,136,151,171,181,181],"floor_reached":51,"language":"ZHS","playtime":4258,"items_purged":["Slimebound:Defend_Slimebound","Slimebound:Prepare","Slimebound:Defend_Slimebound"],"score":733,"play_id":"72dad8e1-7419-457a-b220-150559c9451d","local_time":"20210206072858","is_ascension_mode":true,"campfire_choices":[{"data":"Slimebound:Split","floor":1.0,"key":"SMITH"},{"data":"Slimebound:AcidTongue","floor":12.0,"key":"SMITH"},{"data":"Slimebound:RainOfGoop","floor":18,"key":"SMITH"},{"data":"Slimebound:RejuvenatingLick","floor":35,"key":"SMITH"},{"data":"expansioncontent:YouAreMine","floor":40,"key":"SMITH"},{"data":"Discovery","floor":46,"key":"SMITH"}],"circlet_count":0,"master_deck":["Slimebound:Strike_Slimebound","Slimebound:Strike_Slimebound","Slimebound:Strike_Slimebound","Slimebound:Tackle","Slimebound:Defend_Slimebound","Slimebound:Split+1","Slimebound:CorrosiveSpit","Slimebound:RollThrough","Slimebound:AcidTongue+1","Slimebound:HauntingLick","Slimebound:Equalize","Slimebound:RainOfGoop+1","Slimebound:Grow","Slimebound:Repurpose","Slimebound:LeechLife","Slimebound:ViciousTackle","Slimebound:OneTwoCombo","Slimebound:LeechEnergy","Slimebound:MegaLick+1","Slimebound:SelfFormingGoo","Slimebound:Gluttony+1","Slimebound:GrowthPunch","Discovery+1","Slimebound:ProtectTheBoss+1","Slimebound:SplitMire","Slimebound:LivingWall","Slimebound:RejuvenatingLick+1","Slimebound:HauntingLick+1","Slimebound:Schlurp+1","expansioncontent:AwakenDeath+1","expansioncontent:Chronoboost+1","expansioncontent:YouAreMine+1","Slimebound:ItLooksTasty+1"],"relics":["Slimebound:AbsorbEndCombat","WarpedTongs","Slimebound:MaxSlimesRelic","Pantograph","Spirit Poop","Slimebound:TarBlob","BargainBundle","Frozen Egg 2","Potion Belt","Coffee Dripper","Shuriken","Iron Hammer","Sundial","Bronze Scales"],"acts_visited":["Exordium","TheCity","TheBeyond"],"potions_floor_usage":[25,28,32,33,47,48],"damage_taken":[{"damage":7.0,"enemies":"Small Slimes","floor":2.0,"turns":4.0},{"damage":9.0,"enemies":"Cultist","floor":4.0,"turns":4.0},{"damage":14.0,"enemies":"Jaw Worm","floor":5.0,"turns":4.0},{"damage":16.0,"enemies":"Gremlin Gang","floor":6.0,"turns":4.0},{"damage":26.0,"enemies":"Gremlin Nob","floor":8.0,"turns":5.0},{"damage":9.0,"enemies":"Large Slime","floor":9.0,"turns":4.0},{"damage":3.0,"enemies":"downfall:FleeingMerchant","floor":10.0,"turns":4.0},{"damage":14.0,"enemies":"Exordium Thugs","floor":13.0,"turns":3.0},{"damage":11.0,"enemies":"Lots of Slimes","floor":15.0,"turns":4.0},{"damage":24.0,"enemies":"IC_STATUS_ARCHETYPE","floor":16.0,"turns":6.0},{"damage":8,"enemies":"Spheric Guardian","floor":19,"turns":4},{"damage":20,"enemies":"Snake Plant","floor":20,"turns":3},{"damage":12,"enemies":"Snecko","floor":21,"turns":4},{"damage":12,"enemies":"downfall:FleeingMerchant","floor":23,"turns":4},{"damage":23,"enemies":"Centurion and Healer","floor":25,"turns":4},{"damage":25,"enemies":"Chosen and Byrds","floor":26,"turns":6},{"damage":25,"enemies":"3 Cultists","floor":28,"turns":4},{"damage":45,"enemies":"Gremlin Leader","floor":29,"turns":5},{"damage":20,"enemies":"Centurion and Healer","floor":30,"turns":4},{"damage":0,"enemies":"Snecko","floor":31,"turns":3},{"damage":12,"enemies":"3 Cultists","floor":32,"turns":4},{"damage":75,"enemies":"DF_ARCHETYPE_CLAW","floor":33,"turns":7},{"damage":17,"enemies":"Orb Walker","floor":36,"turns":4},{"damage":14,"enemies":"3 Shapes","floor":37,"turns":4},{"damage":35,"enemies":"Reptomancer","floor":42,"turns":7},{"damage":12,"enemies":"downfall:FleeingMerchant","floor":43,"turns":4},{"damage":15,"enemies":"Sphere and 2 Shapes","floor":45,"turns":4},{"damage":18,"enemies":"Jaw Worm Horde","floor":47,"turns":3},{"damage":48,"enemies":"Writhing Mass","floor":48,"turns":4},{"damage":19,"enemies":"Maw","floor":49,"turns":7},{"damage":136,"enemies":"SI_POISON_ARCHETYPE","floor":50,"turns":8}],"seed_played":"8506801590465651599","potions_obtained":[{"floor":4.0,"key":"EssenceOfSteel"},{"floor":6.0,"key":"Strength Potion"},{"floor":8.0,"key":"FairyPotion"},{"floor":15.0,"key":"LifebloodPotion"},{"floor":19,"key":"Fire Potion"},{"floor":26,"key":"Swift Potion"},{"floor":30,"key":"ColorlessPotion"},{"floor":31,"key":"Dexterity Potion"},{"floor":37,"key":"Death Potion"},{"floor":47,"key":"Reflective Coating"},{"floor":49,"key":"FairyPotion"}],"is_trial":false,"path_per_floor":["R","M","?","M","M","M","T","E","M","$","?","R","M","?","M","B",null,"R","M","M","M","?","$","T","M","M","?","M","E","M","M","M","B",null,"R","M","M","?","?","R","T","E","$","?","M","R","M","M","M","B",null],"character_chosen":"SLIMEBOUND","items_purchased":["Slimebound:Repurpose","BargainBundle","Slimebound:GrowthPunch","Discovery","Sundial","Bronze Scales"],"campfire_rested":0,"item_purchase_floors":[10,23,23,23,43,43],"current_hp_per_floor":[71,64,64,57,47,33,33,15,20,23,23,23,19,19,12,57,71,71,63,47,48,48,69,69,62,60,60,47,22,10,24,36,2,71,71,54,62,62,52,52,52,56,52,52,45,45,33,25,26,71],"gold":181,"neow_bonus":"TEN_PERCENT_HP_BONUS","is_daily":false,"chose_seed":false,"campfire_upgraded":6,"win_rate":0.0,"timestamp":1612567738,"path_taken":["R","M","?","M","M","M","T","E","M","?","?","R","?","?","M","BOSS","R","M","M","M","?","$","T","?","M","?","M","E","?","M","M","BOSS","R","M","M","?","?","R","T","E","$","?","M","R","M","M","M","BOSS"],"items_purchased_type":["Card","Relic","Card","Card","Relic","Relic"],"build_version":"2020-12-22","purchased_purges":3,"victory":true,"max_hp_per_floor":[71,71,71,71,71,71,71,71,71,71,71,71,71,71,71,71,71,71,71,71,71,71,71,71,71,71,71,71,71,71,71,71,71,71,71,71,71,71,71,71,71,71,71,71,71,71,71,71,71,71],"relic_stats":{"counters":[31,135],"Shuriken":[8],"Sundial":[0],"Pantograph":75,"Bronze Scales":[57],"obtain_stats":[{"Potion Belt":29,"BargainBundle":23,"Spirit Poop":14,"Frozen Egg 2":24,"WarpedTongs":3,"Slimebound:TarBlob":17,"Slimebound:MaxSlimesRelic":7,"Shuriken":41,"Sundial":43,"Pantograph":8,"Bronze Scales":43,"Iron Hammer":42,"Slimebound:AbsorbEndCombat":0,"Coffee Dripper":34},{"Potion Belt":18,"BargainBundle":14,"Spirit Poop":8,"Frozen Egg 2":14,"WarpedTongs":1,"Slimebound:TarBlob":10,"Slimebound:MaxSlimesRelic":4,"Shuriken":24,"Sundial":26,"Pantograph":5,"Bronze Scales":26,"Iron Hammer":25,"Slimebound:AbsorbEndCombat":0,"Coffee Dripper":22},{"Potion Belt":72,"BargainBundle":54,"Spirit Poop":30,"Frozen Egg 2":54,"WarpedTongs":4,"Slimebound:TarBlob":39,"Slimebound:MaxSlimesRelic":15,"Shuriken":98,"Sundial":109,"Pantograph":20,"Bronze Scales":109,"Iron Hammer":105,"Slimebound:AbsorbEndCombat":0,"Coffee Dripper":90}],"WarpedTongs":[125]},"card_choices":[{"not_picked":["Slimebound:LeechingTouch","Slimebound:SplitBruiser"],"picked":"Slimebound:RollThrough","floor":2.0},{"not_picked":["Slimebound:HauntingLick","Slimebound:LivingWall"],"picked":"Slimebound:AcidTongue","floor":4.0},{"not_picked":["Slimebound:SplitMire","Slimebound:RollThrough"],"picked":"Slimebound:HauntingLick","floor":5.0},{"not_picked":["Slimebound:HauntingLick","Slimebound:FormOfPuddle"],"picked":"Slimebound:Prepare","floor":6.0},{"not_picked":["Slimebound:FlameTackle","Slimebound:SlimeTap"],"picked":"Slimebound:Equalize","floor":8.0},{"not_picked":["Slimebound:GoopSpray","Slimebound:RollThrough"],"picked":"Slimebound:RainOfGoop","floor":9.0},{"not_picked":["Slimebound:LevelUp","Slimebound:TongueLash"],"picked":"Slimebound:Grow","floor":10.0},{"not_picked":["Slimebound:Prepare","Slimebound:SlimeSpikes"],"picked":"Slimebound:LeechLife","floor":13.0},{"not_picked":["Slimebound:LivingWall","Slimebound:GoopTackle"],"picked":"Slimebound:ViciousTackle","floor":15.0},{"not_picked":["Slimebound:Overexert","Slimebound:MassRepurpose"],"picked":"Slimebound:OneTwoCombo","floor":16.0},{"not_picked":["Slimebound:Chomp","Slimebound:TongueLash"],"picked":"Slimebound:LeechEnergy","floor":19},{"not_picked":["Slimebound:SamplingLick","Slimebound:LeechingTouch"],"picked":"Slimebound:MegaLick+1","floor":20},{"not_picked":["Slimebound:ItLooksTasty","Slimebound:GoopTackle","Slimebound:FinishingTackle+1"],"picked":"SKIP","floor":21},{"not_picked":["Slimebound:PressTheAttack+1","Slimebound:SlimeTap"],"picked":"Slimebound:Gluttony+1","floor":23},{"not_picked":["Slimebound:SelfFormingGoo+1","Slimebound:ComboTackle","Slimebound:GoopTackle"],"picked":"SKIP","floor":25},{"not_picked":["Slimebound:Replication","Slimebound:SplitAcid"],"picked":"Slimebound:ProtectTheBoss+1","floor":26},{"not_picked":[],"picked":"Slimebound:SplitMire","floor":27},{"not_picked":["Slimebound:GrowthPunch","Slimebound:Grow+1","Slimebound:Replication"],"picked":"SKIP","floor":28},{"not_picked":["Slimebound:SplitAcid","Slimebound:Prepare"],"picked":"Slimebound:LivingWall","floor":29},{"not_picked":["Slimebound:LevelUp+1","Slimebound:Repurpose+1"],"picked":"Slimebound:RejuvenatingLick","floor":30},{"not_picked":["Slimebound:FinishingTackle+1","Slimebound:GoopTackle","Slimebound:SlimeSpikes"],"picked":"SKIP","floor":31},{"not_picked":["Slimebound:ComboTackle+1","Slimebound:GoopSpray"],"picked":"Slimebound:HauntingLick+1","floor":32},{"not_picked":["Slimebound:GrowthPunch+1","Slimebound:LevelUp+1","Slimebound:DisruptingSlam"],"picked":"SKIP","floor":36},{"not_picked":["Slimebound:SplitMire","Slimebound:LeechingTouch"],"picked":"Slimebound:Schlurp+1","floor":37},{"not_picked":["expansioncontent:LastStand","expansioncontent:InvincibleStrength"],"picked":"expansioncontent:AwakenDeath","floor":39},{"not_picked":["Replay:SS_forest_2","expansioncontent:AwakenDeath"],"picked":"expansioncontent:Chronoboost","floor":39},{"not_picked":["Replay:SS_hec_1","Replay:SS_forest_2"],"picked":"expansioncontent:YouAreMine","floor":39},{"not_picked":["Slimebound:HauntingLick","Slimebound:ComboTackle","Slimebound:PressTheAttack"],"picked":"SKIP","floor":42},{"not_picked":["Slimebound:LivingWall+1","Slimebound:LeechEnergy","Slimebound:SplitLeeching"],"picked":"SKIP","floor":43},{"not_picked":["Slimebound:AcidTongue+1","Slimebound:MassFeed","Slimebound:GoopTackle"],"picked":"SKIP","floor":45},{"not_picked":["Slimebound:FinishingTackle","Slimebound:SplitBruiser+1","Slimebound:ViciousTackle"],"picked":"SKIP","floor":47},{"not_picked":["Slimebound:Nibble","Slimebound:SplitBruiser+1","Slimebound:SplitLeeching+1"],"picked":"SKIP","floor":48},{"not_picked":["Slimebound:Repurpose+1","Slimebound:HauntingLick+1"],"picked":"Slimebound:ItLooksTasty+1","floor":49}],"player_experience":170269,"relics_obtained":[{"floor":7.0,"key":"Slimebound:MaxSlimesRelic"},{"floor":8.0,"key":"Pantograph"},{"floor":24,"key":"Frozen Egg 2"},{"floor":29,"key":"Potion Belt"},{"floor":41,"key":"Shuriken"},{"floor":42,"key":"Iron Hammer"}],"event_choices":[{"damage_healed":0.0,"max_hp_gain":0.0,"max_hp_loss":0.0,"gold_gain":0.0,"event_name":"Accursed Blacksmith","player_choice":"Rummage","floor":3.0,"gold_loss":0.0,"damage_taken":0.0,"relics_obtained":["WarpedTongs"],"cards_obtained":["Pain"]},{"cards_removed":["Pain"],"damage_healed":0.0,"max_hp_gain":0.0,"max_hp_loss":0.0,"gold_gain":0.0,"event_name":"Bonfire Elementals","player_choice":"Offered Curse","floor":14.0,"gold_loss":0.0,"damage_taken":0.0,"relics_obtained":["Spirit Poop"]}],"is_beta":false,"boss_relics":[{"not_picked":["Runic Pyramid","Fusion Hammer"],"picked":"Slimebound:TarBlob"},{"not_picked":["Cursed Key","Empty Cage"],"picked":"Coffee Dripper"}],"items_purged_floors":[10,23,43],"is_endless":false,"potions_floor_spawned":[4,6,8,15,16,19,21,26,30,31,37,47,49],"ascension_level":0}}