{"host":"yqw1zpryoutrnocq","time":1612546056,"event":{"mods":["2.2 Compatiblity","AchievementEnabler","BaseMod","Colored Map","Custom Start","DeckTracker","Minty Spire (QoL Compilation)","StSLib","SuperFastMode"],"gold_per_floor":[114,15,190,190,38,73,93,93,163,163,175,209,174,187,187,285,285,299,332,282,32,46,75,75,93,175,192,192,205,205,12,12,12,12],"floor_reached":33,"language":"KOR","playtime":731,"items_purged":["Defend_P","Defend_P"],"score":380,"play_id":"ee2234f3-f850-4aba-97a5-4a616e6b0a4e","local_time":"20210205112736","is_ascension_mode":true,"campfire_choices":[{"data":"Eruption","floor":8,"key":"SMITH"},{"data":"Vigilance","floor":10,"key":"SMITH"},{"data":"WheelKick","floor":15,"key":"SMITH"},{"data":"Adaptation","floor":24,"key":"SMITH"},{"floor":32,"key":"REST"}],"circlet_count":0,"master_deck":["Strike_P+1","Strike_P","Defend_P","Defend_P","Eruption+1","Vigilance+1","Consecrate+1","FlurryOfBlows","JustLucky","WheelKick+1","Adaptation+1","Adaptation+1","FlyingSleeves","Alpha","EmptyBody","ClearTheMind+1","Panache+1","ReachHeaven","FearNoEvil","Normality","Ghostly","Ghostly","Ghostly","Ghostly","Ghostly","MentalFortress+1"],"relics":["PureWater","Boot","Mummified Hand","Frozen Egg 2","Cursed Key","Red Mask","Unceasing Top","Meat on the Bone","Whetstone"],"acts_visited":["Exordium","TheCity"],"potions_floor_usage":[12,16,27,29],"damage_taken":[{"damage":2,"enemies":"Jaw Worm","floor":1,"turns":4},{"damage":36,"enemies":"3 Sentries","floor":6,"turns":7},{"damage":0,"enemies":"Small Slimes","floor":7,"turns":2},{"damage":0,"enemies":"2 Louse","floor":11,"turns":2},{"damage":10,"enemies":"Lagavulin","floor":12,"turns":4},{"damage":0,"enemies":"Red Slaver","floor":14,"turns":2},{"damage":0,"enemies":"Slime Boss","floor":16,"turns":2},{"damage":0,"enemies":"Spheric Guardian","floor":18,"turns":1},{"damage":14,"enemies":"Masked Bandits","floor":19,"turns":3},{"damage":0,"enemies":"3 Byrds","floor":22,"turns":3},{"damage":28,"enemies":"Book of Stabbing","floor":23,"turns":4},{"damage":0,"enemies":"Snake Plant","floor":25,"turns":1},{"damage":6,"enemies":"Shelled Parasite and Fungi","floor":27,"turns":2},{"damage":25,"enemies":"Snecko","floor":29,"turns":3},{"damage":26,"enemies":"Automaton","floor":33,"turns":3}],"seed_played":"6584326109677504552","potions_obtained":[{"floor":7,"key":"GamblersBrew"},{"floor":12,"key":"Strength Potion"},{"floor":23,"key":"Weak Potion"},{"floor":25,"key":"SneckoOil"}],"is_trial":false,"path_per_floor":["M","$","?","?","$","E","M","R","T","R","M","E","?","M","R","B",null,"M","?","?","$","M","E","R","M","T","M","?","M","?","$","R","B"],"character_chosen":"WATCHER","items_purchased":["Consecrate","FlurryOfBlows","Panache+1","ReachHeaven","Whetstone","FearPotion"],"campfire_rested":1,"item_purchase_floors":[2,5,21,21,31,31],"current_hp_per_floor":[63,63,63,56,56,20,20,20,20,20,20,10,26,26,26,26,65,65,51,51,51,51,23,23,23,23,29,29,16,16,16,25,0,0],"gold":12,"neow_bonus":"REMOVE_TWO","is_daily":false,"chose_seed":false,"campfire_upgraded":4,"win_rate":0.0,"timestamp":1612546056,"path_taken":["M","$","?","?","$","E","M","R","T","R","M","E","?","M","R","BOSS","M","?","?","$","?","E","R","M","T","?","?","M","?","$","R","BOSS"],"items_purchased_type":["Card","Card","Card","Card","Relic","Potion"],"build_version":"2020-12-22","purchased_purges":2,"victory":false,"max_hp_per_floor":[65,65,65,65,65,65,65,65,65,65,65,65,65,65,65,65,65,65,65,65,65,65,65,65,65,65,65,32,32,32,32,32,32,32],"card_choices":[{"not_picked":["Protect","WreathOfFlame","ForeignInfluence"],"picked":"SKIP","floor":1},{"not_picked":["Evaluate","EmptyBody"],"picked":"JustLucky","floor":6},{"not_picked":["Crescendo","Swivel"],"picked":"WheelKick","floor":7},{"not_picked":["EmptyFist","ThirdEye"],"picked":"Adaptation","floor":11},{"not_picked":["LikeWater+1","FlyingSleeves"],"picked":"Adaptation+1","floor":12},{"not_picked":["Sanctity","EmptyBody"],"picked":"FlyingSleeves","floor":14},{"not_picked":["Blasphemy","Judgement"],"picked":"Alpha","floor":16},{"not_picked":["SignatureMove","WaveOfTheHand"],"picked":"EmptyBody","floor":18},{"not_picked":["FlyingSleeves","Wallop"],"picked":"ClearTheMind+1","floor":19},{"not_picked":["FlurryOfBlows","LikeWater+1","FollowUp"],"picked":"SKIP","floor":22},{"not_picked":["ThirdEye","CrushJoints"],"picked":"FearNoEvil","floor":23},{"not_picked":["Consecrate+1","Halt","BowlingBash"],"picked":"SKIP","floor":25},{"not_picked":["Evaluate","SashWhip","FlurryOfBlows"],"picked":"SKIP","floor":27},{"not_picked":["EmptyBody","BowlingBash"],"picked":"MentalFortress+1","floor":29}],"player_experience":287717,"relics_obtained":[{"floor":6,"key":"Boot"},{"floor":9,"key":"Mummified Hand"},{"floor":12,"key":"Frozen Egg 2"},{"floor":19,"key":"Red Mask"},{"floor":23,"key":"Unceasing Top"},{"floor":26,"key":"Meat on the Bone"}],"event_choices":[{"damage_healed":0,"gold_gain":175,"player_choice":"AGREE","damage_taken":0,"max_hp_gain":0,"max_hp_loss":0,"event_name":"Liars Game","floor":3,"gold_loss":0,"cards_obtained":["Doubt"]},{"cards_removed":["Doubt"],"damage_healed":0,"gold_gain":0,"player_choice":"Card Removal","damage_taken":7,"max_hp_gain":0,"max_hp_loss":0,"event_name":"Golden Wing","floor":4,"gold_loss":0},{"damage_healed":16,"gold_gain":0,"player_choice":"Healed","damage_taken":0,"max_hp_gain":0,"max_hp_loss":0,"event_name":"The Cleric","floor":13,"gold_loss":35},{"damage_healed":0,"gold_gain":0,"player_choice":"Fought Bandits","damage_taken":0,"max_hp_gain":0,"max_hp_loss":0,"event_name":"Masked Bandits","floor":19,"gold_loss":0},{"damage_healed":0,"gold_gain":0,"player_choice":"Bet on Owner","damage_taken":0,"max_hp_gain":0,"max_hp_loss":0,"event_name":"The Joust","floor":20,"gold_loss":50},{"damage_healed":0,"gold_gain":0,"player_choice":"Became a Ghost","damage_taken":0,"max_hp_gain":0,"max_hp_loss":33,"event_name":"Ghosts","floor":28,"gold_loss":0,"cards_obtained":["Ghostly","Ghostly","Ghostly","Ghostly","Ghostly"]},{"damage_healed":0,"gold_gain":0,"player_choice":"Ignored","damage_taken":0,"max_hp_gain":0,"max_hp_loss":0,"event_name":"N\u0027loth","floor":30,"gold_loss":0}],"is_beta":false,"boss_relics":[{"not_picked":["SlaversCollar","Fusion Hammer"],"picked":"Cursed Key"}],"items_purged_floors":[2,5],"is_endless":false,"potions_floor_spawned":[7,12,23,25],"killed_by":"Automaton","ascension_level":2}}