{"host":"gbbz8f5svnnpwo8d","time":1612534482,"event":{"mods":["AchievementEnabler","AlwaysNeverKeys","BaseMod","Bestiary","Better Altar","Better Match","Better Note","Better Sensory Stone","Better Silent Start","Better Skull","Better Third Choice","Better Vampires","Better-Laid Plans","BetterRewards","Block Reminder","Colored Map","Colored Powertips","Curses Come First","Dark Map","Displayed Cursed Tome","GifTheSpireLib","Minty Spire (QoL Compilation)","MonsterHotkey","Permanent Neow","Potion Indicator Mod","Quick Restart","Random Character Button","Rare Cards Sparkle","Relic Stats","Shop Mod","Spicy Shops","Spire Birthday Party","StSLib","Transform Curses"],"gold_per_floor":[119,136,152,152,7,7,7,7,7,18,18,18,40,55,55,151,151,151,151,151,151,151,151,151,151,151,151,18,18,18,18,18,18,18,18,18,18,18,18,18,18,18,18,18,18,18,18,18,18,18,18],"floor_reached":50,"language":"ENG","playtime":2160,"items_purged":["Strike_G"],"score":729,"play_id":"0b1e64c6-7a7a-497b-acd5-b88014ee8c03","local_time":"20210205071442","is_ascension_mode":false,"campfire_choices":[{"data":"Distraction","floor":6.0,"key":"SMITH"},{"data":"All Out Attack","floor":12,"key":"SMITH"},{"data":"Riddle With Holes","floor":15,"key":"SMITH"},{"data":"Cloak And Dagger","floor":24,"key":"SMITH"},{"data":"Cloak And Dagger","floor":27,"key":"SMITH"},{"data":"Enlightenment","floor":32,"key":"SMITH"},{"floor":40,"key":"REST"},{"floor":47,"key":"REST"},{"floor":49,"key":"REST"}],"circlet_count":0,"master_deck":["Defend_G","Defend_G","Defend_G","Defend_G","Survivor","Neutralize","Riddle With Holes+1","Well Laid Plans","Dash","Distraction+1","All Out Attack+1","PiercingWail","Cloak And Dagger+1","Corpse Explosion","PiercingWail+1","Cloak And Dagger+1","Enlightenment+1","Setup+1","Die Die Die","Cloak And Dagger+1","Well Laid Plans","Footwork+1","Cloak And Dagger+1","Finisher+1"],"relics":["Ring of the Snake","PreservedInsect","Mercury Hourglass","Orichalcum","Gremlin Horn","Dead Branch","InkBottle","Odd Mushroom","Ectoplasm","Lantern","Incense Burner","Fusion Hammer","Ginger","Pantograph"],"acts_visited":["Exordium","TheCity","TheBeyond"],"potions_floor_usage":[16,33,33,50,50],"damage_taken":[{"damage":0.0,"enemies":"2 Louse","floor":1.0,"turns":2.0},{"damage":0.0,"enemies":"Small Slimes","floor":2.0,"turns":2.0},{"damage":0.0,"enemies":"Cultist","floor":3.0,"turns":3.0},{"damage":0,"enemies":"Red Slaver","floor":10,"turns":2},{"damage":0,"enemies":"The Mushroom Lair","floor":13,"turns":2},{"damage":0,"enemies":"Looter","floor":14,"turns":2},{"damage":0,"enemies":"Slime Boss","floor":16,"turns":5},{"damage":0,"enemies":"3 Byrds","floor":18,"turns":3},{"damage":0,"enemies":"Spheric Guardian","floor":19,"turns":3},{"damage":5,"enemies":"Centurion and Healer","floor":21,"turns":4},{"damage":3,"enemies":"Snecko","floor":22,"turns":6},{"damage":0,"enemies":"Gremlin Leader","floor":23,"turns":4},{"damage":9,"enemies":"Snake Plant","floor":25,"turns":4},{"damage":0,"enemies":"Chosen and Byrds","floor":31,"turns":3},{"damage":5,"enemies":"Champ","floor":33,"turns":11},{"damage":0,"enemies":"3 Shapes","floor":35,"turns":2},{"damage":0,"enemies":"3 Darklings","floor":37,"turns":3},{"damage":0,"enemies":"Mind Bloom Boss Battle","floor":38,"turns":5},{"damage":0,"enemies":"Sphere and 2 Shapes","floor":39,"turns":2},{"damage":14,"enemies":"Spire Growth","floor":42,"turns":4},{"damage":0,"enemies":"Jaw Worm Horde","floor":45,"turns":2},{"damage":0,"enemies":"3 Darklings","floor":48,"turns":3},{"damage":88,"enemies":"Time Eater","floor":50,"turns":10}],"seed_played":"7326956604025194037","potions_obtained":[{"floor":1.0,"key":"Dexterity Potion"},{"floor":3.0,"key":"Strength Potion"},{"floor":16,"key":"PowerPotion"},{"floor":33,"key":"Ancient Potion"},{"floor":35,"key":"SteroidPotion"},{"floor":45,"key":"LiquidMemories"}],"is_trial":false,"path_per_floor":["M","M","M","?","$","R","?","?","T","M","$","R","?","M","R","B",null,"M","M","?","M","M","E","R","M","T","R","$","?","?","M","R","B",null,"M","?","M","?","M","R","$","M","T","?","M","$","R","M","R","B"],"character_chosen":"THE_SILENT","items_purchased":["PreservedInsect","Riddle With Holes","Mercury Hourglass","Orichalcum","Gremlin Horn","Well Laid Plans","Dead Branch","Enlightenment"],"campfire_rested":3,"item_purchase_floors":[0,0,0,0,0,0,5,28],"current_hp_per_floor":[40,40,40,40,40,40,40,40,40,40,40,40,40,40,40,40,70,70,70,70,65,62,62,62,53,53,53,53,53,53,53,53,48,70,70,70,70,70,70,70,70,56,56,56,56,56,70,70,70,0,0],"gold":18,"neow_bonus":"","is_daily":false,"chose_seed":false,"campfire_upgraded":6,"win_rate":0.0,"timestamp":1612534482,"path_taken":["M","M","M","?","$","R","?","?","T","?","?","R","?","M","R","BOSS","M","M","?","M","?","E","R","M","T","R","?","?","?","M","R","BOSS","M","?","?","?","M","R","$","M","T","?","M","$","R","M","R","BOSS"],"items_purchased_type":["Relic","Card","Relic","Relic","Relic","Card","Relic","Card"],"build_version":"2020-12-22","purchased_purges":1,"victory":false,"max_hp_per_floor":[70,70,70,70,70,70,70,70,70,70,70,70,70,70,70,70,70,70,70,70,70,70,70,70,70,70,70,70,70,70,70,70,70,70,70,70,70,70,70,70,70,70,70,70,70,70,70,70,70,70,70],"relic_stats":{"Gremlin Horn":[21,21],"counters":[289,1393],"Dead Branch":[154],"Pantograph":0,"PreservedInsect":45,"Ectoplasm":447,"Ginger":[20],"Orichalcum":[84],"obtain_stats":[{"TwistedFunnel":27,"Ginger":39,"Whetstone":6,"Bottled Tornado":45,"Boot":54,"Blood Vial":23,"MealTicket":0,"Fusion Hammer":17,"Necronomicon":29,"Kunai":0,"MerchantsRug":0,"Blue Candle":47,"Eternal Feather":9,"Tingsha":0,"Pen Nib":7,"reliquary:WeakTea":0,"Paper Crane":43,"Akabeko":36,"SlaversCollar":17,"Bird Faced Urn":0,"Pandora\u0027s Box":34,"Unceasing Top":0,"Ring of the Serpent":34,"Regal Pillow":14,"Lantern":44,"Torii":0,"Singing Bowl":43,"Cursed Key":17,"Shovel":14,"Matryoshka":0,"WristBlade":34,"Ninja Scroll":28,"InkBottle":43,"Ring of the Snake":0,"Potion Belt":28,"Lee\u0027s Waffle":0,"The Specimen":0,"Golden Idol":11,"Thread and Needle":13,"PreservedInsect":0,"The Courier":9,"Omamori":9,"Frozen Egg 2":9,"reliquary:RosewoodLute":10,"Nuclear Battery":17,"Busted Crown":17,"Ornamental Fan":0,"Bloody Idol":28,"Turnip":53,"Ectoplasm":17,"Art of War":26,"Bottled Lightning":26,"Toy Ornithopter":54,"Ice Cream":48,"Calipers":9,"Tiny House":34,"Gremlin Horn":52,"Vajra":23,"HoveringKite":34,"Sozu":17,"Lizard Tail":48,"Strawberry":10,"Toxic Egg 2":47,"reliquary:SharkskinSheath":23,"Girya":37,"Happy Flower":7,"Astrolabe":17,"Dead Branch":53,"Letter Opener":8,"War Paint":14,"Question Card":0,"Du-Vu Doll":42,"Shuriken":36,"Bronze Scales":54,"Molten Egg 2":26,"Meat on the Bone":10,"Darkstone Periapt":38,"Snake Skull":43,"Incense Burner":47,"Juzu Bracelet":0,"Empty Cage":34,"ClockworkSouvenir":53,"Emotion Chip":0,"Nunchaku":49,"Dream Catcher":41,"Mummified Hand":0,"Gambling Chip":54,"Pantograph":53,"Tiny Chest":27,"Red Mask":20,"Cracked Core":0,"Odd Mushroom":12,"Orichalcum":0,"White Beast Statue":7,"Mercury Hourglass":9,"Cauldron":0,"Anchor":42,"CaptainsWheel":0,"Bag of Marbles":53,"Membership Card":27,"FossilizedHelix":53,"TungstenRod":54},{"TwistedFunnel":102,"Ginger":60,"Whetstone":173,"Bottled Tornado":28,"Boot":90,"Blood Vial":204,"MealTicket":66,"Fusion Hammer":46,"Necronomicon":127,"Kunai":37,"MerchantsRug":33,"Blue Candle":137,"Eternal Feather":4,"Tingsha":91,"Pen Nib":69,"reliquary:WeakTea":146,"Paper Crane":189,"Akabeko":82,"SlaversCollar":7,"Bird Faced Urn":115,"Pandora\u0027s Box":55,"Unceasing Top":33,"Ring of the Serpent":232,"Regal Pillow":45,"Lantern":85,"Torii":37,"Singing Bowl":60,"Cursed Key":72,"Shovel":45,"Matryoshka":140,"WristBlade":104,"Ninja Scroll":102,"InkBottle":27,"Ring of the Snake":0,"Potion Belt":80,"Lee\u0027s Waffle":66,"The Specimen":140,"Golden Idol":5,"Thread and Needle":121,"PreservedInsect":0,"The Courier":43,"Omamori":247,"Frozen Egg 2":15,"reliquary:RosewoodLute":143,"Nuclear Battery":19,"Busted Crown":153,"Ornamental Fan":0,"Bloody Idol":23,"Turnip":113,"Ectoplasm":273,"Art of War":22,"Bottled Lightning":102,"Toy Ornithopter":114,"Ice Cream":30,"Calipers":142,"Tiny House":256,"Gremlin Horn":64,"Vajra":50,"HoveringKite":184,"Sozu":177,"Lizard Tail":88,"Strawberry":120,"Toxic Egg 2":62,"reliquary:SharkskinSheath":157,"Girya":27,"Happy Flower":4,"Astrolabe":99,"Dead Branch":168,"Letter Opener":43,"War Paint":222,"Question Card":66,"Du-Vu Doll":109,"Shuriken":130,"Bronze Scales":32,"Molten Egg 2":51,"Meat on the Bone":5,"Darkstone Periapt":235,"Snake Skull":85,"Incense Burner":111,"Juzu Bracelet":194,"Empty Cage":25,"ClockworkSouvenir":192,"Emotion Chip":0,"Nunchaku":63,"Dream Catcher":165,"Mummified Hand":170,"Gambling Chip":65,"Pantograph":214,"Tiny Chest":51,"Red Mask":48,"Cracked Core":0,"Odd Mushroom":249,"Orichalcum":266,"White Beast Statue":42,"Mercury Hourglass":197,"Cauldron":170,"Anchor":60,"CaptainsWheel":170,"Bag of Marbles":64,"Membership Card":102,"FossilizedHelix":113,"TungstenRod":169},{"TwistedFunnel":496,"Ginger":297,"Whetstone":771,"Bottled Tornado":134,"Boot":434,"Blood Vial":907,"MealTicket":324,"Fusion Hammer":235,"Necronomicon":595,"Kunai":197,"MerchantsRug":176,"Blue Candle":628,"Eternal Feather":12,"Tingsha":445,"Pen Nib":334,"reliquary:WeakTea":672,"Paper Crane":858,"Akabeko":393,"SlaversCollar":26,"Bird Faced Urn":554,"Pandora\u0027s Box":275,"Unceasing Top":176,"Ring of the Serpent":1047,"Regal Pillow":227,"Lantern":407,"Torii":197,"Singing Bowl":297,"Cursed Key":351,"Shovel":227,"Matryoshka":638,"WristBlade":510,"Ninja Scroll":496,"InkBottle":121,"Ring of the Snake":0,"Potion Belt":378,"Lee\u0027s Waffle":324,"The Specimen":638,"Golden Idol":15,"Thread and Needle":577,"PreservedInsect":0,"The Courier":221,"Omamori":1139,"Frozen Egg 2":51,"reliquary:RosewoodLute":657,"Nuclear Battery":66,"Busted Crown":692,"Ornamental Fan":0,"Bloody Idol":91,"Turnip":543,"Ectoplasm":1324,"Art of War":85,"Bottled Lightning":496,"Toy Ornithopter":546,"Ice Cream":146,"Calipers":647,"Tiny House":1213,"Gremlin Horn":310,"Vajra":253,"HoveringKite":839,"Sozu":800,"Lizard Tail":422,"Strawberry":571,"Toxic Egg 2":302,"reliquary:SharkskinSheath":707,"Girya":121,"Happy Flower":12,"Astrolabe":480,"Dead Branch":750,"Letter Opener":221,"War Paint":975,"Question Card":324,"Du-Vu Doll":526,"Shuriken":605,"Bronze Scales":170,"Molten Egg 2":258,"Meat on the Bone":15,"Darkstone Periapt":1060,"Snake Skull":407,"Incense Burner":535,"Juzu Bracelet":879,"Empty Cage":106,"ClockworkSouvenir":872,"Emotion Chip":0,"Nunchaku":305,"Dream Catcher":734,"Mummified Hand":758,"Gambling Chip":316,"Pantograph":947,"Tiny Chest":258,"Red Mask":244,"Cracked Core":0,"Odd Mushroom":1155,"Orichalcum":1306,"White Beast Statue":214,"Mercury Hourglass":884,"Cauldron":758,"Anchor":297,"CaptainsWheel":758,"Bag of Marbles":310,"Membership Card":496,"FossilizedHelix":543,"TungstenRod":753}],"InkBottle":[47],"Ring of the Snake":[0],"Mercury Hourglass":[358]},"card_choices":[{"not_picked":["Dagger Spray","Deadly Poison"],"picked":"Dash","floor":1.0},{"not_picked":["Poisoned Stab","Deadly Poison"],"picked":"Distraction","floor":2.0},{"not_picked":["Riddle With Holes","Eviscerate"],"picked":"All Out Attack","floor":3.0},{"not_picked":["Outmaneuver","Finisher"],"picked":"PiercingWail","floor":10},{"not_picked":["Dagger Throw","Underhanded Strike"],"picked":"Cloak And Dagger","floor":14},{"not_picked":["Night Terror","Grand Finale"],"picked":"Corpse Explosion","floor":16},{"not_picked":["Poisoned Stab","Deadly Poison","Eviscerate"],"picked":"SKIP","floor":18},{"not_picked":["Slice","Expertise"],"picked":"PiercingWail+1","floor":19},{"not_picked":["Underhanded Strike","Outmaneuver+1"],"picked":"Cloak And Dagger","floor":21},{"not_picked":["Acrobatics+1","Bane","Deadly Poison+1"],"picked":"SKIP","floor":22},{"not_picked":["Backflip","Dash","Grand Finale"],"picked":"SKIP","floor":23},{"not_picked":["Sucker Punch","Dagger Throw","Quick Slash"],"picked":"SKIP","floor":25},{"not_picked":["Deflect","Sucker Punch"],"picked":"Setup+1","floor":31},{"not_picked":["Grand Finale","Doppelganger"],"picked":"Die Die Die","floor":33},{"not_picked":["Concentrate+1","Setup+1"],"picked":"Cloak And Dagger+1","floor":35},{"not_picked":["Dagger Throw+1","Quick Slash+1"],"picked":"Footwork+1","floor":37},{"not_picked":["PiercingWail","Dagger Spray+1"],"picked":"Cloak And Dagger+1","floor":38},{"not_picked":["Underhanded Strike","Caltrops"],"picked":"Finisher+1","floor":39},{"not_picked":["Heel Hook","Caltrops","Deadly Poison+1"],"picked":"SKIP","floor":42},{"not_picked":["Outmaneuver+1","Prepared+1","Dagger Throw+1"],"picked":"SKIP","floor":45},{"not_picked":["Bouncing Flask+1","Calculated Gamble+1","Bane+1"],"picked":"SKIP","floor":48}],"player_experience":3707600,"relics_obtained":[{"floor":9,"key":"InkBottle"},{"floor":13,"key":"Odd Mushroom"},{"floor":23,"key":"Lantern"},{"floor":26,"key":"Incense Burner"},{"floor":38,"key":"Ginger"},{"floor":43,"key":"Pantograph"}],"event_choices":[{"damage_healed":0.0,"max_hp_gain":0.0,"max_hp_loss":0.0,"gold_gain":0.0,"event_name":"Golden Idol","player_choice":"Ignored","floor":4.0,"gold_loss":0.0,"damage_taken":0.0},{"damage_healed":0,"gold_gain":0,"player_choice":"Searched \u00270\u0027 times","damage_taken":0,"max_hp_gain":0,"max_hp_loss":0,"event_name":"Dead Adventurer","floor":7,"gold_loss":0},{"cards_removed":["Strike_G"],"damage_healed":0,"gold_gain":0,"player_choice":"Give","damage_taken":0,"max_hp_gain":0,"max_hp_loss":0,"event_name":"betterNote:BetterNote","floor":8,"gold_loss":0,"cards_obtained":["Strike_B"]},{"damage_healed":0,"gold_gain":0,"player_choice":"Fought Mushrooms","damage_taken":0,"max_hp_gain":0,"max_hp_loss":0,"event_name":"Mushrooms","floor":13,"gold_loss":0},{"cards_removed":["Strike_G"],"damage_healed":0,"gold_gain":0,"player_choice":"Card Removal","damage_taken":0,"max_hp_gain":0,"max_hp_loss":0,"event_name":"Wheel of Change","floor":20,"gold_loss":0},{"damage_healed":0,"gold_gain":0,"player_choice":"Ignored","damage_taken":0,"max_hp_gain":0,"max_hp_loss":0,"event_name":"Vampires","floor":29,"gold_loss":0},{"damage_healed":0,"gold_gain":0,"player_choice":"Ignored","damage_taken":0,"max_hp_gain":0,"max_hp_loss":0,"event_name":"Ghosts","floor":30,"gold_loss":0},{"damage_healed":0,"gold_gain":0,"cards_transformed":["Strike_G"],"player_choice":"Transformed","damage_taken":0,"max_hp_gain":0,"max_hp_loss":0,"event_name":"Transmorgrifier","floor":36,"gold_loss":0,"cards_obtained":["Well Laid Plans"]},{"damage_healed":0,"gold_gain":0,"player_choice":"Fight","damage_taken":0,"max_hp_gain":0,"max_hp_loss":0,"event_name":"MindBloom","floor":38,"gold_loss":0},{"cards_removed":["Strike_G"],"damage_healed":0,"gold_gain":0,"player_choice":"Removed Attack","damage_taken":0,"max_hp_gain":0,"max_hp_loss":0,"event_name":"Falling","floor":44,"gold_loss":0}],"is_beta":false,"boss_relics":[{"not_picked":["Ring of the Serpent","Cursed Key"],"picked":"Ectoplasm"},{"not_picked":["Tiny House","Astrolabe"],"picked":"Fusion Hammer"}],"items_purged_floors":[5],"is_endless":false,"potions_floor_spawned":[1,3,16,19,21,33,35,37,42,45],"killed_by":"Time Eater","ascension_level":0}}