{"host":"roto7j7840a50pxh","time":1612523257,"event":{"mods":["Act Like it!","BaseMod","Better Altar","Better Note","Better Sensory Stone","Better Skull","Better Third Choice","BetterRewards","Colored Map","Colored Powertips","Downfall","Elementarium","Hermit","Highlight Path","Hubris","Infinite Spire","Minty Spire (QoL Compilation)","Replay The Spire","Robot Space Explorer","Shade Mod","Spicy Shops","StSLib","The Construct","The Cursed","The Dragon Tamer","The Hierophant","The Jungle","The Necromancer","The Runesmith","The Servant 0.9.4","TheVacant"],"gold_per_floor":[99,115,128,143,143,153,207,233,245,695,728,740,771,771,782,883,883,783,801,901,1001,1013,1013,1013,1043,1043,361,361,393,405,420,436,531,531,531,541,147,161,177,208,232,243,269,269,288,302,315,29,48,48],"floor_reached":51,"language":"ENG","playtime":5731,"items_purged":["sneckomod:Strike","Shame","Writhe"],"score":1247,"play_id":"61e5fa1a-7326-433d-ae23-809dec5a5ec4","local_time":"20210205060737","is_ascension_mode":true,"campfire_choices":[{"data":"sneckomod:TailWhip","floor":1.0,"key":"SMITH"},{"floor":35.0,"key":"REST"},{"floor":44.0,"key":"DIG"}],"circlet_count":0,"master_deck":["sneckomod:Strike","sneckomod:Strike","sneckomod:Defend","sneckomod:Defend","sneckomod:Defend+1","sneckomod:TailWhip+1","sneckomod:SnekBite","sneckomod:Unknown","sneckomod:Unknown+1","sneckomod:UnknownClassHEXA_GHOST_PURPLE","sneckomod:UnknownClassHEXA_GHOST_PURPLE","sneckomod:UnknownClassHEXA_GHOST_PURPLE","sneckomod:UnknownClassHEXA_GHOST_PURPLE+1","sneckomod:UnknownClassHEXA_GHOST_PURPLE","hexamod:FourthSeal","sneckomod:Unknown0Cost","sneckomod:WideSting","hexamod:TimeOfNeed","sneckomod:UnknownBlock","hexamod:FlamesFromBeyond","sneckomod:UnknownDraw","hexamod:PowerFromBeyond","sneckomod:RainOfDice","hexamod:SoulSteal","Pot Of Greed","Pot Of Greed","Pot Of Greed","sneckomod:UnknownStrength","hexamod:PhantomFireball","sneckomod:UnknownDraw","downfall:Icky","downfall:Icky","downfall:Icky","hexamod:RainOfEmbers","sneckomod:DiceBlock","hexamod:ShieldOfDarkness","sneckomod:SnekBeam+1","hexamod:DynamicBlow","Pot Of Greed","sneckomod:UnknownRareAttack","sneckomod:UnknownVulnerable","hexamod:FastForward+1","sneckomod:UnknownBoss+1","hexamod:Hexaguard+1","sneckomod:MorePower","hexamod:Toasty","sneckomod:DiceBlock+1","sneckomod:UnknownBoss+1","sneckomod:UnknownUncommonAttack+1","infinitespire:Starlight+1","Pot Of Greed+1","hexamod:FirstSeal","sneckomod:Unknown3Cost+1","sneckomod:UnknownUncommonPower","hexamod:SwordOfDarkness","sneckomod:UnknownColorless+1","sneckomod:UnknownX+1","hexamod:NightmareGuise+1","sneckomod:Unknown3Cost+1","hexamod:Hexaguard+1","sneckomod:SoulCleanse+1","hexamod:PowerFromBeyond+1","Pot Of Greed+1","sneckomod:UnknownColorless+1","sneckomod:UnknownClassTHE_CURSED_PURPLE+1","sneckomod:UnknownBlock+1","sneckomod:Restock+1","sneckomod:UnknownBlock+1","hexamod:PhantomCloak","sneckomod:TrashToTreasure+1","sneckomod:UnknownRarePower+1","hexamod:VolcanoVisage","sneckomod:UnknownStrength+1","hexamod:UnleashSpirits","Pot Of Greed+1","sneckomod:CheapStock","Parasite","hexamod:GiftsFromTheDead","hexamod:GiftsFromTheDead"],"relics":["sneckomod:SneckoBoss","Grinning Jar","Du-Vu Doll","Chameleon Ring","Toxic Egg 2","Replay:Grab Bag","Philosopher\u0027s Stone","hubris:TerracottaHorce","hubris:ScarierMask","downfall:HeartBlessingBlue","downfall:GremlinWheel","infinitespire:PuzzleCube","hubris:SphereOfDissonance","Bottled Tornado","Potion Belt","hubris:Reverence","Cauldron","Guardian:GemstoneGun","SlaversCollar","Shovel","War Paint","Oddly Smooth Stone","Bag of Preparation","Guardian:PocketSentry","Replay:Bottled Flurry","Calipers","Mirror","Strawberry","Medical Kit"],"acts_visited":["Exordium","TheCity","TheBeyond"],"potions_floor_usage":[50,50,50],"damage_taken":[{"damage":11.0,"enemies":"Small Slimes","floor":2.0,"turns":4.0},{"damage":6.0,"enemies":"Cultist","floor":3.0,"turns":3.0},{"damage":3.0,"enemies":"2 Louse","floor":4.0,"turns":3.0},{"damage":0.0,"enemies":"Exordium Wildlife","floor":6.0,"turns":2.0},{"damage":0.0,"enemies":"Gremlin Nob","floor":8.0,"turns":2.0},{"damage":3.0,"enemies":"2 Fungi Beasts","floor":9.0,"turns":2.0},{"damage":9.0,"enemies":"3 Sentries","floor":11.0,"turns":4.0},{"damage":13.0,"enemies":"Blue Slaver","floor":12.0,"turns":2.0},{"damage":12.0,"enemies":"Gremlin Nob","floor":13.0,"turns":3.0},{"damage":0.0,"enemies":"3 Louse","floor":15.0,"turns":4.0},{"damage":0.0,"enemies":"SI_SHIV_ARCHETYPE","floor":16.0,"turns":5.0},{"damage":7.0,"enemies":"3 Byrds","floor":19.0,"turns":3.0},{"damage":0.0,"enemies":"3 Byrds","floor":21.0,"turns":2.0},{"damage":16.0,"enemies":"Snecko","floor":22.0,"turns":4.0},{"damage":48.0,"enemies":"Gremlin Leader","floor":25.0,"turns":5.0},{"damage":0.0,"enemies":"Shelled Parasite and Fungi","floor":26.0,"turns":1.0},{"damage":10.0,"enemies":"downfall:FleeingMerchant","floor":27.0,"turns":4.0},{"damage":6.0,"enemies":"Replay:Snechameleon","floor":29.0,"turns":2.0},{"damage":13.0,"enemies":"Snake Plant","floor":30.0,"turns":3.0},{"damage":0.0,"enemies":"Cultist and Chosen","floor":31.0,"turns":1.0},{"damage":0.0,"enemies":"Shelled Parasite and Fungi","floor":32.0,"turns":3.0},{"damage":75.0,"enemies":"DF_ARCHETYPE_CLAW","floor":33.0,"turns":8.0},{"damage":0.0,"enemies":"Orb Walker","floor":36.0,"turns":2.0},{"damage":0.0,"enemies":"downfall:FleeingMerchant","floor":37.0,"turns":4.0},{"damage":9.0,"enemies":"3 Shapes","floor":38.0,"turns":5.0},{"damage":9.0,"enemies":"Spire Growth","floor":39.0,"turns":3.0},{"damage":0.0,"enemies":"Nemesis","floor":40.0,"turns":4.0},{"damage":0.0,"enemies":"Jaw Worm Horde","floor":42.0,"turns":1.0},{"damage":3.0,"enemies":"Reptomancer","floor":43.0,"turns":6.0},{"damage":9.0,"enemies":"3 Darklings","floor":45.0,"turns":3.0},{"damage":30.0,"enemies":"Writhing Mass","floor":46.0,"turns":4.0},{"damage":0.0,"enemies":"4 Shapes","floor":47.0,"turns":5.0},{"damage":0.0,"enemies":"downfall:FleeingMerchant","floor":48.0,"turns":2.0},{"damage":20,"enemies":"Maw","floor":49,"turns":6},{"damage":49,"enemies":"IC_BLOCK_ARCHETYPE","floor":50,"turns":7}],"seed_played":"6978587726937631510","potions_obtained":[{"floor":3.0,"key":"EntropicBrew"},{"floor":3.0,"key":"sneckomod:DiceRollPotion"},{"floor":3.0,"key":"SneckoOil"},{"floor":4.0,"key":"Block Potion"},{"floor":5.0,"key":"Fruit Juice"},{"floor":5.0,"key":"AttackPotion"},{"floor":6.0,"key":"SkillPotion"},{"floor":8.0,"key":"sneckomod:CheatPotion"},{"floor":11.0,"key":"EssenceOfSteel"},{"floor":13.0,"key":"Fire Potion"},{"floor":15.0,"key":"Ancient Potion"},{"floor":18.0,"key":"infinitespire:BlackPotion"},{"floor":19.0,"key":"BlessingOfTheForge"},{"floor":22.0,"key":"SmokeBomb"},{"floor":27.0,"key":"Explosive Potion"},{"floor":27.0,"key":"sneckomod:DiceRollPotion"},{"floor":27.0,"key":"Energy Potion"},{"floor":27.0,"key":"EssenceOfSteel"},{"floor":27.0,"key":"SteroidPotion"},{"floor":27.0,"key":"champ:CounterPotion"},{"floor":29.0,"key":"Languid Potion"},{"floor":30.0,"key":"bronze:BurnAndBuffPotion"},{"floor":30.0,"key":"Venom Potion"},{"floor":31.0,"key":"Energy Potion"},{"floor":32.0,"key":"SteroidPotion"},{"floor":32.0,"key":"Weak Potion"},{"floor":33.0,"key":"Venom Potion"},{"floor":36.0,"key":"Elixir"},{"floor":37.0,"key":"sneckomod:MuddlingPotion"},{"floor":38.0,"key":"Strength Potion"},{"floor":38.0,"key":"Energy Potion"},{"floor":39.0,"key":"Slimebound:ThreeZeroPotion"},{"floor":40.0,"key":"champ:CounterPotion"},{"floor":42.0,"key":"Reflective Coating"},{"floor":45.0,"key":"Reflective Coating"}],"is_trial":false,"path_per_floor":["R","M","M","M","?","M","T","E","M","?","E","M","E","T","M","B",null,"R","M","?","?","M","AVR","T","E","M","$","?","E","M","M","M","B",null,"R","M","$","M","M","E","T","M","E","R","M","M","M","$","M","B",null],"character_chosen":"THE_SNECKO","items_purchased":["Potion Belt","hubris:Reverence","Cauldron","Doom Potion","Shovel","War Paint","Calipers","Mirror","Strawberry","Medical Kit"],"campfire_rested":1,"item_purchase_floors":[27,27,27,27,37,37,48,48,48,48],"current_hp_per_floor":[90,79,73,70,75,75,75,75,72,72,63,50,38,38,38,38,81,91,84,84,84,68,68,68,20,20,25,115,109,102,102,102,50,99,115,115,115,113,111,115,115,115,115,115,115,85,85,107,87,53],"gold":48,"neow_bonus":"BOSS_RELIC","is_daily":false,"chose_seed":false,"campfire_upgraded":1,"win_rate":0.0,"timestamp":1612523257,"path_taken":["R","M","M","M","?","M","T","E","?","?","E","M","E","?","M","BOSS","R","M","?","?","M","AVR","T","E","M","$","?","E","M","M","M","BOSS","R","M","$","M","M","E","T","M","E","R","M","M","M","$","M","BOSS"],"items_purchased_type":["Relic","Relic","Relic","Potion","Relic","Relic","Relic","Relic","Relic","Relic"],"build_version":"2020-12-22","purchased_purges":3,"victory":true,"max_hp_per_floor":[90,90,90,90,95,95,95,95,95,95,95,95,95,95,95,95,95,105,105,105,105,105,105,105,105,105,105,115,115,115,115,115,115,115,115,115,115,115,115,115,115,115,115,115,115,115,115,122,122,122],"card_choices":[{"not_picked":["hexamod:HauntingEcho","hexamod:Again"],"picked":"hexamod:FourthSeal","floor":2.0},{"not_picked":["sneckomod:UnknownCommonAttack","sneckomod:DiceBlock"],"picked":"sneckomod:Unknown0Cost","floor":2.0},{"not_picked":["sneckomod:UnknownDexterity","sneckomod:DiceBlock"],"picked":"sneckomod:WideSting","floor":2.0},{"not_picked":["hexamod:VolcanoVisage","hexamod:NightmareStrike"],"picked":"hexamod:TimeOfNeed","floor":3.0},{"not_picked":["sneckomod:DiceBlock","sneckomod:Nope"],"picked":"sneckomod:UnknownBlock","floor":3.0},{"not_picked":["hexamod:TurnItUp","hexamod:UnlimitedPower"],"picked":"hexamod:FlamesFromBeyond","floor":4.0},{"not_picked":["sneckomod:UnknownX","sneckomod:DiceBlock"],"picked":"sneckomod:UnknownDraw","floor":4.0},{"not_picked":["hexamod:ParanormalForm","hexamod:UnleashSpirits"],"picked":"hexamod:PowerFromBeyond","floor":6.0},{"not_picked":["sneckomod:UnknownBlock","sneckomod:IronFang"],"picked":"sneckomod:RainOfDice","floor":6.0},{"not_picked":["hexamod:Defend","hexamod:GhostOfSpirePast"],"picked":"hexamod:SoulSteal","floor":8.0},{"not_picked":["sneckomod:UnlimitedRolls","sneckomod:SoulDraw"],"picked":"sneckomod:UnknownStrength","floor":8.0},{"not_picked":["hexamod:Toasty","hexamod:GhostOfSpirePresent"],"picked":"hexamod:PhantomFireball","floor":9.0},{"not_picked":["sneckomod:WideSting","sneckomod:DiceCrush"],"picked":"sneckomod:UnknownDraw","floor":9.0},{"not_picked":["hexamod:SecondSeal","hexamod:SwordOfDarkness"],"picked":"hexamod:RainOfEmbers","floor":11.0},{"not_picked":["sneckomod:DiceBoulder","sneckomod:IronFang"],"picked":"sneckomod:DiceBlock","floor":11.0},{"not_picked":["hexamod:Haunt","hexamod:NightmareStrike"],"picked":"hexamod:ShieldOfDarkness","floor":12.0},{"not_picked":["sneckomod:UnknownDraw","sneckomod:QuickMove"],"picked":"sneckomod:SnekBeam","floor":12.0},{"not_picked":["hexamod:GhostOfSpirePresent","hexamod:ShieldOfDarkness"],"picked":"hexamod:DynamicBlow","floor":13.0},{"not_picked":["sneckomod:Unknown2Cost","sneckomod:UnknownDraw"],"picked":"sneckomod:UnknownRareAttack","floor":13.0},{"not_picked":["sneckomod:UnknownCommonAttack","sneckomod:Unknown1Cost"],"picked":"sneckomod:UnknownVulnerable","floor":13.0},{"not_picked":["hexamod:EmpoweredFlame","hexamod:BacktrackSmack"],"picked":"hexamod:FastForward","floor":15.0},{"not_picked":["sneckomod:QuickBite","sneckomod:Nope+1"],"picked":"sneckomod:UnknownBoss+1","floor":15.0},{"not_picked":["hexamod:SkipABeat","hexamod:ParanormalForm"],"picked":"hexamod:Hexaguard","floor":16.0},{"not_picked":["sneckomod:Unknown3Cost+1","sneckomod:GlitteringGambit+1"],"picked":"sneckomod:MorePower","floor":16.0},{"not_picked":["hexamod:InspiringFlames","hexamod:HauntingEcho"],"picked":"hexamod:Toasty","floor":19.0},{"not_picked":["sneckomod:UnknownClassTHE_CURSED_PURPLE+1","sneckomod:UnknownDraw+1"],"picked":"sneckomod:DiceBlock+1","floor":19.0},{"not_picked":["hexamod:FastForward","hexamod:ThirdSeal"],"picked":"hexamod:TimeWarp","floor":22.0},{"not_picked":["sneckomod:UnknownCommonAttack+1","sneckomod:UnknownX+1"],"picked":"sneckomod:UnknownBoss+1","floor":22.0},{"not_picked":["sneckomod:ImprovisedAttack+1","sneckomod:QuickBite+1"],"picked":"sneckomod:UnknownUncommonAttack+1","floor":22.0},{"not_picked":["hexamod:SecondSeal","hexamod:DynamicBlow"],"picked":"hexamod:FirstSeal","floor":25.0},{"not_picked":["sneckomod:UnknownVulnerable+1","sneckomod:UnknownDexterity+1"],"picked":"sneckomod:Unknown3Cost+1","floor":25.0},{"not_picked":["sneckomod:DiceCrush","sneckomod:UnknownClassVACANT_COLOR+1"],"picked":"sneckomod:UnknownUncommonPower","floor":25.0},{"not_picked":["hexamod:NecessarySacrifice","hexamod:GhostflameInferno"],"picked":"hexamod:SwordOfDarkness","floor":27.0},{"not_picked":["sneckomod:UnknownWeak+1","sneckomod:UnknownClassVACANT_COLOR+1"],"picked":"sneckomod:UnknownColorless+1","floor":27.0},{"not_picked":["sneckomod:ImprovisedAttack","sneckomod:Cheat+1"],"picked":"sneckomod:UnknownX+1","floor":27.0},{"not_picked":["hexamod:RainOfEmbers","hexamod:UnlimitedPower"],"picked":"hexamod:NightmareGuise","floor":29.0},{"not_picked":["sneckomod:UnknownDraw+1","sneckomod:UnknownClassHEXA_GHOST_PURPLE+1"],"picked":"sneckomod:Unknown3Cost+1","floor":29.0},{"not_picked":["hexamod:ApocalypticArmor","hexamod:Haunt"],"picked":"hexamod:Hexaguard","floor":30.0},{"not_picked":["sneckomod:RainOfDice","sneckomod:UnknownClassHEXA_GHOST_PURPLE+1"],"picked":"sneckomod:SoulCleanse+1","floor":30.0},{"not_picked":["hexamod:SwordOfDarkness","hexamod:FourthSeal"],"picked":"hexamod:PowerFromBeyond","floor":31.0},{"not_picked":["sneckomod:QuickMove+1","sneckomod:UnknownClassVACANT_COLOR+1"],"picked":"sneckomod:UnknownColorless+1","floor":31.0},{"not_picked":["sneckomod:UnknownDraw+1","sneckomod:UnknownColorless+1"],"picked":"sneckomod:UnknownClassTHE_CURSED_PURPLE+1","floor":32.0},{"not_picked":["sneckomod:UnknownX+1","sneckomod:UnknownStrike+1"],"picked":"sneckomod:UnknownBlock+1","floor":33.0},{"not_picked":["sneckomod:UnknownRarePower","sneckomod:Unknown3Cost+1"],"picked":"sneckomod:Restock+1","floor":33.0},{"not_picked":["sneckomod:SoulRoll+1","sneckomod:SoulDraw+1"],"picked":"sneckomod:UnknownBlock+1","floor":36.0},{"not_picked":["hexamod:SwordOfDarkness","hexamod:CatchUp"],"picked":"hexamod:PhantomCloak","floor":37.0},{"not_picked":["sneckomod:UnendingSupply+1","sneckomod:SoulDraw+1"],"picked":"sneckomod:TrashToTreasure+1","floor":37.0},{"not_picked":["sneckomod:UnknownDraw+1","sneckomod:UnknownClassVACANT_COLOR+1"],"picked":"sneckomod:UnknownRarePower+1","floor":38.0},{"not_picked":["sneckomod:IronFang","sneckomod:MasterEye","sneckomod:Nope+1"],"picked":"SKIP","floor":38.0},{"not_picked":["hexamod:EmpoweredFlame","hexamod:ApocalypseNow"],"picked":"hexamod:VolcanoVisage","floor":39.0},{"not_picked":["sneckomod:ImprovisedAttack","sneckomod:UnknownExhaust+1"],"picked":"sneckomod:UnknownStrength+1","floor":39.0},{"not_picked":["sneckomod:DiceBlock+1","sneckomod:WideSting+1","sneckomod:MixItUp+1"],"picked":"SKIP","floor":40.0},{"not_picked":["sneckomod:UnknownClassHEXA_GHOST_PURPLE+1","sneckomod:UnknownCommonSkill+1","sneckomod:DiceBlock+1"],"picked":"SKIP","floor":42.0},{"not_picked":["hexamod:BurningTouch","hexamod:Sear"],"picked":"hexamod:UnleashSpirits","floor":43.0},{"not_picked":["sneckomod:UnknownCommonAttack","sneckomod:MorePower"],"picked":"sneckomod:CheapStock","floor":43.0},{"not_picked":["sneckomod:ImprovisedAttack+1","sneckomod:Unknown0Cost+1","sneckomod:WideSting+1"],"picked":"SKIP","floor":43.0},{"not_picked":["sneckomod:Transmogrify+1","sneckomod:QuickMove+1","sneckomod:UnknownDraw+1"],"picked":"SKIP","floor":45.0},{"not_picked":["sneckomod:UnknownCommonSkill+1","sneckomod:Nope+1","sneckomod:DiceCrush"],"picked":"SKIP","floor":46.0},{"not_picked":["hexamod:BacktrackSmack","hexamod:GhostflameInferno"],"picked":"hexamod:GiftsFromTheDead","floor":47.0},{"not_picked":["sneckomod:UnknownX+1","sneckomod:DefensiveFlair+1","sneckomod:Memorize+1"],"picked":"SKIP","floor":47.0},{"not_picked":["hexamod:BacktrackSmack","hexamod:GhostOfSpirePresent"],"picked":"hexamod:GiftsFromTheDead","floor":48.0},{"not_picked":["sneckomod:UnknownStrike","sneckomod:UnknownCommonSkill+1","sneckomod:UnknownBoss+1"],"picked":"SKIP","floor":48.0},{"not_picked":["sneckomod:RainOfDice+1","sneckomod:IronFang+1","sneckomod:UnknownClassTHE_CURSED_PURPLE+1"],"picked":"SKIP","floor":49}],"player_experience":1869209,"relics_obtained":[{"floor":8.0,"key":"Grinning Jar"},{"floor":11.0,"key":"Du-Vu Doll"},{"floor":13.0,"key":"Chameleon Ring"},{"floor":14.0,"key":"Toxic Egg 2"},{"floor":21.0,"key":"downfall:GremlinWheel"},{"floor":24.0,"key":"hubris:SphereOfDissonance"},{"floor":25.0,"key":"Bottled Tornado"},{"floor":29.0,"key":"Guardian:GemstoneGun"},{"floor":40.0,"key":"Oddly Smooth Stone"},{"floor":41.0,"key":"Bag of Preparation"},{"floor":43.0,"key":"Guardian:PocketSentry"},{"floor":44.0,"key":"Replay:Bottled Flurry"}],"event_choices":[{"damage_healed":0.0,"max_hp_gain":0.0,"max_hp_loss":0.0,"gold_gain":0.0,"event_name":"Lab","player_choice":"Got Potions","floor":5.0,"gold_loss":0.0,"damage_taken":0.0},{"cards_removed":["hexamod:TimeWarp"],"damage_healed":80.0,"max_hp_gain":10.0,"max_hp_loss":0.0,"gold_gain":0.0,"event_name":"Bonfire Elementals","player_choice":"Offered Rare","floor":28.0,"gold_loss":0.0,"damage_taken":0.0}],"is_beta":false,"boss_relics":[{"not_picked":["Astrolabe","Abe\u0027s Treasure"],"picked":"Replay:Grab Bag"},{"not_picked":["bronze:MakeshiftBattery","hubris:RunicObelisk"],"picked":"Philosopher\u0027s Stone"},{"not_picked":["Coffee Dripper","Runesmith:UraniumAnvil"],"picked":"hubris:TerracottaHorce"},{"not_picked":["Black Star","hubris:BlackHole"],"picked":"hubris:ScarierMask"},{"not_picked":["Ring of Chaos","Fusion Hammer"],"picked":"SlaversCollar"}],"items_purged_floors":[23,27,37],"is_endless":false,"potions_floor_spawned":[3,6,11,13,22,25,29,31,32,38,39,46,47,49],"ascension_level":4}}