{"host":"6pfj0wha12yu6wq3","time":1612487544,"event":{"mods":["AchievementEnabler","BaseMod","Colored Map","Colored Powertips","Curses Come First","DeckTracker","Minty Spire (QoL Compilation)","RNG Fix","Relic Sorter","Relic Stats","StSLib","UnlockEverythingMod","ojb\u0027s Better Paths Mod","ojb\u0027s Info Mod"],"gold_per_floor":[19,38,50,50,50,90,90,130,154,195,210,210,42,58,58,148,148,172,172,172,206,206,206,246,14,14,58,73,73,117,131,131,230,230,254,81,31,1030,1044,1084,1084,432,483,483,524,746,746,1079,1079,1079,1079,1079,1079,182,207,207],"floor_reached":57,"language":"ENG","playtime":4518,"items_purged":["Choke","Normality","Normality"],"score":3085,"play_id":"ac852daf-d3c4-4d4c-a252-489d399f0498","local_time":"20210204201224","is_ascension_mode":true,"campfire_choices":[{"data":"Glass Knife","floor":7.0,"key":"SMITH"},{"data":"Blade Dance","floor":15.0,"key":"SMITH"},{"data":"Ghostly","floor":32,"key":"SMITH"},{"data":"Ghostly","floor":41,"key":"SMITH"},{"data":"Calculated Gamble","floor":44,"key":"SMITH"},{"floor":49,"key":"RECALL"},{"data":"Adrenaline","floor":53,"key":"SMITH"}],"circlet_count":0,"master_deck":["AscendersBane","Survivor","Glass Knife+1","Blade Dance+1","Slice","Leg Sweep","Endless Agony","Burst+1","Blade Dance","Blade Dance","Envenom","Escape Plan","Backflip","Calculated Gamble+1","Reflex","Cloak And Dagger","Underhanded Strike","Blade Dance","A Thousand Cuts","Well Laid Plans+1","Dagger Spray","Concentrate","Ghostly+1","Ghostly+1","Ghostly+1","Adrenaline+1","Backflip","Blade Dance+1","Adrenaline","PiercingWail+1","Night Terror","Terror","Night Terror","Well Laid Plans+1"],"relics":["Ring of the Snake","Lantern","MealTicket","Boot","Bag of Preparation","Pandora\u0027s Box","Red Mask","Darkstone Periapt","StrikeDummy","OrangePellets","Mango","Unceasing Top","Dead Branch","Philosopher\u0027s Stone","Chemical X","Juzu Bracelet","Tough Bandages","ClockworkSouvenir","Omamori","Bottled Flame","Snake Skull","TheAbacus","HornCleat","Pear"],"acts_visited":["Exordium","TheCity","TheBeyond","TheEnding"],"potions_floor_usage":[27,30,30,56,56,56,56],"damage_taken":[{"damage":0.0,"enemies":"Jaw Worm","floor":1.0,"turns":4.0},{"damage":5.0,"enemies":"2 Louse","floor":2.0,"turns":2.0},{"damage":0.0,"enemies":"Cultist","floor":3.0,"turns":3.0},{"damage":15.0,"enemies":"3 Sentries","floor":6.0,"turns":11.0},{"damage":3.0,"enemies":"Gremlin Nob","floor":8.0,"turns":3.0},{"damage":3.0,"enemies":"Lagavulin","floor":10.0,"turns":5.0},{"damage":0.0,"enemies":"Exordium Thugs","floor":11.0,"turns":2.0},{"damage":0.0,"enemies":"Blue Slaver","floor":14.0,"turns":3.0},{"damage":26.0,"enemies":"Slime Boss","floor":16.0,"turns":7.0},{"damage":0.0,"enemies":"3 Byrds","floor":18.0,"turns":2.0},{"damage":3.0,"enemies":"Masked Bandits","floor":21.0,"turns":2.0},{"damage":0.0,"enemies":"Gremlin Leader","floor":24.0,"turns":4.0},{"damage":26,"enemies":"Book of Stabbing","floor":27,"turns":5},{"damage":1,"enemies":"2 Thieves","floor":28,"turns":3},{"damage":3,"enemies":"Slavers","floor":30,"turns":4},{"damage":0,"enemies":"Shelled Parasite and Fungi","floor":31,"turns":2},{"damage":0,"enemies":"Collector","floor":33,"turns":5},{"damage":0,"enemies":"Orb Walker","floor":35,"turns":2},{"damage":0,"enemies":"3 Shapes","floor":39,"turns":1},{"damage":2,"enemies":"Reptomancer","floor":40,"turns":2},{"damage":0,"enemies":"Giant Head","floor":45,"turns":3},{"damage":5,"enemies":"Time Eater","floor":50,"turns":21},{"damage":14,"enemies":"Awakened One","floor":51,"turns":15},{"damage":0,"enemies":"Shield and Spear","floor":55,"turns":6},{"damage":43,"enemies":"The Heart","floor":56,"turns":11}],"seed_played":"-6232636922020127080","potions_obtained":[{"floor":2.0,"key":"SpeedPotion"},{"floor":3.0,"key":"Block Potion"},{"floor":4.0,"key":"Regen Potion"},{"floor":6.0,"key":"AttackPotion"},{"floor":16.0,"key":"Energy Potion"},{"floor":18.0,"key":"GamblersBrew"},{"floor":27,"key":"Swift Potion"},{"floor":31,"key":"Strength Potion"},{"floor":35,"key":"Regen Potion"}],"is_trial":false,"path_per_floor":["M","M","M","?","?","E","R","E","T","E","M","?","$","M","R","B",null,"M","?","?","?","?","T","E","$","T","E","M","$","E","M","R","B",null,"M","$","?","?","M","E","R","$","T","R","E","?","?","?","R","B","B",null,"R","$","E","B",null],"character_chosen":"THE_SILENT","items_purchased":["Bag of Preparation","OrangePellets","Chemical X","Tough Bandages","Terror","ClockworkSouvenir","Snake Skull","TheAbacus","HornCleat","Energy Potion","EntropicBrew"],"campfire_rested":0,"item_purchase_floors":[13,25,36,42,42,42,54,54,54,54,54],"current_hp_per_floor":[59,54,54,54,54,51,51,48,48,45,45,45,60,60,60,34,54,54,54,54,51,30,30,30,30,44,18,17,32,29,29,29,29,40,40,44,44,56,56,54,54,56,56,56,56,56,56,56,56,51,37,51,51,56,66,23],"gold":207,"neow_bonus":"THREE_RARE_CARDS","is_daily":false,"chose_seed":false,"campfire_upgraded":6,"win_rate":0.0,"timestamp":1612487544,"path_taken":["M","M","M","?","?","E","R","E","T","E","M","?","$","M","R","BOSS","M","?","?","?","?","?","E","?","T","E","M","$","E","M","R","BOSS","M","$","?","?","M","E","R","$","T","R","E","?","?","?","R","BOSS","BOSS","R","$","E","BOSS"],"items_purchased_type":["Relic","Relic","Relic","Relic","Card","Relic","Relic","Relic","Relic","Potion","Potion"],"build_version":"2020-12-22","purchased_purges":3,"victory":true,"max_hp_per_floor":[66,66,66,66,60,60,60,60,60,60,60,60,60,60,60,60,60,60,60,60,60,30,30,30,30,44,44,44,44,44,44,44,44,44,44,44,44,56,56,56,56,56,56,56,56,56,56,56,56,56,56,56,56,56,66,66],"relic_stats":{"Darkstone Periapt":12,"counters":[25,128],"Dead Branch":[334],"Snake Skull":[25],"Bag of Preparation":[37],"Juzu Bracelet":1,"Boot":[241],"OrangePellets":[10],"Tough Bandages":[336],"TheAbacus":[18],"MealTicket":41,"Pandora\u0027s Box":["Escape Plan","Backflip","Storm of Steel","Calculated Gamble","Reflex","Cloak And Dagger","Underhanded Strike","Blade Dance","A Thousand Cuts","Skewer"],"Chemical X":[14],"obtain_stats":[{"Darkstone Periapt":23,"Lantern":6,"Mango":26,"Snake Skull":54,"Bag of Preparation":13,"Juzu Bracelet":40,"Boot":10,"ClockworkSouvenir":42,"Tough Bandages":42,"TheAbacus":54,"HornCleat":54,"MealTicket":8,"Philosopher\u0027s Stone":34,"Red Mask":21,"Chemical X":36,"Ring of the Snake":0,"Pear":55,"Golden Idol":5,"Dead Branch":30,"Omamori":43,"OrangePellets":25,"Bottled Flame":45,"Pandora\u0027s Box":17,"StrikeDummy":24,"Unceasing Top":27},{"Darkstone Periapt":11,"Lantern":4,"Mango":12,"Snake Skull":23,"Bag of Preparation":7,"Juzu Bracelet":20,"Boot":6,"ClockworkSouvenir":20,"Tough Bandages":20,"TheAbacus":23,"HornCleat":23,"MealTicket":5,"Philosopher\u0027s Stone":17,"Red Mask":11,"Chemical X":18,"Ring of the Snake":0,"Pear":24,"Golden Idol":3,"Dead Branch":15,"Omamori":20,"OrangePellets":12,"Bottled Flame":21,"Pandora\u0027s Box":9,"StrikeDummy":12,"Unceasing Top":13},{"Darkstone Periapt":44,"Lantern":20,"Mango":48,"Snake Skull":111,"Bag of Preparation":30,"Juzu Bracelet":72,"Boot":28,"ClockworkSouvenir":72,"Tough Bandages":72,"TheAbacus":111,"HornCleat":111,"MealTicket":23,"Philosopher\u0027s Stone":67,"Red Mask":44,"Chemical X":69,"Ring of the Snake":0,"Pear":117,"Golden Idol":9,"Dead Branch":60,"Omamori":72,"OrangePellets":48,"Bottled Flame":75,"Pandora\u0027s Box":40,"StrikeDummy":48,"Unceasing Top":53}],"Unceasing Top":[2],"Ring of the Snake":[50]},"card_choices":[{"not_picked":["Die Die Die","Grand Finale"],"picked":"Glass Knife","floor":0.0},{"not_picked":["Flying Knee","Acrobatics"],"picked":"Blade Dance","floor":1.0},{"not_picked":["Outmaneuver","PiercingWail"],"picked":"Slice","floor":2.0},{"not_picked":["PiercingWail","Escape Plan"],"picked":"Leg Sweep","floor":3.0},{"not_picked":["Outmaneuver","Bouncing Flask"],"picked":"Endless Agony","floor":6.0},{"not_picked":["Quick Slash","Cloak And Dagger"],"picked":"Choke","floor":8.0},{"not_picked":["Flying Knee","PiercingWail"],"picked":"Burst","floor":10.0},{"not_picked":["Underhanded Strike","Sucker Punch"],"picked":"Blade Dance","floor":11.0},{"not_picked":["Slice","Quick Slash"],"picked":"Blade Dance","floor":14.0},{"not_picked":["Unload","Grand Finale"],"picked":"Envenom","floor":16.0},{"not_picked":["Deadly Poison+1","Cloak And Dagger+1"],"picked":"Well Laid Plans+1","floor":18.0},{"not_picked":["Deflect","Predator"],"picked":"Concentrate","floor":21.0},{"not_picked":["Dagger Spray","Outmaneuver"],"picked":"Adrenaline","floor":24.0},{"not_picked":["Glass Knife","Dash"],"picked":"Backflip","floor":27},{"not_picked":["Infinite Blades","Dagger Throw+1"],"picked":"Blade Dance+1","floor":28},{"not_picked":["PiercingWail","Accuracy"],"picked":"Adrenaline","floor":30},{"not_picked":["Quick Slash","Choke"],"picked":"PiercingWail+1","floor":31},{"not_picked":["Malaise","Envenom"],"picked":"Night Terror","floor":33},{"not_picked":["Prepared","Dagger Throw","Dagger Spray+1"],"picked":"SKIP","floor":35},{"not_picked":["Deadly Poison+1","Tactician","Dagger Throw"],"picked":"SKIP","floor":39},{"not_picked":["Deadly Poison+1","Tactician","Dagger Throw"],"picked":"SKIP","floor":39},{"not_picked":["Catalyst","Deadly Poison+1","Heel Hook"],"picked":"SKIP","floor":40},{"not_picked":["Leg Sweep","Quick Slash"],"picked":"Night Terror","floor":45},{"not_picked":["Leg Sweep+1","Dodge and Roll+1"],"picked":"Well Laid Plans+1","floor":55}],"player_experience":624998,"relics_obtained":[{"floor":6.0,"key":"Lantern"},{"floor":8.0,"key":"MealTicket"},{"floor":10.0,"key":"Boot"},{"floor":21.0,"key":"Red Mask"},{"floor":23.0,"key":"Darkstone Periapt"},{"floor":24.0,"key":"StrikeDummy"},{"floor":26,"key":"Mango"},{"floor":27,"key":"Unceasing Top"},{"floor":30,"key":"Dead Branch"},{"floor":40,"key":"Juzu Bracelet"},{"floor":43,"key":"Omamori"},{"floor":45,"key":"Bottled Flame"},{"floor":55,"key":"Pear"}],"event_choices":[{"damage_healed":0.0,"max_hp_gain":0.0,"max_hp_loss":0.0,"gold_gain":0.0,"event_name":"Lab","player_choice":"Got Potions","floor":4.0,"gold_loss":0.0,"damage_taken":0.0},{"damage_healed":0.0,"max_hp_gain":0.0,"max_hp_loss":6.0,"gold_gain":0.0,"event_name":"Golden Idol","player_choice":"Lose Max HP","floor":5.0,"gold_loss":0.0,"damage_taken":0.0,"relics_obtained":["Golden Idol"]},{"damage_healed":0.0,"max_hp_gain":0.0,"max_hp_loss":0.0,"gold_gain":0.0,"event_name":"Upgrade Shrine","player_choice":"Upgraded","floor":12.0,"gold_loss":0.0,"damage_taken":0.0,"cards_upgraded":["Burst"]},{"damage_healed":0.0,"max_hp_gain":0.0,"max_hp_loss":0.0,"gold_gain":0.0,"cards_transformed":["Skewer"],"event_name":"Transmorgrifier","player_choice":"Transformed","floor":19.0,"gold_loss":0.0,"damage_taken":0.0,"cards_obtained":["Dagger Spray"]},{"cards_removed":["Storm of Steel"],"damage_healed":0.0,"max_hp_gain":0.0,"max_hp_loss":0.0,"gold_gain":0.0,"event_name":"Back to Basics","player_choice":"Elegance","floor":20.0,"gold_loss":0.0,"damage_taken":0.0},{"damage_healed":0.0,"max_hp_gain":0.0,"max_hp_loss":0.0,"gold_gain":0.0,"event_name":"Masked Bandits","player_choice":"Fought Bandits","floor":21.0,"gold_loss":0.0,"damage_taken":0.0},{"damage_healed":0.0,"max_hp_gain":0.0,"max_hp_loss":30.0,"gold_gain":0.0,"event_name":"Ghosts","player_choice":"Became a Ghost","floor":22.0,"gold_loss":0.0,"damage_taken":0.0,"cards_obtained":["Ghostly","Ghostly","Ghostly"]},{"damage_healed":0,"gold_gain":0,"player_choice":"Upgrade","damage_taken":0,"max_hp_gain":0,"max_hp_loss":0,"event_name":"Designer","floor":37,"gold_loss":50,"cards_upgraded":["Ghostly"]},{"damage_healed":0,"gold_gain":999,"player_choice":"Gold","damage_taken":0,"max_hp_gain":0,"max_hp_loss":0,"event_name":"MindBloom","floor":38,"gold_loss":0,"cards_obtained":["Normality","Normality"]},{"damage_healed":0,"gold_gain":222,"player_choice":"Wore Mask","damage_taken":0,"max_hp_gain":0,"max_hp_loss":0,"event_name":"Tomb of Lord Red Mask","floor":46,"gold_loss":0},{"cards_removed":["Neutralize"],"damage_healed":0,"gold_gain":0,"player_choice":"Removed Attack","damage_taken":0,"max_hp_gain":0,"max_hp_loss":0,"event_name":"Falling","floor":47,"gold_loss":0},{"damage_healed":0,"gold_gain":333,"player_choice":"Gave Idol","damage_taken":0,"max_hp_gain":0,"max_hp_loss":0,"event_name":"The Moai Head","floor":48,"relics_lost":["Golden Idol"],"gold_loss":0}],"is_beta":false,"boss_relics":[{"not_picked":["Busted Crown","Sozu"],"picked":"Pandora\u0027s Box"},{"not_picked":["Empty Cage","SlaversCollar"],"picked":"Philosopher\u0027s Stone"}],"items_purged_floors":[25,42,54],"is_endless":false,"potions_floor_spawned":[2,3,6,16,18,24,27,31,35,45,55],"ascension_level":20}}