{"host":"ly20tmf9be7b85hl","time":1612513637,"event":{"mods":["BaseMod","Colored Map","Keyboard Shortcuts","Minty Spire (QoL Compilation)","Permanent Neow","Quick Restart","SuperFastMode"],"gold_per_floor":[417,437,22,22,22,22,57,57,128,53,53,66,9,29,29,29,29],"floor_reached":16,"language":"KOR","playtime":225,"items_purged":["Strike_B"],"score":196,"play_id":"3b7a6ef4-5194-4968-9c6a-b4c7b8cf8e3d","local_time":"20210205172717","is_ascension_mode":true,"campfire_choices":[{"data":"Zap","floor":6,"key":"SMITH"},{"data":"Cold Snap","floor":8,"key":"SMITH"},{"data":"Dualcast","floor":11,"key":"SMITH"},{"floor":15,"key":"REST"}],"circlet_count":0,"master_deck":["AscendersBane","Strike_B","Strike_B","Strike_B","Defend_B","Defend_B","Defend_B","Zap+1","Dualcast+1","Double Energy","Turbo","Cold Snap+1","Chill","Ball Lightning","Sweeping Beam"],"relics":["Cracked Core","Old Coin","Potion Belt","Nunchaku","Strawberry","Eternal Feather"],"acts_visited":["Exordium"],"potions_floor_usage":[7,7],"damage_taken":[{"damage":12,"enemies":"Small Slimes","floor":1,"turns":3},{"damage":0,"enemies":"2 Louse","floor":2,"turns":2},{"damage":34,"enemies":"Lagavulin","floor":7,"turns":9},{"damage":12,"enemies":"Jaw Worm","floor":12,"turns":2},{"damage":5,"enemies":"3 Louse","floor":14,"turns":3},{"damage":21,"enemies":"Slime Boss","floor":16,"turns":5}],"seed_played":"-5025205663558157615","potions_obtained":[{"floor":1,"key":"SpeedPotion"},{"floor":2,"key":"Block Potion"}],"is_trial":false,"path_per_floor":["M","M","$","?","?","R","E","R","T","?","R","M","$","M","R","B"],"character_chosen":"DEFECT","items_purchased":["Potion Belt","Nunchaku","Ball Lightning"],"campfire_rested":1,"item_purchase_floors":[3,3,13],"current_hp_per_floor":[52,52,52,52,54,54,20,26,26,26,32,20,20,15,45,24,24],"gold":29,"neow_bonus":"ONE_RARE_RELIC","is_daily":false,"chose_seed":false,"campfire_upgraded":3,"win_rate":0.0,"timestamp":1612513637,"path_taken":["M","M","$","?","?","R","E","R","T","?","R","M","?","M","R","BOSS"],"items_purchased_type":["Relic","Relic","Card"],"build_version":"2020-12-22","purchased_purges":1,"victory":false,"max_hp_per_floor":[64,64,64,64,71,71,71,71,71,71,71,71,71,71,71,71,71],"card_choices":[{"not_picked":["Beam Cell","Heatsinks"],"picked":"Double Energy","floor":1},{"not_picked":["Lockon","Leap"],"picked":"Turbo","floor":2},{"not_picked":["Stack","Auto Shields"],"picked":"Cold Snap","floor":7},{"not_picked":["Storm","Lockon"],"picked":"Chill","floor":12},{"not_picked":["Conserve Battery","Steam Power"],"picked":"Sweeping Beam","floor":14}],"player_experience":847264,"relics_obtained":[{"floor":7,"key":"Eternal Feather"}],"event_choices":[{"damage_healed":0,"gold_gain":0,"player_choice":"Ignored","damage_taken":0,"max_hp_gain":0,"max_hp_loss":0,"event_name":"Liars Game","floor":4,"gold_loss":0},{"damage_healed":0,"gold_gain":0,"player_choice":"Success","damage_taken":5,"relics_obtained":["Strawberry"],"max_hp_gain":0,"max_hp_loss":0,"event_name":"Scrap Ooze","floor":5,"gold_loss":0},{"cards_removed":["Defend_B"],"damage_healed":0,"gold_gain":0,"player_choice":"Card Removal","damage_taken":0,"max_hp_gain":0,"max_hp_loss":0,"event_name":"The Cleric","floor":10,"gold_loss":75}],"is_beta":false,"boss_relics":[],"items_purged_floors":[3],"is_endless":false,"potions_floor_spawned":[1,2],"killed_by":"Slime Boss","ascension_level":20}}