{"host":"8vrmceg1p8ljousa","time":1612558304,"event":{"mods":["BaseMod","Highlight Path","Minty Spire (QoL Compilation)","StSLib","The Cursed"],"gold_per_floor":[117,117,134,64,79,79,114,114,141,71,106,117,131,56,56,152,152,162,181,196,215,63,396,409,409,434,434,453,72,88,122,122,217,217,237,290,290,260,1259,1259,1259,1292,1292,833,847,862,218,237,237,237],"floor_reached":51,"language":"ENG","playtime":1908,"items_purged":["TheCursedMod:Strike_TheCursed","TheCursedMod:Hemoplague","Normality","Normality"],"score":888,"play_id":"456138b5-a9af-4dd2-9107-34c6272bea0a","local_time":"20210205225144","is_ascension_mode":true,"campfire_choices":[{"data":"TheCursedMod:ShockAndAwe","floor":6,"key":"SMITH"},{"data":"TheCursedMod:CollectTribute","floor":8,"key":"SMITH"},{"floor":15,"key":"REST"},{"floor":25,"key":"REST"},{"data":"TheCursedMod:NeowsMight","floor":27,"key":"SMITH"},{"data":"TheCursedMod:VoidForm","floor":32,"key":"SMITH"},{"floor":40,"key":"REST"},{"data":"TheCursedMod:LuckyCharm","floor":49,"key":"SMITH"}],"circlet_count":0,"master_deck":["TheCursedMod:Strike_TheCursed","TheCursedMod:Strike_TheCursed","TheCursedMod:Defend_TheCursed","TheCursedMod:Defend_TheCursed","TheCursedMod:Defend_TheCursed","TheCursedMod:Defend_TheCursed","TheCursedMod:CursedWand","TheCursedMod:CleanUpWorkshop","TheCursedMod:Dregs","TheCursedMod:HellfireBreathing","TheCursedMod:CursedShiv","TheCursedMod:ShockAndAwe+1","TheCursedMod:Obscuration","TheCursedMod:CollectTribute+1","TheCursedMod:SpitefulPlan","TheCursedMod:AbyssShockwave","TheCursedMod:Wield","TheCursedMod:CursedMace","TheCursedMod:NeowsMight+1","CurseOfTheBell","TheCursedMod:AshesToAshes","TheCursedMod:SpitefulPlan","TheCursedMod:SpitefulStrike","TheCursedMod:SpitefulPlan","TheCursedMod:LuckyCharm","TheCursedMod:RapidMovement","TheCursedMod:HellfireBreathing","TheCursedMod:VoidForm+1","TheCursedMod:CollectTribute+1","TheCursedMod:DemonicPact","TheCursedMod:DemonSword","TheCursedMod:ManaBullet+1","TheCursedMod:ReleasedStrength","TheCursedMod:RapidMovement","Writhe","TheCursedMod:Grudge","TheCursedMod:LuckyCharm+1","TheCursedMod:WearCloak"],"relics":["TheCursedMod:BlackMagic101","NeowsBlessing","Dream Catcher","PreservedInsect","Regal Pillow","Calling Bell","Lantern","The Courier","Lizard Tail","Old Coin","MealTicket","DollysMirror","Bronze Scales","TheCursedMod:FourLeafCloverCharm","CaptainsWheel","HornCleat","Calipers","OrangePellets","Eternal Feather","Ancient Tea Set"],"acts_visited":["Exordium","TheCity","TheBeyond"],"potions_floor_usage":[31,33,36,42,42,42,50],"damage_taken":[{"damage":0.0,"enemies":"Cultist","floor":1.0,"turns":1.0},{"damage":0.0,"enemies":"Small Slimes","floor":3.0,"turns":1.0},{"damage":0,"enemies":"2 Louse","floor":5,"turns":1},{"damage":14,"enemies":"3 Sentries","floor":7,"turns":7},{"damage":19,"enemies":"Gremlin Nob","floor":11,"turns":4},{"damage":4,"enemies":"Blue Slaver","floor":12,"turns":4},{"damage":0,"enemies":"2 Fungi Beasts","floor":13,"turns":2},{"damage":5,"enemies":"Slime Boss","floor":16,"turns":5},{"damage":17,"enemies":"3 Byrds","floor":18,"turns":4},{"damage":0,"enemies":"Chosen","floor":19,"turns":3},{"damage":14,"enemies":"Sentry and Sphere","floor":20,"turns":4},{"damage":3,"enemies":"Centurion and Healer","floor":21,"turns":5},{"damage":15,"enemies":"Book of Stabbing","floor":23,"turns":3},{"damage":13,"enemies":"Snake Plant","floor":24,"turns":3},{"damage":6,"enemies":"3 Cultists","floor":28,"turns":5},{"damage":3,"enemies":"Centurion and Healer","floor":30,"turns":4},{"damage":7,"enemies":"Gremlin Leader","floor":31,"turns":3},{"damage":22,"enemies":"Collector","floor":33,"turns":6},{"damage":7,"enemies":"3 Darklings","floor":35,"turns":5},{"damage":41,"enemies":"2 Orb Walkers","floor":36,"turns":5},{"damage":31,"enemies":"Reptomancer","floor":42,"turns":4},{"damage":22,"enemies":"Orb Walker","floor":45,"turns":5},{"damage":3,"enemies":"Spire Growth","floor":46,"turns":4},{"damage":1,"enemies":"Maw","floor":48,"turns":6},{"damage":36,"enemies":"Time Eater","floor":50,"turns":6}],"seed_played":"-6682133482260139832","potions_obtained":[{"floor":1.0,"key":"Ancient Potion"},{"floor":5,"key":"Weak Potion"},{"floor":7,"key":"EntropicBrew"},{"floor":31,"key":"ColorlessPotion"},{"floor":33,"key":"BlessingOfTheForge"},{"floor":42,"key":"DuplicationPotion"}],"is_trial":false,"path_per_floor":["M","?","M","$","M","R","E","R","T","$","E","M","M","$","R","B",null,"M","M","M","M","$","E","M","R","T","R","M","$","M","E","R","B",null,"M","?","?","$","?","R","?","E","T","$","M","M","$","M","R","B",null],"character_chosen":"THE_CURSED","items_purchased":["TheCursedMod:ShockAndAwe","TheCursedMod:SpitefulPlan","TheCursedMod:Hemoplague","TheCursedMod:SpitefulPlan","TheCursedMod:LuckyCharm","TheCursedMod:VoidForm","DollysMirror","GamblersBrew","TheCursedMod:ReleasedStrength","Calipers","TheCursedMod:Grudge","TheCursedMod:LuckyCharm","OrangePellets","Eternal Feather","Ancient Tea Set","FairyPotion"],"campfire_rested":3,"item_purchase_floors":[4,10,22,22,22,29,29,29,38,44,44,44,47,47,47,47],"current_hp_per_floor":[75,75,75,75,75,75,61,61,61,61,42,38,38,38,75,70,75,58,58,44,41,41,26,13,50,50,50,44,59,56,49,49,27,75,68,27,27,42,42,75,75,44,44,59,37,34,49,48,69,33],"gold":237,"neow_bonus":"THREE_ENEMY_KILL","is_daily":false,"chose_seed":false,"campfire_upgraded":5,"win_rate":0.0,"timestamp":1612558304,"path_taken":["M","?","M","?","M","R","E","R","T","$","E","M","?","$","R","BOSS","M","M","M","M","$","E","M","R","T","R","M","$","M","E","R","BOSS","M","?","?","$","?","R","?","E","T","?","?","M","$","M","R","BOSS"],"items_purchased_type":["Card","Card","Card","Card","Card","Card","Relic","Potion","Card","Relic","Card","Card","Relic","Relic","Relic","Potion"],"build_version":"2020-12-22","purchased_purges":4,"victory":true,"max_hp_per_floor":[75,75,75,75,75,75,75,75,75,75,75,75,75,75,75,75,75,75,75,75,75,75,75,75,75,75,75,75,75,75,75,75,75,75,75,75,75,75,75,75,75,75,75,75,75,75,75,75,75,75],"card_choices":[{"not_picked":["TheCursedMod:CircleOfCorruption","TheCursedMod:AshesToAshes"],"picked":"TheCursedMod:HellfireBreathing","floor":1.0},{"not_picked":["TheCursedMod:CircleOfFlame","TheCursedMod:Stigma"],"picked":"TheCursedMod:CursedShiv","floor":3.0},{"not_picked":["TheCursedMod:Grudge","TheCursedMod:Wield"],"picked":"TheCursedMod:Obscuration","floor":5},{"not_picked":["TheCursedMod:CircleOfWindfury","TheCursedMod:CircleOfFocus"],"picked":"TheCursedMod:CollectTribute","floor":7},{"not_picked":["TheCursedMod:CircleOfFlame","TheCursedMod:Torture","TheCursedMod:CursedShiv"],"picked":"SKIP","floor":11},{"not_picked":["TheCursedMod:ReleasedKnowledge","TheCursedMod:CircleOfCorruption"],"picked":"TheCursedMod:AbyssShockwave","floor":12},{"not_picked":["TheCursedMod:CircleOfFocus","TheCursedMod:SmokeScreen"],"picked":"TheCursedMod:Wield","floor":13},{"not_picked":["TheCursedMod:Mangle","TheCursedMod:BloodBarrier"],"picked":"TheCursedMod:CursedMace","floor":15},{"not_picked":["TheCursedMod:StunningStrike","TheCursedMod:ParallelWorld"],"picked":"TheCursedMod:NeowsMight","floor":16},{"not_picked":["TheCursedMod:VitalStrike+1","TheCursedMod:AbyssShockwave"],"picked":"TheCursedMod:AshesToAshes","floor":18},{"not_picked":["TheCursedMod:RavingStaff","TheCursedMod:EmpowerCircles","TheCursedMod:FuryStrike"],"picked":"SKIP","floor":19},{"not_picked":["TheCursedMod:RavingStaff","TheCursedMod:CursedStaff"],"picked":"TheCursedMod:SpitefulPlan","floor":20},{"not_picked":["TheCursedMod:CursedBlade","TheCursedMod:FleshFromBone"],"picked":"TheCursedMod:SpitefulStrike","floor":21},{"not_picked":["TheCursedMod:SpitefulStrike","TheCursedMod:RavingStaff"],"picked":"TheCursedMod:RapidMovement","floor":23},{"not_picked":["TheCursedMod:CircleOfFlame","TheCursedMod:CursedSpellbook","TheCursedMod:Torture"],"picked":"SKIP","floor":24},{"not_picked":["TheCursedMod:SoulReap","TheCursedMod:CircleOfAmplification"],"picked":"TheCursedMod:HellfireBreathing","floor":28},{"not_picked":["TheCursedMod:CursedBlade","TheCursedMod:CursedMace"],"picked":"TheCursedMod:SmokeScreen+1","floor":30},{"not_picked":["TheCursedMod:Obscuration","TheCursedMod:AshesToAshes"],"picked":"TheCursedMod:DemonicPact","floor":31},{"not_picked":["TheCursedMod:CollectTribute","TheCursedMod:UltimatePain"],"picked":"TheCursedMod:DemonSword","floor":33},{"not_picked":["TheCursedMod:TacticalStrike+1","TheCursedMod:FleshFromBone"],"picked":"TheCursedMod:ManaBullet+1","floor":35},{"not_picked":["TheCursedMod:SurpriseAttack","TheCursedMod:CursedAmulet"],"picked":"TheCursedMod:RapidMovement","floor":40},{"not_picked":["TheCursedMod:CursedBlade+1","TheCursedMod:OutForBlood","TheCursedMod:CircleOfAmplification+1"],"picked":"SKIP","floor":42},{"not_picked":["TheCursedMod:SpitefulStrike+1","TheCursedMod:SpitefulPray","TheCursedMod:CircleOfFlame+1"],"picked":"SKIP","floor":45},{"not_picked":["TheCursedMod:CursedMace","TheCursedMod:Torture+1"],"picked":"TheCursedMod:WearCloak","floor":46},{"not_picked":["TheCursedMod:CircleOfWindfury+1","TheCursedMod:Hemoplague","TheCursedMod:VitalStrike"],"picked":"SKIP","floor":48}],"player_experience":78730,"relics_obtained":[{"floor":7,"key":"Dream Catcher"},{"floor":9,"key":"PreservedInsect"},{"floor":11,"key":"Regal Pillow"},{"floor":17,"key":"Lantern"},{"floor":17,"key":"The Courier"},{"floor":17,"key":"Lizard Tail"},{"floor":23,"key":"Old Coin"},{"floor":26,"key":"MealTicket"},{"floor":31,"key":"Bronze Scales"},{"floor":36,"key":"CaptainsWheel"},{"floor":42,"key":"HornCleat"}],"event_choices":[{"cards_removed":["TheCursedMod:Strike_TheCursed"],"damage_healed":0.0,"max_hp_gain":0.0,"max_hp_loss":0.0,"gold_gain":0.0,"event_name":"Purifier","player_choice":"Purged","floor":2.0,"gold_loss":0.0,"damage_taken":0.0},{"damage_healed":0,"gold_gain":0,"player_choice":"Fight","damage_taken":0,"max_hp_gain":0,"max_hp_loss":0,"event_name":"Mysterious Sphere","floor":36,"gold_loss":0},{"cards_removed":["TheCursedMod:SmokeScreen"],"damage_healed":0,"gold_gain":0,"player_choice":"Removed Skill","damage_taken":0,"max_hp_gain":0,"max_hp_loss":0,"event_name":"Falling","floor":37,"gold_loss":0},{"damage_healed":0,"gold_gain":999,"player_choice":"Gold","damage_taken":0,"max_hp_gain":0,"max_hp_loss":0,"event_name":"MindBloom","floor":39,"gold_loss":0,"cards_obtained":["Normality","Normality"]},{"damage_healed":19,"gold_gain":0,"player_choice":"Writhe","damage_taken":0,"max_hp_gain":0,"max_hp_loss":0,"event_name":"Winding Halls","floor":41,"gold_loss":0,"cards_obtained":["Writhe"]}],"is_beta":false,"boss_relics":[{"not_picked":["Astrolabe","Tiny House"],"picked":"Calling Bell"},{"not_picked":["SacredBark","SlaversCollar"],"picked":"TheCursedMod:FourLeafCloverCharm"}],"items_purged_floors":[14,29,44,47],"is_endless":false,"potions_floor_spawned":[1,5,7,18,28,31,33,42,48],"ascension_level":1}}