{"host":"ifz8qk6i1wysca9i","time":1612501078,"event":{"mods":["Act Like it!","BaseMod","Colored Powertips","Duelist Mod","GifTheSpireLib","Hallownest","Hermit","Minty Spire (QoL Compilation)","Quick Restart","StSLib","The Bug Knight","The Senshi","The Wild Card"],"gold_per_floor":[118,118,130,130,150,183,183,218,295,220,220,231,248,279,279,374,374,389,38,52,65,65,65,77,106,106,106,121,121,46,46,46,46,46],"floor_reached":33,"language":"ENG","playtime":4360,"items_purged":["Pain"],"score":335,"play_id":"65efc148-fb5e-4f24-8549-52cc0297d92f","local_time":"20210204225758","is_ascension_mode":false,"campfire_choices":[{"data":"Armaments","floor":11.0,"key":"SMITH"},{"data":"Uppercut","floor":15.0,"key":"SMITH"},{"data":"Barricade","floor":23.0,"key":"SMITH"},{"data":"Blind","floor":27.0,"key":"SMITH"},{"data":"Flame Barrier","floor":29.0,"key":"SMITH"},{"data":"Inflame","floor":32.0,"key":"SMITH"}],"circlet_count":0,"master_deck":["Strike_R","Strike_R","Strike_R","Strike_R","Strike_R","Defend_R","Defend_R","Defend_R","Bash","Armaments+1","Cleave","Reckless Charge","Flex","Uppercut+1","Feed","Reckless Charge","Battle Trance","Dropkick","Barricade+1","Flame Barrier+1","Blind+1","Clash","Armaments+1","Decay","Inflame+1","Anger+1","Second Wind","Reaper+1"],"relics":["Burning Blood","NeowsBlessing","WarpedTongs","Bottled Flame","HollowMod:LifeEnderRelic","Anchor","theSenshi:FeatherClipsRelic","TungstenRod","Philosopher\u0027s Stone","HollowMod:StagPassRelic","Juzu Bracelet","theSenshi:SailorFukuRelic"],"acts_visited":["Exordium","TheCity"],"potions_floor_usage":[33,33,33],"damage_taken":[{"damage":0.0,"enemies":"Cultist","floor":1.0,"turns":1.0},{"damage":3.0,"enemies":"2 Louse","floor":3.0,"turns":1.0},{"damage":0.0,"enemies":"Jaw Worm","floor":5.0,"turns":1.0},{"damage":20.0,"enemies":"3 Sentries","floor":6.0,"turns":7.0},{"damage":7.0,"enemies":"HollowMod:MossKnight","floor":8.0,"turns":8.0},{"damage":0.0,"enemies":"Exordium Thugs","floor":12.0,"turns":3.0},{"damage":4.0,"enemies":"Exordium Wildlife","floor":13.0,"turns":3.0},{"damage":21.0,"enemies":"Lagavulin","floor":14.0,"turns":5.0},{"damage":18.0,"enemies":"Hexaghost","floor":16.0,"turns":8.0},{"damage":25.0,"enemies":"2 Thieves","floor":18.0,"turns":4.0},{"damage":1.0,"enemies":"3 Cultists","floor":20.0,"turns":5.0},{"damage":12.0,"enemies":"Snake Plant","floor":21.0,"turns":3.0},{"damage":11.0,"enemies":"Snecko","floor":24.0,"turns":5.0},{"damage":15.0,"enemies":"theDuelist:KaibaA2","floor":25.0,"turns":9.0},{"damage":34.0,"enemies":"Sentry and Sphere","floor":28.0,"turns":6.0},{"damage":102,"enemies":"Collector","floor":33,"turns":9}],"seed_played":"-2217537615730021109","potions_obtained":[{"floor":3.0,"key":"HeartOfIron"},{"floor":6.0,"key":"CultistPotion"},{"floor":8.0,"key":"DistilledChaos"},{"floor":20.0,"key":"Fire Potion"},{"floor":25.0,"key":"SpeedPotion"},{"floor":28.0,"key":"BloodPotion"}],"is_trial":false,"path_per_floor":["M","?","M","?","M","E","T","E","T","$","R","M","M","E","R","B",null,"M","$","M","M","?","R","M","E","T","R","M","R","$","?","R","B"],"character_chosen":"IRONCLAD","items_purchased":["HollowMod:StagPassRelic","Blind","Reaper"],"campfire_rested":0,"item_purchase_floors":[19,19,30],"current_hp_per_floor":[80,80,80,80,80,66,66,65,65,65,65,80,86,77,77,75,90,80,80,94,94,94,94,95,92,92,92,73,73,73,73,73,8,8],"gold":46,"neow_bonus":"THREE_ENEMY_KILL","is_daily":false,"chose_seed":false,"campfire_upgraded":6,"win_rate":0.0,"timestamp":1612501078,"path_taken":["M","?","?","?","?","E","?","E","T","$","R","M","M","E","R","BOSS","M","$","M","?","?","R","M","E","T","R","M","R","$","?","R","BOSS"],"items_purchased_type":["Relic","Card","Card"],"build_version":"2020-12-22","purchased_purges":1,"victory":false,"max_hp_per_floor":[80,80,80,80,80,80,80,80,80,80,80,83,86,86,86,90,90,93,93,96,96,96,96,96,96,96,96,99,99,99,99,99,99,99],"card_choices":[{"not_picked":["Twin Strike","Whirlwind"],"picked":"Armaments","floor":1.0},{"not_picked":["Thunderclap","Anger"],"picked":"Cleave","floor":3.0},{"not_picked":["Perfected Strike","Power Through"],"picked":"Flex","floor":5.0},{"not_picked":["Pommel Strike","Blood for Blood"],"picked":"Uppercut","floor":6.0},{"not_picked":["Spot Weakness","Pommel Strike"],"picked":"Feed","floor":8.0},{"not_picked":["Pommel Strike","Warcry"],"picked":"Reckless Charge","floor":12.0},{"not_picked":["Headbutt","Pommel Strike"],"picked":"Battle Trance","floor":13.0},{"not_picked":["Sword Boomerang","Reckless Charge"],"picked":"Dropkick","floor":14.0},{"not_picked":["Limit Break","Offering"],"picked":"Barricade","floor":16.0},{"not_picked":["Reckless Charge","True Grit"],"picked":"Flame Barrier","floor":18.0},{"not_picked":["Sword Boomerang","Cleave"],"picked":"Clash","floor":20.0},{"not_picked":["Body Slam+1","Twin Strike"],"picked":"Armaments+1","floor":21.0},{"not_picked":["Heavy Blade","Evolve+1"],"picked":"Inflame","floor":24.0},{"not_picked":["Sword Boomerang","Twin Strike"],"picked":"Anger+1","floor":25.0},{"not_picked":["Body Slam","Clash"],"picked":"Second Wind","floor":28.0}],"player_experience":142014,"relics_obtained":[{"floor":6.0,"key":"Bottled Flame"},{"floor":7.0,"key":"HollowMod:LifeEnderRelic"},{"floor":8.0,"key":"Anchor"},{"floor":9.0,"key":"theSenshi:FeatherClipsRelic"},{"floor":14.0,"key":"TungstenRod"},{"floor":25.0,"key":"Juzu Bracelet"},{"floor":26.0,"key":"theSenshi:SailorFukuRelic"}],"event_choices":[{"damage_healed":0.0,"max_hp_gain":0.0,"max_hp_loss":0.0,"gold_gain":0.0,"event_name":"Accursed Blacksmith","player_choice":"Rummage","floor":2.0,"gold_loss":0.0,"damage_taken":0.0,"relics_obtained":["WarpedTongs"],"cards_obtained":["Pain"]},{"damage_healed":0.0,"max_hp_gain":0.0,"max_hp_loss":0.0,"gold_gain":0.0,"cards_transformed":["Defend_R"],"event_name":"Transmorgrifier","player_choice":"Transformed","floor":4.0,"gold_loss":0.0,"damage_taken":0.0,"cards_obtained":["Reckless Charge"]},{"damage_healed":0.0,"max_hp_gain":0.0,"max_hp_loss":0.0,"gold_gain":0.0,"event_name":"Wheel of Change","player_choice":"Cursed","floor":22.0,"gold_loss":0.0,"damage_taken":0.0,"cards_obtained":["Decay"]},{"damage_healed":0.0,"max_hp_gain":0.0,"max_hp_loss":0.0,"gold_gain":0.0,"event_name":"Ghosts","player_choice":"Ignored","floor":31.0,"gold_loss":0.0,"damage_taken":0.0}],"is_beta":false,"boss_relics":[{"not_picked":["Busted Crown","SlaversCollar"],"picked":"Philosopher\u0027s Stone"}],"items_purged_floors":[10],"is_endless":false,"potions_floor_spawned":[3,6,8,12,14,20,25,28],"killed_by":"Collector","ascension_level":0}}