{"host":"lklj3eidp7g5an38","time":1612557009,"event":{"mods":["AchievementEnabler","BaseMod","Colored Map","Colored Powertips","Curses Come First","DeckTracker","Highlight Path","Minty Spire (QoL Compilation)","Relic Stats","StSLib"],"gold_per_floor":[362,362,362,95,20,20,53,53,79,79,93,93,121,143,143,230,230,248,268,40,40,40],"floor_reached":21,"language":"ENG","playtime":1935,"items_purged":["Injury"],"score":423,"play_id":"e8efdcd0-6cb7-42ea-a586-d131767fb08c","local_time":"20210205203009","is_ascension_mode":true,"campfire_choices":[{"data":"Eruption","floor":6.0,"key":"SMITH"},{"floor":8.0,"key":"REST"},{"floor":12.0,"key":"REST"},{"floor":15.0,"key":"REST"}],"circlet_count":0,"master_deck":["AscendersBane","Strike_P","Strike_P","Strike_P+1","Defend_P","Defend_P","Defend_P+1","Defend_P","Eruption+1","Vigilance","ClearTheMind","FollowUp","FlurryOfBlows","Protect","DevaForm","Fasting2+1","Sanctity","CutThroughFate","Ragnarok"],"relics":["HolyWater","Happy Flower","Vajra","CeramicFish","Blood Vial","Singing Bowl"],"acts_visited":["Exordium","TheCity"],"potions_floor_usage":[],"damage_taken":[{"damage":3.0,"enemies":"2 Louse","floor":1.0,"turns":4.0},{"damage":16.0,"enemies":"Gremlin Nob","floor":7.0,"turns":4.0},{"damage":2.0,"enemies":"Small Slimes","floor":11.0,"turns":3.0},{"damage":32.0,"enemies":"3 Sentries","floor":13.0,"turns":9.0},{"damage":0.0,"enemies":"Cultist","floor":14.0,"turns":2.0},{"damage":0.0,"enemies":"Slime Boss","floor":16.0,"turns":7.0},{"damage":7.0,"enemies":"Chosen","floor":18.0,"turns":5.0},{"damage":9.0,"enemies":"2 Thieves","floor":19.0,"turns":5.0},{"damage":63,"enemies":"Cultist and Chosen","floor":21,"turns":6}],"seed_played":"-179323782609592255","potions_obtained":[{"floor":1.0,"key":"SpeedPotion"},{"floor":7.0,"key":"Weak Potion"},{"floor":14.0,"key":"SkillPotion"},{"floor":16.0,"key":"StancePotion"},{"floor":18.0,"key":"DistilledChaos"}],"is_trial":false,"path_per_floor":["M","?","?","$","?","R","E","R","T","?","M","R","E","M","R","B",null,"M","M","$","M"],"character_chosen":"WATCHER","items_purchased":["Happy Flower","FollowUp","Sanctity","CutThroughFate","Ragnarok"],"campfire_rested":3,"item_purchase_floors":[4,4,20,20,20],"current_hp_per_floor":[58,58,38,38,38,38,22,42,42,24,24,44,16,18,39,41,63,60,53,53,0,0],"gold":40,"neow_bonus":"TWO_FIFTY_GOLD","is_daily":false,"chose_seed":false,"campfire_upgraded":1,"win_rate":0.0,"timestamp":1612557009,"path_taken":["M","?","?","$","?","R","E","R","T","?","M","R","E","M","R","BOSS","M","M","$","M"],"items_purchased_type":["Relic","Card","Card","Card","Card"],"build_version":"2020-12-22","purchased_purges":1,"victory":false,"max_hp_per_floor":[68,68,68,68,68,68,68,68,68,68,68,68,70,70,70,70,70,72,72,72,72,72],"relic_stats":{"Blood Vial":14,"Happy Flower":[13],"Singing Bowl":4,"counters":[9,45],"CeramicFish":54,"obtain_stats":[{"Blood Vial":10,"Happy Flower":4,"Singing Bowl":13,"CeramicFish":9,"Vajra":7,"HolyWater":17,"PureWater":0},{"Blood Vial":2,"Happy Flower":1,"Singing Bowl":4,"CeramicFish":2,"Vajra":2,"HolyWater":6,"PureWater":0},{"Blood Vial":8,"Happy Flower":4,"Singing Bowl":20,"CeramicFish":8,"Vajra":8,"HolyWater":29,"PureWater":0}]},"card_choices":[{"not_picked":["SashWhip","Indignation"],"picked":"ClearTheMind","floor":1.0},{"not_picked":["Wallop","FollowUp"],"picked":"FlurryOfBlows","floor":7.0},{"not_picked":["EmptyFist","Omniscience","Prostrate"],"picked":"SKIP","floor":11.0},{"not_picked":["FollowUp","Judgement","Collect"],"picked":"Singing Bowl","floor":13.0},{"not_picked":["EmptyBody","InnerPeace"],"picked":"Protect","floor":14.0},{"not_picked":["Devotion","Judgement"],"picked":"DevaForm","floor":16.0},{"not_picked":["Prostrate","Protect","Nirvana"],"picked":"Singing Bowl","floor":18.0},{"not_picked":["CutThroughFate","TalkToTheHand"],"picked":"Fasting2+1","floor":19.0}],"player_experience":932194,"relics_obtained":[{"floor":7.0,"key":"Vajra"},{"floor":9.0,"key":"CeramicFish"},{"floor":13.0,"key":"Singing Bowl"}],"event_choices":[{"damage_healed":0.0,"max_hp_gain":0.0,"max_hp_loss":0.0,"gold_gain":0.0,"event_name":"Liars Game","player_choice":"Ignored","floor":2.0,"gold_loss":0.0,"damage_taken":0.0},{"damage_healed":0.0,"max_hp_gain":0.0,"max_hp_loss":0.0,"gold_gain":0.0,"event_name":"Shining Light","player_choice":"Entered Light","floor":3.0,"gold_loss":0.0,"damage_taken":20.0,"cards_upgraded":["Defend_P","Strike_P"]},{"cards_removed":["Strike_P"],"damage_healed":0.0,"max_hp_gain":0.0,"max_hp_loss":0.0,"gold_gain":0.0,"event_name":"The Cleric","player_choice":"Card Removal","floor":5.0,"gold_loss":75.0,"damage_taken":0.0},{"damage_healed":0.0,"max_hp_gain":0.0,"max_hp_loss":0.0,"gold_gain":0.0,"event_name":"Scrap Ooze","player_choice":"Success","floor":10.0,"gold_loss":0.0,"damage_taken":18.0,"relics_obtained":["Blood Vial"]}],"is_beta":false,"boss_relics":[{"not_picked":["Calling Bell","Ectoplasm"],"picked":"HolyWater"}],"items_purged_floors":[4],"is_endless":false,"potions_floor_spawned":[1,7,14,16,18],"killed_by":"Cultist and Chosen","ascension_level":16}}