{"host":"qeogwbudlaqzb6hy","time":1612527483,"event":{"mods":["BaseMod","Downfall","Minty Spire (QoL Compilation)","StSLib"],"gold_per_floor":[99,99,99,167,167,167,167,183,217,230,230,257,257,290,302,302,302,302],"floor_reached":16,"language":"ENG","playtime":867,"items_purged":[],"score":122,"play_id":"912620b8-a9f5-4dce-b31c-b6c6485b2803","local_time":"20210205221803","is_ascension_mode":true,"campfire_choices":[{"data":"bronze:Goto","floor":1,"key":"SMITH"},{"data":"bronze:Return","floor":11,"key":"SMITH"},{"data":"bronze:Assembly","floor":13,"key":"SMITH"}],"circlet_count":0,"master_deck":["bronze:Strike","bronze:Strike","bronze:Strike","bronze:Strike","bronze:Defend+1","bronze:Defend","bronze:Defend","bronze:Defend+1","bronze:Replicate","bronze:Goto+1","bronze:Frontload","bronze:Return+1","bronze:Goto+1","bronze:Branch","bronze:Constructor","bronze:CutThrough","bronze:Assembly+1","bronze:CutThrough","bronze:CloningBeam"],"relics":["bronze:BronzeCore","downfall:HeartsMalice","Pantograph","Anchor","War Paint","Omamori","Frozen Egg 2"],"acts_visited":["Exordium"],"potions_floor_usage":[9,14,14],"damage_taken":[{"damage":0,"enemies":"Cultist","floor":2,"turns":1},{"damage":0,"enemies":"2 Louse","floor":3,"turns":1},{"damage":0,"enemies":"Jaw Worm","floor":6,"turns":1},{"damage":8,"enemies":"Lots of Slimes","floor":8,"turns":6},{"damage":15,"enemies":"Gremlin Nob","floor":9,"turns":6},{"damage":0,"enemies":"3 Louse","floor":10,"turns":4},{"damage":6,"enemies":"3 Sentries","floor":12,"turns":9},{"damage":29,"enemies":"Gremlin Nob","floor":14,"turns":7},{"damage":1,"enemies":"Exordium Wildlife","floor":15,"turns":5},{"damage":58,"enemies":"DF_ARCHETYPE_STREAMLINE","floor":16,"turns":14}],"seed_played":"-4537827766910909841","potions_obtained":[{"floor":8,"key":"LiquidMemories"},{"floor":9,"key":"Weak Potion"},{"floor":10,"key":"Swift Potion"},{"floor":12,"key":"Fire Potion"}],"is_trial":false,"path_per_floor":["R","M","M","T","?","M","T","M","E","M","R","E","R","E","M","B"],"character_chosen":"THE_AUTOMATON","items_purchased":[],"campfire_rested":0,"item_purchase_floors":[],"current_hp_per_floor":[70,70,70,70,70,70,70,62,47,47,47,41,41,12,11,0,0,0],"gold":302,"neow_bonus":"THREE_ENEMY_KILL","is_daily":false,"chose_seed":false,"campfire_upgraded":3,"win_rate":0.0,"timestamp":1612527483,"path_taken":["R","M","M","?","?","M","T","M","E","?","R","E","R","E","M","BOSS"],"items_purchased_type":[],"build_version":"2020-12-22","purchased_purges":0,"victory":false,"max_hp_per_floor":[70,70,70,70,70,70,70,70,70,70,70,70,70,70,70,70,70,70],"card_choices":[{"not_picked":["bronze:ItsAFeature","bronze:DelayedGuard"],"picked":"bronze:Frontload","floor":2},{"not_picked":["bronze:Shell","bronze:BitShift"],"picked":"bronze:Return","floor":3},{"not_picked":["bronze:BugBarrage","bronze:Separator"],"picked":"bronze:Branch","floor":6},{"not_picked":["bronze:FineTuning","bronze:OilSpill"],"picked":"bronze:Constructor","floor":8},{"not_picked":["bronze:TinkerersToolbox","bronze:DarkDash","bronze:Backtrace"],"picked":"SKIP","floor":9},{"not_picked":["bronze:Separator","bronze:WildBeam"],"picked":"bronze:CutThrough","floor":10},{"not_picked":["bronze:ForceShield","bronze:Shell"],"picked":"bronze:Assembly","floor":12},{"not_picked":["bronze:WildBeam","bronze:OilSpill"],"picked":"bronze:CutThrough","floor":14},{"not_picked":["bronze:Backtrace","bronze:Overheat"],"picked":"bronze:CloningBeam","floor":15}],"player_experience":359947,"relics_obtained":[{"floor":4,"key":"Pantograph"},{"floor":7,"key":"Anchor"},{"floor":9,"key":"War Paint"},{"floor":12,"key":"Omamori"},{"floor":14,"key":"Frozen Egg 2"}],"event_choices":[],"is_beta":false,"boss_relics":[],"items_purged_floors":[],"is_endless":false,"potions_floor_spawned":[8,9,10,12],"killed_by":"DF_ARCHETYPE_STREAMLINE","ascension_level":1}}