{"host":"06e3yyzgn8o619wl","time":1612542432,"event":{"mods":["BaseMod","Block Reminder","Colored Map","Colored Powertips","DeckTracker","Minty Spire (QoL Compilation)","Permanent Neow","Relic Stats","StSLib"],"gold_per_floor":[114,133,146,163,173,201,201,232,313,313,325,352,352,371,371,371,371],"floor_reached":16,"language":"JPN","playtime":1000,"items_purged":[],"score":186,"play_id":"46305911-cabc-472c-8317-5ba24651aad6","local_time":"20210206012712","is_ascension_mode":true,"campfire_choices":[{"data":"BowlingBash","floor":7,"key":"SMITH"},{"floor":10,"key":"REST"},{"floor":15,"key":"REST"}],"circlet_count":0,"master_deck":["AscendersBane","Strike_P","Strike_P","Strike_P","Defend_P","Defend_P","Defend_P","Eruption","Vigilance","FearNoEvil","Consecrate","CarveReality","PathToVictory","BowlingBash+1","WaveOfTheHand","BattleHymn","ClearTheMind","CutThroughFate+1"],"relics":["Empty Cage","Anchor","Potion Belt","Molten Egg 2","StoneCalendar","Golden Idol"],"acts_visited":["Exordium"],"potions_floor_usage":[6,8,12],"damage_taken":[{"damage":7,"enemies":"Small Slimes","floor":1,"turns":6},{"damage":2,"enemies":"Jaw Worm","floor":2,"turns":4},{"damage":0,"enemies":"Cultist","floor":3,"turns":3},{"damage":12,"enemies":"Exordium Thugs","floor":4,"turns":2},{"damage":4,"enemies":"Looter","floor":5,"turns":3},{"damage":10,"enemies":"Gremlin Nob","floor":6,"turns":3},{"damage":25,"enemies":"3 Sentries","floor":8,"turns":6},{"damage":0,"enemies":"Blue Slaver","floor":11,"turns":2},{"damage":20,"enemies":"Lagavulin","floor":12,"turns":5},{"damage":10,"enemies":"Large Slime","floor":14,"turns":5},{"damage":26,"enemies":"The Guardian","floor":16,"turns":2}],"seed_played":"-8261519863581052322","potions_obtained":[{"floor":1,"key":"Regen Potion"},{"floor":2,"key":"LiquidBronze"},{"floor":5,"key":"BottledMiracle"},{"floor":6,"key":"Energy Potion"}],"is_trial":false,"path_per_floor":["M","M","M","M","M","E","R","E","T","R","M","E","?","M","R","B"],"character_chosen":"WATCHER","items_purchased":[],"campfire_rested":2,"item_purchase_floors":[],"current_hp_per_floor":[58,56,56,44,40,35,35,10,10,31,31,11,11,1,21,0,0],"gold":371,"neow_bonus":"BOSS_RELIC","is_daily":false,"chose_seed":false,"campfire_upgraded":1,"win_rate":0.0,"timestamp":1612542432,"path_taken":["M","M","M","M","M","E","R","E","T","R","M","E","?","M","R","BOSS"],"items_purchased_type":[],"build_version":"2020-12-22","purchased_purges":0,"victory":false,"max_hp_per_floor":[72,72,72,72,72,72,72,72,72,72,72,72,67,67,67,67,67],"relic_stats":{"counters":[11,41],"Golden Idol":4,"StoneCalendar":[0],"obtain_stats":[{"Potion Belt":8,"Anchor":6,"Golden Idol":13,"Molten Egg 2":9,"StoneCalendar":12,"PureWater":0,"Empty Cage":0},{"Potion Belt":7,"Anchor":6,"Golden Idol":9,"Molten Egg 2":7,"StoneCalendar":9,"PureWater":0,"Empty Cage":0},{"Potion Belt":27,"Anchor":21,"Golden Idol":34,"Molten Egg 2":27,"StoneCalendar":34,"PureWater":0,"Empty Cage":0}]},"card_choices":[{"not_picked":["Evaluate","JustLucky"],"picked":"FearNoEvil","floor":1},{"not_picked":["PathToVictory","Meditate"],"picked":"Consecrate","floor":2},{"not_picked":["DeusExMachina","Weave"],"picked":"CarveReality","floor":3},{"not_picked":["EmptyFist","SashWhip"],"picked":"PathToVictory","floor":4},{"not_picked":["Consecrate","MentalFortress"],"picked":"BowlingBash","floor":5},{"not_picked":["MasterReality","FollowUp"],"picked":"WaveOfTheHand","floor":6},{"not_picked":["SignatureMove","EmptyBody"],"picked":"BattleHymn","floor":8},{"not_picked":["Indignation","ForeignInfluence"],"picked":"ClearTheMind","floor":11},{"not_picked":["ReachHeaven+1","Blasphemy"],"picked":"CutThroughFate+1","floor":12},{"not_picked":["WindmillStrike+1","Consecrate+1","EmptyBody"],"picked":"SKIP","floor":14}],"player_experience":166918,"relics_obtained":[{"floor":6,"key":"Anchor"},{"floor":8,"key":"Potion Belt"},{"floor":9,"key":"Molten Egg 2"},{"floor":12,"key":"StoneCalendar"}],"event_choices":[{"damage_healed":0,"gold_gain":0,"player_choice":"Lose Max HP","damage_taken":0,"relics_obtained":["Golden Idol"],"max_hp_gain":0,"max_hp_loss":5,"event_name":"Golden Idol","floor":13,"gold_loss":0}],"is_beta":false,"boss_relics":[],"items_purged_floors":[],"is_endless":false,"potions_floor_spawned":[1,2,5,6],"killed_by":"The Guardian","ascension_level":10}}