{"host":"9n6i2vl93jt4o42q","time":1612561337,"event":{"mods":["BaseMod","Minty Spire (QoL Compilation)","Relic Stats"],"gold_per_floor":[110,110,122,138,213,213,240,205,205,205,220,252,263,318,318,393,393,410,37,51,31,48,48,76,76,129,147,161,191,191,220,220,295,295,310,324,23,35,46,72,104,142,181,193,205,228,267,129,129,129,129,129,129,14,39,39],"floor_reached":57,"language":"ENG","playtime":10307,"items_purged":[],"score":3149,"play_id":"4e4231c4-f4ed-4f67-9344-609803613600","local_time":"20210205224217","is_ascension_mode":true,"campfire_choices":[{"data":"Terror","floor":6.0,"key":"SMITH"},{"data":"Skewer","floor":10.0,"key":"SMITH"},{"data":"Neutralize","floor":15.0,"key":"SMITH"},{"data":"Phantasmal Killer","floor":23.0,"key":"SMITH"},{"data":"Concentrate","floor":25.0,"key":"SMITH"},{"floor":32.0,"key":"REST"},{"floor":45,"key":"RECALL"},{"data":"Doppelganger","floor":49,"key":"SMITH"},{"data":"Flechettes","floor":53,"key":"SMITH"}],"circlet_count":0,"master_deck":["AscendersBane","Survivor","Neutralize+1","Dash","Skewer+1","Terror+1","Adrenaline","Noxious Fumes+1","Flechettes+1","Blur","Well Laid Plans+1","Adrenaline","Flechettes+1","Doppelganger+1","Footwork+1","Phantasmal Killer+1","Venomology","Acrobatics","Underhanded Strike+1","Concentrate+1","Backflip+1","Dodge and Roll+1","Sucker Punch+1","Deflect+1","Wraith Form v2+1","PiercingWail+1","Calculated Gamble+1","Calculated Gamble+1","Quick Slash+1","Cloak And Dagger+1","Adrenaline+1","Blur+1","Acrobatics+1","Cloak And Dagger+1","Footwork+1","Backflip+1","Flying Knee+1","PiercingWail+1","Escape Plan+1","Leg Sweep+1","Prepared+1","Flash of Steel+1","Footwork+1","Reflex+1","Leg Sweep+1"],"relics":["Ring of the Snake","Happy Flower","MealTicket","Frozen Egg 2","Vajra","Molten Egg 2","Pandora\u0027s Box","Toxic Egg 2","Kunai","Nunchaku","Ancient Tea Set","Mummified Hand","Black Star","ClockworkSouvenir","Blood Vial","MawBank","Paper Crane","Bag of Marbles","Pocketwatch","Bottled Lightning","StrikeDummy","Strawberry"],"acts_visited":["Exordium","TheCity","TheBeyond","TheEnding"],"potions_floor_usage":[47,56],"damage_taken":[{"damage":0.0,"enemies":"2 Louse","floor":1.0,"turns":3.0},{"damage":2.0,"enemies":"Small Slimes","floor":3.0,"turns":3.0},{"damage":0.0,"enemies":"Cultist","floor":4.0,"turns":4.0},{"damage":27.0,"enemies":"Lagavulin","floor":7.0,"turns":7.0},{"damage":0.0,"enemies":"Exordium Wildlife","floor":11.0,"turns":3.0},{"damage":2.0,"enemies":"3 Sentries","floor":12.0,"turns":8.0},{"damage":0.0,"enemies":"Large Slime","floor":13.0,"turns":3.0},{"damage":7.0,"enemies":"3 Sentries","floor":14.0,"turns":8.0},{"damage":7.0,"enemies":"Hexaghost","floor":16.0,"turns":8.0},{"damage":0.0,"enemies":"3 Byrds","floor":18.0,"turns":4.0},{"damage":0.0,"enemies":"Spheric Guardian","floor":20.0,"turns":3.0},{"damage":4.0,"enemies":"Centurion and Healer","floor":22.0,"turns":5.0},{"damage":19.0,"enemies":"Gremlin Leader","floor":24.0,"turns":8.0},{"damage":6.0,"enemies":"Snecko","floor":27.0,"turns":3.0},{"damage":0.0,"enemies":"Snake Plant","floor":28.0,"turns":3.0},{"damage":2.0,"enemies":"Book of Stabbing","floor":29.0,"turns":4.0},{"damage":2.0,"enemies":"Slavers","floor":31.0,"turns":5.0},{"damage":0.0,"enemies":"Automaton","floor":33.0,"turns":9.0},{"damage":0.0,"enemies":"Orb Walker","floor":35.0,"turns":2.0},{"damage":5.0,"enemies":"3 Darklings","floor":36.0,"turns":4.0},{"damage":0.0,"enemies":"Jaw Worm Horde","floor":38.0,"turns":6.0},{"damage":0.0,"enemies":"Spire Growth","floor":39.0,"turns":3.0},{"damage":0.0,"enemies":"Nemesis","floor":40.0,"turns":5.0},{"damage":0.0,"enemies":"4 Shapes","floor":41.0,"turns":4.0},{"damage":0.0,"enemies":"Reptomancer","floor":42.0,"turns":7.0},{"damage":0,"enemies":"3 Darklings","floor":46,"turns":4},{"damage":0,"enemies":"Giant Head","floor":47,"turns":5},{"damage":9,"enemies":"Awakened One","floor":50,"turns":21},{"damage":0,"enemies":"Donu and Deca","floor":51,"turns":12},{"damage":25,"enemies":"Shield and Spear","floor":55,"turns":8},{"damage":4,"enemies":"The Heart","floor":56,"turns":13}],"seed_played":"-7906074450118588746","potions_obtained":[{"floor":1.0,"key":"Explosive Potion"},{"floor":7.0,"key":"Dexterity Potion"},{"floor":12.0,"key":"FearPotion"},{"floor":16.0,"key":"SteroidPotion"},{"floor":18.0,"key":"Weak Potion"},{"floor":27.0,"key":"SteroidPotion"},{"floor":28.0,"key":"CultistPotion"}],"is_trial":false,"path_per_floor":["M","?","M","M","?","R","E","?","T","R","M","E","M","?","R","B",null,"M","$","M","?","M","R","E","R","T","M","M","E","?","E","R","B",null,"M","M","$","M","M","E","M","E","T","?","R","M","E","$","R","B","B",null,"R","$","E","B",null],"character_chosen":"THE_SILENT","items_purchased":["Toxic Egg 2","Backflip+1","Dodge and Roll+1","ClockworkSouvenir","Cloak And Dagger+1","Footwork+1","Prepared+1","Flash of Steel+1","Footwork+1","Reflex+1"],"campfire_rested":1,"item_purchase_floors":[19,19,19,37,37,37,48,48,54,54],"current_hp_per_floor":[59,52,50,50,39,39,12,28,28,28,28,26,26,19,19,12,53,53,66,66,66,62,62,43,43,43,37,37,35,35,33,52,52,63,63,58,66,66,66,66,66,66,66,66,66,66,66,66,66,57,59,64,64,66,48,46],"gold":39,"neow_bonus":"RANDOM_COMMON_RELIC","is_daily":false,"chose_seed":false,"campfire_upgraded":7,"win_rate":0.0,"timestamp":1612561337,"path_taken":["M","?","M","M","?","R","E","?","T","R","M","E","M","?","R","BOSS","M","$","M","?","M","R","E","R","T","M","?","E","?","E","R","BOSS","M","M","$","M","M","E","M","E","T","?","R","M","E","$","R","BOSS","BOSS","R","$","E","BOSS"],"items_purchased_type":["Relic","Card","Card","Relic","Card","Card","Card","Card","Card","Card"],"build_version":"2020-12-22","purchased_purges":0,"victory":true,"max_hp_per_floor":[66,66,66,66,66,66,66,66,66,66,66,66,66,66,66,66,66,66,66,66,66,66,66,66,66,66,66,66,66,66,66,66,66,66,66,66,66,66,66,66,66,66,66,66,66,66,66,66,66,66,66,66,66,66,73,73],"relic_stats":{"Happy Flower":[61],"counters":[31,185],"MawBank":96,"Blood Vial":4,"Nunchaku":[32],"Mummified Hand":[65],"MealTicket":23,"Pandora\u0027s Box":["Flechettes","Doppelganger","Footwork","Phantasmal Killer","Deadly Poison","Venomology","Acrobatics","Cloak And Dagger","Underhanded Strike"],"Black Star":4,"Kunai":[70],"obtain_stats":[{"Happy Flower":0,"Vajra":12,"Frozen Egg 2":9,"Paper Crane":42,"Ancient Tea Set":29,"MawBank":40,"ClockworkSouvenir":37,"Blood Vial":40,"Nunchaku":26,"Mummified Hand":31,"Strawberry":55,"MealTicket":7,"Molten Egg 2":14,"Pandora\u0027s Box":17,"Black Star":34,"Bag of Marbles":42,"Kunai":24,"Bottled Lightning":47,"Toxic Egg 2":19,"StrikeDummy":55,"Ring of the Snake":0,"Pocketwatch":47},{"Happy Flower":0,"Vajra":6,"Frozen Egg 2":4,"Paper Crane":25,"Ancient Tea Set":16,"MawBank":23,"ClockworkSouvenir":20,"Blood Vial":23,"Nunchaku":13,"Mummified Hand":17,"Strawberry":30,"MealTicket":4,"Molten Egg 2":7,"Pandora\u0027s Box":9,"Black Star":18,"Bag of Marbles":25,"Kunai":13,"Bottled Lightning":27,"Toxic Egg 2":10,"StrikeDummy":30,"Ring of the Snake":0,"Pocketwatch":27},{"Happy Flower":0,"Vajra":28,"Frozen Egg 2":17,"Paper Crane":122,"Ancient Tea Set":77,"MawBank":111,"ClockworkSouvenir":97,"Blood Vial":111,"Nunchaku":67,"Mummified Hand":82,"Strawberry":172,"MealTicket":17,"Molten Egg 2":31,"Pandora\u0027s Box":47,"Black Star":91,"Bag of Marbles":122,"Kunai":67,"Bottled Lightning":131,"Toxic Egg 2":51,"StrikeDummy":172,"Ring of the Snake":0,"Pocketwatch":131}],"Ring of the Snake":[62],"Pocketwatch":[21]},"card_choices":[{"not_picked":["Catalyst","Backflip"],"picked":"Dash","floor":1.0},{"not_picked":["Quick Slash","Concentrate"],"picked":"Skewer","floor":3.0},{"not_picked":["Catalyst","Deadly Poison"],"picked":"Terror","floor":4.0},{"not_picked":["Bouncing Flask","Slice"],"picked":"Adrenaline","floor":7.0},{"not_picked":["Dagger Spray","PiercingWail"],"picked":"Noxious Fumes+1","floor":11.0},{"not_picked":["Outmaneuver","Bane"],"picked":"Flechettes","floor":12.0},{"not_picked":["Prepared","Outmaneuver"],"picked":"Blur","floor":13.0},{"not_picked":["Choke+1","Bouncing Flask"],"picked":"Well Laid Plans+1","floor":14.0},{"not_picked":["Tools of the Trade+1","Corpse Explosion"],"picked":"Adrenaline","floor":16.0},{"not_picked":["Acrobatics+1","Quick Slash+1"],"picked":"Concentrate","floor":18.0},{"not_picked":["Caltrops+1","Bane+1"],"picked":"Sucker Punch+1","floor":20.0},{"not_picked":["Dodge and Roll+1","Terror+1"],"picked":"Deflect+1","floor":22.0},{"not_picked":["Dagger Throw+1","Underhanded Strike+1"],"picked":"Wraith Form v2+1","floor":24.0},{"not_picked":["Dagger Throw+1","Slice+1","Sucker Punch+1"],"picked":"SKIP","floor":27.0},{"not_picked":["Dagger Throw+1","Skewer+1"],"picked":"PiercingWail+1","floor":28.0},{"not_picked":["Backstab+1","Masterful Stab+1"],"picked":"Calculated Gamble+1","floor":29.0},{"not_picked":["Die Die Die+1","Acrobatics+1"],"picked":"Cloak And Dagger+1","floor":31.0},{"not_picked":["Storm of Steel+1","Doppelganger+1"],"picked":"Adrenaline+1","floor":33.0},{"not_picked":["Distraction+1","Underhanded Strike+1"],"picked":"Blur+1","floor":35.0},{"not_picked":["Slice+1","Dagger Throw+1"],"picked":"Acrobatics+1","floor":36.0},{"not_picked":["Dodge and Roll+1","Venomology+1"],"picked":"Backflip+1","floor":38.0},{"not_picked":["Acrobatics+1","Bane+1"],"picked":"Flying Knee+1","floor":39.0},{"not_picked":["Sucker Punch+1","Poisoned Stab+1"],"picked":"PiercingWail+1","floor":40.0},{"not_picked":["Dash+1","Dodge and Roll+1"],"picked":"Escape Plan+1","floor":41.0},{"not_picked":["Masterful Stab+1","Glass Knife+1","Quick Slash+1"],"picked":"SKIP","floor":42.0},{"not_picked":["Dash+1","Escape Plan+1"],"picked":"Leg Sweep+1","floor":46},{"not_picked":["Acrobatics+1","Well Laid Plans+1","Underhanded Strike+1"],"picked":"SKIP","floor":47},{"not_picked":["Slice+1","Bouncing Flask+1"],"picked":"Leg Sweep+1","floor":55}],"player_experience":2470432,"relics_obtained":[{"floor":7.0,"key":"MealTicket"},{"floor":9.0,"key":"Frozen Egg 2"},{"floor":12.0,"key":"Vajra"},{"floor":24.0,"key":"Kunai"},{"floor":26.0,"key":"Nunchaku"},{"floor":29.0,"key":"Ancient Tea Set"},{"floor":31.0,"key":"Mummified Hand"},{"floor":40.0,"key":"Blood Vial"},{"floor":40.0,"key":"MawBank"},{"floor":42.0,"key":"Paper Crane"},{"floor":42.0,"key":"Bag of Marbles"},{"floor":47,"key":"Pocketwatch"},{"floor":47,"key":"Bottled Lightning"},{"floor":55,"key":"StrikeDummy"},{"floor":55,"key":"Strawberry"}],"event_choices":[{"cards_removed":["Defend_G"],"damage_healed":0.0,"max_hp_gain":0.0,"max_hp_loss":0.0,"gold_gain":0.0,"event_name":"Golden Wing","player_choice":"Card Removal","floor":2.0,"gold_loss":0.0,"damage_taken":7.0},{"damage_healed":0.0,"max_hp_gain":0.0,"max_hp_loss":0.0,"gold_gain":75.0,"event_name":"World of Goop","player_choice":"Gather Gold","floor":5.0,"gold_loss":0.0,"damage_taken":11.0},{"damage_healed":16.0,"max_hp_gain":0.0,"max_hp_loss":0.0,"gold_gain":0.0,"event_name":"The Cleric","player_choice":"Healed","floor":8.0,"gold_loss":35.0,"damage_taken":0.0},{"damage_healed":0.0,"max_hp_gain":0.0,"max_hp_loss":0.0,"gold_gain":0.0,"event_name":"Dead Adventurer","player_choice":"Searched \u00272\u0027 times","floor":14.0,"gold_loss":0.0,"damage_taken":0.0,"relics_obtained":["Molten Egg 2"]},{"damage_healed":0.0,"max_hp_gain":0.0,"max_hp_loss":0.0,"gold_gain":0.0,"event_name":"The Woman in Blue","player_choice":"Bought 1 Potion","floor":21.0,"gold_loss":0.0,"damage_taken":0.0},{"damage_healed":0.0,"max_hp_gain":0.0,"max_hp_loss":0.0,"gold_gain":0.0,"cards_transformed":["Deadly Poison","Cloak And Dagger"],"event_name":"Drug Dealer","player_choice":"Became Test Subject","floor":30.0,"gold_loss":0.0,"damage_taken":0.0,"cards_obtained":["Calculated Gamble","Quick Slash"]},{"damage_healed":0,"gold_gain":0,"player_choice":"Ignored","damage_taken":0,"max_hp_gain":0,"max_hp_loss":0,"event_name":"Purifier","floor":44,"gold_loss":0}],"is_beta":false,"boss_relics":[{"not_picked":["HoveringKite","Tiny House"],"picked":"Pandora\u0027s Box"},{"not_picked":["Runic Dome","SlaversCollar"],"picked":"Black Star"}],"items_purged_floors":[],"is_endless":false,"potions_floor_spawned":[1,7,12,16,18,27,28,33,36,41,46],"ascension_level":20}}