{"host":"Oniwa","time":1612524413,"event":{"mods":["BaseMod","Colored Map","Colored Powertips","Minty Spire (QoL Compilation)","Relic Stats","Slay the Relics Exporter","SpireBot","StSLib","ojb\u0027s Better Paths Mod","ojb\u0027s Info Mod"],"gold_per_floor":[18,38,50,50,65,91,120,120,146,146,171,183,221,250,262,274,274],"floor_reached":16,"language":"JPN","playtime":618,"items_purged":[],"score":365,"play_id":"cf5cb208-787a-4ddd-b4be-e8ae6a819c8e","local_time":"20210205202653","is_ascension_mode":true,"campfire_choices":[{"data":"Feed","floor":8.0,"key":"SMITH"},{"data":"True Grit","floor":10.0,"key":"SMITH"},{"data":"Hemokinesis","floor":12.0,"key":"SMITH"},{"data":"Demon Form","floor":15.0,"key":"SMITH"}],"circlet_count":0,"master_deck":["AscendersBane","Strike_R","Strike_R","Strike_R","Strike_R","Strike_R","Defend_R","Defend_R","Defend_R","Defend_R","Bash","Feed+1","Hemokinesis+1","Perfected Strike","Immolate+1","True Grit+1","Shrug It Off","Dual Wield","Demon Form+1"],"relics":["Burning Blood","PreservedInsect","Boot","Bag of Marbles","MawBank","Peace Pipe"],"acts_visited":["Exordium"],"potions_floor_usage":[16],"damage_taken":[{"damage":18.0,"enemies":"Cultist","floor":1.0,"turns":5.0},{"damage":0.0,"enemies":"2 Louse","floor":2.0,"turns":4.0},{"damage":9.0,"enemies":"Jaw Worm","floor":3.0,"turns":4.0},{"damage":11.0,"enemies":"2 Fungi Beasts","floor":5.0,"turns":6.0},{"damage":32.0,"enemies":"3 Sentries","floor":7.0,"turns":9.0},{"damage":0.0,"enemies":"Gremlin Nob","floor":11.0,"turns":1.0},{"damage":0.0,"enemies":"3 Sentries","floor":13.0,"turns":2.0},{"damage":10.0,"enemies":"Large Slime","floor":14.0,"turns":6.0},{"damage":75,"enemies":"Hexaghost","floor":16,"turns":9}],"seed_played":"6044810444183859948","potions_obtained":[{"floor":3.0,"key":"Regen Potion"},{"floor":7.0,"key":"AttackPotion"},{"floor":13.0,"key":"Swift Potion"},{"floor":14.0,"key":"SpeedPotion"}],"is_trial":false,"path_per_floor":["M","M","M","?","M","T","E","R","T","R","E","R","E","M","R","B"],"character_chosen":"IRONCLAD","items_purchased":[],"campfire_rested":0,"item_purchase_floors":[],"current_hp_per_floor":[59,68,65,65,63,63,55,55,55,55,65,65,75,75,75,0,0],"gold":274,"neow_bonus":"THREE_RARE_CARDS","is_daily":false,"chose_seed":false,"campfire_upgraded":4,"win_rate":0.0,"timestamp":1612524413,"path_taken":["M","M","?","?","M","?","E","R","T","R","E","R","E","M","R","BOSS"],"items_purchased_type":[],"build_version":"2020-12-18","purchased_purges":0,"victory":false,"max_hp_per_floor":[78,81,81,81,84,84,87,87,87,87,91,91,95,99,99,99,99],"relic_stats":{"Peace Pipe":0,"counters":[9,46],"PreservedInsect":85,"Boot":[8],"MawBank":60,"obtain_stats":[{"Peace Pipe":13,"PreservedInsect":6,"Bag of Marbles":9,"Boot":7,"MawBank":11,"Burning Blood":0},{"Peace Pipe":7,"PreservedInsect":4,"Bag of Marbles":5,"Boot":5,"MawBank":6,"Burning Blood":0},{"Peace Pipe":31,"PreservedInsect":19,"Bag of Marbles":28,"Boot":28,"MawBank":29,"Burning Blood":0}],"Burning Blood":48},"card_choices":[{"not_picked":["Berserk","Reaper"],"picked":"Feed","floor":0.0},{"not_picked":["Clash","Ghostly Armor"],"picked":"Hemokinesis","floor":1.0},{"not_picked":["Iron Wave","Flex"],"picked":"Perfected Strike","floor":2.0},{"not_picked":["Perfected Strike","Flame Barrier"],"picked":"Immolate","floor":3.0},{"not_picked":["Cleave","Warcry"],"picked":"True Grit","floor":5.0},{"not_picked":["Pommel Strike","Heavy Blade"],"picked":"Shrug It Off","floor":7.0},{"not_picked":["Shrug It Off","Heavy Blade"],"picked":"Dual Wield","floor":11.0},{"not_picked":["Thunderclap","Flex"],"picked":"Demon Form","floor":13.0},{"not_picked":["Searing Blow","Warcry","Perfected Strike"],"picked":"SKIP","floor":14.0}],"player_experience":2673113,"relics_obtained":[{"floor":6.0,"key":"PreservedInsect"},{"floor":7.0,"key":"Boot"},{"floor":9.0,"key":"Bag of Marbles"},{"floor":11.0,"key":"MawBank"},{"floor":13.0,"key":"Peace Pipe"}],"event_choices":[{"damage_healed":0.0,"max_hp_gain":0.0,"max_hp_loss":0.0,"gold_gain":0.0,"event_name":"Living Wall","player_choice":"Grow","floor":4.0,"gold_loss":0.0,"damage_taken":0.0,"cards_upgraded":["Immolate"]}],"is_beta":true,"boss_relics":[],"items_purged_floors":[],"is_endless":false,"potions_floor_spawned":[3,7,13,14],"killed_by":"Hexaghost","ascension_level":20}}