{"host":"lly094a91h6n5nv5","time":1612508080,"event":{"mods":["AchievementEnabler","BaseMod","Block Reminder","Colored Map","Minty Spire (QoL Compilation)"],"gold_per_floor":[118,131,14,89,89,115,134,134,160,178,178,229,71,96,96,201,201,219,237,252,252,252,252,279,100,100,100,131,230,230,248,248,348,348,366,326,337,337,11,39,39,49,72,96,130,149,177,196,196,196],"floor_reached":51,"language":"ENG","playtime":5609,"items_purged":["Pray"],"score":1039,"play_id":"38007e7b-6ffb-4d87-9c07-17a9363258ff","local_time":"20210205005440","is_ascension_mode":true,"campfire_choices":[{"data":"Scrawl","floor":8.0,"key":"SMITH"},{"data":"Adaptation","floor":11.0,"key":"SMITH"},{"data":"ClearTheMind","floor":15.0,"key":"SMITH"},{"data":"SpiritShield","floor":23.0,"key":"SMITH"},{"floor":32,"key":"REST"},{"data":"WaveOfTheHand","floor":41,"key":"SMITH"},{"floor":49,"key":"DIG"}],"circlet_count":0,"master_deck":["Eruption+1","Vigilance+1","Tantrum+1","EmptyBody+1","Alpha+1","WindmillStrike","ReachHeaven","Consecrate+1","Perseverance+1","ThirdEye","CrushJoints+1","Evaluate","Adaptation+1","Scrawl+1","SpiritShield+1","ClearTheMind+1","LessonLearned+1","EmptyBody+1","Indignation+1","WaveOfTheHand+1","SandsOfTime+1","Protect","FearNoEvil","Vault+1","SpiritShield+1","MentalFortress"],"relics":["Pandora\u0027s Box","Tiny Chest","Darkstone Periapt","Happy Flower","Bronze Scales","Lizard Tail","SlaversCollar","Lantern","HornCleat","Kunai","Pen Nib","FossilizedHelix","SacredBark","Potion Belt","Letter Opener","Centennial Puzzle","Ancient Tea Set","Shovel","Molten Egg 2","Art of War"],"acts_visited":["Exordium","TheCity","TheBeyond"],"potions_floor_usage":[24,28,42,46,50,50],"damage_taken":[{"damage":0.0,"enemies":"2 Louse","floor":1.0,"turns":2.0},{"damage":0.0,"enemies":"Jaw Worm","floor":2.0,"turns":3.0},{"damage":11.0,"enemies":"3 Sentries","floor":6.0,"turns":4.0},{"damage":0.0,"enemies":"Cultist","floor":7.0,"turns":3.0},{"damage":0.0,"enemies":"Large Slime","floor":10.0,"turns":3.0},{"damage":3.0,"enemies":"Gremlin Nob","floor":14.0,"turns":3.0},{"damage":27.0,"enemies":"Hexaghost","floor":16.0,"turns":7.0},{"damage":17.0,"enemies":"2 Thieves","floor":18.0,"turns":2.0},{"damage":0.0,"enemies":"3 Byrds","floor":19.0,"turns":2.0},{"damage":1.0,"enemies":"Centurion and Healer","floor":20.0,"turns":6.0},{"damage":12,"enemies":"Book of Stabbing","floor":24,"turns":4},{"damage":15,"enemies":"Gremlin Leader","floor":28,"turns":6},{"damage":0,"enemies":"Snecko","floor":31,"turns":6},{"damage":12,"enemies":"Champ","floor":33,"turns":10},{"damage":0,"enemies":"3 Darklings","floor":35,"turns":3},{"damage":0,"enemies":"Orb Walker","floor":37,"turns":4},{"damage":0,"enemies":"Giant Head","floor":40,"turns":7},{"damage":0,"enemies":"Writhing Mass","floor":42,"turns":7},{"damage":7,"enemies":"Nemesis","floor":45,"turns":6},{"damage":0,"enemies":"4 Shapes","floor":46,"turns":5},{"damage":4,"enemies":"Giant Head","floor":47,"turns":8},{"damage":0,"enemies":"Spire Growth","floor":48,"turns":6},{"damage":0,"enemies":"Awakened One","floor":50,"turns":10}],"seed_played":"-6141853953537253602","potions_obtained":[{"floor":2.0,"key":"Strength Potion"},{"floor":16.0,"key":"EntropicBrew"},{"floor":33,"key":"LiquidMemories"},{"floor":35,"key":"StancePotion"},{"floor":46,"key":"LiquidMemories"},{"floor":48,"key":"Block Potion"}],"is_trial":false,"path_per_floor":["M","M","$","?","?","E","M","R","T","M","R","T","$","E","R","B",null,"M","M","M","T","?","R","E","$","T","?","E","?","T","M","R","B",null,"M","?","M","?","$","E","R","M","T","T","E","M","E","M","R","B",null],"character_chosen":"WATCHER","items_purchased":["Evaluate","Adaptation","SpiritShield","Protect","FearNoEvil","Potion Belt","MentalFortress","Energy Potion","Block Potion"],"campfire_rested":1,"item_purchase_floors":[3,3,13,25,25,39,39,39,39],"current_hp_per_floor":[72,72,72,61,58,47,47,47,47,47,47,47,47,44,44,17,58,41,41,40,40,40,40,28,28,28,28,13,13,13,13,34,22,60,60,60,60,60,60,60,60,60,60,60,53,53,49,49,49,49],"gold":196,"neow_bonus":"BOSS_RELIC","is_daily":false,"chose_seed":false,"campfire_upgraded":5,"win_rate":0.0,"timestamp":1612508080,"path_taken":["M","M","$","?","?","E","M","R","T","M","R","?","?","E","R","BOSS","M","?","M","?","?","R","E","$","T","?","E","?","?","M","R","BOSS","M","?","?","?","$","E","R","M","T","?","E","M","E","M","R","BOSS"],"items_purchased_type":["Card","Card","Card","Card","Card","Relic","Card","Potion","Potion"],"build_version":"2020-12-22","purchased_purges":1,"victory":true,"max_hp_per_floor":[72,72,72,72,72,72,72,72,72,72,72,72,72,72,72,72,72,72,72,72,72,72,72,72,72,72,72,72,72,72,72,72,72,72,72,72,72,72,72,72,72,72,72,72,72,72,72,72,72,72],"card_choices":[{"not_picked":["InnerPeace","Meditate"],"picked":"ThirdEye","floor":1.0},{"not_picked":["Indignation","JustLucky"],"picked":"CrushJoints","floor":2.0},{"not_picked":["Wallop","PathToVictory"],"picked":"Scrawl","floor":6.0},{"not_picked":["Prostrate","SandsOfTime","JustLucky"],"picked":"SKIP","floor":7.0},{"not_picked":["PathToVictory","Tantrum","CrushJoints"],"picked":"SKIP","floor":10.0},{"not_picked":["Meditate","SashWhip"],"picked":"ClearTheMind","floor":14.0},{"not_picked":["Alpha","SpiritShield"],"picked":"LessonLearned","floor":16.0},{"not_picked":["EmptyFist+1","Indignation"],"picked":"EmptyBody+1","floor":18.0},{"not_picked":["FlurryOfBlows","Worship"],"picked":"Indignation","floor":19.0},{"not_picked":["CarveReality+1","Adaptation"],"picked":"WaveOfTheHand","floor":20.0},{"not_picked":["Conclude","CrushJoints"],"picked":"SandsOfTime+1","floor":24},{"not_picked":["Prostrate","ReachHeaven+1","Worship+1"],"picked":"SKIP","floor":28},{"not_picked":["CrushJoints+1","TalkToTheHand","Prostrate"],"picked":"SKIP","floor":31},{"not_picked":["Ragnarok","Scrawl"],"picked":"SpiritShield","floor":33},{"not_picked":["Conclude+1","Consecrate+1","BowlingBash+1"],"picked":"SKIP","floor":35},{"not_picked":["Crescendo","ClearTheMind","EmptyFist+1"],"picked":"SKIP","floor":37},{"not_picked":["CarveReality","Consecrate","Judgement"],"picked":"SKIP","floor":40},{"not_picked":["Prostrate+1","Perseverance","Protect"],"picked":"SKIP","floor":42},{"not_picked":["EmptyBody+1","Devotion","Vengeance"],"picked":"SKIP","floor":45},{"not_picked":["BowlingBash+1","Crescendo+1","EmptyFist"],"picked":"SKIP","floor":46},{"not_picked":["BowlingBash+1","Crescendo+1","EmptyFist"],"picked":"SKIP","floor":46},{"not_picked":["PathToVictory+1","WindmillStrike+1","Nirvana+1"],"picked":"SKIP","floor":47},{"not_picked":["EmptyFist+1","ReachHeaven+1","WaveOfTheHand"],"picked":"SKIP","floor":48}],"player_experience":143669,"relics_obtained":[{"floor":6.0,"key":"Darkstone Periapt"},{"floor":9.0,"key":"Happy Flower"},{"floor":12.0,"key":"Bronze Scales"},{"floor":14.0,"key":"Lizard Tail"},{"floor":21.0,"key":"Lantern"},{"floor":24,"key":"HornCleat"},{"floor":26,"key":"Kunai"},{"floor":28,"key":"Pen Nib"},{"floor":30,"key":"FossilizedHelix"},{"floor":40,"key":"Letter Opener"},{"floor":43,"key":"Centennial Puzzle"},{"floor":44,"key":"Ancient Tea Set"},{"floor":45,"key":"Shovel"},{"floor":47,"key":"Molten Egg 2"},{"floor":49,"key":"Art of War"}],"event_choices":[{"damage_healed":0.0,"max_hp_gain":0.0,"max_hp_loss":0.0,"gold_gain":75.0,"event_name":"World of Goop","player_choice":"Gather Gold","floor":4.0,"gold_loss":0.0,"damage_taken":11.0},{"damage_healed":0.0,"max_hp_gain":0.0,"max_hp_loss":0.0,"gold_gain":0.0,"event_name":"Scrap Ooze","player_choice":"Success","floor":5.0,"gold_loss":0.0,"damage_taken":3.0,"relics_obtained":["Tiny Chest"]},{"damage_healed":0.0,"max_hp_gain":0.0,"max_hp_loss":0.0,"gold_gain":0.0,"event_name":"Vampires","player_choice":"Ignored","floor":22.0,"gold_loss":0.0,"damage_taken":0.0},{"damage_healed":0,"gold_gain":0,"player_choice":"Read","damage_taken":0,"max_hp_gain":0,"max_hp_loss":0,"event_name":"The Library","floor":27,"gold_loss":0,"cards_obtained":["Vault"]},{"damage_healed":0,"gold_gain":99,"player_choice":"Stole From Cult","damage_taken":0,"max_hp_gain":0,"max_hp_loss":0,"event_name":"Nest","floor":29,"gold_loss":0},{"damage_healed":0,"gold_gain":0,"player_choice":"Upgrade","damage_taken":0,"max_hp_gain":0,"max_hp_loss":0,"event_name":"Designer","floor":36,"gold_loss":40,"cards_upgraded":["SpiritShield"]},{"damage_healed":0,"gold_gain":0,"player_choice":"Ignored","damage_taken":0,"max_hp_gain":0,"max_hp_loss":0,"event_name":"Mysterious Sphere","floor":38,"gold_loss":0}],"is_beta":false,"boss_relics":[{"not_picked":["Runic Dome","Fusion Hammer"],"picked":"SlaversCollar"},{"not_picked":["Velvet Choker","Black Star"],"picked":"SacredBark"}],"items_purged_floors":[25],"is_endless":false,"potions_floor_spawned":[2,16,18,19,33,35,40,46,48],"ascension_level":5}}