{"host":"w5aax206trqkckez","time":1612511521,"event":{"mods":["AchievementEnabler","BaseMod","Colored Map","Colored Powertips","DeckTracker","Minty Spire (QoL Compilation)","Reliquary","Replay The Spire","StSLib","TheFirefly"],"gold_per_floor":[113,75,75,88,88,88,115,115,142,142,142,159,159,57,77,97,97,192,192,206,206,224,249,127,127,147,147,171,184,184,144,38,58,58,58,58],"floor_reached":35,"language":"ENG","playtime":3944,"items_purged":[],"score":328,"play_id":"377cdf12-c896-4481-8eaf-3891d0209012","local_time":"20210205005201","is_ascension_mode":false,"campfire_choices":[{"data":"thefirefly:StealthMode","floor":6,"key":"SMITH"},{"data":"thefirefly:RollBack","floor":8,"key":"SMITH"},{"floor":17,"key":"REST"},{"floor":25,"key":"REST"},{"floor":30,"key":"REST"},{"floor":34,"key":"REST"}],"circlet_count":0,"master_deck":["thefirefly:Strike+1","thefirefly:Strike+1","thefirefly:Strike+1","thefirefly:Strike+1","thefirefly:Defend+1","thefirefly:Defend+1","thefirefly:Defend+1","thefirefly:Defend+1","thefirefly:StealthMode+1","thefirefly:PhotonBlast","thefirefly:PotentAmmunition","thefirefly:Bombardment+1","Replay:Hysterical Blindness","thefirefly:RollBack+1","Melter","Replay:ManipulateFuture","Regret","thefirefly:ErraticMotions","thefirefly:CoveringFire","thefirefly:RollBack","Hidden Blade","Feed","thefirefly:AccountUncertainty+1","Hello World","ReplayTheSpireMod:Brewmster","Discovery","Replay:Parry","Fusion","thefirefly:AuroralDischarge","thefirefly:IonizedBarrier+1","Replay:ManipulateFuture"],"relics":["thefirefly:StealthSystem","NeowsBlessing","PrismaticShard","reliquary:Stiletto","Potion Belt","Replay:Ringing Soul","Odd Mushroom","Replay:Grab Bag","reliquary:Craggleroot","reliquary:RedCape","SlaversCollar","Bag of Marbles","ReplayTheSpireMod:ShopPack","Juzu Bracelet"],"acts_visited":["Exordium","TheCity"],"potions_floor_usage":[18,20,22,22,22,29,29,29,35,35],"damage_taken":[{"damage":0,"enemies":"Small Slimes","floor":1,"turns":2},{"damage":0,"enemies":"2 Louse","floor":4,"turns":2},{"damage":0,"enemies":"Lagavulin","floor":7,"turns":1},{"damage":0,"enemies":"Jaw Worm","floor":12,"turns":2},{"damage":23,"enemies":"The Mushroom Lair","floor":15,"turns":4},{"damage":0,"enemies":"2 Fungi Beasts","floor":16,"turns":2},{"damage":36,"enemies":"Fading Forest","floor":18,"turns":11},{"damage":37,"enemies":"2 Thieves","floor":20,"turns":4},{"damage":14,"enemies":"3 Byrds","floor":22,"turns":4},{"damage":37,"enemies":"3 Cultists","floor":26,"turns":6},{"damage":9,"enemies":"Cultist and Chosen","floor":29,"turns":8},{"damage":10,"enemies":"Sentry and Sphere","floor":33,"turns":3},{"damage":65,"enemies":"Collector","floor":35,"turns":4}],"seed_played":"-45337206118672459","potions_obtained":[{"floor":1,"key":"Swift Potion"},{"floor":7,"key":"AttackPotion"},{"floor":12,"key":"Fire Potion"},{"floor":16,"key":"SteroidPotion"},{"floor":20,"key":"LiquidBronze"},{"floor":31,"key":"LiquidBronze"},{"floor":31,"key":"GamblersBrew"},{"floor":31,"key":"Weak Potion"},{"floor":33,"key":"Energy Potion"}],"is_trial":false,"path_per_floor":["M","$","?","M","?","R","E","R","T","PTL","PTL","M","?","$","?","M","R","B",null,"M","?","M","T","$","R","M","?","T","M","R","?","$","M","R","B"],"character_chosen":"THE_FIREFLY","items_purchased":["thefirefly:Bombardment","thefirefly:ErraticMotions","thefirefly:CoveringFire","ReplayTheSpireMod:ShopPack","thefirefly:IonizedBarrier+1","SkillPotion"],"campfire_rested":4,"item_purchase_floors":[2,14,14,24,32,32],"current_hp_per_floor":[55,55,55,55,55,55,55,55,55,55,55,55,58,61,41,44,64,53,70,36,36,25,25,28,51,17,17,17,11,36,36,39,35,63,0,0],"gold":58,"neow_bonus":"THREE_ENEMY_KILL","is_daily":false,"chose_seed":false,"campfire_upgraded":2,"win_rate":0.0,"timestamp":1612511521,"path_taken":["M","$","?","M","?","R","E","R","T","PTL","PTL","M","?","$","?","?","R","BOSS","M","?","M","?","$","R","M","?","T","M","R","?","?","M","R","BOSS"],"items_purchased_type":["Card","Card","Card","Relic","Card","Potion"],"build_version":"2020-12-22","purchased_purges":0,"victory":false,"max_hp_per_floor":[55,55,55,55,55,55,55,55,55,55,55,55,58,61,64,67,67,70,70,73,73,76,76,79,79,82,82,82,85,85,85,88,94,94,94,94],"card_choices":[{"not_picked":["thefirefly:Quine","thefirefly:FlakCannon"],"picked":"thefirefly:PotentAmmunition","floor":1},{"not_picked":["Beam Cell","thefirefly:IonizedBarrier"],"picked":"thefirefly:RollBack","floor":4},{"not_picked":["Endless Agony","Dodge and Roll"],"picked":"Melter","floor":7},{"not_picked":["ReplayTheSpireMod:Limb From Limb","Bane"],"picked":"Replay:ManipulateFuture","floor":12},{"not_picked":["Poisoned Stab","Pommel Strike"],"picked":"thefirefly:RollBack","floor":15},{"not_picked":["Bane","Storm"],"picked":"Hidden Blade","floor":16},{"not_picked":["ReplayRNGCard","Judgement"],"picked":"Feed","floor":18},{"not_picked":["Jack Of All Trades+1","True Grit"],"picked":"thefirefly:AccountUncertainty+1","floor":20},{"not_picked":["Perfected Strike","Conserve Battery"],"picked":"Hello World","floor":22},{"not_picked":["Violence","Panache"],"picked":"ReplayTheSpireMod:Brewmster","floor":24},{"not_picked":["Sadistic Nature","Replay:Parry"],"picked":"Discovery","floor":24},{"not_picked":["ReplayTheSpireMod:Trickstab","Replay:Bootleg Shield Generator"],"picked":"Replay:Parry","floor":24},{"not_picked":["ReplayTheSpireMod:Repulse","ReplayTheSpireMod:Calculation Training"],"picked":"Fusion","floor":26},{"not_picked":["ReplayTheSpireMod:The Works","Flex+1"],"picked":"thefirefly:AuroralDischarge","floor":29},{"not_picked":["BowlingBash","Twin Strike"],"picked":"Replay:ManipulateFuture","floor":33}],"player_experience":51926,"relics_obtained":[{"floor":7,"key":"reliquary:Stiletto"},{"floor":9,"key":"Potion Belt"},{"floor":15,"key":"Odd Mushroom"},{"floor":23,"key":"Bag of Marbles"},{"floor":28,"key":"Juzu Bracelet"}],"event_choices":[{"damage_healed":0,"gold_gain":0,"player_choice":"Grow","damage_taken":0,"max_hp_gain":0,"max_hp_loss":0,"event_name":"Living Wall","floor":5,"gold_loss":0,"cards_upgraded":["thefirefly:Bombardment"]},{"damage_healed":0,"gold_gain":0,"player_choice":"Box","damage_taken":0,"relics_obtained":["Replay:Ringing Soul"],"max_hp_gain":0,"max_hp_loss":0,"event_name":"Big Fish","floor":13,"gold_loss":0,"cards_obtained":["Regret"]},{"damage_healed":0,"gold_gain":0,"player_choice":"Fought Mushrooms","damage_taken":0,"max_hp_gain":0,"max_hp_loss":0,"event_name":"Mushrooms","floor":15,"gold_loss":0},{"damage_healed":0,"gold_gain":0,"player_choice":"Simplicity","damage_taken":0,"max_hp_gain":0,"max_hp_loss":0,"event_name":"Back to Basics","floor":21,"gold_loss":0,"cards_upgraded":["thefirefly:Strike","thefirefly:Strike","thefirefly:Strike","thefirefly:Strike","thefirefly:Defend","thefirefly:Defend","thefirefly:Defend","thefirefly:Defend"]},{"damage_healed":0,"gold_gain":0,"player_choice":"Ignored","damage_taken":0,"max_hp_gain":0,"max_hp_loss":0,"event_name":"Vampires","floor":27,"gold_loss":0},{"damage_healed":0,"gold_gain":0,"player_choice":"Bought 3 Potions","damage_taken":0,"max_hp_gain":0,"max_hp_loss":0,"event_name":"The Woman in Blue","floor":31,"gold_loss":0}],"is_beta":false,"boss_relics":[{"not_picked":["Sozu","thefirefly:ShadowThruster"],"picked":"Replay:Grab Bag"},{"not_picked":["Philosopher\u0027s Stone","ReplayTheSpireMod:Onyx Gauntlets"],"picked":"reliquary:Craggleroot"},{"not_picked":["Runic Dome","Ectoplasm"],"picked":"reliquary:RedCape"},{"not_picked":["Kintsugi","SacredBark"],"picked":"SlaversCollar"}],"items_purged_floors":[],"is_endless":false,"potions_floor_spawned":[1,7,12,16,20,33],"killed_by":"Collector","ascension_level":0}}