{"host":"t9zjxed0utvsfjwc","time":1612556024,"event":{"mods":["2.2 Compatiblity","Aspiration","BaseMod","Better Altar","Better Match","Better Note","Better Sensory Stone","Better Skull","Better Third Choice","Block Reminder","Colored Map","Colored Powertips","Custom Start","Downfall","Hermit","Highlight Path","Hubris","Infinite Spire","Marisa????????","Minty Spire (QoL Compilation)","Quick Restart","Rare Cards Sparkle","Reliquary","Replay The Spire","StSLib","The Cursed","The Marked","The Runesmith","Unceasing Turn Reminder","everything is the same but u backflip on backflip"],"gold_per_floor":[112,37,57,21,32,32,32,32,32,32,50,83,44,76,76,211,211,258,23,23,55,55,120,120,120,120,177,224,58,103,131,131,279,279,352,352,431,528,528,638,730,730],"floor_reached":41,"language":"ENG","playtime":2001,"items_purged":["Strike_MRS","Defend_MRS","Voices"],"score":715,"play_id":"032f0c13-53ad-4f7c-867e-6cfc9b8ef002","local_time":"20210205201344","is_ascension_mode":false,"campfire_choices":[{"data":"DC","floor":6,"key":"SMITH"},{"data":"MagicChant","floor":15,"key":"SMITH"},{"data":"MilkyWay","floor":24,"key":"SMITH"}],"circlet_count":0,"master_deck":["MasterSpark+1","NonDirectionalLaser","UnstableBomb","UnstableBomb","DC+1","MagicChant+1","GrandCross","GrandCross","PropBag+1","MagicChant+1","MilkyWay+1","MilkyWay+1","PowerUp","Purity","Decay","Parasite","Parasite","MachineGunSpark+1","PropBag","NonDirectionalLaser+1"],"relics":["Busted Crown","aspiration:FrozenJewel","infinitespire:Cubic Diamond","hubris:MysteriousPyramids","ReplayFunnel","Replay:Bandana","Astrolabe","Membership Card","Bag of Marbles","NlothsMask","Nunchaku","WingedGreaves","Art of War","infinitespire:EvilPickle","Philosopher\u0027s Stone","Kintsugi","Question Card","ShroomBag","Girya","Gremlin Horn","reliquary:NewFriend","Letter Opener","Shuriken"],"acts_visited":["Exordium","TheCity","TheBeyond"],"potions_floor_usage":[12,21,23,31,38,41],"damage_taken":[{"damage":0,"enemies":"Cultist","floor":1,"turns":3},{"damage":2,"enemies":"Small Slimes","floor":3,"turns":3},{"damage":6,"enemies":"Jaw Worm","floor":5,"turns":2},{"damage":0,"enemies":"Large Slime","floor":11,"turns":2},{"damage":0,"enemies":"Gremlin Nob","floor":12,"turns":3},{"damage":32,"enemies":"Lagavulin","floor":14,"turns":4},{"damage":0,"enemies":"Slime Boss","floor":16,"turns":6},{"damage":2,"enemies":"Chosen","floor":18,"turns":2},{"damage":8,"enemies":"Spheric Guardian","floor":21,"turns":2},{"damage":5,"enemies":"Gremlin Leader","floor":23,"turns":6},{"damage":7,"enemies":"Book of Stabbing","floor":27,"turns":4},{"damage":8,"enemies":"Centurion and Healer","floor":28,"turns":2},{"damage":8,"enemies":"Chosen and Byrds","floor":30,"turns":3},{"damage":0,"enemies":"Snecko","floor":31,"turns":2},{"damage":23,"enemies":"Pondfish","floor":33,"turns":9},{"damage":15,"enemies":"3 Darklings","floor":35,"turns":4},{"damage":17,"enemies":"2 Orb Walkers","floor":38,"turns":3},{"damage":6,"enemies":"Giant Head","floor":40,"turns":5},{"damage":20,"enemies":"infinitespire:Three Voidlings","floor":41,"turns":3},{"damage":30,"enemies":"Nightmare_Alpha","floor":41,"turns":3}],"seed_played":"-4680189221913480305","potions_obtained":[{"floor":1,"key":"Elixir"},{"floor":3,"key":"ColorlessPotion"},{"floor":16,"key":"champ:CounterPotion"},{"floor":21,"key":"Swift Potion"},{"floor":30,"key":"hexamod:SoulburnPotion"},{"floor":37,"key":"EssenceOfSteel"},{"floor":40,"key":"StarNLove"}],"is_trial":false,"path_per_floor":["M","$","M","$","M","R","T","?","T","?","M","E","$","E","R","B",null,"M","$","?","M","?","E","R","?","T","E","M","$","M","M","R","B",null,"M","AVR","?","?","T","E","?"],"character_chosen":"MARISA","items_purchased":["UnstableBomb","GrandCross","Membership Card","Bag of Marbles","MilkyWay","Art of War","Purity"],"campfire_rested":0,"item_purchase_floors":[4,13,19,19,19,29,29],"current_hp_per_floor":[75,75,73,73,67,67,67,67,67,67,67,67,67,35,35,35,75,73,73,73,65,65,60,60,85,85,78,70,70,62,62,62,39,85,70,70,49,48,48,46,0,0],"gold":730,"neow_bonus":"BOSS_RELIC","is_daily":false,"chose_seed":false,"campfire_upgraded":3,"win_rate":0.0,"timestamp":1612556024,"path_taken":["M","$","?","?","M","R","?","?","T","?","M","E","$","E","R","BOSS","M","$","?","M","?","E","R","?","T","E","?","$","M","?","R","BOSS","M","AVR","?","?","?","E","?"],"items_purchased_type":["Card","Card","Relic","Relic","Card","Relic","Card"],"build_version":"2020-12-22","purchased_purges":3,"victory":false,"max_hp_per_floor":[75,75,75,75,75,75,75,75,75,75,75,75,75,75,75,75,75,75,75,75,75,75,75,75,85,85,85,85,85,85,85,85,85,85,85,85,85,85,85,85,85,85],"card_choices":[{"not_picked":[],"picked":"NonDirectionalLaser","floor":1},{"not_picked":["Acceleration"],"picked":"SKIP","floor":3},{"not_picked":[],"picked":"DC","floor":5},{"not_picked":["DoubleSpark"],"picked":"SKIP","floor":11},{"not_picked":[],"picked":"MagicChant","floor":12},{"not_picked":["6A"],"picked":"SKIP","floor":14},{"not_picked":["6A"],"picked":"SKIP","floor":18},{"not_picked":["6A"],"picked":"SKIP","floor":18},{"not_picked":["UnstableBomb"],"picked":"SKIP","floor":21},{"not_picked":["NonDirectionalLaser"],"picked":"SKIP","floor":23},{"not_picked":[],"picked":"IllusionStar","floor":27},{"not_picked":[],"picked":"PowerUp","floor":28},{"not_picked":["SporeBomb"],"picked":"SKIP","floor":30},{"not_picked":["ChargingUp"],"picked":"SKIP","floor":31},{"not_picked":["WitchLeyline+1"],"picked":"SKIP","floor":35},{"not_picked":["GravityBeat+1"],"picked":"MachineGunSpark+1","floor":37},{"not_picked":["ShootingEcho+1"],"picked":"PropBag","floor":37},{"not_picked":["GravityBeat+1"],"picked":"NonDirectionalLaser+1","floor":38},{"not_picked":["NonDirectionalLaser+1","StarlightTyphoon"],"picked":"SKIP","floor":40}],"player_experience":490059,"relics_obtained":[{"floor":7,"key":"aspiration:FrozenJewel"},{"floor":9,"key":"hubris:MysteriousPyramids"},{"floor":12,"key":"ReplayFunnel"},{"floor":14,"key":"Replay:Bandana"},{"floor":23,"key":"Nunchaku"},{"floor":27,"key":"WingedGreaves"},{"floor":37,"key":"ShroomBag"},{"floor":38,"key":"Girya"},{"floor":39,"key":"Gremlin Horn"},{"floor":40,"key":"reliquary:NewFriend"}],"event_choices":[{"damage_healed":0,"gold_gain":0,"player_choice":"Upgraded","damage_taken":0,"max_hp_gain":0,"max_hp_loss":0,"event_name":"Upgrade Shrine","floor":20,"gold_loss":0,"cards_upgraded":["MilkyWay"]},{"damage_healed":0,"gold_gain":0,"player_choice":"Trade","damage_taken":0,"relics_obtained":["NlothsMask"],"max_hp_gain":0,"max_hp_loss":0,"event_name":"FaceTrader","floor":22,"gold_loss":0},{"cards_removed":["StarDustReverie"],"damage_healed":15,"gold_gain":0,"player_choice":"Offered Rare","damage_taken":0,"max_hp_gain":10,"max_hp_loss":0,"event_name":"Bonfire Elementals","floor":25,"gold_loss":0},{"damage_healed":0,"gold_gain":0,"player_choice":"Fight","damage_taken":0,"max_hp_gain":0,"max_hp_loss":0,"event_name":"Mysterious Sphere","floor":38,"gold_loss":0}],"is_beta":false,"boss_relics":[{"not_picked":["hubris:VirtuousBlindfold","hubris:RunicObelisk"],"picked":"Astrolabe"},{"not_picked":["reliquary:Ember","reliquary:RedCape"],"picked":"Philosopher\u0027s Stone"}],"items_purged_floors":[2,29,36],"is_endless":false,"potions_floor_spawned":[1,3,16,21,30,40],"killed_by":"Nightmare_Alpha","ascension_level":0}}