{"host":"sian7qp8a9pc9xwd","time":1612522769,"event":{"mods":["BaseMod","Minty Spire (QoL Compilation)","StSLib","SuperFastMode"],"gold_per_floor":[117,267,25,44,44,74,74,74,156,169,195,221,246,311,323,407,419,450,462,490,131,161,161,161],"floor_reached":23,"language":"ENG","playtime":816,"items_purged":["Doubt","Thunder Strike+1"],"score":403,"play_id":"3bcd185d-8632-488e-b75e-df312cf0c19e","local_time":"20210205055929","is_ascension_mode":true,"campfire_choices":[{"data":"Sunder","floor":7,"key":"SMITH"},{"data":"Coolheaded","floor":15,"key":"SMITH"}],"circlet_count":0,"master_deck":["AscendersBane","Strike_B","Strike_B","Strike_B","Defend_B","Defend_B","Defend_B","Zap+1","Dualcast+1","Sunder+1","BootSequence","Coolheaded+1","Blizzard+1","Conserve Battery","Coolheaded+1","Ball Lightning+1"],"relics":["FrozenCore","NeowsBlessing","War Paint","Meat on the Bone","Molten Egg 2","MawBank","Turnip","Mummified Hand","Red Mask"],"acts_visited":["Exordium","TheCity"],"potions_floor_usage":[14,18,22,23],"damage_taken":[{"damage":0,"enemies":"Small Slimes","floor":1,"turns":1},{"damage":0,"enemies":"Jaw Worm","floor":4,"turns":1},{"damage":0,"enemies":"Gremlin Nob","floor":6,"turns":1},{"damage":0,"enemies":"2 Louse","floor":10,"turns":2},{"damage":0,"enemies":"Large Slime","floor":12,"turns":4},{"damage":0,"enemies":"2 Fungi Beasts","floor":13,"turns":2},{"damage":19,"enemies":"Lagavulin","floor":14,"turns":5},{"damage":17,"enemies":"The Guardian","floor":16,"turns":11},{"damage":23,"enemies":"Chosen","floor":18,"turns":7},{"damage":4,"enemies":"Shell Parasite","floor":20,"turns":6},{"damage":15,"enemies":"Masked Bandits","floor":22,"turns":4},{"damage":45,"enemies":"Slavers","floor":23,"turns":4}],"seed_played":"-3122489264191876570","potions_obtained":[{"floor":1,"key":"DistilledChaos"},{"floor":6,"key":"ColorlessPotion"},{"floor":14,"key":"Block Potion"},{"floor":22,"key":"SpeedPotion"}],"is_trial":false,"path_per_floor":["M","?","$","M","?","E","R","?","T","M","T","M","M","E","R","B",null,"M","?","M","$","?","E"],"character_chosen":"DEFECT","items_purchased":["War Paint","Mummified Hand"],"campfire_rested":0,"item_purchase_floors":[3,21],"current_hp_per_floor":[64,64,64,64,64,64,64,57,57,57,57,57,57,38,38,33,62,39,39,47,47,44,0,0],"gold":161,"neow_bonus":"THREE_ENEMY_KILL","is_daily":false,"chose_seed":false,"campfire_upgraded":2,"win_rate":0.0,"timestamp":1612522769,"path_taken":["M","?","?","M","?","E","R","?","T","M","?","M","M","E","R","BOSS","M","?","?","$","?","E"],"items_purchased_type":["Relic","Relic"],"build_version":"2020-12-22","purchased_purges":2,"victory":false,"max_hp_per_floor":[71,71,71,71,71,71,71,71,71,71,71,71,71,71,71,71,71,71,71,71,71,71,71,71],"card_choices":[{"not_picked":["Scrape","Rip and Tear"],"picked":"Sunder","floor":1},{"not_picked":["Capacitor","Doom and Gloom","Blizzard"],"picked":"SKIP","floor":4},{"not_picked":["Go for the Eyes","Redo"],"picked":"BootSequence","floor":6},{"not_picked":["Rebound+1","Undo"],"picked":"Coolheaded","floor":10},{"not_picked":["Sweeping Beam+1","Sunder+1"],"picked":"Blizzard+1","floor":12},{"not_picked":["Hologram","Turbo"],"picked":"Conserve Battery","floor":13},{"not_picked":["Rip and Tear+1","Go for the Eyes+1","Leap"],"picked":"SKIP","floor":14},{"not_picked":["Multi-Cast","Electrodynamics"],"picked":"Thunder Strike+1","floor":16},{"not_picked":["Aggregate","Recycle","Lockon+1"],"picked":"SKIP","floor":18},{"not_picked":["Redo","Reinforced Body"],"picked":"Ball Lightning+1","floor":20}],"player_experience":897582,"relics_obtained":[{"floor":6,"key":"Meat on the Bone"},{"floor":9,"key":"Molten Egg 2"},{"floor":11,"key":"MawBank"},{"floor":14,"key":"Turnip"},{"floor":22,"key":"Red Mask"}],"event_choices":[{"damage_healed":0,"gold_gain":150,"player_choice":"AGREE","damage_taken":0,"max_hp_gain":0,"max_hp_loss":0,"event_name":"Liars Game","floor":2,"gold_loss":0,"cards_obtained":["Doubt"]},{"cards_removed":["Defend_B"],"damage_healed":0,"gold_gain":0,"player_choice":"Forget","damage_taken":0,"max_hp_gain":0,"max_hp_loss":0,"event_name":"Living Wall","floor":5,"gold_loss":0},{"cards_removed":["Strike_B"],"damage_healed":0,"gold_gain":0,"player_choice":"Card Removal","damage_taken":7,"max_hp_gain":0,"max_hp_loss":0,"event_name":"Golden Wing","floor":8,"gold_loss":0},{"damage_healed":0,"gold_gain":0,"player_choice":"Copied","damage_taken":0,"max_hp_gain":0,"max_hp_loss":0,"event_name":"Duplicator","floor":19,"gold_loss":0,"cards_obtained":["Coolheaded"]},{"damage_healed":0,"gold_gain":0,"player_choice":"Fought Bandits","damage_taken":0,"max_hp_gain":0,"max_hp_loss":0,"event_name":"Masked Bandits","floor":22,"gold_loss":0}],"is_beta":false,"boss_relics":[{"not_picked":["Empty Cage","Tiny House"],"picked":"FrozenCore"}],"items_purged_floors":[3,21],"is_endless":false,"potions_floor_spawned":[1,6,10,13,14,22],"killed_by":"Slavers","ascension_level":16}}