{"host":"zs3tguvuxkh90jf4","time":1612503909,"event":{"mods":["AchievementEnabler","BaseMod","Better-Laid Plans","BetterRewards","Block Reminder","Colored Map","Colored Powertips","Gold Saver","Minty Spire (QoL Compilation)","Shop Mod","StSLib","Transform Curses"],"gold_per_floor":[2554,1940,1960,1506,1506,1533,1503,1536,1609,1619,1651,1668,1668,1686,1686,1779,1779,1770,1770,1783,1519,1519,1519,1554,1574,1574,1346,1366,1404,1422,1463,1463,1556,1619,1644,1202,1202,1215,1215,1246,1264,1305,1305,1344,1344,1344,1383,1045,1045,1045,1045,1045,653,697,697],"floor_reached":56,"language":"ENG","playtime":3625,"items_purged":["Strike_R","Strike_R","Sentinel","Bash","Strike_R+1","Defend_R+1"],"score":2697,"play_id":"0376bb60-4b75-46d0-af2e-7818e1f54b67","local_time":"20210204214509","is_ascension_mode":true,"campfire_choices":[{"data":"Entrench","floor":15,"key":"SMITH"},{"data":"Blind","floor":23,"key":"SMITH"},{"floor":32,"key":"RECALL"},{"data":"Body Slam","floor":45,"key":"SMITH"},{"floor":49,"key":"REST"},{"data":"Whirlwind","floor":52,"key":"SMITH"}],"circlet_count":0,"master_deck":["AscendersBane","Strike_R+1","Strike_R+1","Defend_R+1","Defend_R+1","Defend_R+1","Inflame","Sadistic Nature","Iron Wave","Shrug It Off","Inflame","Feed","Blind+1","Entrench+1","Demon Form","Juggernaut+1","Body Slam+1","Thunderclap","Entrench+1","Shockwave","Whirlwind+1","Heavy Blade","Heavy Blade","Fire Breathing+1","Demon Form","Rampage+1","Bloodletting","Offering","Flame Barrier+1","Shrug It Off"],"relics":["Burning Blood","Meat on the Bone","ClockworkSouvenir","Membership Card","Calipers","Ornamental Fan","MerchantsRug","Chemical X","Bird Faced Urn","Centennial Puzzle","Pen Nib","Tiny Chest","PreservedInsect","Bottled Lightning","Singing Bowl","Golden Idol","SacredBark","Nunchaku","MealTicket","DollysMirror","Anchor","Lantern","Blue Candle","Bag of Marbles","Mercury Hourglass","White Beast Statue","Pantograph","WingedGreaves","Incense Burner","TheAbacus","Orichalcum","Paper Frog","Pear","Bottled Flame","Champion Belt","Charon\u0027s Ashes","Sling","Mummified Hand","Happy Flower","Cauldron","Bronze Scales"],"acts_visited":["Exordium","TheCity","TheBeyond","TheEnding"],"potions_floor_usage":[6,16,16,33,33,33,40,40,42,47,50,55],"damage_taken":[{"damage":0,"enemies":"2 Louse","floor":1,"turns":2},{"damage":13,"enemies":"Jaw Worm","floor":3,"turns":4},{"damage":8,"enemies":"3 Sentries","floor":6,"turns":8},{"damage":13,"enemies":"Gremlin Nob","floor":8,"turns":4},{"damage":0,"enemies":"Cultist","floor":10,"turns":4},{"damage":27,"enemies":"Lagavulin","floor":11,"turns":7},{"damage":0,"enemies":"Exordium Wildlife","floor":12,"turns":5},{"damage":1,"enemies":"Blue Slaver","floor":14,"turns":3},{"damage":83,"enemies":"Hexaghost","floor":16,"turns":12},{"damage":32,"enemies":"2 Thieves","floor":18,"turns":4},{"damage":16,"enemies":"Shell Parasite","floor":20,"turns":6},{"damage":19,"enemies":"Slavers","floor":24,"turns":5},{"damage":11,"enemies":"3 Cultists","floor":25,"turns":5},{"damage":18,"enemies":"Snake Plant","floor":28,"turns":3},{"damage":18,"enemies":"Gremlin Leader","floor":29,"turns":5},{"damage":3,"enemies":"Centurion and Healer","floor":30,"turns":3},{"damage":34,"enemies":"Slavers","floor":31,"turns":5},{"damage":1,"enemies":"Collector","floor":33,"turns":6},{"damage":1,"enemies":"3 Shapes","floor":35,"turns":1},{"damage":10,"enemies":"Orb Walker","floor":38,"turns":4},{"damage":25,"enemies":"Giant Head","floor":40,"turns":8},{"damage":37,"enemies":"Spire Growth","floor":41,"turns":6},{"damage":53,"enemies":"Nemesis","floor":42,"turns":5},{"damage":51,"enemies":"Giant Head","floor":44,"turns":7},{"damage":54,"enemies":"Reptomancer","floor":47,"turns":6},{"damage":75,"enemies":"Time Eater","floor":50,"turns":7},{"damage":9,"enemies":"Shield and Spear","floor":54,"turns":4},{"damage":65,"enemies":"The Heart","floor":55,"turns":6}],"seed_played":"5311503134709011649","potions_obtained":[{"floor":1,"key":"Fire Potion"},{"floor":7,"key":"Ancient Potion"},{"floor":7,"key":"Regen Potion"},{"floor":10,"key":"Explosive Potion"},{"floor":18,"key":"GamblersBrew"},{"floor":24,"key":"Strength Potion"},{"floor":29,"key":"DistilledChaos"},{"floor":33,"key":"Fruit Juice"},{"floor":34,"key":"Explosive Potion"},{"floor":35,"key":"Block Potion"},{"floor":40,"key":"BlessingOfTheForge"},{"floor":41,"key":"ElixirPotion"},{"floor":42,"key":"Fruit Juice"},{"floor":44,"key":"EssenceOfSteel"},{"floor":47,"key":"LiquidBronze"},{"floor":53,"key":"LiquidBronze"}],"is_trial":false,"path_per_floor":["M","$","M","$","?","E","?","E","T","M","E","M","?","M","R","B",null,"M","?","M","$","T","R","E","M","T","$","M","E","M","E","R","B",null,"M","$","?","M","?","E","M","E","T","E","R","T","E","$","R","B",null,"R","$","E","B",null],"character_chosen":"IRONCLAD","items_purchased":["Meat on the Bone","Matryoshka","ClockworkSouvenir","Inflame","Sadistic Nature","Membership Card","Calipers","Ornamental Fan","Shrug It Off","MerchantsRug","Inflame","Enlightenment","Chemical X","Bird Faced Urn","Centennial Puzzle","Feed","Sentinel","Nunchaku","MealTicket","DollysMirror","Shockwave","Lee\u0027s Waffle","Mercury Hourglass","Heavy Blade","LiquidMemories","WingedGreaves","Incense Burner","TheAbacus","Bloodletting","Charon\u0027s Ashes","Sling","FairyPotion","Mummified Hand","Happy Flower","Cauldron","Shrug It Off"],"campfire_rested":1,"item_purchase_floors":[0,0,0,0,0,2,2,2,2,2,2,2,4,4,4,4,4,21,21,21,21,27,27,27,27,36,36,36,36,48,48,48,53,53,53,53],"current_hp_per_floor":[66,66,59,59,59,66,66,68,68,80,67,84,62,71,71,29,76,57,57,60,60,60,60,68,70,70,110,98,98,105,87,87,126,133,133,133,133,132,128,113,96,83,83,75,75,75,45,60,107,87,140,140,155,159,105],"gold":697,"neow_bonus":"","is_daily":false,"chose_seed":false,"campfire_upgraded":4,"win_rate":0.0,"timestamp":1612503909,"path_taken":["M","$","M","$","?","E","?","E","T","M","E","?","?","M","R","BOSS","M","?","M","$","?","R","E","M","T","?","M","E","M","E","R","BOSS","M","$","?","M","?","E","M","E","T","E","R","?","E","$","R","BOSS","R","$","E","BOSS"],"items_purchased_type":["Relic","Relic","Relic","Card","Card","Relic","Relic","Relic","Card","Relic","Card","Card","Relic","Relic","Relic","Card","Card","Relic","Relic","Relic","Card","Relic","Relic","Card","Potion","Relic","Relic","Relic","Card","Relic","Relic","Potion","Relic","Relic","Relic","Card"],"build_version":"2020-12-22","purchased_purges":6,"victory":true,"max_hp_per_floor":[75,75,75,75,75,78,78,81,81,81,84,89,89,91,91,91,91,94,94,97,97,97,97,100,103,103,110,110,112,114,116,116,126,133,133,133,133,135,128,130,132,142,142,155,155,155,157,157,157,157,157,157,157,159,159],"card_choices":[{"not_picked":["Wild Strike","Twin Strike"],"picked":"Iron Wave","floor":1},{"not_picked":["Headbutt","True Grit","Havoc"],"picked":"SKIP","floor":3},{"not_picked":["Havoc","Blood for Blood","Inflame"],"picked":"SKIP","floor":6},{"not_picked":["Bloodletting","Body Slam"],"picked":"Entrench","floor":8},{"not_picked":["Warcry","Rampage"],"picked":"Spot Weakness","floor":10},{"not_picked":["Sword Boomerang","Power Through"],"picked":"Demon Form","floor":11},{"not_picked":["Iron Wave","Disarm","True Grit"],"picked":"Singing Bowl","floor":12},{"not_picked":["Searing Blow","True Grit","Clash"],"picked":"Singing Bowl","floor":14},{"not_picked":["Bludgeon","Berserk"],"picked":"Juggernaut","floor":16},{"not_picked":["Burning Pact","True Grit+1"],"picked":"Body Slam","floor":18},{"not_picked":["Clothesline","Anger"],"picked":"Thunderclap","floor":20},{"not_picked":["Clash","Demon Form"],"picked":"Whirlwind","floor":24},{"not_picked":["Havoc","Reckless Charge"],"picked":"Heavy Blade","floor":25},{"not_picked":["Heavy Blade","Cleave"],"picked":"Fire Breathing+1","floor":28},{"not_picked":["Second Wind","Clothesline","Dual Wield"],"picked":"Singing Bowl","floor":29},{"not_picked":["Pommel Strike","Anger","Twin Strike"],"picked":"Singing Bowl","floor":30},{"not_picked":["Power Through","Sever Soul","Pommel Strike"],"picked":"Singing Bowl","floor":31},{"not_picked":["Berserk","Bludgeon"],"picked":"Demon Form","floor":33},{"not_picked":["Headbutt","Disarm","Second Wind"],"picked":"Singing Bowl","floor":34},{"not_picked":["Iron Wave","Perfected Strike"],"picked":"Rampage+1","floor":35},{"not_picked":["Sword Boomerang","Armaments+1","Burning Pact"],"picked":"Singing Bowl","floor":38},{"not_picked":["Ghostly Armor","Burning Pact+1","Armaments"],"picked":"Singing Bowl","floor":40},{"not_picked":["Sword Boomerang","Spot Weakness","Rupture+1"],"picked":"Singing Bowl","floor":41},{"not_picked":["Thunderclap","Second Wind"],"picked":"Offering","floor":42},{"not_picked":["Flex","Ghostly Armor"],"picked":"Flame Barrier+1","floor":44},{"not_picked":["Iron Wave","Pommel Strike","Second Wind+1"],"picked":"Singing Bowl","floor":47},{"not_picked":["Headbutt","Reaper","Exhume"],"picked":"Singing Bowl","floor":54}],"player_experience":514302,"relics_obtained":[{"floor":6,"key":"Pen Nib"},{"floor":8,"key":"Tiny Chest"},{"floor":9,"key":"PreservedInsect"},{"floor":9,"key":"Bottled Lightning"},{"floor":11,"key":"Singing Bowl"},{"floor":22,"key":"Anchor"},{"floor":22,"key":"Lantern"},{"floor":24,"key":"Blue Candle"},{"floor":26,"key":"Bag of Marbles"},{"floor":29,"key":"White Beast Statue"},{"floor":31,"key":"Pantograph"},{"floor":40,"key":"Orichalcum"},{"floor":42,"key":"Paper Frog"},{"floor":44,"key":"Pear"},{"floor":46,"key":"Bottled Flame"},{"floor":47,"key":"Champion Belt"},{"floor":54,"key":"Bronze Scales"}],"event_choices":[{"damage_healed":0,"gold_gain":0,"cards_transformed":["Enlightenment"],"player_choice":"Change","damage_taken":0,"max_hp_gain":0,"max_hp_loss":0,"event_name":"Living Wall","floor":5,"gold_loss":0,"cards_obtained":["Blind"]},{"damage_healed":0,"gold_gain":0,"player_choice":"Bought 2 Potions","damage_taken":0,"max_hp_gain":0,"max_hp_loss":0,"event_name":"The Woman in Blue","floor":7,"gold_loss":0},{"damage_healed":0,"gold_gain":0,"player_choice":"Take Damage","damage_taken":22,"relics_obtained":["Golden Idol"],"max_hp_gain":0,"max_hp_loss":0,"event_name":"Golden Idol","floor":13,"gold_loss":0},{"damage_healed":0,"gold_gain":0,"player_choice":"Simplicity","damage_taken":0,"max_hp_gain":0,"max_hp_loss":0,"event_name":"Back to Basics","floor":19,"gold_loss":0,"cards_upgraded":["Strike_R","Strike_R","Strike_R","Defend_R","Defend_R","Defend_R","Defend_R"]},{"cards_removed":["Spot Weakness"],"damage_healed":0,"gold_gain":0,"player_choice":"Removed Skill","damage_taken":0,"max_hp_gain":0,"max_hp_loss":0,"event_name":"Falling","floor":37,"gold_loss":0},{"damage_healed":0,"gold_gain":0,"player_choice":"Max HP","damage_taken":0,"max_hp_gain":0,"max_hp_loss":7,"event_name":"Winding Halls","floor":39,"gold_loss":0}],"is_beta":false,"boss_relics":[{"not_picked":["Velvet Choker","Ectoplasm"],"picked":"SacredBark"},{"not_picked":["Snecko Eye","Pandora\u0027s Box"],"picked":"Tiny House"}],"items_purged_floors":[2,4,27,36,48,53],"is_endless":false,"potions_floor_spawned":[1,8,10,12,18,24,29,30,31,33,35,38,40,41,42,44,47,54],"ascension_level":14}}