{"host":"8a72fthmlk1o8pdb","time":1612549531,"event":{"mods":["AchievementEnabler","Aspiration","Astrologer","Bard","BaseMod","Beaked The Cultist","Better Sensory Stone","Better Skull","Better Third Choice","ChefMod","Colored Map","Colored Powertips","Dark Map","Downfall","Friendly Minions","GifTheSpireLib","Googly Eyes","Gremlin Mod","Hermit","Hubris","JesterMod","Jorbs\u0027s Wanderer Trilogy","Marisa????????","Minty Spire (QoL Compilation)","Permanent Neow","Random Character Button","Rare Cards Sparkle","Relic Stats","Reliquary","Robot Space Explorer","Shade Mod","Shop Mod","Somnambulant","StSLib","The Alterego","The Animator","The Blue Laboratory","The Construct","The Cursed","The Disciple","The Hayseed","The Hierophant","The Jungle","The Marked","The Mystic","The Necromancer","The Poker Player","The Problem Sleuth","The Runesmith","thorton"],"gold_per_floor":[113,113,124,134,148,177,189,189,189,209,227,227,227,0,0,99,99,111,123,123,134,54,71,71,84,84,84,109,123,123,123],"floor_reached":30,"language":"ENG","playtime":2010,"items_purged":["Strike_G"],"score":256,"play_id":"54e2891f-f221-468e-b1fe-22fe285e7087","local_time":"20210205102531","is_ascension_mode":false,"campfire_choices":[{"data":"After Image","floor":8,"key":"SMITH"},{"floor":15,"key":"RECALL"},{"floor":27,"key":"REST"}],"circlet_count":0,"master_deck":["Strike_G","Strike_G","Strike_G","Defend_G","Defend_G","Defend_G","Defend_G","Defend_G","Survivor","Neutralize","Acrobatics","Dodge and Roll","Dash","Blade Dance","After Image+1","Quick Slash","PiercingWail","hubris:NaturalOne","A Thousand Cuts","Backflip","PiercingWail","Noxious Fumes","Dagger Spray","Dagger Spray+1","Dash","Backstab+1"],"relics":["Runesmith:UraniumAnvil","hubris:Towel","Nunchaku","hubris:Icosahedron","Vajra","aspiration:SecretTechniqueScroll","Blue Candle","Bottled Tornado","Nunchaku"],"acts_visited":["Exordium","theJungle:Jungle"],"potions_floor_usage":[11,25,25,28],"damage_taken":[{"damage":1,"enemies":"2 Louse","floor":1,"turns":3},{"damage":0,"enemies":"Jaw Worm","floor":3,"turns":3},{"damage":0,"enemies":"Small Slimes","floor":4,"turns":5},{"damage":0,"enemies":"Looter","floor":5,"turns":3},{"damage":16,"enemies":"3 Sentries","floor":6,"turns":13},{"damage":3,"enemies":"Exordium Wildlife","floor":7,"turns":5},{"damage":0,"enemies":"Exordium Thugs","floor":10,"turns":4},{"damage":0,"enemies":"Large Slime","floor":11,"turns":5},{"damage":7,"enemies":"The Guardian","floor":16,"turns":17},{"damage":0,"enemies":"theJungle:5_Spyders","floor":18,"turns":6},{"damage":17,"enemies":"theJungle:GiantWrat","floor":19,"turns":6},{"damage":1,"enemies":"theJungle:JungleHuntersEncounter","floor":21,"turns":6},{"damage":7,"enemies":"theJungle:Snecko_Cultist_And_Trap","floor":23,"turns":6},{"damage":30,"enemies":"theJungle:2_Snecko_Cultists","floor":25,"turns":4},{"damage":10,"enemies":"theJungle:2_Phrogs","floor":28,"turns":5},{"damage":22,"enemies":"theJungle:2_Flameangoes","floor":29,"turns":5},{"damage":4,"enemies":"theJungle:Lyon","floor":30,"turns":3}],"seed_played":"6705181740097307592","potions_obtained":[{"floor":5,"key":"blueLaboratory:BottleOfVodka"},{"floor":7,"key":"SpeedPotion"},{"floor":10,"key":"FearPotion"},{"floor":18,"key":"DuplicationPotion"},{"floor":21,"key":"Ancient Potion"},{"floor":25,"key":"DistilledChaos"}],"is_trial":false,"path_per_floor":["M","?","M","M","M","E","M","R","T","M","M","?","?","$","R","B",null,"M","M","?","M","$","M","?","M","T","R","E","M","M"],"character_chosen":"THE_SILENT","items_purchased":["Vajra","Noxious Fumes"],"campfire_rested":1,"item_purchase_floors":[14,22],"current_hp_per_floor":[69,69,69,69,69,53,50,50,50,50,50,50,50,50,50,43,70,70,53,48,47,47,40,43,13,13,34,24,2,0,0],"gold":123,"neow_bonus":"BOSS_RELIC","is_daily":false,"chose_seed":false,"campfire_upgraded":1,"win_rate":0.0,"timestamp":1612549531,"path_taken":["M","?","M","M","M","E","M","R","T","M","M","?","?","$","R","BOSS","M","M","?","M","?","?","?","M","T","R","E","M","M"],"items_purchased_type":["Relic","Card"],"build_version":"2020-12-22","purchased_purges":1,"victory":false,"max_hp_per_floor":[70,70,70,70,70,70,70,70,70,70,70,70,70,70,70,70,70,70,70,70,70,70,70,73,73,73,73,73,73,73,73],"relic_stats":{"Nunchaku":[20],"counters":[17,99],"Blue Candle":[6],"obtain_stats":[{"Nunchaku":6,"hubris:Icosahedron":12,"Blue Candle":20,"Runesmith:UraniumAnvil":0,"Vajra":14,"reliquary:SculptingSteel":28,"aspiration:SecretTechniqueScroll":17,"hubris:Towel":2,"Bottled Tornado":26,"Ring of the Snake":0},{"Nunchaku":5,"hubris:Icosahedron":8,"Blue Candle":11,"Runesmith:UraniumAnvil":0,"Vajra":8,"reliquary:SculptingSteel":15,"aspiration:SecretTechniqueScroll":9,"hubris:Towel":1,"Bottled Tornado":14,"Ring of the Snake":0},{"Nunchaku":27,"hubris:Icosahedron":41,"Blue Candle":70,"Runesmith:UraniumAnvil":0,"Vajra":41,"reliquary:SculptingSteel":91,"aspiration:SecretTechniqueScroll":58,"hubris:Towel":3,"Bottled Tornado":86,"Ring of the Snake":0}]},"card_choices":[{"not_picked":["hubris:SlightOfHand","Sucker Punch"],"picked":"Acrobatics","floor":1},{"not_picked":["Predator","Riddle With Holes"],"picked":"Dodge and Roll","floor":3},{"not_picked":["Heel Hook","Flechettes"],"picked":"Dash","floor":4},{"not_picked":["Deadly Poison","Night Terror","Calculated Gamble"],"picked":"SKIP","floor":5},{"not_picked":["hubris:SlightOfHand","Distraction"],"picked":"Blade Dance","floor":6},{"not_picked":["Bane","Slice"],"picked":"After Image","floor":7},{"not_picked":["Outmaneuver","Flying Knee"],"picked":"Quick Slash","floor":10},{"not_picked":["Deadly Poison","Escape Plan"],"picked":"PiercingWail","floor":11},{"not_picked":["Venomology","Die Die Die"],"picked":"A Thousand Cuts","floor":16},{"not_picked":["PiercingWail","hubris:TrickCloak+1"],"picked":"Backflip","floor":18},{"not_picked":["Quick Slash","Distraction","hubris:SlightOfHand"],"picked":"SKIP","floor":19},{"not_picked":["Heel Hook","Tactician+1"],"picked":"PiercingWail","floor":21},{"not_picked":["Tactician","Wraith Form v2"],"picked":"Dagger Spray","floor":23},{"not_picked":["Flechettes","All Out Attack"],"picked":"Dagger Spray+1","floor":25},{"not_picked":["Blade Dance","Venomology"],"picked":"Dash","floor":28},{"not_picked":["Backflip","Prepared"],"picked":"Backstab+1","floor":29}],"player_experience":170508,"relics_obtained":[{"floor":6,"key":"Nunchaku"},{"floor":26,"key":"Bottled Tornado"},{"floor":28,"key":"reliquary:SculptingSteel"}],"event_choices":[{"cards_removed":["Strike_G"],"damage_healed":0,"gold_gain":0,"player_choice":"Forget","damage_taken":0,"max_hp_gain":0,"max_hp_loss":0,"event_name":"Living Wall","floor":13,"gold_loss":0}],"is_beta":false,"boss_relics":[{"not_picked":["reliquary:RedCape","aspiration:BeakedSkillbook"],"picked":"aspiration:SecretTechniqueScroll"}],"items_purged_floors":[14],"is_endless":false,"potions_floor_spawned":[5,7,10,18,21,23,25],"killed_by":"theJungle:Lyon","ascension_level":0}}