{"host":"rolltorest","time":1612503299,"event":{"mods":["BaseMod","Minty Spire (QoL Compilation)","Relic Stats","Slay the Relics Exporter","StSLib"],"gold_per_floor":[109,109,124,142,67,67,97,97,150,175,187,214,254,278,290,376,388,418,430,442,454,479,491,530,558,570,582,629,641,493,521,521,599,599,617,670,685,685,575,575,603,622,649,660,689,421,156,187,187,187,187,187,187,21,51,51],"floor_reached":57,"language":"ENG","playtime":3249,"items_purged":["Strike_P","ConjureBlade"],"score":3403,"play_id":"72608c69-5b5f-49c3-8fdc-06ee67743b28","local_time":"20210204213459","is_ascension_mode":true,"campfire_choices":[{"data":"SandsOfTime","floor":6,"key":"SMITH"},{"data":"EmptyFist","floor":8,"key":"SMITH"},{"data":"Vigilance","floor":11,"key":"SMITH"},{"data":"WheelKick","floor":15,"key":"SMITH"},{"data":"Meditate","floor":23,"key":"SMITH"},{"data":"TalkToTheHand","floor":27,"key":"SMITH"},{"data":"Ghostly","floor":32,"key":"SMITH"},{"floor":40,"key":"REST"},{"floor":49,"key":"RECALL"},{"data":"Fasting2","floor":53,"key":"SMITH"}],"circlet_count":0,"master_deck":["AscendersBane","Eruption","Vigilance+1","ThirdEye","SandsOfTime+1","EmptyFist+1","FearNoEvil","InnerPeace","WheelKick+1","Tantrum","DevaForm","Wallop","FearNoEvil","Meditate+1","MentalFortress","Fasting2","Ghostly+1","Ghostly","Ghostly","Meditate+1","DeusExMachina","TalkToTheHand+1","Adaptation","Fasting2+1","Scrawl","SpiritShield+1","FlurryOfBlows+1","Wallop","WaveOfTheHand","CutThroughFate","Ragnarok"],"relics":["Snecko Eye","Dream Catcher","Damaru","Juzu Bracelet","MawBank","Letter Opener","Pandora\u0027s Box","Bottled Tornado","Omamori","TeardropLocket","Peace Pipe","CloakClasp","Runic Pyramid","Torii","Shuriken","Vajra","Ornamental Fan","Frozen Eye","Mummified Hand","InkBottle","Sling","Mango"],"acts_visited":["Exordium","TheCity","TheBeyond","TheEnding"],"potions_floor_usage":[28,31,55,56],"damage_taken":[{"damage":2,"enemies":"Small Slimes","floor":1,"turns":2},{"damage":0,"enemies":"Cultist","floor":3,"turns":2},{"damage":0,"enemies":"2 Louse","floor":4,"turns":2},{"damage":16,"enemies":"Gremlin Nob","floor":7,"turns":3},{"damage":10,"enemies":"Lagavulin","floor":10,"turns":4},{"damage":3,"enemies":"Blue Slaver","floor":12,"turns":2},{"damage":0,"enemies":"Gremlin Nob","floor":13,"turns":2},{"damage":0,"enemies":"Large Slime","floor":14,"turns":2},{"damage":8,"enemies":"The Guardian","floor":16,"turns":10},{"damage":21,"enemies":"Shell Parasite","floor":18,"turns":4},{"damage":0,"enemies":"Spheric Guardian","floor":22,"turns":2},{"damage":4,"enemies":"Gremlin Leader","floor":24,"turns":3},{"damage":0,"enemies":"Snecko","floor":25,"turns":3},{"damage":0,"enemies":"Slavers","floor":28,"turns":4},{"damage":7,"enemies":"Gremlin Leader","floor":31,"turns":4},{"damage":0,"enemies":"Automaton","floor":33,"turns":4},{"damage":0,"enemies":"Orb Walker","floor":35,"turns":2},{"damage":17,"enemies":"2 Orb Walkers","floor":36,"turns":5},{"damage":0,"enemies":"3 Darklings","floor":37,"turns":3},{"damage":0,"enemies":"Nemesis","floor":41,"turns":5},{"damage":0,"enemies":"Spire Growth","floor":42,"turns":5},{"damage":6,"enemies":"4 Shapes","floor":44,"turns":6},{"damage":0,"enemies":"Reptomancer","floor":45,"turns":5},{"damage":0,"enemies":"Giant Head","floor":48,"turns":6},{"damage":0,"enemies":"Awakened One","floor":50,"turns":7},{"damage":0,"enemies":"Time Eater","floor":51,"turns":5},{"damage":11,"enemies":"Shield and Spear","floor":55,"turns":5},{"damage":4,"enemies":"The Heart","floor":56,"turns":7}],"seed_played":"6110759415287258795","potions_obtained":[{"floor":1,"key":"Energy Potion"},{"floor":4,"key":"BottledMiracle"},{"floor":12,"key":"SkillPotion"},{"floor":16,"key":"Swift Potion"},{"floor":24,"key":"LiquidMemories"},{"floor":31,"key":"EssenceOfSteel"},{"floor":36,"key":"Strength Potion"},{"floor":41,"key":"LiquidMemories"}],"is_trial":false,"path_per_floor":["M","?","M","M","$","R","E","R","T","E","R","M","E","M","R","B",null,"M","?","?","T","M","R","E","M","T","R","E","?","$","E","R","B",null,"M","?","M","?","?","R","E","M","T","M","E","$","$","E","R","B","B",null,"R","$","E","B",null],"character_chosen":"WATCHER","items_purchased":["Fasting2","LiquidMemories","Frozen Eye","Mummified Hand","Sling"],"campfire_rested":1,"item_purchase_floors":[30,30,46,47,54],"current_hp_per_floor":[59,59,59,59,59,59,43,43,43,33,33,30,30,30,30,22,57,36,34,34,34,34,34,30,30,30,30,30,30,30,23,23,23,31,31,14,14,14,14,24,24,24,24,18,18,18,18,18,18,18,18,30,30,30,33,29],"gold":51,"neow_bonus":"BOSS_RELIC","is_daily":false,"chose_seed":false,"campfire_upgraded":8,"win_rate":0.0,"timestamp":1612503299,"path_taken":["M","?","?","M","$","R","E","R","T","E","R","M","E","M","R","BOSS","M","?","?","?","M","R","E","M","T","R","E","?","$","E","R","BOSS","M","?","M","?","?","R","E","M","T","M","E","?","$","E","R","BOSS","BOSS","R","$","E","BOSS"],"items_purchased_type":["Card","Potion","Relic","Relic","Relic"],"build_version":"2020-12-18","purchased_purges":2,"victory":true,"max_hp_per_floor":[68,68,68,68,68,68,68,68,68,68,68,68,68,68,68,68,68,68,34,34,34,34,34,34,34,34,34,34,34,34,34,34,34,34,34,34,34,34,34,34,34,34,34,34,34,34,34,34,34,34,34,34,34,34,48,48],"relic_stats":{"Torii":0,"counters":[28,114],"Juzu Bracelet":1,"CloakClasp":[334],"Letter Opener":[154],"MawBank":240,"Peace Pipe":0,"Dream Catcher":1,"Shuriken":[28],"Ornamental Fan":[92],"Mummified Hand":[50],"Snecko Eye":[172,194,172,177],"Pandora\u0027s Box":["Wallop","FearNoEvil","JustLucky","Meditate","WindmillStrike","MentalFortress","PathToVictory"],"obtain_stats":[{"Torii":36,"Damaru":7,"Vajra":43,"Mango":55,"Juzu Bracelet":9,"Omamori":24,"CloakClasp":31,"Letter Opener":13,"TeardropLocket":28,"Bottled Tornado":21,"MawBank":10,"Sling":54,"Peace Pipe":29,"Frozen Eye":46,"Dream Catcher":2,"Shuriken":41,"Ornamental Fan":45,"Mummified Hand":47,"Snecko Eye":0,"Pandora\u0027s Box":17,"PureWater":0,"InkBottle":48,"Runic Pyramid":34},{"Torii":18,"Damaru":4,"Vajra":21,"Mango":27,"Juzu Bracelet":4,"Omamori":12,"CloakClasp":15,"Letter Opener":7,"TeardropLocket":14,"Bottled Tornado":10,"MawBank":5,"Sling":26,"Peace Pipe":14,"Frozen Eye":23,"Dream Catcher":1,"Shuriken":20,"Ornamental Fan":23,"Mummified Hand":23,"Snecko Eye":0,"Pandora\u0027s Box":9,"PureWater":0,"InkBottle":24,"Runic Pyramid":16},{"Torii":60,"Damaru":9,"Vajra":73,"Mango":107,"Juzu Bracelet":9,"Omamori":38,"CloakClasp":49,"Letter Opener":17,"TeardropLocket":45,"Bottled Tornado":33,"MawBank":13,"Sling":102,"Peace Pipe":45,"Frozen Eye":84,"Dream Catcher":2,"Shuriken":68,"Ornamental Fan":84,"Mummified Hand":84,"Snecko Eye":0,"Pandora\u0027s Box":29,"PureWater":0,"InkBottle":90,"Runic Pyramid":53}],"InkBottle":[12]},"card_choices":[{"not_picked":["Study","Halt"],"picked":"ThirdEye","floor":1},{"not_picked":["ClearTheMind","Evaluate"],"picked":"SandsOfTime","floor":3},{"not_picked":["CrushJoints","Evaluate"],"picked":"EmptyFist","floor":4},{"not_picked":["Vengeance","Crescendo"],"picked":"FearNoEvil","floor":7},{"not_picked":["Halt","Alpha"],"picked":"InnerPeace","floor":10},{"not_picked":["FollowUp","FlurryOfBlows"],"picked":"WheelKick","floor":12},{"not_picked":["SashWhip","SignatureMove","Indignation"],"picked":"SKIP","floor":13},{"not_picked":["FollowUp","EmptyBody"],"picked":"Tantrum","floor":14},{"not_picked":["Brilliance","SpiritShield"],"picked":"DevaForm","floor":16},{"not_picked":["FollowUp","FlyingSleeves+1"],"picked":"Fasting2","floor":18},{"not_picked":["ClearTheMind","CrushJoints"],"picked":"Meditate+1","floor":22},{"not_picked":["Pray","Collect"],"picked":"DeusExMachina","floor":24},{"not_picked":["EmptyBody+1","ThirdEye+1"],"picked":"TalkToTheHand","floor":25},{"not_picked":["Prostrate+1","Conclude"],"picked":"Adaptation","floor":28},{"not_picked":["Consecrate","Worship"],"picked":"Scrawl","floor":31},{"not_picked":["DeusExMachina","Alpha"],"picked":"SpiritShield","floor":33},{"not_picked":["Fasting2+1","SashWhip"],"picked":"FlurryOfBlows+1","floor":35},{"not_picked":["EmptyBody+1","FlurryOfBlows+1"],"picked":"Wallop","floor":37},{"not_picked":["WindmillStrike","Wallop"],"picked":"WaveOfTheHand","floor":40},{"not_picked":["Fasting2","ThirdEye","Pray+1"],"picked":"SKIP","floor":41},{"not_picked":["Sanctity","Protect"],"picked":"CutThroughFate","floor":42},{"not_picked":["EmptyFist","CutThroughFate"],"picked":"Ragnarok","floor":44},{"not_picked":["LikeWater","BattleHymn","SashWhip"],"picked":"SKIP","floor":45},{"not_picked":["PathToVictory","Perseverance+1","ForeignInfluence+1"],"picked":"SKIP","floor":48},{"not_picked":["Evaluate+1","PathToVictory+1","ClearTheMind"],"picked":"SKIP","floor":55}],"player_experience":1852123,"relics_obtained":[{"floor":7,"key":"Damaru"},{"floor":9,"key":"Juzu Bracelet"},{"floor":10,"key":"MawBank"},{"floor":13,"key":"Letter Opener"},{"floor":21,"key":"Bottled Tornado"},{"floor":24,"key":"Omamori"},{"floor":28,"key":"TeardropLocket"},{"floor":31,"key":"CloakClasp"},{"floor":36,"key":"Torii"},{"floor":41,"key":"Shuriken"},{"floor":43,"key":"Vajra"},{"floor":45,"key":"Ornamental Fan"},{"floor":48,"key":"InkBottle"},{"floor":55,"key":"Mango"}],"event_choices":[{"damage_healed":0,"gold_gain":0,"player_choice":"Gave Potion","damage_taken":0,"relics_obtained":["Dream Catcher"],"max_hp_gain":0,"max_hp_loss":0,"event_name":"WeMeetAgain","floor":2,"gold_loss":0},{"damage_healed":0,"gold_gain":0,"player_choice":"Became a Ghost","damage_taken":0,"max_hp_gain":0,"max_hp_loss":34,"event_name":"Ghosts","floor":19,"gold_loss":0,"cards_obtained":["Ghostly","Ghostly","Ghostly"]},{"cards_removed":["PathToVictory"],"damage_healed":0,"gold_gain":0,"player_choice":"Elegance","damage_taken":0,"max_hp_gain":0,"max_hp_loss":0,"event_name":"Back to Basics","floor":20,"gold_loss":0},{"damage_healed":0,"gold_gain":0,"player_choice":"Stole Relic","damage_taken":0,"relics_obtained":["Peace Pipe"],"max_hp_gain":0,"max_hp_loss":0,"event_name":"Addict","floor":29,"gold_loss":0,"cards_obtained":["Shame"]},{"damage_healed":0,"gold_gain":0,"player_choice":"Fight","damage_taken":0,"max_hp_gain":0,"max_hp_loss":0,"event_name":"Mysterious Sphere","floor":36,"gold_loss":0},{"damage_healed":0,"gold_gain":0,"cards_transformed":["JustLucky"],"player_choice":"Transformed","damage_taken":0,"max_hp_gain":0,"max_hp_loss":0,"event_name":"Transmorgrifier","floor":38,"gold_loss":0,"cards_obtained":["ConjureBlade"]},{"cards_removed":["WindmillStrike"],"damage_healed":0,"gold_gain":0,"player_choice":"Upgrade and Remove","damage_taken":0,"max_hp_gain":0,"max_hp_loss":0,"event_name":"Designer","floor":39,"gold_loss":110,"cards_upgraded":["SpiritShield"]}],"is_beta":true,"boss_relics":[{"not_picked":["Philosopher\u0027s Stone","SlaversCollar"],"picked":"Pandora\u0027s Box"},{"not_picked":["Velvet Choker","Busted Crown"],"picked":"Runic Pyramid"}],"items_purged_floors":[5,46],"is_endless":false,"potions_floor_spawned":[1,4,12,13,16,18,24,25,31,33,35,36,41,45],"ascension_level":20}}