{"host":"wuernuywc9gl215o","time":1612533512,"event":{"mods":["AchievementEnabler","BaseMod","Block Reminder","Highlight Path","Key Reminder","Minty Spire (QoL Compilation)","Permanent Neow","Potion Indicator Mod","Quick Restart","Relic Stats"],"gold_per_floor":[110,130,146,69,82,113,113,113,113,113,128,146,162,189,189,266,266,280,16,29,45,55,81,81,114,114,114,64,82,82,97,97,97,97],"floor_reached":33,"language":"ENG","playtime":2759,"items_purged":["Strike_R"],"score":652,"play_id":"e10336c5-b99c-4fee-86ed-aa33b7d7f7f2","local_time":"20210205135832","is_ascension_mode":true,"campfire_choices":[{"data":"Second Wind","floor":7.0,"key":"SMITH"},{"data":"Bash","floor":10.0,"key":"SMITH"},{"data":"Disarm","floor":15.0,"key":"SMITH"},{"floor":24.0,"key":"REST"},{"floor":27.0,"key":"REST"},{"data":"Whirlwind","floor":30.0,"key":"SMITH"},{"data":"Spot Weakness","floor":32.0,"key":"SMITH"}],"circlet_count":0,"master_deck":["AscendersBane","Defend_R","Defend_R","Defend_R","Defend_R","Bash+1","Sword Boomerang+1","Sentinel+1","Pommel Strike+1","Shrug It Off+1","Second Wind+1","Shrug It Off+1","Spot Weakness+1","Battle Trance","Disarm+1","Iron Wave","Twin Strike","Feed","Reaper","Headbutt+1","Flame Barrier","Shrug It Off","Rage","Shrug It Off+1","Double Tap","Brutality","Battle Trance","Whirlwind+1"],"relics":["Astrolabe","Question Card","Sundial","Paper Frog","Sozu","Membership Card","Lantern","Pen Nib","Bottled Lightning"],"acts_visited":["Exordium","TheCity"],"potions_floor_usage":[],"damage_taken":[{"damage":0.0,"enemies":"Cultist","floor":1.0,"turns":3.0},{"damage":2.0,"enemies":"Small Slimes","floor":2.0,"turns":3.0},{"damage":3.0,"enemies":"2 Louse","floor":3.0,"turns":2.0},{"damage":0.0,"enemies":"Large Slime","floor":5.0,"turns":4.0},{"damage":19.0,"enemies":"Lagavulin","floor":6.0,"turns":7.0},{"damage":3.0,"enemies":"3 Louse","floor":11.0,"turns":4.0},{"damage":0.0,"enemies":"Blue Slaver","floor":12.0,"turns":3.0},{"damage":0.0,"enemies":"Red Slaver","floor":13.0,"turns":5.0},{"damage":18.0,"enemies":"Gremlin Nob","floor":14.0,"turns":4.0},{"damage":13.0,"enemies":"Hexaghost","floor":16.0,"turns":11.0},{"damage":16.0,"enemies":"Shell Parasite","floor":18.0,"turns":6.0},{"damage":13.0,"enemies":"Spheric Guardian","floor":20.0,"turns":4.0},{"damage":24.0,"enemies":"Snecko","floor":21.0,"turns":8.0},{"damage":12.0,"enemies":"Sentry and Sphere","floor":22.0,"turns":8.0},{"damage":12.0,"enemies":"Book of Stabbing","floor":23.0,"turns":9.0},{"damage":29.0,"enemies":"Slavers","floor":25.0,"turns":8.0},{"damage":7.0,"enemies":"Snake Plant","floor":29.0,"turns":8.0},{"damage":18.0,"enemies":"Snecko","floor":31.0,"turns":7.0},{"damage":58,"enemies":"Automaton","floor":33,"turns":6}],"seed_played":"-5236434207896713561","potions_obtained":[{"floor":2.0,"key":"Strength Potion"},{"floor":3.0,"key":"Block Potion"},{"floor":14.0,"key":"ElixirPotion"}],"is_trial":false,"path_per_floor":["M","M","M","$","M","E","R","?","T","R","M","M","M","E","R","B",null,"M","$","M","M","M","E","R","E","T","R","?","M","R","M","R","B"],"character_chosen":"IRONCLAD","items_purchased":["Spot Weakness","Membership Card","Flame Barrier","Shrug It Off"],"campfire_rested":2,"item_purchase_floors":[4,19,19,19],"current_hp_per_floor":[68,66,63,63,63,44,44,44,44,44,41,41,41,23,23,10,59,58,58,48,36,27,15,41,26,26,53,53,54,54,53,53,0,0],"gold":97,"neow_bonus":"BOSS_RELIC","is_daily":false,"chose_seed":false,"campfire_upgraded":5,"win_rate":0.0,"timestamp":1612533512,"path_taken":["M","M","M","?","?","E","R","?","T","R","M","M","M","E","R","BOSS","M","$","M","M","M","E","R","E","T","R","?","?","R","M","R","BOSS"],"items_purchased_type":["Card","Relic","Card","Card"],"build_version":"2020-12-22","purchased_purges":1,"victory":false,"max_hp_per_floor":[75,75,75,75,75,75,75,75,75,75,75,75,75,75,75,75,75,78,78,81,84,87,87,87,90,90,90,90,93,93,96,96,96,96],"relic_stats":{"Sozu":4,"counters":[19,110],"Sundial":[14],"Astrolabe":["Sword Boomerang","Sentinel","Pommel Strike"],"Pen Nib":[2],"Question Card":13,"obtain_stats":[{"Sozu":17,"Lantern":23,"Sundial":9,"Astrolabe":0,"Pen Nib":25,"Membership Card":19,"Bottled Lightning":26,"Question Card":6,"Burning Blood":0,"Paper Frog":14},{"Sozu":10,"Lantern":15,"Sundial":5,"Astrolabe":0,"Pen Nib":16,"Membership Card":11,"Bottled Lightning":16,"Question Card":5,"Burning Blood":0,"Paper Frog":9},{"Sozu":46,"Lantern":81,"Sundial":19,"Astrolabe":0,"Pen Nib":89,"Membership Card":52,"Bottled Lightning":89,"Question Card":19,"Burning Blood":0,"Paper Frog":35}]},"card_choices":[{"not_picked":["Pummel","Sword Boomerang"],"picked":"Shrug It Off","floor":1.0},{"not_picked":["Ghostly Armor","Seeing Red"],"picked":"Second Wind","floor":2.0},{"not_picked":["Sever Soul","Wild Strike"],"picked":"Shrug It Off","floor":3.0},{"not_picked":["Thunderclap","Clash","Dual Wield"],"picked":"SKIP","floor":5.0},{"not_picked":["Pommel Strike","Armaments"],"picked":"Battle Trance","floor":6.0},{"not_picked":["Warcry","Body Slam","Blood for Blood"],"picked":"Disarm","floor":11.0},{"not_picked":["Power Through","Flex","Bloodletting"],"picked":"Iron Wave","floor":12.0},{"not_picked":["Metallicize","Heavy Blade","Power Through"],"picked":"Twin Strike","floor":13.0},{"not_picked":["Spot Weakness","Perfected Strike","Flex"],"picked":"Feed","floor":14.0},{"not_picked":["Impervious","Brutality","Bludgeon"],"picked":"Reaper","floor":16.0},{"not_picked":["Havoc","Anger","Heavy Blade"],"picked":"Headbutt+1","floor":18.0},{"not_picked":["Spot Weakness","Shrug It Off","Searing Blow+1"],"picked":"Rage","floor":20.0},{"not_picked":["Blood for Blood","Sentinel","Wild Strike+1"],"picked":"Shrug It Off+1","floor":21.0},{"not_picked":["Warcry","Clash","Flex"],"picked":"Double Tap","floor":22.0},{"not_picked":["Thunderclap","Clothesline+1","Havoc"],"picked":"Brutality","floor":23.0},{"not_picked":["Headbutt","Shrug It Off","Infernal Blade"],"picked":"Battle Trance","floor":25.0},{"not_picked":["Clothesline","Headbutt","Infernal Blade"],"picked":"Whirlwind","floor":29.0},{"not_picked":["Fire Breathing","Heavy Blade","Iron Wave","Wild Strike"],"picked":"SKIP","floor":31.0}],"player_experience":826454,"relics_obtained":[{"floor":6.0,"key":"Question Card"},{"floor":9.0,"key":"Sundial"},{"floor":14.0,"key":"Paper Frog"},{"floor":23.0,"key":"Lantern"},{"floor":25.0,"key":"Pen Nib"},{"floor":26.0,"key":"Bottled Lightning"}],"event_choices":[{"cards_removed":["Strike_R"],"damage_healed":0.0,"max_hp_gain":0.0,"max_hp_loss":0.0,"gold_gain":0.0,"event_name":"Bonfire Elementals","player_choice":"Offered Basic","floor":8.0,"gold_loss":0.0,"damage_taken":0.0},{"damage_healed":0.0,"max_hp_gain":0.0,"max_hp_loss":0.0,"gold_gain":0.0,"event_name":"Designer","player_choice":"Upgraded Two","floor":28.0,"gold_loss":50.0,"damage_taken":0.0,"cards_upgraded":["Shrug It Off","Shrug It Off"]}],"is_beta":false,"boss_relics":[{"not_picked":["Fusion Hammer","Empty Cage"],"picked":"Sozu"}],"items_purged_floors":[19],"is_endless":false,"potions_floor_spawned":[2,3,5,14,20,21,22,29],"killed_by":"Automaton","ascension_level":20}}