{"host":"nnmmiiw4bez2c8ei","time":1612529139,"event":{"mods":["AchievementEnabler","BaseMod","Colored Map","Colored Powertips","Minty Spire (QoL Compilation)","Rare Cards Sparkle","StSLib"],"gold_per_floor":[366,23,42,62,137,137,180,180,180,33,60,84,84,25,25,137,137,157,706,724,639,127,127,154,154,154,167,33,33,78,88,88,197,197,221,221,250,309,333,333,333,28,109,109,109],"floor_reached":44,"language":"KOR","playtime":1725,"items_purged":["Strike_R","Strike_R"],"score":578,"play_id":"4242ff02-1ba6-4dad-9ec7-49300a886e63","local_time":"20210205214539","is_ascension_mode":true,"campfire_choices":[{"data":"Body Slam","floor":6.0,"key":"SMITH"},{"floor":13.0,"key":"REST"},{"data":"Armaments","floor":15.0,"key":"SMITH"},{"floor":23.0,"key":"REST"},{"floor":25.0,"key":"REST"},{"floor":29.0,"key":"REST"},{"data":"Demon Form","floor":32.0,"key":"SMITH"},{"data":"Barricade","floor":41.0,"key":"SMITH"}],"circlet_count":0,"master_deck":["Strike_R+1","Defend_R","Defend_R","Defend_R","Defend_R","Bash","Sword Boomerang","Impervious","Body Slam+1","Shrug It Off","Cleave","Rampage+1","Spot Weakness","Fire Breathing","Double Tap","Deep Breath","Demon Form+1","Havoc+1","Reaper+1","Feel No Pain","Ghostly","Ghostly","Ghostly","Ghostly","Ghostly","Barricade+1","Feel No Pain","Armaments+1","Thunderclap+1","Wild Strike+1"],"relics":["Burning Blood","CeramicFish","Calipers","Champion Belt","Oddly Smooth Stone","Empty Cage","Molten Egg 2","Peace Pipe","InkBottle","Runic Pyramid","Turnip","Membership Card","Prayer Wheel","Question Card"],"acts_visited":["Exordium","TheCity","TheBeyond"],"potions_floor_usage":[],"damage_taken":[{"damage":2.0,"enemies":"Small Slimes","floor":1.0,"turns":5.0},{"damage":6.0,"enemies":"2 Louse","floor":3.0,"turns":3.0},{"damage":6.0,"enemies":"Cultist","floor":4.0,"turns":3.0},{"damage":10.0,"enemies":"3 Sentries","floor":7.0,"turns":5.0},{"damage":0.0,"enemies":"2 Fungi Beasts","floor":11.0,"turns":3.0},{"damage":7.0,"enemies":"Blue Slaver","floor":12.0,"turns":3.0},{"damage":38.0,"enemies":"The Guardian","floor":16.0,"turns":11.0},{"damage":5.0,"enemies":"Spheric Guardian","floor":18.0,"turns":4.0},{"damage":0.0,"enemies":"3 Byrds","floor":20.0,"turns":6.0},{"damage":26.0,"enemies":"Shelled Parasite and Fungi","floor":24.0,"turns":5.0},{"damage":25.0,"enemies":"Cultist and Chosen","floor":27.0,"turns":6.0},{"damage":0.0,"enemies":"Snecko","floor":31.0,"turns":5.0},{"damage":48.0,"enemies":"Collector","floor":33.0,"turns":9.0},{"damage":13.0,"enemies":"Orb Walker","floor":35.0,"turns":9.0},{"damage":0.0,"enemies":"3 Shapes","floor":37.0,"turns":9.0},{"damage":0.0,"enemies":"Mind Bloom Boss Battle","floor":38.0,"turns":7.0},{"damage":2.0,"enemies":"Jaw Worm Horde","floor":39.0,"turns":8.0},{"damage":35,"enemies":"Giant Head","floor":44,"turns":8}],"seed_played":"-4626868880194347106","potions_obtained":[{"floor":3.0,"key":"LiquidMemories"},{"floor":11.0,"key":"ColorlessPotion"},{"floor":20.0,"key":"Energy Potion"},{"floor":33.0,"key":"ElixirPotion"},{"floor":35.0,"key":"ElixirPotion"}],"is_trial":false,"path_per_floor":["M","$","M","M","?","R","E","?","T","$","M","M","R","$","R","B",null,"M","?","M","?","$","R","M","R","T","M","$","R","?","M","R","B",null,"M","?","M","?","M","?","R","$","T","E"],"character_chosen":"IRONCLAD","items_purchased":["CeramicFish","Impervious","Body Slam","Oddly Smooth Stone","Fire Breathing","Demon Form","Peace Pipe","Explosive Potion","Reaper+1","Feel No Pain","Membership Card","Prayer Wheel"],"campfire_rested":4,"item_purchase_floors":[2,2,2,10,14,22,22,22,28,28,42,42],"current_hp_per_floor":[55,55,55,55,44,44,40,24,24,24,30,29,53,53,53,21,65,66,3,9,9,9,33,13,37,37,18,18,42,40,40,40,23,36,34,34,40,40,40,38,38,38,38,3,3],"gold":109,"neow_bonus":"TWO_FIFTY_GOLD","is_daily":false,"chose_seed":false,"campfire_upgraded":4,"win_rate":0.0,"timestamp":1612529139,"path_taken":["M","$","M","M","?","R","E","?","T","$","M","M","R","$","R","BOSS","M","?","?","?","$","R","M","R","T","M","$","R","?","M","R","BOSS","M","?","M","?","M","?","R","$","T","E"],"items_purchased_type":["Relic","Card","Card","Relic","Card","Card","Relic","Potion","Card","Card","Relic","Relic"],"build_version":"2020-12-22","purchased_purges":2,"victory":false,"max_hp_per_floor":[80,80,80,80,80,80,80,80,80,80,80,80,80,80,80,80,80,80,80,80,80,80,80,80,80,80,80,80,80,40,40,40,40,40,40,40,40,40,40,38,38,38,38,38,38],"card_choices":[{"not_picked":["Flex","Headbutt"],"picked":"Sword Boomerang","floor":1.0},{"not_picked":["Body Slam","Uppercut"],"picked":"Shrug It Off","floor":3.0},{"not_picked":["Warcry","Flex"],"picked":"Cleave","floor":4.0},{"not_picked":["Anger","Exhume"],"picked":"Rampage","floor":7.0},{"not_picked":["Havoc","Heavy Blade"],"picked":"Spot Weakness","floor":11.0},{"not_picked":["Intimidate","Battle Trance"],"picked":"Armaments","floor":12.0},{"not_picked":["Fiend Fire","Juggernaut"],"picked":"Double Tap","floor":16.0},{"not_picked":["Iron Wave","Shrug It Off","Infernal Blade"],"picked":"SKIP","floor":18.0},{"not_picked":["Wild Strike","Blood for Blood","Sword Boomerang+1"],"picked":"SKIP","floor":20.0},{"not_picked":["Searing Blow+1","True Grit"],"picked":"Havoc+1","floor":24.0},{"not_picked":["Perfected Strike+1","Iron Wave+1","Dual Wield"],"picked":"SKIP","floor":27.0},{"not_picked":["Iron Wave+1","Carnage+1","Infernal Blade+1"],"picked":"SKIP","floor":31.0},{"not_picked":["Fiend Fire+1","Brutality"],"picked":"Barricade","floor":33.0},{"not_picked":["Twin Strike+1","Sword Boomerang+1"],"picked":"Feel No Pain","floor":35.0},{"not_picked":["Twin Strike+1","Sword Boomerang+1"],"picked":"Armaments+1","floor":37.0},{"not_picked":["Clothesline+1","Sword Boomerang+1"],"picked":"Thunderclap+1","floor":38.0},{"not_picked":["Sword Boomerang+1","Havoc+1"],"picked":"Wild Strike+1","floor":39.0}],"player_experience":512217,"relics_obtained":[{"floor":7.0,"key":"Calipers"},{"floor":9.0,"key":"Champion Belt"},{"floor":26.0,"key":"InkBottle"},{"floor":38.0,"key":"Turnip"},{"floor":43.0,"key":"Question Card"}],"event_choices":[{"damage_healed":0.0,"max_hp_gain":0.0,"max_hp_loss":0.0,"gold_gain":75.0,"event_name":"World of Goop","player_choice":"Gather Gold","floor":5.0,"gold_loss":0.0,"damage_taken":11.0},{"damage_healed":0.0,"max_hp_gain":0.0,"max_hp_loss":0.0,"gold_gain":0.0,"event_name":"Shining Light","player_choice":"Entered Light","floor":8.0,"gold_loss":0.0,"damage_taken":16.0,"cards_upgraded":["Strike_R","Rampage"]},{"damage_healed":0.0,"max_hp_gain":0.0,"max_hp_loss":0.0,"gold_gain":540.0,"event_name":"Knowing Skull","player_choice":"GOLD GOLD GOLD GOLD GOLD GOLD CARD ","floor":19.0,"potions_obtained":[],"gold_loss":0.0,"damage_taken":63.0,"cards_obtained":["Deep Breath"]},{"damage_healed":0.0,"max_hp_gain":0.0,"max_hp_loss":0.0,"gold_gain":0.0,"event_name":"Addict","player_choice":"Obtained Relic","floor":21.0,"gold_loss":85.0,"damage_taken":0.0,"relics_obtained":["Molten Egg 2"]},{"damage_healed":0.0,"max_hp_gain":0.0,"max_hp_loss":40.0,"gold_gain":0.0,"event_name":"Ghosts","player_choice":"Became a Ghost","floor":30.0,"gold_loss":0.0,"damage_taken":0.0,"cards_obtained":["Ghostly","Ghostly","Ghostly","Ghostly","Ghostly"]},{"cards_removed":["Armaments"],"damage_healed":0.0,"max_hp_gain":0.0,"max_hp_loss":0.0,"gold_gain":0.0,"event_name":"Falling","player_choice":"Removed Skill","floor":36.0,"gold_loss":0.0,"damage_taken":0.0},{"damage_healed":0.0,"max_hp_gain":0.0,"max_hp_loss":0.0,"gold_gain":0.0,"event_name":"MindBloom","player_choice":"Fight","floor":38.0,"gold_loss":0.0,"damage_taken":0.0},{"damage_healed":0.0,"max_hp_gain":0.0,"max_hp_loss":2.0,"gold_gain":0.0,"event_name":"Winding Halls","player_choice":"Max HP","floor":40.0,"gold_loss":0.0,"damage_taken":0.0}],"is_beta":false,"boss_relics":[{"not_picked":["Calling Bell","Sozu"],"picked":"Empty Cage"},{"not_picked":["Runic Dome","Snecko Eye"],"picked":"Runic Pyramid"}],"items_purged_floors":[2,22],"is_endless":false,"potions_floor_spawned":[3,11,20,33,35],"killed_by":"Giant Head","ascension_level":6}}