{"host":"r3islh0l1a1ykxfu","time":1612559899,"event":{"mods":["BaseMod","Bestiary","Colored Map","Colored Powertips","Highlight Path","Minty Spire (QoL Compilation)","Relic Stats","Slay-I"],"gold_per_floor":[118,118,23,23,35,35,52,81,81,81,42,70,20,45,45,140,140,160,160,110,110,122,133,133,148,148,148,166,46,46,74,74,74,74],"floor_reached":33,"language":"ENG","playtime":25777,"items_purged":["Defend_R","Strike_R","Strike_R","Defend_R"],"score":362,"play_id":"86522653-fe83-49f4-a9ff-e138065d00c1","local_time":"20210205151819","is_ascension_mode":true,"campfire_choices":[{"data":"Combust","floor":6.0,"key":"SMITH"},{"data":"Uppercut","floor":10.0,"key":"SMITH"},{"floor":15,"key":"REST"},{"data":"Rupture","floor":24,"key":"SMITH"},{"floor":27,"key":"REST"},{"floor":32,"key":"REST"}],"circlet_count":0,"master_deck":["Defend_R+1","Defend_R","Bash+1","Thunderclap","Armaments+1","Combust+1","Uppercut+1","Rupture+1","Offering","Intimidate+1","Exhume+1","Bludgeon+1","Hemokinesis","Sword Boomerang","Shrug It Off","Hemokinesis","Bite","Bite","Bite","Bite","Bite"],"relics":["Burning Blood","Smiling Mask","Bronze Scales","Darkstone Periapt","Art of War","HornCleat","Astrolabe","FaceOfCleric","Frozen Egg 2","PreservedInsect"],"acts_visited":["Exordium","TheCity"],"potions_floor_usage":[31,33],"damage_taken":[{"damage":6.0,"enemies":"Small Slimes","floor":1.0,"turns":5.0},{"damage":0.0,"enemies":"Jaw Worm","floor":5.0,"turns":3.0},{"damage":3.0,"enemies":"Cultist","floor":7.0,"turns":3.0},{"damage":10.0,"enemies":"Gremlin Nob","floor":8.0,"turns":3.0},{"damage":33,"enemies":"3 Sentries","floor":12,"turns":4},{"damage":24,"enemies":"Lagavulin","floor":14,"turns":5},{"damage":36,"enemies":"The Guardian","floor":16,"turns":9},{"damage":14,"enemies":"3 Byrds","floor":18,"turns":3},{"damage":10,"enemies":"Chosen","floor":22,"turns":3},{"damage":15,"enemies":"Snecko","floor":23,"turns":2},{"damage":40,"enemies":"Centurion and Healer","floor":25,"turns":4},{"damage":16,"enemies":"Snake Plant","floor":28,"turns":4},{"damage":43,"enemies":"Gremlin Leader","floor":31,"turns":5},{"damage":46,"enemies":"Automaton","floor":33,"turns":5}],"seed_played":"-7047302034450529991","potions_obtained":[{"floor":1.0,"key":"DuplicationPotion"},{"floor":5.0,"key":"Energy Potion"},{"floor":7.0,"key":"Weak Potion"},{"floor":16,"key":"Weak Potion"},{"floor":23,"key":"Fire Potion"},{"floor":25,"key":"LiquidMemories"}],"is_trial":false,"path_per_floor":["M","?","$","?","M","R","M","E","T","R","$","E","$","E","R","B",null,"M","?","$","?","M","M","R","M","T","R","M","$","?","E","R","B"],"character_chosen":"IRONCLAD","items_purchased":["Armaments","Rupture","Hemokinesis"],"campfire_rested":3,"item_purchase_floors":[3,11,29],"current_hp_per_floor":[80,64,64,64,70,70,73,69,69,69,69,42,42,24,48,18,80,72,72,72,72,69,61,61,28,28,52,43,43,43,16,33,0,0],"gold":74,"neow_bonus":"RANDOM_COMMON_RELIC","is_daily":false,"chose_seed":false,"campfire_upgraded":3,"win_rate":0.0,"timestamp":1612559899,"path_taken":["M","?","$","?","M","R","?","E","T","R","$","E","$","E","R","BOSS","M","?","$","?","?","M","R","M","T","R","M","$","?","E","R","BOSS"],"items_purchased_type":["Card","Card","Card"],"build_version":"2020-12-22","purchased_purges":4,"victory":false,"max_hp_per_floor":[80,80,80,80,80,80,80,80,80,80,80,80,80,80,80,80,80,80,80,80,80,81,82,82,83,83,83,84,84,58,59,59,59,59],"relic_stats":{"Darkstone Periapt":0,"FaceOfCleric":5,"counters":[14,58],"Bronze Scales":[156],"Astrolabe":["Intimidate","Exhume","Bludgeon"],"PreservedInsect":0,"Art of War":[2],"Smiling Mask":250,"obtain_stats":[{"Darkstone Periapt":9,"HornCleat":14,"FaceOfCleric":21,"Bronze Scales":8,"Astrolabe":17,"PreservedInsect":31,"Art of War":12,"Frozen Egg 2":26,"Smiling Mask":0,"Burning Blood":0},{"Darkstone Periapt":4,"HornCleat":6,"FaceOfCleric":8,"Bronze Scales":4,"Astrolabe":7,"PreservedInsect":13,"Art of War":5,"Frozen Egg 2":11,"Smiling Mask":0,"Burning Blood":0},{"Darkstone Periapt":14,"HornCleat":23,"FaceOfCleric":35,"Bronze Scales":14,"Astrolabe":32,"PreservedInsect":53,"Art of War":18,"Frozen Egg 2":44,"Smiling Mask":0,"Burning Blood":0}],"Burning Blood":78},"card_choices":[{"not_picked":["Second Wind","Body Slam"],"picked":"Thunderclap","floor":1.0},{"not_picked":["Pummel","Body Slam"],"picked":"Combust","floor":5.0},{"not_picked":["Sword Boomerang","True Grit","Warcry"],"picked":"SKIP","floor":7.0},{"not_picked":["Body Slam","Cleave"],"picked":"Uppercut","floor":8.0},{"not_picked":["Havoc","Thunderclap","Body Slam"],"picked":"SKIP","floor":12},{"not_picked":["Havoc","Carnage","Intimidate"],"picked":"SKIP","floor":14},{"not_picked":["Juggernaut","Fiend Fire"],"picked":"Offering","floor":16},{"not_picked":["True Grit+1","Flame Barrier"],"picked":"Hemokinesis","floor":18},{"not_picked":["Entrench","Intimidate","Twin Strike"],"picked":"SKIP","floor":22},{"not_picked":["Wild Strike+1","Pommel Strike","Clash+1"],"picked":"SKIP","floor":23},{"not_picked":["Wild Strike+1","Pommel Strike","Clash+1"],"picked":"SKIP","floor":23},{"not_picked":["Pommel Strike+1","Thunderclap+1","Warcry"],"picked":"SKIP","floor":25},{"not_picked":["Thunderclap+1","Clash"],"picked":"Shrug It Off","floor":28},{"not_picked":["Flame Barrier","Warcry","Sentinel"],"picked":"SKIP","floor":31}],"player_experience":1212099,"relics_obtained":[{"floor":8.0,"key":"Bronze Scales"},{"floor":9.0,"key":"Darkstone Periapt"},{"floor":12,"key":"Art of War"},{"floor":14,"key":"HornCleat"},{"floor":26,"key":"Frozen Egg 2"},{"floor":31,"key":"PreservedInsect"}],"event_choices":[{"damage_healed":0.0,"max_hp_gain":0.0,"max_hp_loss":0.0,"gold_gain":0.0,"event_name":"Shining Light","player_choice":"Entered Light","floor":2.0,"gold_loss":0.0,"damage_taken":16.0,"cards_upgraded":["Bash","Defend_R"]},{"damage_healed":0.0,"max_hp_gain":0.0,"max_hp_loss":0.0,"gold_gain":0.0,"event_name":"Upgrade Shrine","player_choice":"Upgraded","floor":4.0,"gold_loss":0.0,"damage_taken":0.0,"cards_upgraded":["Armaments"]},{"damage_healed":0,"gold_gain":0,"player_choice":"Read","damage_taken":0,"max_hp_gain":0,"max_hp_loss":0,"event_name":"The Library","floor":19,"gold_loss":0,"cards_obtained":["Sword Boomerang"]},{"damage_healed":0,"gold_gain":0,"player_choice":"Trade","damage_taken":0,"relics_obtained":["FaceOfCleric"],"max_hp_gain":0,"max_hp_loss":0,"event_name":"FaceTrader","floor":21,"gold_loss":0},{"damage_healed":0,"gold_gain":0,"player_choice":"Became a vampire","damage_taken":0,"max_hp_gain":0,"max_hp_loss":26,"event_name":"Vampires","floor":30,"gold_loss":0,"cards_obtained":["Bite","Bite","Bite","Bite","Bite"]}],"is_beta":false,"boss_relics":[{"not_picked":["Black Star","Fusion Hammer"],"picked":"Astrolabe"}],"items_purged_floors":[3,13,20,29],"is_endless":false,"potions_floor_spawned":[1,5,7,16,23,25,28],"killed_by":"Automaton","ascension_level":4}}