{"host":"61y0z9o9vf3ujftj","time":1612528863,"event":{"mods":["BaseMod","Colored Map","Colored Powertips","GifTheSpireLib","HexUI Lib","Highlight Path","Minty Spire (QoL Compilation)","Permanent Neow","Relic Stats","StSLib","ojb\u0027s Info Mod"],"gold_per_floor":[109,123,140,151,3,35,35,62,115,115,129,165,165,207,207,288,288,312,312,9,29,53,94,94,94,94],"floor_reached":25,"language":"ENG","playtime":1494,"items_purged":["Strike_R"],"score":452,"play_id":"c614d832-c8c2-422b-8e43-a65f4244dece","local_time":"20210205064103","is_ascension_mode":true,"campfire_choices":[{"data":"Feed","floor":7.0,"key":"SMITH"},{"data":"1","floor":10.0,"key":"LIFT"},{"data":"2","floor":15.0,"key":"LIFT"},{"data":"3","floor":24.0,"key":"LIFT"}],"circlet_count":0,"master_deck":["AscendersBane","Strike_R","Strike_R","Strike_R","Defend_R","Defend_R","Defend_R","Defend_R","Bash","Spot Weakness","Shockwave","Bloodletting","Pommel Strike","Feed+1","Whirlwind","Headbutt","Shrug It Off","Rupture","Barricade+1","Metallicize+1","Clothesline+1","Pommel Strike"],"relics":["Black Blood","PreservedInsect","Bag of Marbles","Girya","Darkstone Periapt","Dream Catcher","CeramicFish","Smiling Mask","Pantograph","Bottled Lightning"],"acts_visited":["Exordium","TheCity"],"potions_floor_usage":[25],"damage_taken":[{"damage":7.0,"enemies":"2 Louse","floor":1.0,"turns":4.0},{"damage":11.0,"enemies":"Small Slimes","floor":2.0,"turns":4.0},{"damage":6.0,"enemies":"Cultist","floor":3.0,"turns":4.0},{"damage":6.0,"enemies":"3 Louse","floor":4.0,"turns":3.0},{"damage":12.0,"enemies":"Gremlin Nob","floor":6.0,"turns":4.0},{"damage":12.0,"enemies":"3 Sentries","floor":8.0,"turns":5.0},{"damage":17.0,"enemies":"Large Slime","floor":11.0,"turns":8.0},{"damage":6.0,"enemies":"Gremlin Nob","floor":12.0,"turns":3.0},{"damage":7.0,"enemies":"3 Sentries","floor":14.0,"turns":6.0},{"damage":42.0,"enemies":"Hexaghost","floor":16.0,"turns":8.0},{"damage":4.0,"enemies":"3 Byrds","floor":18.0,"turns":6.0},{"damage":25.0,"enemies":"Spheric Guardian","floor":21.0,"turns":5.0},{"damage":32.0,"enemies":"Snecko","floor":22.0,"turns":6.0},{"damage":33.0,"enemies":"Slavers","floor":23.0,"turns":8.0},{"damage":39,"enemies":"Gremlin Leader","floor":25,"turns":5}],"seed_played":"-3082720968026428292","potions_obtained":[{"floor":1.0,"key":"BlessingOfTheForge"},{"floor":4.0,"key":"SteroidPotion"},{"floor":21.0,"key":"Weak Potion"}],"is_trial":false,"path_per_floor":["M","M","M","M","$","E","R","E","T","R","M","E","?","E","R","B",null,"M","?","$","M","M","E","R","E"],"character_chosen":"IRONCLAD","items_purchased":["Bag of Marbles","Pantograph"],"campfire_rested":0,"item_purchase_floors":[5,20],"current_hp_per_floor":[67,62,62,62,62,56,56,54,54,54,47,47,47,50,50,18,73,85,85,85,72,56,39,39,0,0],"gold":94,"neow_bonus":"RANDOM_COMMON_RELIC","is_daily":false,"chose_seed":false,"campfire_upgraded":1,"win_rate":0.0,"timestamp":1612528863,"path_taken":["M","M","M","M","$","E","R","E","T","R","M","E","?","E","R","BOSS","M","?","$","M","M","E","R","E"],"items_purchased_type":["Relic","Relic"],"build_version":"2020-12-22","purchased_purges":1,"victory":false,"max_hp_per_floor":[75,75,75,75,75,75,75,79,79,79,83,83,83,87,87,91,91,95,95,95,95,99,103,103,103,103],"relic_stats":{"Darkstone Periapt":0,"Dream Catcher":0,"counters":[15,79],"CeramicFish":54,"Pantograph":0,"Black Blood":108,"PreservedInsect":198,"Smiling Mask":25,"obtain_stats":[{"Darkstone Periapt":8,"Girya":6,"Dream Catcher":9,"CeramicFish":12,"Pantograph":20,"Black Blood":17,"PreservedInsect":0,"Bag of Marbles":5,"Bottled Lightning":23,"Smiling Mask":14,"Burning Blood":0},{"Darkstone Periapt":6,"Girya":5,"Dream Catcher":6,"CeramicFish":8,"Pantograph":11,"Black Blood":10,"PreservedInsect":0,"Bag of Marbles":4,"Bottled Lightning":14,"Smiling Mask":9,"Burning Blood":0},{"Darkstone Periapt":24,"Girya":19,"Dream Catcher":24,"CeramicFish":35,"Pantograph":55,"Black Blood":49,"PreservedInsect":0,"Bag of Marbles":15,"Bottled Lightning":74,"Smiling Mask":41,"Burning Blood":0}]},"card_choices":[{"not_picked":["True Grit","Dropkick"],"picked":"Spot Weakness","floor":1.0},{"not_picked":["Warcry","Armaments"],"picked":"Shockwave","floor":2.0},{"not_picked":["Intimidate","Warcry"],"picked":"Bloodletting","floor":3.0},{"not_picked":["Heavy Blade","Warcry"],"picked":"Pommel Strike","floor":4.0},{"not_picked":["Heavy Blade","Armaments"],"picked":"Feed","floor":6.0},{"not_picked":["Evolve","Perfected Strike"],"picked":"Whirlwind","floor":8.0},{"not_picked":["Dark Embrace","Iron Wave"],"picked":"Headbutt","floor":11.0},{"not_picked":["Feed","Flex"],"picked":"Shrug It Off","floor":12.0},{"not_picked":["Warcry","Blood for Blood"],"picked":"Rupture","floor":14.0},{"not_picked":["Corruption","Fiend Fire"],"picked":"Barricade","floor":16.0},{"not_picked":["Shockwave","Armaments"],"picked":"Metallicize+1","floor":18.0},{"not_picked":["Wild Strike","Iron Wave","Havoc"],"picked":"SKIP","floor":21.0},{"not_picked":["Cleave","Clash"],"picked":"Clothesline+1","floor":22.0},{"not_picked":["Evolve","Demon Form"],"picked":"Pommel Strike","floor":23.0}],"player_experience":523201,"relics_obtained":[{"floor":6.0,"key":"Girya"},{"floor":8.0,"key":"Darkstone Periapt"},{"floor":9.0,"key":"Dream Catcher"},{"floor":12.0,"key":"CeramicFish"},{"floor":14.0,"key":"Smiling Mask"},{"floor":23.0,"key":"Bottled Lightning"}],"event_choices":[{"cards_removed":["Strike_R"],"damage_healed":0.0,"max_hp_gain":0.0,"max_hp_loss":0.0,"gold_gain":0.0,"event_name":"Living Wall","player_choice":"Forget","floor":13.0,"gold_loss":0.0,"damage_taken":0.0},{"damage_healed":0.0,"max_hp_gain":0.0,"max_hp_loss":0.0,"gold_gain":0.0,"event_name":"Upgrade Shrine","player_choice":"Upgraded","floor":19.0,"gold_loss":0.0,"damage_taken":0.0,"cards_upgraded":["Barricade"]}],"is_beta":false,"boss_relics":[{"not_picked":["Fusion Hammer","Ectoplasm"],"picked":"Black Blood"}],"items_purged_floors":[20],"is_endless":false,"potions_floor_spawned":[1,4,11,21,22],"killed_by":"Gremlin Leader","ascension_level":14}}