{"host":"2zjdcgw4be5n15ja","time":1612537194,"event":{"mods":["AchievementEnabler","BaseMod","Better Skull","Better Third Choice","BetterRewards","Block Reminder","Hermit","Marisa????????","Minty Spire (QoL Compilation)","Poor People Problems","Quick Restart","Rare Cards Sparkle","Reimu??????","Relic Stats","Reliquary","StSLib","The Runesmith","The Senshi","TheFirefly"],"gold_per_floor":[110,128,128,146,146,175,175,200,277,306,306,324,324,350,350,451,451,471,471,487,506,135,135,149,179,179,191,10,10,10,64,64,64,64],"floor_reached":33,"language":"ENG","playtime":2639,"items_purged":[],"score":308,"play_id":"b0b608c1-6453-4fe6-8c95-d432d9f40c5e","local_time":"20210206035954","is_ascension_mode":true,"campfire_choices":[{"floor":7.0,"key":"REST"},{"floor":11.0,"key":"RECALL"},{"floor":13.0,"key":"REST"},{"floor":15.0,"key":"REST"},{"floor":23,"key":"REST"},{"floor":32,"key":"REST"}],"circlet_count":0,"master_deck":["Strike_G+1","Strike_G+1","Strike_G+1","Strike_G+1","Strike_G+1","Defend_G+1","Defend_G+1","Defend_G+1","Defend_G+1","Defend_G+1","Survivor","Neutralize","Deadly Poison","Bane+1","Adrenaline+1","Underhanded Strike","Catalyst","Deflect","Prepared","Acrobatics","Bullet Time","Poisoned Stab","Expertise+1","Tactician+1","Outmaneuver","Predator","PiercingWail+1","Poisoned Stab+1","Tactician+1","Sadistic Nature","Acrobatics+1"],"relics":["Ring of the Serpent","Lantern","theSenshi:SpiralHeartMoonRodRelic","RuthlessExorcism:ReiMu","CrazyTorch:ReiMu","Question Card","Shuriken","Kunai","Bottled Lightning","Enchiridion","Dream Catcher"],"acts_visited":["Exordium","TheCity"],"potions_floor_usage":[18,25,33,33],"damage_taken":[{"damage":0.0,"enemies":"Small Slimes","floor":1.0,"turns":6.0},{"damage":0.0,"enemies":"Cultist","floor":2.0,"turns":3.0},{"damage":0.0,"enemies":"2 Louse","floor":4.0,"turns":2.0},{"damage":21.0,"enemies":"Gremlin Nob","floor":6.0,"turns":4.0},{"damage":23.0,"enemies":"3 Sentries","floor":8.0,"turns":8.0},{"damage":18.0,"enemies":"Lagavulin","floor":10.0,"turns":5.0},{"damage":1.0,"enemies":"Red Slaver","floor":12.0,"turns":4.0},{"damage":19.0,"enemies":"3 Sentries","floor":14.0,"turns":7.0},{"damage":43.0,"enemies":"Hexaghost","floor":16.0,"turns":8.0},{"damage":5,"enemies":"Shell Parasite","floor":18,"turns":5},{"damage":26,"enemies":"Spheric Guardian","floor":20,"turns":4},{"damage":5,"enemies":"Snake Plant","floor":21,"turns":3},{"damage":14,"enemies":"Centurion and Healer","floor":24,"turns":3},{"damage":4,"enemies":"Gremlin Leader","floor":25,"turns":5},{"damage":2,"enemies":"Snecko","floor":27,"turns":3},{"damage":55,"enemies":"Champ","floor":33,"turns":7}],"seed_played":"-7142536863357802915","potions_obtained":[{"floor":3.0,"key":"Poison Potion"},{"floor":3.0,"key":"LiquidBronze"},{"floor":3.0,"key":"SteroidPotion"},{"floor":6.0,"key":"LiquidBronze"},{"floor":8.0,"key":"EssenceOfSteel"},{"floor":21,"key":"Explosive Potion"},{"floor":24,"key":"Explosive Potion"},{"floor":27,"key":"ZuzhouPotion:ReiMu"}],"is_trial":false,"path_per_floor":["M","M","?","M","?","E","R","E","T","E","R","M","R","E","R","B",null,"M","?","M","M","$","R","M","E","T","M","$","?","?","T","R","B"],"character_chosen":"THE_SILENT","items_purchased":["Kunai","Outmaneuver","Predator","Sadistic Nature"],"campfire_rested":5,"item_purchase_floors":[22,22,22,28],"current_hp_per_floor":[70,70,70,70,70,49,70,53,53,37,37,38,59,46,67,26,70,67,67,43,40,40,61,51,49,49,49,49,49,33,33,54,0,0],"gold":64,"neow_bonus":"RANDOM_COMMON_RELIC","is_daily":false,"chose_seed":false,"campfire_upgraded":0,"win_rate":0.0,"timestamp":1612537194,"path_taken":["M","M","?","?","?","E","R","E","T","E","R","?","R","E","R","BOSS","M","?","M","?","$","R","M","E","T","M","$","?","?","?","R","BOSS"],"items_purchased_type":["Relic","Card","Card","Card"],"build_version":"2020-12-22","purchased_purges":0,"victory":false,"max_hp_per_floor":[70,70,70,70,70,70,70,70,70,70,70,70,70,70,70,70,70,70,70,70,70,70,70,70,70,70,70,70,70,70,70,70,70,70],"relic_stats":{"Dream Catcher":1,"counters":[16,77],"Shuriken":[21],"Kunai":[13],"Question Card":10,"obtain_stats":[{"Lantern":0,"Dream Catcher":31,"Shuriken":14,"CrazyTorch:ReiMu":9,"Enchiridion":30,"Kunai":22,"Bottled Lightning":25,"theSenshi:SpiralHeartMoonRodRelic":6,"Question Card":10,"Ring of the Serpent":17,"Ring of the Snake":0,"RuthlessExorcism:ReiMu":8},{"Lantern":0,"Dream Catcher":15,"Shuriken":8,"CrazyTorch:ReiMu":5,"Enchiridion":15,"Kunai":12,"Bottled Lightning":14,"theSenshi:SpiralHeartMoonRodRelic":4,"Question Card":6,"Ring of the Serpent":9,"Ring of the Snake":0,"RuthlessExorcism:ReiMu":5},{"Lantern":0,"Dream Catcher":70,"Shuriken":39,"CrazyTorch:ReiMu":23,"Enchiridion":70,"Kunai":59,"Bottled Lightning":67,"theSenshi:SpiralHeartMoonRodRelic":15,"Question Card":28,"Ring of the Serpent":47,"Ring of the Snake":0,"RuthlessExorcism:ReiMu":23}]},"card_choices":[{"not_picked":["Blade Dance","Acrobatics"],"picked":"Deadly Poison","floor":1.0},{"not_picked":["Dodge and Roll","Footwork"],"picked":"Bane","floor":2.0},{"not_picked":["Cloak And Dagger","Accuracy"],"picked":"Adrenaline","floor":4.0},{"not_picked":["Dagger Spray","Dagger Throw"],"picked":"Underhanded Strike","floor":6.0},{"not_picked":["Calculated Gamble","Finisher"],"picked":"Catalyst","floor":8.0},{"not_picked":["Backflip","Storm of Steel"],"picked":"Deflect","floor":10.0},{"not_picked":["Outmaneuver","PiercingWail","Acrobatics"],"picked":"Prepared","floor":12.0},{"not_picked":["Deflect","Underhanded Strike","Leg Sweep"],"picked":"Acrobatics","floor":14.0},{"not_picked":["Glass Knife","Storm of Steel","Venomology"],"picked":"Bullet Time","floor":16.0},{"not_picked":["Quick Slash+1","Prepared","Slice"],"picked":"Poisoned Stab","floor":18},{"not_picked":["Quick Slash","Poisoned Stab","Flying Knee"],"picked":"Expertise+1","floor":20},{"not_picked":["Sucker Punch","Deflect+1","Cloak And Dagger"],"picked":"Tactician+1","floor":21},{"not_picked":["Dagger Spray","Poisoned Stab","Dodge and Roll"],"picked":"PiercingWail+1","floor":24},{"not_picked":["Flying Knee","Bane","Sucker Punch"],"picked":"Poisoned Stab+1","floor":25},{"not_picked":["Distraction","Backstab","Dagger Spray+1"],"picked":"Tactician+1","floor":27},{"not_picked":["Slice+1","Sucker Punch","Deflect"],"picked":"Acrobatics+1","floor":32}],"player_experience":388359,"relics_obtained":[{"floor":6.0,"key":"theSenshi:SpiralHeartMoonRodRelic"},{"floor":8.0,"key":"RuthlessExorcism:ReiMu"},{"floor":9.0,"key":"CrazyTorch:ReiMu"},{"floor":10.0,"key":"Question Card"},{"floor":14.0,"key":"Shuriken"},{"floor":25,"key":"Bottled Lightning"},{"floor":30,"key":"Enchiridion"},{"floor":31,"key":"Dream Catcher"}],"event_choices":[{"damage_healed":0.0,"max_hp_gain":0.0,"max_hp_loss":0.0,"gold_gain":0.0,"event_name":"Lab","player_choice":"Got Potions","floor":3.0,"gold_loss":0.0,"damage_taken":0.0},{"damage_healed":0.0,"max_hp_gain":0.0,"max_hp_loss":0.0,"gold_gain":0.0,"event_name":"Upgrade Shrine","player_choice":"Upgraded","floor":5.0,"gold_loss":0.0,"damage_taken":0.0,"cards_upgraded":["Bane"]},{"damage_healed":0,"gold_gain":0,"player_choice":"Upgraded","damage_taken":0,"max_hp_gain":0,"max_hp_loss":0,"event_name":"Upgrade Shrine","floor":19,"gold_loss":0,"cards_upgraded":["Adrenaline"]},{"damage_healed":0,"gold_gain":0,"player_choice":"Simplicity","damage_taken":0,"max_hp_gain":0,"max_hp_loss":10,"event_name":"betterThird:BetterWriting","floor":29,"gold_loss":0},{"damage_healed":0,"gold_gain":0,"player_choice":"Obtained Book","damage_taken":16,"max_hp_gain":0,"max_hp_loss":0,"event_name":"Cursed Tome","floor":30,"gold_loss":0}],"is_beta":false,"boss_relics":[{"not_picked":["Empty Cage","Busted Crown"],"picked":"Ring of the Serpent"}],"items_purged_floors":[],"is_endless":false,"potions_floor_spawned":[6,8,10,21,24,27],"killed_by":"Champ","ascension_level":1}}