{"host":"va904f3s24glxxej","time":1612493255,"event":{"mods":["AchievementEnabler","BaseMod","Colored Powertips","Downfall","Hubris","Minty Spire (QoL Compilation)","Replay The Spire","StSLib","The Necromancer"],"gold_per_floor":[99,99,99,99,99,127,154,57,57,57,72,72,72,72,86,187,187,187,187,202,202,227,116,142,142,72,72,72,106,106,117,128,128,128,128],"floor_reached":33,"language":"ENG","playtime":1277,"items_purged":["hubris:Envy"],"score":308,"play_id":"0b9efbe1-ca79-4256-9398-494344d17ed2","local_time":"20210205024735","is_ascension_mode":true,"campfire_choices":[{"data":"Replay:SS_hec_1","floor":10,"key":"SMITH"},{"data":"bronze:BronzeOrb","floor":12,"key":"SMITH"},{"data":"bronze:BuggyMess","floor":18,"key":"SMITH"},{"data":"Mayhem","floor":25,"key":"SMITH"},{"floor":28,"key":"REST"},{"floor":30,"key":"REST"}],"circlet_count":0,"master_deck":["bronze:Strike","bronze:Strike","bronze:Defend","bronze:Defend","bronze:Defend","bronze:Replicate+1","bronze:Goto","bronze:Repulsor","bronze:WhirlingStrike","bronze:WhirlingStrike","bronze:BuggyMess+1","bronze:Separator","bronze:Iterate","Replay:SS_hec_1+1","bronze:BronzeOrb+1","bronze:WhirlingStrike","bronze:InfiniteLoop","Mayhem+1","bronze:ItsAFeature","bronze:ItsAFeature","bronze:Separator"],"relics":["bronze:BronzeCore","downfall:HeartsMalice","hubris:GlazedTorus","Replay:Rubber Ducky","hubris:CrystalStatue","hexamod:Sixitude","sneckomod:SneckoTalon","Red Mask","ReplayTheSpireMod:CursedCoin","Oddly Smooth Stone","Replay:Kaleidoscope"],"acts_visited":["Exordium","TheCity"],"potions_floor_usage":[15,16,16,22,29,33],"damage_taken":[{"damage":0,"enemies":"Jaw Worm","floor":2,"turns":1},{"damage":0,"enemies":"2 Louse","floor":3,"turns":1},{"damage":0,"enemies":"Gremlin Nob","floor":6,"turns":1},{"damage":10,"enemies":"downfall:FleeingMerchant","floor":8,"turns":4},{"damage":7,"enemies":"Small Slimes","floor":11,"turns":2},{"damage":0,"enemies":"Gremlin Gang","floor":15,"turns":3},{"damage":8,"enemies":"IC_STATUS_ARCHETYPE","floor":16,"turns":3},{"damage":0,"enemies":"Shell Parasite","floor":20,"turns":2},{"damage":14,"enemies":"Masked Bandits","floor":22,"turns":4},{"damage":9,"enemies":"downfall:FleeingMerchant","floor":23,"turns":4},{"damage":17,"enemies":"downfall:FleeingMerchant","floor":26,"turns":4},{"damage":19,"enemies":"Book of Stabbing","floor":29,"turns":4},{"damage":0,"enemies":"Chosen","floor":31,"turns":3},{"damage":20,"enemies":"Snake Plant","floor":32,"turns":4},{"damage":53,"enemies":"DF_ARCHETYPE_CLAW","floor":33,"turns":5}],"seed_played":"-1438479652475569331","potions_obtained":[{"floor":6,"key":"LiquidBronze"},{"floor":11,"key":"sneckomod:MuddlingPotion"},{"floor":15,"key":"Strength Potion"},{"floor":16,"key":"Venom Potion"},{"floor":20,"key":"Reflective Coating"},{"floor":29,"key":"Elixir"}],"is_trial":false,"path_per_floor":["R","M","M","?","?","E","T","$","T","R","M","R","?","?","M","B",null,"R","?","M","?","?","$","T","R","$","?","R","E","R","M","M","B"],"character_chosen":"THE_AUTOMATON","items_purchased":["Replay:SS_hec_1","ReplayTheSpireMod:CursedCoin","Mayhem","bronze:ItsAFeature"],"campfire_rested":2,"item_purchase_floors":[8,23,23,26],"current_hp_per_floor":[70,70,70,70,70,70,70,60,60,60,53,53,53,46,46,38,70,70,70,70,70,56,47,47,47,30,30,51,32,53,53,33,0,0,0],"gold":128,"neow_bonus":"THREE_ENEMY_KILL","is_daily":false,"chose_seed":false,"campfire_upgraded":4,"win_rate":0.0,"timestamp":1612493255,"path_taken":["R","M","M","?","?","E","T","$","?","R","M","R","?","?","M","BOSS","R","?","?","?","?","?","T","R","$","?","R","E","R","M","M","BOSS"],"items_purchased_type":["Card","Relic","Card","Card"],"build_version":"2020-12-22","purchased_purges":1,"victory":false,"max_hp_per_floor":[70,70,70,70,70,70,70,70,70,70,70,70,70,70,70,70,70,70,70,70,70,70,70,70,70,70,70,70,70,70,70,70,70,70,70],"card_choices":[{"not_picked":["bronze:ChosenStrike","bronze:Branch"],"picked":"bronze:WhirlingStrike","floor":2},{"not_picked":["bronze:Allocate","bronze:Constructor"],"picked":"bronze:WhirlingStrike","floor":3},{"not_picked":["bronze:CutThrough","bronze:DigitalCarnage"],"picked":"bronze:Separator","floor":6},{"not_picked":["bronze:BuggyMess","bronze:ForceShield"],"picked":"bronze:Iterate","floor":8},{"not_picked":["bronze:Fortify","bronze:HyperBeam"],"picked":"bronze:BronzeOrb","floor":11},{"not_picked":["bronze:ChosenStrike","bronze:Turbo"],"picked":"bronze:WhirlingStrike","floor":15},{"not_picked":["bronze:ThunderWave","bronze:HardenedForm"],"picked":"bronze:InfiniteLoop","floor":16},{"not_picked":["bronze:WildBeam","bronze:GetLatest","bronze:Overload"],"picked":"SKIP","floor":20},{"not_picked":["bronze:Terminator+1","bronze:ThunderWave","bronze:ForceShield+1"],"picked":"SKIP","floor":23},{"not_picked":["bronze:Shield","bronze:DigitalCarnage","bronze:Overheat"],"picked":"SKIP","floor":26},{"not_picked":["bronze:InfiniteLoop","bronze:Deprecate","bronze:Safeguard+1"],"picked":"SKIP","floor":29},{"not_picked":["bronze:Deprecate","bronze:Shell","bronze:Turbo"],"picked":"SKIP","floor":31},{"not_picked":["bronze:OilSpill","bronze:BitShift","bronze:Deprecate"],"picked":"SKIP","floor":32}],"player_experience":785847,"relics_obtained":[{"floor":6,"key":"hubris:GlazedTorus"},{"floor":7,"key":"Replay:Rubber Ducky"},{"floor":9,"key":"hubris:CrystalStatue"},{"floor":22,"key":"Red Mask"},{"floor":24,"key":"Oddly Smooth Stone"},{"floor":29,"key":"Replay:Kaleidoscope"}],"event_choices":[{"damage_healed":0,"gold_gain":0,"player_choice":"Success","damage_taken":7,"relics_obtained":["hexamod:Sixitude"],"max_hp_gain":0,"max_hp_loss":0,"event_name":"Scrap Ooze","floor":14,"gold_loss":0},{"damage_healed":0,"gold_gain":0,"player_choice":"Leave","damage_taken":0,"max_hp_gain":0,"max_hp_loss":0,"event_name":"FaceTrader","floor":19,"gold_loss":0},{"damage_healed":0,"gold_gain":0,"player_choice":"Fought Bandits","damage_taken":0,"max_hp_gain":0,"max_hp_loss":0,"event_name":"Masked Bandits","floor":22,"gold_loss":0}],"is_beta":false,"boss_relics":[{"not_picked":["hubris:GrandSneckoEye","hubris:RunicObelisk"],"picked":"sneckomod:SneckoTalon"}],"items_purged_floors":[23],"is_endless":false,"potions_floor_spawned":[6,11,15,16,20,29],"killed_by":"DF_ARCHETYPE_CLAW","ascension_level":2}}