{"host":"roto7j7840a50pxh","time":1612505913,"event":{"mods":["Act Like it!","BaseMod","Better Altar","Better Note","Better Sensory Stone","Better Skull","Better Third Choice","BetterRewards","Colored Map","Colored Powertips","Downfall","Elementarium","Hermit","Highlight Path","Hubris","Infinite Spire","Minty Spire (QoL Compilation)","Replay The Spire","Robot Space Explorer","Shade Mod","Spicy Shops","StSLib","The Construct","The Cursed","The Dragon Tamer","The Hierophant","The Jungle","The Necromancer","The Runesmith","The Servant 0.9.4","TheVacant"],"gold_per_floor":[181,198,215,227,15,41,86,86,99,99,99,116,126,137,151,151,151,151],"floor_reached":16,"language":"ENG","playtime":2107,"items_purged":[],"score":122,"play_id":"c384eb8e-ea35-423b-b2f5-d1dc64883f50","local_time":"20210205011833","is_ascension_mode":true,"campfire_choices":[{"floor":11.0,"key":"REST"}],"circlet_count":0,"master_deck":["sneckomod:Strike","sneckomod:Strike","sneckomod:Strike","sneckomod:Defend","sneckomod:Defend","sneckomod:Defend","sneckomod:TailWhip","sneckomod:SnekBite","sneckomod:Unknown","sneckomod:Unknown","sneckomod:UnknownX","sneckomod:IronFang","sneckomod:UnknownBlock","sneckomod:WideSting","sneckomod:Memorize","sneckomod:ImprovisedGuard","Runesmith:CraftObretio","sneckomod:IronFang","sneckomod:UnknownCommonAttack","sneckomod:SoulRoll","sneckomod:UnknownCommonAttack","sneckomod:TrashToTreasure"],"relics":["sneckomod:SneckoSoul","Blood Vial","Toolbox","Gambling Chip"],"acts_visited":["Exordium"],"potions_floor_usage":[16],"damage_taken":[{"damage":7.0,"enemies":"2 Louse","floor":2.0,"turns":3.0},{"damage":1.0,"enemies":"Cultist","floor":3.0,"turns":3.0},{"damage":5.0,"enemies":"Small Slimes","floor":4.0,"turns":3.0},{"damage":5.0,"enemies":"downfall:FleeingMerchant","floor":5.0,"turns":4.0},{"damage":30.0,"enemies":"Lagavulin","floor":6.0,"turns":6.0},{"damage":30.0,"enemies":"Exordium Thugs","floor":9.0,"turns":8.0},{"damage":12.0,"enemies":"3 Louse","floor":12.0,"turns":3.0},{"damage":12.0,"enemies":"Gremlin Gang","floor":13.0,"turns":10.0},{"damage":1.0,"enemies":"Red Slaver","floor":14.0,"turns":4.0},{"damage":5.0,"enemies":"Blue Slaver","floor":15.0,"turns":3.0},{"damage":31,"enemies":"WA_ARCHETYPE_RETAIN","floor":16,"turns":9}],"seed_played":"-8080120845010982452","potions_obtained":[{"floor":2.0,"key":"Swift Potion"},{"floor":6.0,"key":"BlessingOfTheForge"},{"floor":9.0,"key":"Swift Potion"},{"floor":13.0,"key":"Guardian:BlockOnCardUsePotion"}],"is_trial":false,"path_per_floor":["R_BF","M","M","M","$","E","T","R","M","?","R","M","M","M","M","B"],"character_chosen":"THE_SNECKO","items_purchased":["Toolbox","sneckomod:WideSting","sneckomod:Memorize"],"campfire_rested":1,"item_purchase_floors":[5,5,5],"current_hp_per_floor":[90,83,84,81,78,50,50,50,22,22,49,39,29,30,27,0,0,0],"gold":151,"neow_bonus":"RANDOM_COMMON_RELIC","is_daily":false,"chose_seed":false,"campfire_upgraded":0,"win_rate":0.0,"timestamp":1612505913,"path_taken":["R_BF","M","M","M","$","E","T","R","M","?","R","M","M","?","M","BOSS"],"items_purchased_type":["Relic","Card","Card"],"build_version":"2020-12-22","purchased_purges":0,"victory":false,"max_hp_per_floor":[90,90,90,90,90,90,90,90,90,90,90,90,90,90,90,90,90,90],"card_choices":[{"not_picked":["sneckomod:RainOfDice","sneckomod:UnknownDraw"],"picked":"sneckomod:UnknownX","floor":2.0},{"not_picked":["sneckomod:QuickMove","sneckomod:Nope"],"picked":"sneckomod:Unknown0Cost","floor":3.0},{"not_picked":["sneckomod:MixItUp","sneckomod:SoulRoll"],"picked":"sneckomod:IronFang","floor":4.0},{"not_picked":["sneckomod:UnknownCommonAttack","sneckomod:UnknownVulnerable"],"picked":"sneckomod:UnknownBlock","floor":5.0},{"not_picked":["sneckomod:UnknownCommonSkill","sneckomod:UnknownRarePower"],"picked":"sneckomod:ImprovisedGuard","floor":6.0},{"not_picked":["sneckomod:RainOfDice","sneckomod:MixItUp"],"picked":"sneckomod:IronFang","floor":9.0},{"not_picked":["sneckomod:QuickMove","sneckomod:MixItUp"],"picked":"sneckomod:UnknownCommonAttack","floor":12.0},{"not_picked":["sneckomod:Nope","sneckomod:SoulCleanse"],"picked":"sneckomod:SoulRoll","floor":13.0},{"not_picked":["sneckomod:SoulDraw","sneckomod:QuickMove"],"picked":"sneckomod:UnknownCommonAttack","floor":14.0},{"not_picked":["sneckomod:UnknownStrike","sneckomod:MixItUp"],"picked":"sneckomod:TrashToTreasure","floor":15.0}],"player_experience":1856082,"relics_obtained":[{"floor":6.0,"key":"Gambling Chip"}],"event_choices":[],"is_beta":false,"boss_relics":[],"items_purged_floors":[],"is_endless":false,"potions_floor_spawned":[2,6,9,12,13],"killed_by":"WA_ARCHETYPE_RETAIN","ascension_level":3}}