{"host":"j4nfyhit1dl35m08","time":1612513513,"event":{"mods":["BaseMod","Downfall","Highlight Path","Minty Spire (QoL Compilation)","StSLib"],"gold_per_floor":[99,99,99,24,24,24,24,51,51,63,63,83,113,129,149,250,250,250,270,284,22,41,41,67,93,103,103,131,131,150,176,187,289,289,289,305,315,332,33,68,68,68,117,17,17,17,17,27,41,41],"floor_reached":51,"language":"ENG","playtime":6740,"items_purged":["downfall:Malfunctioning","bronze:Strike"],"score":1203,"play_id":"c19b3aa3-2ce4-4923-816a-528534502c65","local_time":"20210205022513","is_ascension_mode":true,"campfire_choices":[{"data":"bronze:Goto","floor":1,"key":"SMITH"},{"data":"bronze:TinkerersToolbox","floor":6,"key":"SMITH"},{"data":"bronze:Fortify","floor":9,"key":"SMITH"},{"data":"bronze:Deprecate","floor":11,"key":"SMITH"},{"data":"bronze:Repair","floor":18,"key":"SMITH"},{"data":"bronze:Terminator","floor":23,"key":"SMITH"},{"data":"bronze:Terminator","floor":35,"key":"SMITH"},{"data":"bronze:Library","floor":44,"key":"SMITH"},{"data":"bronze:AlphaBuild","floor":47,"key":"SMITH"}],"circlet_count":0,"master_deck":["bronze:Strike","bronze:Defend","bronze:Defend+1","bronze:Defend+1","bronze:Replicate+1","bronze:Goto+1","bronze:CutThrough","bronze:TinkerersToolbox+1","Injury","bronze:Fortify+1","bronze:Deprecate+1","bronze:Branch","bronze:Separator","bronze:Repair+1","bronze:ItsAFeature","bronze:AlphaBuild+1","bronze:Repulsor+1","bronze:Frontload","bronze:Terminator+1","bronze:Constructor","bronze:Terminator+1","bronze:WhirlingStrike+1","CurseOfTheBell","CurseOfTheBell","bronze:BuggyMess+1","bronze:BuggyMess+1","bronze:ThunderWave","bronze:ItsAFeature+1","bronze:Turbo+1","bronze:Break","bronze:Library+1","bronze:ForLoop+1","bronze:Flail","bronze:Assembly+1","bronze:FineTuning+1","bronze:Assembly+1","bronze:Repair+1","Shame","Doubt","Parasite","bronze:CloningBeam+1"],"relics":["bronze:BronzeCore","downfall:HeartsMalice","Lantern","bronze:BronzeIdol","Blood Vial","Coffee Dripper","OrangePellets","Orichalcum","Juzu Bracelet","Enchiridion","Boot","downfall:ExtraCursedBell","Vajra","Toxic Egg 2","Unceasing Top","Incense Burner","bronze:MakeshiftBattery","Art of War","Bottled Flame","Turnip","downfall:HeartBlessingGreen"],"acts_visited":["Exordium","TheCity","TheBeyond"],"potions_floor_usage":[28,33,40,40,49,50,50],"damage_taken":[{"damage":0,"enemies":"2 Louse","floor":2,"turns":1},{"damage":0,"enemies":"downfall:FleeingMerchant","floor":4,"turns":1},{"damage":0,"enemies":"Gremlin Nob","floor":8,"turns":1},{"damage":4,"enemies":"Small Slimes","floor":10,"turns":4},{"damage":0,"enemies":"Cultist","floor":12,"turns":3},{"damage":5,"enemies":"Lagavulin","floor":13,"turns":7},{"damage":6,"enemies":"Exordium Wildlife","floor":14,"turns":5},{"damage":4,"enemies":"2 Fungi Beasts","floor":15,"turns":4},{"damage":27,"enemies":"IC_STATUS_ARCHETYPE","floor":16,"turns":9},{"damage":6,"enemies":"Shell Parasite","floor":19,"turns":7},{"damage":7,"enemies":"3 Byrds","floor":20,"turns":5},{"damage":0,"enemies":"downfall:FleeingMerchant","floor":21,"turns":4},{"damage":27,"enemies":"Snake Plant","floor":22,"turns":7},{"damage":20,"enemies":"Slavers","floor":25,"turns":7},{"damage":15,"enemies":"Cultist and Chosen","floor":26,"turns":8},{"damage":9,"enemies":"Gremlin Leader","floor":28,"turns":8},{"damage":9,"enemies":"Snecko","floor":30,"turns":5},{"damage":7,"enemies":"Book of Stabbing","floor":31,"turns":5},{"damage":6,"enemies":"3 Cultists","floor":32,"turns":5},{"damage":40,"enemies":"DF_ARCHETYPE_CLAW","floor":33,"turns":10},{"damage":0,"enemies":"Orb Walker","floor":36,"turns":4},{"damage":0,"enemies":"3 Darklings","floor":37,"turns":5},{"damage":13,"enemies":"4 Shapes","floor":38,"turns":7},{"damage":0,"enemies":"downfall:FleeingMerchant","floor":39,"turns":4},{"damage":59,"enemies":"Reptomancer","floor":40,"turns":9},{"damage":60,"enemies":"2 Orb Walkers","floor":43,"turns":5},{"damage":8,"enemies":"Writhing Mass","floor":48,"turns":8},{"damage":0,"enemies":"Transient","floor":49,"turns":5},{"damage":10,"enemies":"SI_POISON_ARCHETYPE","floor":50,"turns":8}],"seed_played":"-6885964413070943967","potions_obtained":[{"floor":8,"key":"BlessingOfTheForge"},{"floor":10,"key":"Weak Potion"},{"floor":16,"key":"Guardian:BlockOnCardUsePotion"},{"floor":28,"key":"hexamod:SoulburnPotion"},{"floor":32,"key":"DuplicationPotion"},{"floor":33,"key":"BlessingOfTheForge"},{"floor":36,"key":"Dexterity Potion"},{"floor":40,"key":"LiquidBronze"},{"floor":43,"key":"Fire Potion"}],"is_trial":false,"path_per_floor":["R","M","?","$","?","R","T","E","R","M","R","M","E","M","M","B",null,"R","M","M","$","M","R","T","E","M","?","E","?","M","E","M","B",null,"R","M","M","M","$","E","T","?","?","R","?","?","R","M","M","B",null],"character_chosen":"THE_AUTOMATON","items_purchased":["OrangePellets","bronze:Library","bronze:ForLoop+1","bronze:Flail"],"campfire_rested":0,"item_purchase_floors":[21,39,39,39],"current_hp_per_floor":[63,63,63,63,63,63,63,63,63,59,59,59,54,50,55,37,62,62,68,68,70,53,53,53,45,42,26,29,29,32,37,43,15,56,56,68,70,67,70,11,11,61,11,11,11,61,61,61,61,51],"gold":41,"neow_bonus":"THREE_ENEMY_KILL","is_daily":false,"chose_seed":false,"campfire_upgraded":9,"win_rate":0.0,"timestamp":1612513513,"path_taken":["R","M","?","$","?","R","T","E","R","M","R","M","E","M","M","BOSS","R","M","M","$","?","R","T","E","M","?","E","?","M","E","M","BOSS","R","M","M","M","$","E","T","?","?","R","?","?","R","M","M","BOSS"],"items_purchased_type":["Relic","Card","Card","Card"],"build_version":"2020-12-22","purchased_purges":2,"victory":true,"max_hp_per_floor":[70,70,70,70,70,70,70,70,70,70,70,70,70,70,70,70,70,70,70,70,70,70,70,70,70,70,70,70,70,70,70,70,70,70,70,70,70,70,70,70,70,61,61,61,61,61,61,61,61,61],"card_choices":[{"not_picked":["bronze:ItsAFeature","bronze:Constructor"],"picked":"bronze:CutThrough","floor":2},{"not_picked":["bronze:ForLoop","bronze:Turbo"],"picked":"bronze:TinkerersToolbox","floor":4},{"not_picked":["bronze:BronzeArmor","bronze:WildBeam"],"picked":"bronze:Fortify","floor":8},{"not_picked":["bronze:Constructor","bronze:Frontload"],"picked":"bronze:Deprecate","floor":10},{"not_picked":["bronze:Iterate","bronze:Shield"],"picked":"bronze:Branch","floor":12},{"not_picked":["bronze:Deprecate","bronze:ItsAFeature"],"picked":"bronze:Separator","floor":13},{"not_picked":["bronze:DarkDash","bronze:WildBeam"],"picked":"bronze:Repair","floor":14},{"not_picked":["bronze:Virus","bronze:Branch"],"picked":"bronze:ItsAFeature","floor":15},{"not_picked":["bronze:Hardcode","bronze:BurnOut"],"picked":"bronze:AlphaBuild","floor":16},{"not_picked":["bronze:Allocate","bronze:ForLoop"],"picked":"bronze:Repulsor+1","floor":19},{"not_picked":["bronze:Philosophize","bronze:CutThrough"],"picked":"bronze:Frontload","floor":20},{"not_picked":["bronze:Constructor","bronze:InfiniteLoop"],"picked":"bronze:Terminator","floor":21},{"not_picked":["bronze:WildBeam","bronze:Safeguard"],"picked":"bronze:Constructor","floor":22},{"not_picked":["bronze:BronzeOrb","bronze:BugBarrage+1"],"picked":"bronze:Terminator","floor":25},{"not_picked":["bronze:CutThrough","bronze:DelayedGuard"],"picked":"bronze:WhirlingStrike+1","floor":26},{"not_picked":["bronze:CutThrough","bronze:DelayedSlice","bronze:Shield"],"picked":"SKIP","floor":28},{"not_picked":["bronze:Invalidate+1","bronze:Separator+1"],"picked":"bronze:BuggyMess+1","floor":30},{"not_picked":["bronze:CutThrough","bronze:WhirlingStrike","bronze:BurnOut"],"picked":"SKIP","floor":31},{"not_picked":["bronze:CutThrough+1","bronze:GetLatest+1"],"picked":"bronze:BuggyMess+1","floor":32},{"not_picked":["bronze:ShipIt","bronze:BurnOut"],"picked":"bronze:ThunderWave","floor":33},{"not_picked":["bronze:Overheat+1","bronze:Frontload+1"],"picked":"bronze:ItsAFeature+1","floor":36},{"not_picked":["bronze:Safeguard+1","bronze:Deprecate+1"],"picked":"bronze:Turbo+1","floor":37},{"not_picked":["bronze:WildBeam","bronze:OilSpill+1","bronze:Overheat"],"picked":"SKIP","floor":38},{"not_picked":["bronze:BuggyMess+1","bronze:OilSpill+1"],"picked":"bronze:Break","floor":39},{"not_picked":["bronze:BugBarrage","bronze:WhirlingStrike"],"picked":"bronze:Assembly+1","floor":40},{"not_picked":["bronze:WhirlingStrike+1","bronze:Invalidate+1"],"picked":"bronze:FineTuning+1","floor":43},{"not_picked":["bronze:Backtrace","bronze:BugBarrage+1","bronze:BronzeOrb"],"picked":"SKIP","floor":48},{"not_picked":["bronze:WhirlingStrike","bronze:BitShift+1"],"picked":"bronze:CloningBeam+1","floor":49}],"player_experience":424274,"relics_obtained":[{"floor":7,"key":"Lantern"},{"floor":8,"key":"bronze:BronzeIdol"},{"floor":13,"key":"Blood Vial"},{"floor":24,"key":"Orichalcum"},{"floor":25,"key":"Juzu Bracelet"},{"floor":27,"key":"Enchiridion"},{"floor":28,"key":"Boot"},{"floor":29,"key":"Vajra"},{"floor":29,"key":"Toxic Egg 2"},{"floor":29,"key":"Unceasing Top"},{"floor":31,"key":"Incense Burner"},{"floor":40,"key":"Art of War"},{"floor":41,"key":"Bottled Flame"},{"floor":43,"key":"Turnip"}],"event_choices":[{"damage_healed":0,"gold_gain":0,"player_choice":"Fight","damage_taken":0,"max_hp_gain":0,"max_hp_loss":0,"event_name":"Mysterious Sphere","floor":43,"gold_loss":0}],"is_beta":false,"boss_relics":[{"not_picked":["Astrolabe","Snecko Eye"],"picked":"Coffee Dripper"},{"not_picked":["Velvet Choker","Fusion Hammer"],"picked":"bronze:MakeshiftBattery"}],"items_purged_floors":[4,21],"is_endless":false,"potions_floor_spawned":[8,10,16,25,28,31,32,33,36,40,43],"ascension_level":8}}