{"host":"oehe2dxjvdgux73m","time":1612536375,"event":{"mods":["AchievementEnabler","BaseMod","Colored Map","Colored Powertips","DeckTracker","Keyboard Shortcuts","Minty Spire (QoL Compilation)","Permanent Neow","Quick Restart","StSLib","SuperFastMode"],"gold_per_floor":[118,118,131,131,203,203,213,213,213,226,259,277,277,304,304,382,382,398,415,415,428,343,343,293,308,334,351,351,351,276,291,291,370,370,388,388,388,105,124,150,150,36,36,36,52,84,109,109,109,109,109,109],"floor_reached":51,"language":"KOR","playtime":1433,"items_purged":["Strike_G","Strike_G"],"score":1351,"play_id":"b513988d-523c-4dce-9b0a-0d728175d218","local_time":"20210205234615","is_ascension_mode":true,"campfire_choices":[{"data":"Blade Dance","floor":6.0,"key":"SMITH"},{"data":"Footwork","floor":8.0,"key":"SMITH"},{"data":"Terror","floor":15.0,"key":"SMITH"},{"data":"Wraith Form v2","floor":23.0,"key":"SMITH"},{"data":"Cloak And Dagger","floor":29.0,"key":"SMITH"},{"data":"Blade Dance","floor":32.0,"key":"SMITH"},{"floor":41.0,"key":"RECALL"},{"floor":49.0,"key":"REST"}],"circlet_count":0,"master_deck":["AscendersBane","Defend_G","Defend_G","Defend_G","Defend_G","Defend_G","Survivor","Neutralize","Blade Dance+1","Blade Dance+1","Footwork+1","Accuracy","Infinite Blades","Terror+1","Accuracy","Wraith Form v2+1","PiercingWail","Deflect+1","Cloak And Dagger+1","Blur","Venomology+1","Phantasmal Killer","Bouncing Flask","Wraith Form v2+1"],"relics":["Ring of the Snake","NeowsBlessing","Omamori","The Courier","Mercury Hourglass","Potion Belt","Blue Candle","SacredBark","Regal Pillow","Tiny Chest","Velvet Choker","Kunai","Shuriken","Smiling Mask","Thread and Needle","MealTicket"],"acts_visited":["Exordium","TheCity","TheBeyond"],"potions_floor_usage":[51],"damage_taken":[{"damage":0.0,"enemies":"Cultist","floor":1.0,"turns":1.0},{"damage":0.0,"enemies":"Jaw Worm","floor":3.0,"turns":1.0},{"damage":0.0,"enemies":"2 Louse","floor":7.0,"turns":1.0},{"damage":0.0,"enemies":"Exordium Wildlife","floor":10.0,"turns":2.0},{"damage":10.0,"enemies":"3 Sentries","floor":11.0,"turns":5.0},{"damage":1.0,"enemies":"2 Fungi Beasts","floor":12.0,"turns":2.0},{"damage":7.0,"enemies":"Lagavulin","floor":14.0,"turns":5.0},{"damage":17.0,"enemies":"The Guardian","floor":16.0,"turns":9.0},{"damage":7.0,"enemies":"Shell Parasite","floor":18.0,"turns":4.0},{"damage":1.0,"enemies":"Chosen","floor":19.0,"turns":3.0},{"damage":1.0,"enemies":"Centurion and Healer","floor":21.0,"turns":4.0},{"damage":5.0,"enemies":"Snake Plant","floor":25.0,"turns":7.0},{"damage":0.0,"enemies":"Shelled Parasite and Fungi","floor":27.0,"turns":4.0},{"damage":19.0,"enemies":"Centurion and Healer","floor":31.0,"turns":6.0},{"damage":12.0,"enemies":"Collector","floor":33.0,"turns":8.0},{"damage":5.0,"enemies":"3 Shapes","floor":35.0,"turns":6.0},{"damage":0.0,"enemies":"Orb Walker","floor":39.0,"turns":5.0},{"damage":18.0,"enemies":"Reptomancer","floor":40.0,"turns":7.0},{"damage":21.0,"enemies":"Writhing Mass","floor":45.0,"turns":7.0},{"damage":31.0,"enemies":"Nemesis","floor":46.0,"turns":9.0},{"damage":81.0,"enemies":"Time Eater","floor":50.0,"turns":15.0},{"damage":0,"enemies":"Donu and Deca","floor":51,"turns":7}],"seed_played":"-6281391976221270974","potions_obtained":[{"floor":1.0,"key":"Fire Potion"},{"floor":10.0,"key":"Poison Potion"},{"floor":14.0,"key":"SneckoOil"},{"floor":16.0,"key":"SkillPotion"},{"floor":19.0,"key":"Fire Potion"},{"floor":21.0,"key":"Block Potion"},{"floor":27.0,"key":"Fire Potion"},{"floor":33.0,"key":"FearPotion"},{"floor":39.0,"key":"Swift Potion"},{"floor":40.0,"key":"SteroidPotion"},{"floor":45.0,"key":"SneckoOil"}],"is_trial":false,"path_per_floor":["M","T","M","?","T","R","M","R","T","M","E","M","?","E","R","B",null,"M","M","?","M","?","R","?","M","T","M","?","R","?","M","R","B",null,"M","T","?","$","M","E","R","$","T","?","M","E","T","?","R","B","B"],"character_chosen":"THE_SILENT","items_purchased":["Shuriken","Regen Potion"],"campfire_rested":1,"item_purchase_floors":[38,42],"current_hp_per_floor":[59,59,59,64,64,64,64,64,64,64,54,53,46,39,39,22,59,52,51,51,50,50,50,50,45,45,45,45,45,45,26,26,14,57,52,52,52,52,52,34,34,34,34,34,58,27,27,27,63,26,26,26],"gold":109,"neow_bonus":"THREE_ENEMY_KILL","is_daily":false,"chose_seed":false,"campfire_upgraded":6,"win_rate":0.0,"timestamp":1612536375,"path_taken":["M","?","M","?","?","R","M","R","T","?","E","M","?","E","R","BOSS","M","M","?","M","?","R","?","M","T","?","?","R","?","M","R","BOSS","M","?","?","$","?","E","R","$","T","?","M","E","?","?","R","BOSS","BOSS"],"items_purchased_type":["Relic","Potion"],"build_version":"2020-12-22","purchased_purges":2,"victory":false,"max_hp_per_floor":[66,66,66,71,71,71,71,71,71,71,71,71,71,71,71,71,71,71,71,71,71,71,71,71,71,71,71,71,71,71,71,71,71,71,71,71,71,71,71,71,71,71,71,71,71,71,71,71,71,71,71,71],"card_choices":[{"not_picked":["Leg Sweep","Deadly Poison"],"picked":"Blade Dance","floor":1.0},{"not_picked":["Underhanded Strike","PiercingWail"],"picked":"Blade Dance","floor":3.0},{"not_picked":["Noxious Fumes","Setup"],"picked":"Footwork","floor":7.0},{"not_picked":["Catalyst","Backflip"],"picked":"Accuracy","floor":10.0},{"not_picked":["Endless Agony","Slice"],"picked":"Infinite Blades","floor":11.0},{"not_picked":["Burst","Backflip"],"picked":"Terror","floor":12.0},{"not_picked":["Infinite Blades","Deflect"],"picked":"Accuracy","floor":14.0},{"not_picked":["Malaise","Adrenaline"],"picked":"Wraith Form v2","floor":16.0},{"not_picked":["Heel Hook","Terror"],"picked":"PiercingWail","floor":18.0},{"not_picked":["Deflect","Quick Slash","Bane"],"picked":"SKIP","floor":19.0},{"not_picked":["Masterful Stab","Underhanded Strike"],"picked":"Deflect+1","floor":21.0},{"not_picked":["Riddle With Holes","Deflect","Deadly Poison"],"picked":"SKIP","floor":25.0},{"not_picked":["Dodge and Roll","Noxious Fumes"],"picked":"Cloak And Dagger","floor":27.0},{"not_picked":["Underhanded Strike","Acrobatics","Poisoned Stab"],"picked":"SKIP","floor":31.0},{"not_picked":["Die Die Die","Unload"],"picked":"Venomology","floor":33.0},{"not_picked":["Blade Dance","Cloak And Dagger","Sucker Punch"],"picked":"SKIP","floor":35.0},{"not_picked":["Slice","Acrobatics+1","Caltrops"],"picked":"SKIP","floor":39.0},{"not_picked":["Setup+1","Underhanded Strike"],"picked":"Phantasmal Killer","floor":40.0},{"not_picked":["Eviscerate","Dagger Throw","Bouncing Flask"],"picked":"SKIP","floor":45.0},{"not_picked":["Underhanded Strike","Dagger Throw","Predator"],"picked":"SKIP","floor":46.0}],"player_experience":376352,"relics_obtained":[{"floor":2.0,"key":"Omamori"},{"floor":5.0,"key":"The Courier"},{"floor":9.0,"key":"Mercury Hourglass"},{"floor":11.0,"key":"Potion Belt"},{"floor":14.0,"key":"Blue Candle"},{"floor":26.0,"key":"Tiny Chest"},{"floor":36.0,"key":"Kunai"},{"floor":40.0,"key":"Smiling Mask"},{"floor":46.0,"key":"Thread and Needle"},{"floor":47.0,"key":"MealTicket"}],"event_choices":[{"damage_healed":0.0,"max_hp_gain":5.0,"max_hp_loss":0.0,"gold_gain":0.0,"event_name":"Big Fish","player_choice":"Donut","floor":4.0,"gold_loss":0.0,"damage_taken":0.0},{"cards_removed":["Strike_G"],"damage_healed":0.0,"max_hp_gain":0.0,"max_hp_loss":0.0,"gold_gain":0.0,"event_name":"Golden Wing","player_choice":"Card Removal","floor":13.0,"gold_loss":0.0,"damage_taken":7.0},{"damage_healed":0.0,"max_hp_gain":0.0,"max_hp_loss":0.0,"gold_gain":0.0,"event_name":"Ghosts","player_choice":"Ignored","floor":20.0,"gold_loss":0.0,"damage_taken":0.0},{"damage_healed":0.0,"max_hp_gain":0.0,"max_hp_loss":0.0,"gold_gain":0.0,"event_name":"Addict","player_choice":"Obtained Relic","floor":22.0,"gold_loss":85.0,"damage_taken":0.0,"relics_obtained":["Regal Pillow"]},{"damage_healed":0.0,"max_hp_gain":0.0,"max_hp_loss":0.0,"gold_gain":0.0,"event_name":"The Joust","player_choice":"Bet on Murderer","floor":24.0,"gold_loss":50.0,"damage_taken":0.0},{"damage_healed":0.0,"max_hp_gain":0.0,"max_hp_loss":0.0,"gold_gain":0.0,"event_name":"The Library","player_choice":"Read","floor":28.0,"gold_loss":0.0,"damage_taken":0.0,"cards_obtained":["Blur"]},{"cards_removed":["Strike_G"],"damage_healed":0.0,"max_hp_gain":0.0,"max_hp_loss":0.0,"gold_gain":0.0,"event_name":"Beggar","player_choice":"Gave Gold","floor":30.0,"gold_loss":75.0,"damage_taken":0.0},{"damage_healed":0.0,"max_hp_gain":0.0,"max_hp_loss":0.0,"gold_gain":0.0,"event_name":"Accursed Blacksmith","player_choice":"Forge","floor":37.0,"gold_loss":0.0,"damage_taken":0.0,"cards_upgraded":["Venomology"]},{"damage_healed":0.0,"max_hp_gain":0.0,"max_hp_loss":0.0,"gold_gain":0.0,"cards_transformed":["Strike_G"],"event_name":"Transmorgrifier","player_choice":"Transformed","floor":44.0,"gold_loss":0.0,"damage_taken":0.0,"cards_obtained":["Bouncing Flask"]},{"damage_healed":0.0,"max_hp_gain":0.0,"max_hp_loss":0.0,"gold_gain":0.0,"event_name":"Duplicator","player_choice":"Copied","floor":48.0,"gold_loss":0.0,"damage_taken":0.0,"cards_obtained":["Wraith Form v2"]}],"is_beta":false,"boss_relics":[{"not_picked":["Calling Bell","Cursed Key"],"picked":"SacredBark"},{"not_picked":["Busted Crown","Snecko Eye"],"picked":"Velvet Choker"}],"items_purged_floors":[38,42],"is_endless":false,"potions_floor_spawned":[1,10,14,16,19,21,27,33,39,40,45],"killed_by":"Donu and Deca","ascension_level":20}}