{"host":"80c6n8e3swdb4824","time":1612522747,"event":{"mods":["Act Like it!","BaseMod","BetterRewards","Highlight Path","Minty Spire (QoL Compilation)","Quick Restart","Rare Cards Sparkle","StSLib","SuperFastMode","The Cursed"],"gold_per_floor":[26,26,7,17,34,34,61,88,124,153,165,352,390,420,432,548,560,572,572],"floor_reached":18,"language":"ZHS","playtime":1801,"items_purged":["TheCursedMod:Defend_TheCursed","TheCursedMod:Strike_TheCursed","TheCursedMod:Defend_TheCursed"],"score":222,"play_id":"99ab0a07-0116-4ef5-a6b4-3b7ccbfc1dd2","local_time":"20210205185907","is_ascension_mode":false,"campfire_choices":[{"floor":6.0,"key":"REST"},{"floor":11.0,"key":"RECALL"},{"data":"TheCursedMod:CircleOfWindfury","floor":15.0,"key":"SMITH"}],"circlet_count":0,"master_deck":["TheCursedMod:Strike_TheCursed","TheCursedMod:Strike_TheCursed","TheCursedMod:Strike_TheCursed","TheCursedMod:Defend_TheCursed","TheCursedMod:Defend_TheCursed","TheCursedMod:CursedWand","TheCursedMod:CleanUpWorkshop","TheCursedMod:Dregs","TheCursedMod:ReleasedKnowledge","TheCursedMod:CircleOfWindfury+1","Secret Weapon+1","Good Instincts","Metamorphosis+1","Finesse","Violence","TheCursedMod:CircleOfCorruption","TheCursedMod:EmpowerCircles","TheCursedMod:CursedAmulet","TheCursedMod:HellsGateOpen","TheCursedMod:CursedAmulet","TheCursedMod:SurpriseAttack","Doubt","TheCursedMod:WearCloak","TheCursedMod:CircleOfBlood","TheCursedMod:Neurasthenia"],"relics":["TheCursedMod:BlackMagic101","Membership Card","MawBank","Strawberry","Black Star"],"acts_visited":["Exordium","TheCity"],"potions_floor_usage":[],"damage_taken":[{"damage":1.0,"enemies":"2 Louse","floor":1.0,"turns":2.0},{"damage":6.0,"enemies":"Small Slimes","floor":4.0,"turns":2.0},{"damage":2.0,"enemies":"Jaw Worm","floor":5.0,"turns":3.0},{"damage":0.0,"enemies":"Gremlin Nob","floor":7.0,"turns":2.0},{"damage":13.0,"enemies":"3 Louse","floor":8.0,"turns":2.0},{"damage":3.0,"enemies":"Lots of Slimes","floor":10.0,"turns":3.0},{"damage":0.0,"enemies":"3 Sentries","floor":13.0,"turns":3.0},{"damage":0.0,"enemies":"Exordium Thugs","floor":14.0,"turns":2.0},{"damage":32.0,"enemies":"The Guardian","floor":16.0,"turns":9.0},{"damage":0,"enemies":"2 Thieves","floor":18,"turns":1}],"seed_played":"4223991978987312969","potions_obtained":[{"floor":5.0,"key":"PowerPotion"},{"floor":8.0,"key":"DuplicationPotion"},{"floor":13.0,"key":"Weak Potion"}],"is_trial":false,"path_per_floor":["M","?","$","M","M","R","E","M","T","M","R","?","E","M","R","B",null,"M"],"character_chosen":"THE_CURSED","items_purchased":["Membership Card","TheCursedMod:ReleasedKnowledge","TheCursedMod:CircleOfWindfury","Secret Weapon","Good Instincts","Metamorphosis","Finesse","Weak Potion","TheCursedMod:EmpowerCircles"],"campfire_rested":1,"item_purchase_floors":[0,0,0,0,0,0,0,0,3],"current_hp_per_floor":[39,24,24,18,16,38,38,25,25,22,22,22,29,29,29,9,82,82,82],"gold":572,"neow_bonus":"","is_daily":false,"chose_seed":false,"campfire_upgraded":1,"win_rate":0.0,"timestamp":1612522747,"path_taken":["M","?","$","M","M","R","E","M","T","M","R","?","E","M","R","BOSS","M"],"items_purchased_type":["Relic","Card","Card","Card","Card","Card","Card","Potion","Card"],"build_version":"2020-12-22","purchased_purges":3,"victory":false,"max_hp_per_floor":[75,75,75,75,75,75,75,75,75,75,75,75,82,82,82,82,82,82,82],"card_choices":[{"not_picked":["TheCursedMod:TacticalStrike","TheCursedMod:AshesToAshes"],"picked":"TheCursedMod:CircleOfCorruption","floor":1.0},{"not_picked":["TheCursedMod:Stigma","TheCursedMod:Torture","TheCursedMod:RavingStaff"],"picked":"SKIP","floor":4.0},{"not_picked":["TheCursedMod:CircleOfAmplification","TheCursedMod:FleshFromBone"],"picked":"TheCursedMod:CursedAmulet","floor":5.0},{"not_picked":["TheCursedMod:Evocation","TheCursedMod:SaltUponWound"],"picked":"TheCursedMod:HellsGateOpen","floor":7.0},{"not_picked":["TheCursedMod:CursedMace","TheCursedMod:Mangle"],"picked":"TheCursedMod:CursedAmulet","floor":8.0},{"not_picked":["TheCursedMod:SpreadPlague","TheCursedMod:CircleOfCorruption"],"picked":"TheCursedMod:SurpriseAttack","floor":10.0},{"not_picked":["TheCursedMod:ReleasedStrength","TheCursedMod:CircleOfFlame"],"picked":"TheCursedMod:WearCloak","floor":13.0},{"not_picked":["TheCursedMod:Stretching","TheCursedMod:TacticalStrike"],"picked":"TheCursedMod:CircleOfBlood","floor":14.0},{"not_picked":["TheCursedMod:OutForBlood","TheCursedMod:ShockAndAwe"],"picked":"TheCursedMod:Neurasthenia","floor":16.0}],"player_experience":105876,"relics_obtained":[{"floor":7.0,"key":"MawBank"},{"floor":13.0,"key":"Strawberry"}],"event_choices":[{"damage_healed":0.0,"max_hp_gain":0.0,"max_hp_loss":0.0,"gold_gain":0.0,"event_name":"Shining Light","player_choice":"Entered Light","floor":2.0,"gold_loss":0.0,"damage_taken":15.0,"cards_upgraded":["Metamorphosis","Secret Weapon"]},{"damage_healed":0.0,"max_hp_gain":0.0,"max_hp_loss":0.0,"gold_gain":175.0,"event_name":"Liars Game","player_choice":"AGREE","floor":12.0,"gold_loss":0.0,"damage_taken":0.0,"cards_obtained":["Doubt"]}],"is_beta":false,"boss_relics":[{"not_picked":["SacredBark","Velvet Choker"],"picked":"Black Star"}],"items_purged_floors":[0,0,0],"is_endless":false,"potions_floor_spawned":[5,8,13],"killed_by":"2 Thieves","ascension_level":0}}