{"host":"vyjryxuuuxkt43k4","time":1612490484,"event":{"mods":["AchievementEnabler","BaseMod","Colored Map","DeckTracker","Highlight Path","Keyboard Shortcuts","Minty Spire (QoL Compilation)","Permanent Neow","Quick Restart","Relic Stats","StSLib","SuperFastMode","everything is the same but u backflip on backflip"],"gold_per_floor":[16,16,16,35,47,47,79,79,79,106,121,121,135,135,135,209,209,228,228,153,172,172,172,185,10,35,68,68,68,68,82,82,153,153,172,199,212,87,100,100,110,142,166,166,179,179,259,271,271,271,271],"floor_reached":50,"language":"KOR","playtime":3670,"items_purged":["Strike_P","Defend_P","Defend_P"],"score":893,"play_id":"0acc3e16-029e-45d2-b3cb-365420208e17","local_time":"20210205110124","is_ascension_mode":true,"campfire_choices":[{"data":"Eruption","floor":6.0,"key":"SMITH"},{"data":"Adaptation","floor":8.0,"key":"SMITH"},{"data":"Adaptation","floor":12.0,"key":"SMITH"},{"data":"EmptyFist","floor":15.0,"key":"SMITH"},{"data":"Vault","floor":23.0,"key":"SMITH"},{"data":"MentalFortress","floor":28.0,"key":"SMITH"},{"data":"Meditate","floor":30.0,"key":"SMITH"},{"data":"Vengeance","floor":32.0,"key":"SMITH"},{"data":"Ragnarok","floor":40.0,"key":"SMITH"},{"floor":49.0,"key":"RECALL"}],"circlet_count":0,"master_deck":["AscendersBane","Strike_P","Eruption+1","Vigilance","Adaptation+1","Ragnarok+1","Meditate+1","EmptyFist+1","Adaptation+1","FearNoEvil","InnerPeace","Vault+1","WreathOfFlame+1","MentalFortress+1","Vengeance+1","Blasphemy","Tantrum+1"],"relics":["PureWater","Calipers","Bottled Flame","Tiny Chest","Runic Pyramid","Nilry\u0027s Codex","Pear","War Paint","Gremlin Horn","Busted Crown","Smiling Mask","Toy Ornithopter","The Courier"],"acts_visited":["Exordium","TheCity","TheBeyond"],"potions_floor_usage":[50],"damage_taken":[{"damage":5.0,"enemies":"Small Slimes","floor":1.0,"turns":3.0},{"damage":1.0,"enemies":"Cultist","floor":4.0,"turns":3.0},{"damage":0.0,"enemies":"Jaw Worm","floor":5.0,"turns":3.0},{"damage":7.0,"enemies":"3 Sentries","floor":7.0,"turns":4.0},{"damage":20.0,"enemies":"Lagavulin","floor":10.0,"turns":3.0},{"damage":0.0,"enemies":"2 Fungi Beasts","floor":11.0,"turns":1.0},{"damage":0.0,"enemies":"Looter","floor":13.0,"turns":1.0},{"damage":14.0,"enemies":"The Guardian","floor":16.0,"turns":9.0},{"damage":0.0,"enemies":"Spheric Guardian","floor":18.0,"turns":1.0},{"damage":7.0,"enemies":"Chosen","floor":21.0,"turns":2.0},{"damage":0.0,"enemies":"Sentry and Sphere","floor":24.0,"turns":3.0},{"damage":0.0,"enemies":"Gremlin Leader","floor":27.0,"turns":3.0},{"damage":0.0,"enemies":"Centurion and Healer","floor":31.0,"turns":3.0},{"damage":20.0,"enemies":"Automaton","floor":33.0,"turns":6.0},{"damage":2.0,"enemies":"3 Shapes","floor":35.0,"turns":5.0},{"damage":0.0,"enemies":"Orb Walker","floor":37.0,"turns":3.0},{"damage":11.0,"enemies":"Transient","floor":39.0,"turns":5.0},{"damage":0.0,"enemies":"3 Darklings","floor":41.0,"turns":3.0},{"damage":2.0,"enemies":"Nemesis","floor":42.0,"turns":4.0},{"damage":1.0,"enemies":"Writhing Mass","floor":45.0,"turns":3.0},{"damage":34.0,"enemies":"Transient","floor":48.0,"turns":6.0},{"damage":26,"enemies":"Time Eater","floor":50,"turns":1}],"seed_played":"4097279801092681970","potions_obtained":[{"floor":1.0,"key":"Fire Potion"},{"floor":4.0,"key":"EntropicBrew"},{"floor":10.0,"key":"DuplicationPotion"},{"floor":11.0,"key":"PowerPotion"},{"floor":24.0,"key":"ColorlessPotion"},{"floor":27.0,"key":"CultistPotion"},{"floor":35.0,"key":"Energy Potion"},{"floor":37.0,"key":"BlessingOfTheForge"},{"floor":48.0,"key":"Energy Potion"}],"is_trial":false,"path_per_floor":["M","$","?","M","M","R","E","R","T","E","M","R","M","?","R","B",null,"M","?","$","M","T","R","M","$","T","E","R","$","R","M","R","B",null,"M","T","M","$","M","R","M","E","T","?","M","?","T","M","R","B"],"character_chosen":"WATCHER","items_purchased":["MentalFortress"],"campfire_rested":0,"item_purchase_floors":[25],"current_hp_per_floor":[56,56,56,55,55,55,48,48,48,28,28,28,28,21,21,7,53,53,37,37,30,40,40,40,40,40,40,40,40,40,40,40,20,64,62,62,62,62,51,51,51,49,49,49,48,48,48,14,14,0,0],"gold":271,"neow_bonus":"TRANSFORM_TWO_CARDS","is_daily":false,"chose_seed":false,"campfire_upgraded":9,"win_rate":0.0,"timestamp":1612490484,"path_taken":["M","$","?","M","M","R","E","R","T","E","M","R","?","?","R","BOSS","M","?","$","M","?","R","M","$","T","E","R","$","R","M","R","BOSS","M","?","M","$","M","R","M","E","T","?","M","?","?","M","R","BOSS"],"items_purchased_type":["Card"],"build_version":"2020-12-22","purchased_purges":3,"victory":false,"max_hp_per_floor":[68,68,68,68,68,68,68,68,68,68,68,68,68,68,68,68,68,68,68,68,68,78,78,78,78,78,78,78,78,78,78,78,78,78,78,78,78,78,78,78,78,78,78,78,78,78,78,78,78,78,78],"relic_stats":{"Busted Crown":14,"Gremlin Horn":[6,6],"counters":[22,75],"Tiny Chest":2,"War Paint":["Judgement","WreathOfFlame"],"Smiling Mask":0,"obtain_stats":[{"Calipers":7,"Pear":22,"Gremlin Horn":27,"Nilry\u0027s Codex":19,"The Courier":47,"War Paint":26,"Smiling Mask":42,"Bottled Flame":9,"Busted Crown":34,"Tiny Chest":10,"PureWater":0,"Toy Ornithopter":43,"Runic Pyramid":17},{"Calipers":4,"Pear":10,"Gremlin Horn":12,"Nilry\u0027s Codex":9,"The Courier":20,"War Paint":11,"Smiling Mask":19,"Bottled Flame":4,"Busted Crown":14,"Tiny Chest":5,"PureWater":0,"Toy Ornithopter":19,"Runic Pyramid":8},{"Calipers":13,"Pear":30,"Gremlin Horn":36,"Nilry\u0027s Codex":28,"The Courier":68,"War Paint":33,"Smiling Mask":65,"Bottled Flame":13,"Busted Crown":45,"Tiny Chest":16,"PureWater":0,"Toy Ornithopter":65,"Runic Pyramid":27}],"Toy Ornithopter":5},"card_choices":[{"not_picked":["Nirvana","ThirdEye"],"picked":"Meditate","floor":1.0},{"not_picked":["WindmillStrike","FlurryOfBlows"],"picked":"Adaptation","floor":4.0},{"not_picked":["Prostrate","Collect","SignatureMove"],"picked":"SKIP","floor":5.0},{"not_picked":["PathToVictory","Crescendo"],"picked":"Judgement","floor":7.0},{"not_picked":["JustLucky","FlurryOfBlows"],"picked":"FearNoEvil","floor":10.0},{"not_picked":["EmptyBody","Crescendo","PathToVictory"],"picked":"SKIP","floor":11.0},{"not_picked":["PathToVictory","CrushJoints"],"picked":"InnerPeace","floor":13.0},{"not_picked":["Scrawl","Brilliance"],"picked":"Vault","floor":16.0},{"not_picked":["Perseverance","SashWhip","ClearTheMind"],"picked":"SKIP","floor":18.0},{"not_picked":["SashWhip","ClearTheMind"],"picked":"WreathOfFlame","floor":21.0},{"not_picked":["Protect","FearNoEvil+1","EmptyFist"],"picked":"SKIP","floor":24.0},{"not_picked":["Perseverance","SandsOfTime","Nirvana"],"picked":"SKIP","floor":27.0},{"not_picked":["Protect","ReachHeaven"],"picked":"Vengeance","floor":31.0},{"not_picked":["Vault","LessonLearned"],"picked":"Blasphemy","floor":33.0},{"not_picked":[],"picked":"Tantrum+1","floor":35.0},{"not_picked":["FlyingSleeves+1"],"picked":"SKIP","floor":37.0},{"not_picked":["FlurryOfBlows"],"picked":"SKIP","floor":39.0},{"not_picked":["CarveReality"],"picked":"SKIP","floor":41.0},{"not_picked":["Consecrate"],"picked":"SKIP","floor":42.0},{"not_picked":["Consecrate"],"picked":"SKIP","floor":42.0},{"not_picked":["Protect+1"],"picked":"SKIP","floor":45.0},{"not_picked":["Fasting2"],"picked":"SKIP","floor":48.0}],"player_experience":725032,"relics_obtained":[{"floor":7.0,"key":"Calipers"},{"floor":9.0,"key":"Bottled Flame"},{"floor":10.0,"key":"Tiny Chest"},{"floor":19.0,"key":"Nilry\u0027s Codex"},{"floor":22.0,"key":"Pear"},{"floor":26.0,"key":"War Paint"},{"floor":27.0,"key":"Gremlin Horn"},{"floor":42.0,"key":"Smiling Mask"},{"floor":43.0,"key":"Toy Ornithopter"},{"floor":47.0,"key":"The Courier"}],"event_choices":[{"damage_healed":0.0,"max_hp_gain":0.0,"max_hp_loss":0.0,"gold_gain":0.0,"cards_transformed":["Defend_P"],"event_name":"Transmorgrifier","player_choice":"Transformed","floor":3.0,"gold_loss":0.0,"damage_taken":0.0,"cards_obtained":["EmptyFist"]},{"cards_removed":["Strike_P"],"damage_healed":0.0,"max_hp_gain":0.0,"max_hp_loss":0.0,"gold_gain":0.0,"event_name":"Golden Wing","player_choice":"Card Removal","floor":14.0,"gold_loss":0.0,"damage_taken":7.0},{"damage_healed":0.0,"max_hp_gain":0.0,"max_hp_loss":0.0,"gold_gain":0.0,"event_name":"Cursed Tome","player_choice":"Obtained Book","floor":19.0,"gold_loss":0.0,"damage_taken":16.0},{"damage_healed":0.0,"max_hp_gain":0.0,"max_hp_loss":0.0,"gold_gain":0.0,"event_name":"Tomb of Lord Red Mask","player_choice":"Ignored","floor":44.0,"gold_loss":0.0,"damage_taken":0.0},{"cards_removed":["Judgement"],"damage_healed":0.0,"max_hp_gain":0.0,"max_hp_loss":0.0,"gold_gain":0.0,"event_name":"Falling","player_choice":"Removed Skill","floor":46.0,"gold_loss":0.0,"damage_taken":0.0}],"is_beta":false,"boss_relics":[{"not_picked":["Runic Dome","Calling Bell"],"picked":"Runic Pyramid"},{"not_picked":["Snecko Eye","SlaversCollar"],"picked":"Busted Crown"}],"items_purged_floors":[20,25,38],"is_endless":false,"potions_floor_spawned":[1,4,10,11,13,24,27,35,37,42,48],"killed_by":"Time Eater","ascension_level":14}}