{"host":"zsnmfqgcm92hlreo","time":1612515464,"event":{"mods":["AchievementEnabler","BaseMod","Bestiary","Block Reminder","Colored Map","Colored Powertips","Minty Spire (QoL Compilation)","Permanent Neow","Quick Restart","Relic Stats","StSLib","Weighted Paths"],"gold_per_floor":[361,378,395,411,279,310,310,310,310,104,129,129,143,170,170,244,244,124,124,124,148,165,165,165,35,35,68,68,98,98,18,18,89,89,101,101,119,8,19,19,19,51,100,100,100],"floor_reached":44,"language":"ENG","playtime":2006,"items_purged":["Strike_G"],"score":1026,"play_id":"22dda73d-615a-4a70-a26a-07a8fa48586d","local_time":"20210205025744","is_ascension_mode":true,"campfire_choices":[{"floor":8.0,"key":"REST"},{"floor":12.0,"key":"REST"},{"floor":15.0,"key":"DIG"},{"floor":24.0,"key":"REST"},{"floor":28.0,"key":"DIG"},{"floor":30.0,"key":"REST"},{"data":"Noxious Fumes","floor":32.0,"key":"SMITH"},{"data":"Catalyst","floor":40,"key":"SMITH"}],"circlet_count":0,"master_deck":["AscendersBane","Strike_G","Strike_G","Defend_G","Defend_G","Defend_G","Defend_G","Defend_G","Survivor","Neutralize","All Out Attack","Masterful Stab","Footwork","Footwork","Cloak And Dagger","Noxious Fumes+1","Cloak And Dagger","Noxious Fumes+1","Leg Sweep","PiercingWail","Skewer","Footwork","Malaise","Backflip","Calculated Gamble","Choke","Footwork","Deflect","Well Laid Plans","Distraction+1","Backflip","Footwork","Burst","Deflect","Noxious Fumes","Catalyst+1","Caltrops"],"relics":["Ring of the Snake","White Beast Statue","Bird Faced Urn","Unceasing Top","Shovel","Juzu Bracelet","SlaversCollar","Lantern","Sundial","CaptainsWheel","Snake Skull","Orichalcum","Philosopher\u0027s Stone","Darkstone Periapt","Dream Catcher"],"acts_visited":["Exordium","TheCity","TheBeyond"],"potions_floor_usage":[],"damage_taken":[{"damage":4.0,"enemies":"Small Slimes","floor":1.0,"turns":4.0},{"damage":4.0,"enemies":"2 Louse","floor":2.0,"turns":2.0},{"damage":1.0,"enemies":"Cultist","floor":3.0,"turns":3.0},{"damage":9.0,"enemies":"Blue Slaver","floor":4.0,"turns":4.0},{"damage":19.0,"enemies":"3 Sentries","floor":6.0,"turns":6.0},{"damage":11.0,"enemies":"Lagavulin","floor":11.0,"turns":8.0},{"damage":0.0,"enemies":"2 Fungi Beasts","floor":13.0,"turns":4.0},{"damage":5.0,"enemies":"3 Sentries","floor":14.0,"turns":7.0},{"damage":7.0,"enemies":"Hexaghost","floor":16.0,"turns":12.0},{"damage":36.0,"enemies":"2 Thieves","floor":18.0,"turns":5.0},{"damage":5.0,"enemies":"Spheric Guardian","floor":22.0,"turns":6.0},{"damage":36.0,"enemies":"Gremlin Leader","floor":27.0,"turns":8.0},{"damage":10.0,"enemies":"Slavers","floor":29.0,"turns":6.0},{"damage":13.0,"enemies":"Automaton","floor":33.0,"turns":11.0},{"damage":1.0,"enemies":"3 Shapes","floor":35.0,"turns":6.0},{"damage":32,"enemies":"3 Darklings","floor":37,"turns":6},{"damage":10,"enemies":"Writhing Mass","floor":39,"turns":7},{"damage":31,"enemies":"Nemesis","floor":42,"turns":7},{"damage":65,"enemies":"Reptomancer","floor":44,"turns":2}],"seed_played":"-3154615733462787142","potions_obtained":[{"floor":4.0,"key":"FearPotion"},{"floor":6.0,"key":"Strength Potion"},{"floor":11.0,"key":"Fire Potion"},{"floor":14.0,"key":"GamblersBrew"},{"floor":27.0,"key":"Energy Potion"},{"floor":29.0,"key":"AttackPotion"},{"floor":33.0,"key":"DuplicationPotion"},{"floor":35.0,"key":"LiquidBronze"}],"is_trial":false,"path_per_floor":["M","M","M","M","$","E","?","R","T","$","E","R","M","E","R","B",null,"M","?","$","T","M","?","R","$","T","E","R","E","R","$","R","B",null,"M","?","M","$","M","R","$","E","T","E"],"character_chosen":"THE_SILENT","items_purchased":["Cloak And Dagger","Noxious Fumes","Noxious Fumes","Leg Sweep","Deflect","Well Laid Plans","Footwork","Deflect","Noxious Fumes"],"campfire_rested":4,"item_purchase_floors":[5,5,10,10,25,25,31,38,38],"current_hp_per_floor":[40,36,35,26,26,7,7,26,26,26,21,40,46,49,49,52,63,31,31,31,31,36,36,55,55,55,33,33,37,56,56,56,55,63,66,66,44,44,52,52,52,37,37,0,0],"gold":100,"neow_bonus":"TWO_FIFTY_GOLD","is_daily":false,"chose_seed":false,"campfire_upgraded":2,"win_rate":0.0,"timestamp":1612515464,"path_taken":["M","M","M","M","$","E","?","R","T","$","E","R","M","E","R","BOSS","M","?","$","?","M","?","R","$","T","E","R","E","R","?","R","BOSS","M","?","M","$","M","R","?","E","T","E"],"items_purchased_type":["Card","Card","Card","Card","Card","Card","Card","Card","Card"],"build_version":"2020-12-22","purchased_purges":1,"victory":false,"max_hp_per_floor":[66,66,66,66,66,66,66,66,66,66,66,66,66,66,66,66,66,66,66,66,66,66,66,66,66,66,66,66,66,66,66,66,66,66,66,66,66,66,66,66,66,66,66,66,66],"relic_stats":{"Darkstone Periapt":0,"Dream Catcher":0,"Shovel":2,"counters":[19,114],"Sundial":[4],"Bird Faced Urn":[140],"Snake Skull":[68],"Juzu Bracelet":0,"Orichalcum":[54],"obtain_stats":[{"Darkstone Periapt":42,"Lantern":21,"Snake Skull":28,"Juzu Bracelet":15,"Orichalcum":29,"White Beast Statue":6,"SlaversCollar":17,"CaptainsWheel":27,"Dream Catcher":43,"Shovel":14,"Sundial":26,"Bird Faced Urn":9,"Philosopher\u0027s Stone":34,"Unceasing Top":11,"Ring of the Snake":0},{"Darkstone Periapt":18,"Lantern":10,"Snake Skull":12,"Juzu Bracelet":8,"Orichalcum":13,"White Beast Statue":5,"SlaversCollar":9,"CaptainsWheel":12,"Dream Catcher":18,"Shovel":8,"Sundial":11,"Bird Faced Urn":5,"Philosopher\u0027s Stone":14,"Unceasing Top":6,"Ring of the Snake":0},{"Darkstone Periapt":112,"Lantern":55,"Snake Skull":69,"Juzu Bracelet":38,"Orichalcum":75,"White Beast Statue":19,"SlaversCollar":50,"CaptainsWheel":69,"Dream Catcher":112,"Shovel":38,"Sundial":61,"Bird Faced Urn":19,"Philosopher\u0027s Stone":86,"Unceasing Top":27,"Ring of the Snake":0}],"Unceasing Top":[22],"Ring of the Snake":[38]},"card_choices":[{"not_picked":["Slice","Underhanded Strike"],"picked":"All Out Attack","floor":1.0},{"not_picked":["Underhanded Strike","Eviscerate"],"picked":"Masterful Stab","floor":2.0},{"not_picked":["Blade Dance","Outmaneuver"],"picked":"Footwork","floor":3.0},{"not_picked":["Tactician","Dodge and Roll"],"picked":"Footwork","floor":4.0},{"not_picked":["Finisher","Bane"],"picked":"Cloak And Dagger","floor":6.0},{"not_picked":["Poisoned Stab","Venomology"],"picked":"PiercingWail","floor":11.0},{"not_picked":["Flying Knee","Outmaneuver"],"picked":"Skewer","floor":13.0},{"not_picked":["Deadly Poison","Escape Plan"],"picked":"Footwork","floor":14.0},{"not_picked":["Bullet Time","Night Terror"],"picked":"Malaise","floor":16.0},{"not_picked":["Deflect","Underhanded Strike"],"picked":"Backflip","floor":18.0},{"not_picked":["Poisoned Stab","Slice"],"picked":"Calculated Gamble","floor":22.0},{"not_picked":["PiercingWail","Doppelganger"],"picked":"Distraction+1","floor":27.0},{"not_picked":["Poisoned Stab","Infinite Blades"],"picked":"Backflip","floor":29.0},{"not_picked":["Adrenaline","Wraith Form v2"],"picked":"Burst","floor":33.0},{"not_picked":["Outmaneuver","Dash","Dagger Spray"],"picked":"SKIP","floor":35.0},{"not_picked":["Quick Slash","Backstab+1","Prepared"],"picked":"SKIP","floor":37},{"not_picked":["Dagger Spray","Underhanded Strike"],"picked":"Catalyst","floor":39},{"not_picked":["Footwork","PiercingWail+1"],"picked":"Caltrops","floor":42}],"player_experience":1024747,"relics_obtained":[{"floor":6.0,"key":"White Beast Statue"},{"floor":9.0,"key":"Bird Faced Urn"},{"floor":11.0,"key":"Unceasing Top"},{"floor":14.0,"key":"Shovel"},{"floor":15.0,"key":"Juzu Bracelet"},{"floor":21.0,"key":"Lantern"},{"floor":26.0,"key":"Sundial"},{"floor":27.0,"key":"CaptainsWheel"},{"floor":28.0,"key":"Snake Skull"},{"floor":29.0,"key":"Orichalcum"},{"floor":42,"key":"Darkstone Periapt"},{"floor":43,"key":"Dream Catcher"}],"event_choices":[{"damage_healed":0.0,"max_hp_gain":0.0,"max_hp_loss":0.0,"gold_gain":0.0,"event_name":"Living Wall","player_choice":"Grow","floor":7.0,"gold_loss":0.0,"damage_taken":0.0,"cards_upgraded":["Noxious Fumes"]},{"damage_healed":0.0,"max_hp_gain":0.0,"max_hp_loss":0.0,"gold_gain":0.0,"event_name":"N\u0027loth","player_choice":"Ignored","floor":19.0,"gold_loss":0.0,"damage_taken":0.0},{"damage_healed":0.0,"max_hp_gain":0.0,"max_hp_loss":0.0,"gold_gain":0.0,"cards_transformed":["Strike_G","Strike_G"],"event_name":"Drug Dealer","player_choice":"Became Test Subject","floor":23.0,"gold_loss":0.0,"damage_taken":0.0,"cards_obtained":["Choke","Footwork"]},{"damage_healed":0,"gold_gain":0,"player_choice":"Ignored","damage_taken":0,"max_hp_gain":0,"max_hp_loss":0,"event_name":"Mysterious Sphere","floor":36,"gold_loss":0}],"is_beta":false,"boss_relics":[{"not_picked":["Black Star","HoveringKite"],"picked":"SlaversCollar"},{"not_picked":["Sozu","Snecko Eye"],"picked":"Philosopher\u0027s Stone"}],"items_purged_floors":[10],"is_endless":false,"potions_floor_spawned":[4,6,11,13,14,16,18,22,27,29,33,35,37,39,42],"killed_by":"Reptomancer","ascension_level":20}}