{"host":"xp5rvh2jwe2ejyfm","time":1612536474,"event":{"mods":["2.2 Compatiblity","Aspiration","BaseMod","BetterRewards","Colored Powertips","Conspire","Downfall","GifTheSpireLib","Gremlin Mod","Hermit","Hubris","Jorbs\u0027s Wanderer Trilogy","Minty Spire (QoL Compilation)","Replay The Spire","Robot Space Explorer","Shade Mod","Somnambulant","StSLib","The Bug Knight","The Clintock","The Construct","The Cursed","The Disciple","The Forsaken","The Hierophant","The Necromancer","The Runesmith","The Servant 0.9.4","The Valiant","The Witch","thorton"],"gold_per_floor":[121,153,6,6,6,30,55,55,81,3,33,33,33,65,65,182,182,211,29,63,100,109,109,109],"floor_reached":22,"language":"ENG","playtime":1170,"items_purged":["Normality"],"score":228,"play_id":"2d7b4a0e-4400-4d5b-b5f5-3a305176dca2","local_time":"20210205094754","is_ascension_mode":false,"campfire_choices":[{"floor":12,"key":"REST"},{"floor":15,"key":"REST"}],"circlet_count":0,"master_deck":["thethorton:Strike","thethorton:Strike","thethorton:Strike","thethorton:Strike","thethorton:Defend","thethorton:Defend","thethorton:Defend","thethorton:SuperDefend","thethorton:Heckle","thethorton:CreditCard","thethorton:CashBash","thethorton:WhirlingBriefcase","thethorton:TakeAccounts","thethorton:OddChange","thethorton:TakeAccounts","thethorton:SheetShred+1","thethorton:PowerUp","thethorton:BusinessBash","thethorton:GoldBuffer","thethorton:CardboardBox","thethorton:OddChange+1","thethorton:PowerUp","thethorton:PowerUp","thethorton:FocusStrength"],"relics":["thethorton:CouragePotion","aspiration:MobileForge","Replay:Baseball"],"acts_visited":["Exordium","TheCity"],"potions_floor_usage":[7,16,20,21,22],"damage_taken":[{"damage":7,"enemies":"Small Slimes","floor":1,"turns":5},{"damage":12,"enemies":"Cultist","floor":2,"turns":5},{"damage":9,"enemies":"Jaw Worm","floor":6,"turns":4},{"damage":20,"enemies":"Exordium Thugs","floor":7,"turns":6},{"damage":17,"enemies":"Large Slime","floor":11,"turns":6},{"damage":13,"enemies":"Blue Slaver","floor":14,"turns":5},{"damage":0,"enemies":"Fading Forest","floor":16,"turns":11},{"damage":22,"enemies":"Shell Parasite","floor":18,"turns":11},{"damage":22,"enemies":"3 Byrds","floor":20,"turns":7},{"damage":19,"enemies":"Snake Plant","floor":21,"turns":7},{"damage":11,"enemies":"Centurion and Healer","floor":22,"turns":4}],"seed_played":"-5521614592853983589","potions_obtained":[{"floor":1,"key":"SpeedPotion"},{"floor":2,"key":"sneckomod:MuddlingPotion"},{"floor":4,"key":"SkillPotion"},{"floor":4,"key":"Venom Potion"},{"floor":14,"key":"SpeedPotion"},{"floor":18,"key":"PowerPotion"},{"floor":20,"key":"Reflective Coating"}],"is_trial":false,"path_per_floor":["M","M","$","?","$","M","M","?","T","$","M","R","?","M","R","B",null,"M","$","M","M","M"],"character_chosen":"THE_THORT","items_purchased":["thethorton:OddChange","thethorton:PowerUp","Replay:Baseball","thethorton:PowerUp"],"campfire_rested":2,"item_purchase_floors":[3,10,19,19],"current_hp_per_floor":[61,49,49,49,49,40,20,20,20,20,3,23,23,10,30,40,68,46,46,24,5,0,0,0],"gold":109,"neow_bonus":"THREE_CARDS","is_daily":false,"chose_seed":false,"campfire_upgraded":0,"win_rate":0.0,"timestamp":1612536474,"path_taken":["M","M","$","?","$","M","?","?","T","$","?","R","?","M","R","BOSS","M","$","M","M","M"],"items_purchased_type":["Card","Card","Relic","Card"],"build_version":"2020-12-22","purchased_purges":1,"victory":false,"max_hp_per_floor":[68,68,68,68,68,68,68,68,68,68,68,68,68,68,68,68,68,68,68,68,68,68,68,68],"card_choices":[{"not_picked":["thethorton:CoffeeBlast","thethorton:TakeAccounts"],"picked":"thethorton:CashBash","floor":0},{"not_picked":["thethorton:BattleTrash","thethorton:OddChange"],"picked":"thethorton:WhirlingBriefcase","floor":1},{"not_picked":["thethorton:DownPayment","thethorton:LongDaysWork"],"picked":"thethorton:TakeAccounts","floor":2},{"not_picked":["thethorton:DesperateRun","thethorton:DualBap"],"picked":"thethorton:TakeAccounts","floor":6},{"not_picked":["thethorton:DockPay","thethorton:BusinessBoom"],"picked":"thethorton:SheetShred","floor":7},{"not_picked":["thethorton:RunningFeint","thethorton:CallIn"],"picked":"thethorton:BusinessBash","floor":11},{"not_picked":["thethorton:DualBap","thethorton:SicklyRun"],"picked":"thethorton:GoldBuffer","floor":14},{"not_picked":["thethorton:Escape","thethorton:Fish"],"picked":"thethorton:CardboardBox","floor":16},{"not_picked":["thethorton:PowerUp","thethorton:PocketChange"],"picked":"thethorton:OddChange+1","floor":18},{"not_picked":["thethorton:SeeingDouble","thethorton:OddChange"],"picked":"thethorton:PowerUp","floor":20},{"not_picked":["thethorton:FeelNoBrain+1","thethorton:Distance"],"picked":"thethorton:FocusStrength","floor":21}],"player_experience":432943,"relics_obtained":[],"event_choices":[{"damage_healed":0,"gold_gain":0,"player_choice":"Got Potions","damage_taken":0,"max_hp_gain":0,"max_hp_loss":0,"event_name":"Lab","floor":4,"gold_loss":0},{"damage_healed":0,"gold_gain":0,"player_choice":"Forge","damage_taken":0,"max_hp_gain":0,"max_hp_loss":0,"event_name":"Accursed Blacksmith","floor":8,"gold_loss":0,"cards_upgraded":["thethorton:SheetShred"]},{"damage_healed":0,"gold_gain":0,"player_choice":"Ignored","damage_taken":0,"max_hp_gain":0,"max_hp_loss":0,"event_name":"NoteForYourself","floor":13,"gold_loss":0}],"is_beta":false,"boss_relics":[{"not_picked":["Replay:Wanted Poster","aspiration:SecretTechniqueScroll"],"picked":"aspiration:MobileForge"}],"items_purged_floors":[3],"is_endless":false,"potions_floor_spawned":[1,2,14,18,20],"killed_by":"Centurion and Healer","ascension_level":0}}