{"host":"w6ebodudjlk2jwu4","time":1612499784,"event":{"mods":["Act Like it!","Bard","BaseMod","Beaked The Cultist","Colored Map","Glutton Mod","Hermit","Highlight Path","Infinite Spire","Jorbs\u0027s Wanderer Trilogy","Koishi","Mad Scientist","Marisa????????","Minty Spire (QoL Compilation)","Relic Stats","Replay The Spire","Robot Space Explorer","StSLib","The Administrix","The Blue Laboratory","The Bug Knight","The Construct","The Cursed","The Marked","The Mystic","The Servant 0.9.4","The Witch","Wandering Minibosses"],"gold_per_floor":[109,122,132,148,0,0,0,0,29,29,55,85,85,120,120,130,130,225,225,256,287,322,322,340,340,360,387,414,414,414,414,432,357,357,467,467,504,524,544,844,856,856,866,866,889,889,915,434,434,447,447,447],"floor_reached":53,"language":"ENG","playtime":4025,"items_purged":["Parasite"],"score":744,"play_id":"96c94441-ca0d-42cc-9b07-3422732d49f5","local_time":"20210204203624","is_ascension_mode":false,"campfire_choices":[{"data":"hermit:Vantage","floor":8,"key":"SMITH"},{"data":"hermit:DeadOrAlive","floor":10,"key":"SMITH"},{"data":"hermit:Brawl","floor":17,"key":"SMITH"},{"floor":25,"key":"REST"},{"floor":29,"key":"REST"},{"data":"RitualDagger","floor":34,"key":"SMITH"},{"data":"hermit:Vantage","floor":42,"key":"SMITH"},{"floor":44,"key":"REST"},{"data":"infinitespire:SevenWalls","floor":46,"key":"SMITH"},{"data":"hermit:FatalDesire","floor":51,"key":"SMITH"}],"circlet_count":0,"master_deck":["hermit:Strike_Hermit","hermit:Strike_Hermit","hermit:Strike_Hermit","hermit:Defend_Hermit","hermit:Defend_Hermit","hermit:Defend_Hermit","hermit:Defend_Hermit","hermit:Snapshot","hermit:Covet","hermit:GoldenBullet","hermit:BigShot","hermit:Roulette","hermit:Vantage+1","hermit:DeadOrAlive+1","hermit:Brawl+1","hermit:Enervate","hermit:Magnum","hermit:TakeCover","hermit:Headshot","hermit:Manifest","infinitespire:SevenWalls+1","hermit:RoundhouseKick","hermit:Vantage+1","hermit:Scavenge","RitualDagger+1","hermit:Spite+1","hermit:FatalDesire+1","hermit:Feint+1","hermit:GoldenBullet+1","hermit:ShadowCloak+1","hermit:Manifest+1","hermit:ShadowCloak+1","Pot Of Greed","Pot Of Greed","Pot Of Greed","hermit:Maintenance","infinitespire:Execution","hermit:Vantage+1"],"relics":["hermit:Momento","Tiny Chest","Simple Rune","ReplayTheSpireMod:Lightbulb","Odd Mushroom","Potion Belt","HollowMod:LifeEnderRelic","beaked:MawFillet","Turnip","HollowMod:PaleOreRelic","Replay:Bottled Eggs","Replay:Cursed D8","Old Coin","Grinning Jar","Shuriken","infinitespire:PuzzleCube"],"acts_visited":["Exordium","TheCity","TheBeyond"],"potions_floor_usage":[14,18,24,35,35,38,43,52,52],"damage_taken":[{"damage":0,"enemies":"Cultist","floor":1,"turns":4},{"damage":0,"enemies":"2 Louse","floor":2,"turns":3},{"damage":0,"enemies":"Small Slimes","floor":3,"turns":3},{"damage":5,"enemies":"Looter","floor":4,"turns":3},{"damage":15,"enemies":"3 Sentries","floor":9,"turns":9},{"damage":14,"enemies":"The Mushroom Lair","floor":12,"turns":4},{"damage":10,"enemies":"Lagavulin","floor":14,"turns":5},{"damage":11,"enemies":"Blue Slaver","floor":16,"turns":3},{"damage":26,"enemies":"Hexaghost","floor":18,"turns":9},{"damage":7,"enemies":"2 Thieves","floor":20,"turns":4},{"damage":53,"enemies":"Book of Stabbing","floor":21,"turns":6},{"damage":0,"enemies":"Chosen","floor":22,"turns":2},{"damage":13,"enemies":"Shelled Parasite and Fungi","floor":24,"turns":5},{"damage":0,"enemies":"Snecko","floor":26,"turns":4},{"damage":0,"enemies":"Centurion and Healer","floor":27,"turns":6},{"damage":2,"enemies":"Sentry and Sphere","floor":32,"turns":7},{"damage":19,"enemies":"Collector","floor":35,"turns":14},{"damage":2,"enemies":"3 Shapes","floor":37,"turns":5},{"damage":7,"enemies":"3 Darklings","floor":38,"turns":8},{"damage":10,"enemies":"Writhing Mass","floor":39,"turns":9},{"damage":0,"enemies":"4 Shapes","floor":41,"turns":5},{"damage":23,"enemies":"Sphere and 2 Shapes","floor":43,"turns":5},{"damage":0,"enemies":"Giant Head","floor":47,"turns":12},{"damage":0,"enemies":"Maw","floor":50,"turns":7},{"damage":11,"enemies":"Time Eater","floor":52,"turns":12}],"seed_played":"-4451300923879572073","potions_obtained":[{"floor":4,"key":"construct:ShiftPotion"},{"floor":9,"key":"BlessingOfTheForge"},{"floor":12,"key":"Weak Potion"},{"floor":14,"key":"blueLaboratory:PhilterOfMotion"},{"floor":16,"key":"blueLaboratory:BottleOfRum"},{"floor":20,"key":"blueLaboratory:PhilterOfMotion"},{"floor":22,"key":"SkillPotion"},{"floor":26,"key":"Elixir"},{"floor":32,"key":"BlessingOfTheForge"},{"floor":37,"key":"Toxic Potion"},{"floor":39,"key":"LiquidMemories"},{"floor":47,"key":"blueLaboratory:FruitPunch"},{"floor":50,"key":"hermit:Eclipse"}],"is_trial":false,"path_per_floor":["M","M","M","M","$","PTL","PTL","R","E","R","T","?","?","E","?","M","R","B",null,"M","E","M","AVR","M","R","M","M","T","R","T","?","M","?","R","B",null,"M","M","M","AVR","M","R","M","R","T","R","E","?","T","M","R","B",null],"character_chosen":"HERMIT","items_purchased":["Tiny Chest"],"campfire_rested":3,"item_purchase_floors":[5],"current_hp_per_floor":[82,82,82,77,77,77,77,77,62,62,62,48,75,65,65,54,54,28,82,75,22,22,22,9,33,33,33,33,57,57,51,49,49,49,30,82,80,73,63,63,63,63,40,63,63,63,63,63,63,63,63,54],"gold":447,"neow_bonus":"TEN_PERCENT_HP_BONUS","is_daily":false,"chose_seed":false,"campfire_upgraded":7,"win_rate":0.0,"timestamp":1612499784,"path_taken":["M","M","M","M","$","PTL","PTL","R","E","R","T","?","?","E","?","M","R","BOSS","M","E","M","AVR","M","R","M","M","T","R","?","?","M","?","R","BOSS","M","M","M","AVR","M","R","M","R","T","R","E","?","?","M","R","BOSS"],"items_purchased_type":["Relic"],"build_version":"2020-12-22","purchased_purges":1,"victory":true,"max_hp_per_floor":[82,82,82,82,82,82,82,82,82,82,82,82,82,82,82,82,82,82,82,82,82,82,82,82,82,82,82,82,82,82,82,82,82,82,82,82,82,82,82,79,79,79,79,79,79,79,79,79,79,79,79,81],"relic_stats":{"counters":[25,154],"Shuriken":[5],"Tiny Chest":2,"Turnip":[26],"obtain_stats":[{"Potion Belt":14,"HollowMod:LifeEnderRelic":15,"Odd Mushroom":12,"Old Coin":40,"Shuriken":47,"Replay:Cursed D8":36,"Tiny Chest":5,"Simple Rune":9,"beaked:MawFillet":19,"Turnip":21,"HollowMod:PaleOreRelic":28,"Replay:Bottled Eggs":30,"Grinning Jar":45,"ReplayTheSpireMod:Lightbulb":11,"hermit:Momento":0,"infinitespire:PuzzleCube":49},{"Potion Belt":7,"HollowMod:LifeEnderRelic":7,"Odd Mushroom":6,"Old Coin":20,"Shuriken":23,"Replay:Cursed D8":17,"Tiny Chest":4,"Simple Rune":5,"beaked:MawFillet":9,"Turnip":11,"HollowMod:PaleOreRelic":15,"Replay:Bottled Eggs":15,"Grinning Jar":22,"ReplayTheSpireMod:Lightbulb":5,"hermit:Momento":0,"infinitespire:PuzzleCube":23},{"Potion Belt":31,"HollowMod:LifeEnderRelic":31,"Odd Mushroom":26,"Old Coin":113,"Shuriken":135,"Replay:Cursed D8":91,"Tiny Chest":13,"Simple Rune":22,"beaked:MawFillet":43,"Turnip":53,"HollowMod:PaleOreRelic":70,"Replay:Bottled Eggs":70,"Grinning Jar":123,"ReplayTheSpireMod:Lightbulb":22,"hermit:Momento":0,"infinitespire:PuzzleCube":135}]},"card_choices":[{"not_picked":["hermit:TrackingShot","hermit:ItchyTrigger"],"picked":"hermit:GoldenBullet","floor":1},{"not_picked":["hermit:NoHoldsBarred","hermit:PistolWhip"],"picked":"hermit:BigShot","floor":2},{"not_picked":["hermit:Midnight","hermit:Coalescence"],"picked":"hermit:Roulette","floor":3},{"not_picked":["hermit:Misfire","hermit:CalledShot"],"picked":"hermit:Vantage","floor":4},{"not_picked":["hermit:Roulette","hermit:Cheat"],"picked":"hermit:DeadOrAlive","floor":9},{"not_picked":["hermit:Determination","hermit:LuckOfTheDraw"],"picked":"hermit:Brawl","floor":12},{"not_picked":["hermit:SprayPray","hermit:HighCaliber"],"picked":"hermit:Enervate","floor":14},{"not_picked":["hermit:Coalescence","hermit:HighCaliber","hermit:Snipe"],"picked":"SKIP","floor":16},{"not_picked":["hermit:Adapt","hermit:Gambit"],"picked":"hermit:Magnum","floor":18},{"not_picked":["hermit:Glare","hermit:Feint+1"],"picked":"hermit:TakeCover","floor":20},{"not_picked":["hermit:SprayPray","hermit:PistolWhip"],"picked":"hermit:Headshot","floor":21},{"not_picked":["hermit:CursedWeapon","hermit:Feint"],"picked":"hermit:Manifest","floor":22},{"not_picked":["hermit:TakeAim+1","hermit:Ricochet"],"picked":"hermit:RoundhouseKick","floor":24},{"not_picked":["hermit:ShadowCloak","hermit:FullyLoaded"],"picked":"hermit:Vantage","floor":26},{"not_picked":["hermit:LowProfile","hermit:Grudge"],"picked":"hermit:Scavenge","floor":27},{"not_picked":["hermit:HighCaliber","hermit:Roulette"],"picked":"hermit:Spite+1","floor":32},{"not_picked":["hermit:Roughhouse","hermit:RoundhouseKick"],"picked":"hermit:FatalDesire","floor":35},{"not_picked":["hermit:Desperado+1","hermit:Enervate"],"picked":"hermit:Feint+1","floor":37},{"not_picked":["hermit:Feint","hermit:ItchyTrigger+1"],"picked":"hermit:GoldenBullet+1","floor":38},{"not_picked":["hermit:Enervate+1","hermit:Roulette+1"],"picked":"hermit:ShadowCloak+1","floor":39},{"not_picked":["hermit:FatalDesire","hermit:WideOpen+1"],"picked":"hermit:Manifest+1","floor":41},{"not_picked":["hermit:Dive","hermit:Headshot+1"],"picked":"hermit:ShadowCloak+1","floor":43},{"not_picked":["hermit:Malice","hermit:Ricochet+1"],"picked":"hermit:Maintenance","floor":47},{"not_picked":["infinitespire:SealOfDarkness+","infinitespire:DeathsTouch"],"picked":"infinitespire:Execution","floor":48},{"not_picked":["hermit:ItchyTrigger","hermit:LowProfile+1"],"picked":"hermit:Vantage+1","floor":50}],"player_experience":160060,"relics_obtained":[{"floor":9,"key":"Simple Rune"},{"floor":11,"key":"ReplayTheSpireMod:Lightbulb"},{"floor":12,"key":"Odd Mushroom"},{"floor":14,"key":"Potion Belt"},{"floor":15,"key":"HollowMod:LifeEnderRelic"},{"floor":21,"key":"Turnip"},{"floor":28,"key":"HollowMod:PaleOreRelic"},{"floor":30,"key":"Replay:Bottled Eggs"},{"floor":45,"key":"Grinning Jar"},{"floor":47,"key":"Shuriken"},{"floor":49,"key":"infinitespire:PuzzleCube"}],"event_choices":[{"damage_healed":0,"gold_gain":0,"player_choice":"Fought Mushrooms","damage_taken":0,"max_hp_gain":0,"max_hp_loss":0,"event_name":"Mushrooms","floor":12,"gold_loss":0},{"damage_healed":27,"gold_gain":0,"player_choice":"Banana","damage_taken":0,"max_hp_gain":0,"max_hp_loss":0,"event_name":"Big Fish","floor":13,"gold_loss":0},{"damage_healed":0,"gold_gain":0,"player_choice":"Joined the Cult","damage_taken":6,"max_hp_gain":0,"max_hp_loss":0,"event_name":"Nest","floor":31,"gold_loss":0,"cards_obtained":["RitualDagger"]},{"cards_removed":["hermit:Strike_Hermit"],"damage_healed":0,"gold_gain":0,"player_choice":"Gave Gold","damage_taken":0,"max_hp_gain":0,"max_hp_loss":0,"event_name":"Beggar","floor":33,"gold_loss":75}],"is_beta":false,"boss_relics":[{"not_picked":["Replay:Wanted Poster","Cursed Key"],"picked":"beaked:MawFillet"},{"not_picked":["Honey Jar","Abe\u0027s Treasure"],"picked":"Replay:Cursed D8"}],"items_purged_floors":[40],"is_endless":false,"potions_floor_spawned":[4,9,12,14,16,20,22,26,32,37,39,47,50],"ascension_level":0}}