{"host":"rihxvzvzrfpivboj","time":1612557832,"event":{"mods":["Act Like it!","BaseMod","Better Third Choice","Block Reminder","Colored Map","Colored Powertips","Downfall","Gensokyo","GifTheSpireLib","Googly Eyes","Keyboard Shortcuts","Minty Spire (QoL Compilation)","Quick Restart","Relic Sorter","StSLib","SuperFastMode","Unceasing Turn Reminder","Waifu the Spire"],"gold_per_floor":[110,110,110,110,121,156,169,169,169,194,207,221,237,254,254,333,333,348,348,348,367,380,380,412,412,439,472,472,488,368,368,368,443,443,462,511,525,525,17,17,317,317,317,344,132,145,171,181,181,181,181],"floor_reached":50,"language":"ENG","playtime":2311,"items_purged":["Pain"],"score":1175,"play_id":"4d4384c1-32a1-4264-9464-11e6771e1a74","local_time":"20210205214352","is_ascension_mode":true,"campfire_choices":[{"data":"Body Slam","floor":8,"key":"SMITH"},{"data":"Shockwave","floor":15,"key":"SMITH"},{"data":"True Grit","floor":23,"key":"SMITH"},{"data":"Barricade","floor":25,"key":"SMITH"},{"data":"Gensokyo:FourOfAKind","floor":32,"key":"SMITH"},{"data":"Gensokyo:FourOfAKind","floor":40,"key":"SMITH"},{"data":"Gensokyo:FourOfAKind","floor":42,"key":"SMITH"},{"floor":49,"key":"RECALL"}],"circlet_count":0,"master_deck":["AscendersBane","Strike_R","Strike_R","Strike_R","Strike_R","Strike_R","Defend_R","Defend_R","Defend_R","Defend_R","Shrug It Off","Injury","Infernal Blade","Body Slam+1","Shockwave+1","Barricade+1","True Grit","Bludgeon","Impervious","True Grit+1","Power Through","Evolve","Battle Trance","Immolate","Metallicize","Gensokyo:FourOfAKind+1","Gensokyo:FourOfAKind","Gensokyo:FourOfAKind+1","Gensokyo:FourOfAKind+1","Battle Trance+1","Corruption","Feed","Shrug It Off","Gensokyo:FourOfAKind+1","Burning Pact+1"],"relics":["Black Blood","NeowsBlessing","Gensokyo:LunaticRedEyes","Mercury Hourglass","Happy Flower","Toy Ornithopter","Question Card","Oddly Smooth Stone","Black Star","Gensokyo:MosesMiracle","Shuriken","Mummified Hand","Tiny Chest","Strawberry","Meat on the Bone","Gensokyo:LionMask","PreservedInsect","Gensokyo:TheCrow","Vajra","Gremlin Horn","Old Coin","Blue Candle","Smiling Mask","Boot","DollysMirror"],"acts_visited":["Exordium","Gensokyo:Gensokyo","Gensokyo:Gensokyoer"],"potions_floor_usage":[10,16,16,24,46,50,50],"damage_taken":[{"damage":0,"enemies":"Gensokyo:Python","floor":1,"turns":1},{"damage":0,"enemies":"Gensokyo:Gryphon","floor":5,"turns":1},{"damage":0,"enemies":"Gensokyo:Aya","floor":6,"turns":1},{"damage":0,"enemies":"Gensokyo:2_Kodama","floor":7,"turns":3},{"damage":26,"enemies":"Gensokyo:Mamizou","floor":10,"turns":10},{"damage":11,"enemies":"Gensokyo:VengefulSpirit","floor":11,"turns":5},{"damage":8,"enemies":"Gensokyo:LivingMonolith","floor":12,"turns":4},{"damage":5,"enemies":"Gensokyo:2_Rabbits","floor":13,"turns":4},{"damage":0,"enemies":"Gensokyo:3_Kodama","floor":14,"turns":3},{"damage":29,"enemies":"Gensokyo:Reimu","floor":16,"turns":7},{"damage":3,"enemies":"Gensokyo:AngelMirror","floor":18,"turns":3},{"damage":18,"enemies":"Gensokyo:Chomper","floor":21,"turns":5},{"damage":12,"enemies":"Gensokyo:Wraith","floor":22,"turns":3},{"damage":29,"enemies":"Gensokyo:Tenshi","floor":24,"turns":6},{"damage":8,"enemies":"Gensokyo:Koishi","floor":27,"turns":8},{"damage":4,"enemies":"Gensokyo:Slime_Group","floor":29,"turns":3},{"damage":17,"enemies":"Gensokyo:Kaguya","floor":33,"turns":12},{"damage":4,"enemies":"Gensokyo:3_Bats","floor":35,"turns":4},{"damage":1,"enemies":"Gensokyo:AncientGuardian","floor":37,"turns":9},{"damage":20,"enemies":"Gensokyo:Kasen","floor":44,"turns":5},{"damage":8,"enemies":"Gensokyo:SeedOfUnknown","floor":46,"turns":6},{"damage":24,"enemies":"Gensokyo:AtlasGolem","floor":48,"turns":6},{"damage":105,"enemies":"Gensokyo:Scarlet_Devils","floor":50,"turns":8}],"seed_played":"4156240693214614757","potions_obtained":[{"floor":1,"key":"Strength Potion"},{"floor":6,"key":"AttackPotion"},{"floor":10,"key":"LiquidMemories"},{"floor":21,"key":"BloodPotion"},{"floor":27,"key":"Regen Potion"},{"floor":37,"key":"SpeedPotion"},{"floor":48,"key":"SpeedPotion"}],"is_trial":false,"path_per_floor":["M","?","?","?","M","E","M","R","T","E","M","M","M","M","R","B",null,"M","?","?","M","M","R","E","R","T","E","?","M","?","?","R","B",null,"M","T","M","?","$","R","?","R","T","E","$","M","T","M","R","B"],"character_chosen":"IRONCLAD","items_purchased":["Shrug It Off","Vajra","Gremlin Horn","DollysMirror"],"campfire_rested":0,"item_purchase_floors":[39,39,39,45],"current_hp_per_floor":[74,74,74,74,75,75,75,75,75,55,50,48,49,55,55,42,67,70,70,70,58,52,52,49,49,49,54,54,54,54,54,54,43,51,54,54,54,54,54,54,27,27,27,34,34,60,60,51,51,0,0],"gold":181,"neow_bonus":"THREE_ENEMY_KILL","is_daily":false,"chose_seed":false,"campfire_upgraded":7,"win_rate":0.0,"timestamp":1612557832,"path_taken":["M","?","?","?","M","E","M","R","T","E","M","?","M","M","R","BOSS","M","?","?","M","?","R","E","R","T","E","?","M","?","?","R","BOSS","M","?","M","?","$","R","?","R","T","E","$","?","?","M","R","BOSS"],"items_purchased_type":["Card","Relic","Relic","Relic"],"build_version":"2020-12-22","purchased_purges":1,"victory":false,"max_hp_per_floor":[75,75,75,75,75,75,75,75,75,75,75,75,75,75,75,75,75,75,75,75,75,75,75,75,75,75,82,54,54,54,54,54,54,54,54,54,54,54,54,54,54,54,54,57,57,60,60,63,63,63,63],"card_choices":[{"not_picked":["Rampage","Evolve"],"picked":"Shrug It Off","floor":1},{"not_picked":["Thunderclap","Sword Boomerang","Dark Embrace"],"picked":"SKIP","floor":5},{"not_picked":["True Grit","Second Wind"],"picked":"Infernal Blade","floor":6},{"not_picked":["Heavy Blade","Wild Strike"],"picked":"Body Slam","floor":7},{"not_picked":["Warcry","Wild Strike","Clothesline"],"picked":"Shockwave","floor":10},{"not_picked":["Perfected Strike","Intimidate","Cleave"],"picked":"Barricade","floor":11},{"not_picked":["Intimidate","Heavy Blade","Clash"],"picked":"True Grit","floor":12},{"not_picked":["Bloodletting","Heavy Blade","Clothesline","Perfected Strike"],"picked":"SKIP","floor":13},{"not_picked":["Inflame","Cleave","Anger"],"picked":"Bludgeon","floor":14},{"not_picked":["Berserk","Exhume","Barricade"],"picked":"Impervious","floor":16},{"not_picked":["Perfected Strike","Thunderclap","Anger"],"picked":"True Grit","floor":18},{"not_picked":["Burning Pact","Armaments","Shrug It Off"],"picked":"Evolve","floor":21},{"not_picked":["Twin Strike","Perfected Strike+1","Burning Pact"],"picked":"Battle Trance","floor":22},{"not_picked":["Twin Strike+1","Warcry","Perfected Strike"],"picked":"Immolate","floor":24},{"not_picked":["Sword Boomerang","Armaments","Twin Strike"],"picked":"Metallicize","floor":27},{"not_picked":["Pummel","Body Slam","Thunderclap"],"picked":"Battle Trance+1","floor":29},{"not_picked":["Bludgeon","Impervious","Immolate"],"picked":"Corruption","floor":33},{"not_picked":["Infernal Blade","Warcry","Anger","Hemokinesis"],"picked":"SKIP","floor":35},{"not_picked":["Pommel Strike","Body Slam+1","Sword Boomerang"],"picked":"Feed","floor":37},{"not_picked":["Armaments","Thunderclap","Hemokinesis","Heavy Blade+1"],"picked":"SKIP","floor":44},{"not_picked":["Disarm","Clash","Wild Strike+1"],"picked":"Burning Pact+1","floor":46},{"not_picked":["Seeing Red+1","Rampage","True Grit","Carnage"],"picked":"SKIP","floor":48}],"player_experience":1127465,"relics_obtained":[{"floor":6,"key":"Toy Ornithopter"},{"floor":9,"key":"Question Card"},{"floor":10,"key":"Oddly Smooth Stone"},{"floor":24,"key":"Gensokyo:MosesMiracle"},{"floor":24,"key":"Shuriken"},{"floor":24,"key":"Mummified Hand"},{"floor":26,"key":"Tiny Chest"},{"floor":27,"key":"Strawberry"},{"floor":27,"key":"Meat on the Bone"},{"floor":36,"key":"PreservedInsect"},{"floor":43,"key":"Blue Candle"},{"floor":44,"key":"Smiling Mask"},{"floor":44,"key":"Boot"}],"event_choices":[],"is_beta":false,"boss_relics":[{"not_picked":["Ectoplasm","SacredBark"],"picked":"Black Star"},{"not_picked":["bronze:MakeshiftBattery","Velvet Choker"],"picked":"Black Blood"}],"items_purged_floors":[45],"is_endless":false,"potions_floor_spawned":[1,6,7,10,14,21,27,37,44,48],"killed_by":"Gensokyo:Scarlet_Devils","ascension_level":20}}