{"host":"skr63qsdfgeey3it","time":1612560568,"event":{"mods":["BaseMod","Colored Map","Hubris","Minty Spire (QoL Compilation)","Monster B Gone","Reliquary","Replay The Spire","Spicy Shops","StSLib"],"gold_per_floor":[116,116,116,116,134,160,160,176,176,176,176,141,28,28,28,105,105,124,223,223,223,238,265,265,265,265],"floor_reached":25,"language":"ENG","playtime":905,"items_purged":[],"score":366,"play_id":"ecc8c8df-b3c9-40fc-b2ed-1dcedc4d0e80","local_time":"20210205152928","is_ascension_mode":true,"campfire_choices":[{"floor":11,"key":"REST"},{"data":"Whirlwind","floor":15,"key":"SMITH"},{"floor":24,"key":"DIG"}],"circlet_count":0,"master_deck":["AscendersBane","Strike_R","Strike_R","Strike_R","Strike_R","Strike_R","Defend_R","Defend_R","Defend_R","Defend_R","Bash+1","Thunderclap","Rampage","Whirlwind+1","Life Link","Offering","Heavy Blade+1","Offering","Shame","ReplayReversal","hubris:ReadiedAction"],"relics":["Burning Blood","Juzu Bracelet","hubris:Potato","hubris:TenFootPole","hubris:BundleOfHerbs","hubris:TinFlute","ChewingGum","hubris:SlimyHat","Shovel","Replay:Bottled Snecko"],"acts_visited":["Exordium","TheCity"],"potions_floor_usage":[6,23,25],"damage_taken":[{"damage":9,"enemies":"2 Louse","floor":1,"turns":4},{"damage":7,"enemies":"Jaw Worm","floor":5,"turns":3},{"damage":50,"enemies":"Lagavulin","floor":6,"turns":6},{"damage":1,"enemies":"Cultist","floor":8,"turns":3},{"damage":43,"enemies":"Slime Boss","floor":16,"turns":7},{"damage":2,"enemies":"Chosen","floor":18,"turns":4},{"damage":25,"enemies":"3 Byrds","floor":22,"turns":4},{"damage":35,"enemies":"Slavers","floor":23,"turns":4},{"damage":38,"enemies":"Gremlin Leader","floor":25,"turns":4}],"seed_played":"-2360964189708038718","potions_obtained":[{"floor":1,"key":"Swift Potion"},{"floor":22,"key":"Dexterity Potion"},{"floor":23,"key":"Adrenaline Potion"}],"is_trial":false,"path_per_floor":["M","?","?","?","M","E","$","M","T","?","R","?","$","?","R","B",null,"M","?","?","?","M","E","R","E"],"character_chosen":"IRONCLAD","items_purchased":["hubris:TenFootPole","Life Link"],"campfire_rested":1,"item_purchase_floors":[7,13],"current_hp_per_floor":[65,65,65,65,64,20,10,15,15,15,37,55,55,55,55,53,70,74,74,74,74,55,31,31,0,0],"gold":265,"neow_bonus":"RANDOM_COMMON_RELIC","is_daily":false,"chose_seed":false,"campfire_upgraded":1,"win_rate":0.0,"timestamp":1612560568,"path_taken":["M","?","?","?","M","E","?","M","T","?","R","?","$","?","R","BOSS","M","?","?","?","M","E","R","E"],"items_purchased_type":["Relic","Card"],"build_version":"2020-12-22","purchased_purges":0,"victory":false,"max_hp_per_floor":[75,75,75,75,75,75,75,75,75,75,75,75,75,75,75,75,75,75,75,75,75,75,75,75,75,75],"card_choices":[{"not_picked":["Pommel Strike","Heavy Blade"],"picked":"Thunderclap","floor":1},{"not_picked":["Run Through","Perfected Strike"],"picked":"Rampage","floor":5},{"not_picked":["Second Wind","ReplayTheSpireMod:Corrosion Curse","Abandon"],"picked":"SKIP","floor":6},{"not_picked":["Twin Strike","Cleave"],"picked":"Whirlwind","floor":8},{"not_picked":["Eclipse","Bludgeon"],"picked":"Offering","floor":16},{"not_picked":["True Grit","Pommel Strike"],"picked":"Heavy Blade+1","floor":18},{"not_picked":["ReplayTheSpireMod:Strike From Hell","Replay:Undeath\u0027s Touch"],"picked":"ReplayReversal","floor":22},{"not_picked":["Headbutt","Dropkick"],"picked":"hubris:ReadiedAction","floor":23}],"player_experience":885573,"relics_obtained":[{"floor":6,"key":"reliquary:FerryPass"},{"floor":8,"key":"hubris:BundleOfHerbs"},{"floor":9,"key":"hubris:TinFlute"},{"floor":23,"key":"Shovel"},{"floor":24,"key":"Replay:Bottled Snecko"}],"event_choices":[{"damage_healed":0,"gold_gain":0,"player_choice":"Box","damage_taken":0,"relics_obtained":["hubris:Potato"],"max_hp_gain":0,"max_hp_loss":0,"event_name":"Big Fish","floor":2,"gold_loss":0,"cards_obtained":["Regret"]},{"damage_healed":0,"gold_gain":0,"player_choice":"Forge","damage_taken":0,"max_hp_gain":0,"max_hp_loss":0,"event_name":"Accursed Blacksmith","floor":3,"gold_loss":0,"cards_upgraded":["Bash"]},{"cards_removed":["Regret"],"damage_healed":0,"gold_gain":0,"player_choice":"Purged","damage_taken":0,"max_hp_gain":0,"max_hp_loss":0,"event_name":"Purifier","floor":4,"gold_loss":0},{"damage_healed":0,"gold_gain":0,"player_choice":"Searched \u00270\u0027 times","damage_taken":0,"max_hp_gain":0,"max_hp_loss":0,"event_name":"Dead Adventurer","floor":10,"gold_loss":0},{"damage_healed":18,"gold_gain":0,"player_choice":"Healed","damage_taken":0,"max_hp_gain":0,"max_hp_loss":0,"event_name":"The Cleric","floor":12,"gold_loss":35},{"damage_healed":0,"gold_gain":99,"player_choice":"Stole From Cult","damage_taken":0,"max_hp_gain":0,"max_hp_loss":0,"event_name":"Nest","floor":19,"gold_loss":0},{"damage_healed":0,"gold_gain":0,"player_choice":"Copied","damage_taken":0,"max_hp_gain":0,"max_hp_loss":0,"event_name":"Duplicator","floor":20,"gold_loss":0,"cards_obtained":["Offering"]},{"damage_healed":0,"gold_gain":0,"player_choice":"Stole Relic","damage_taken":0,"relics_obtained":["hubris:SlimyHat"],"max_hp_gain":0,"max_hp_loss":0,"event_name":"Addict","floor":21,"gold_loss":0,"cards_obtained":["Shame"]}],"is_beta":false,"boss_relics":[{"not_picked":["Honey Jar","Coffee Dripper"],"picked":"ChewingGum"}],"items_purged_floors":[],"is_endless":false,"potions_floor_spawned":[1,22,23],"killed_by":"Gremlin Leader","ascension_level":14}}