{"host":"qljq6nt1bltq73k9","time":1612492602,"event":{"mods":["BaseMod","Colored Map","Colored Powertips","Minty Spire (QoL Compilation)","Quick Restart","Replay The Spire","StSLib","[IsaacMod]ÒÔÈö¼âËþ"],"gold_per_floor":[99999,98350,98370,98390,98406,98406,98423,98423,98423,97407,97427,97427,97442,97473,97473,97570,97570,97583,97583,96288,96304,96304,96304,96333,96333,96333,94220,94220,94240,93474,93490,93490,93595,93595,93609,92620,92670,91508,91520,91520,91532,91532,91532,91560,91560,91580,91580,91597,91597,91597,91597,91597,88868,88898,88898,88898],"floor_reached":55,"language":"ZHS","playtime":2022,"items_purged":["Defend_B","Voices","Strike_B","Defend_B","Strike_B","Defend_B","Zap","Strike_B"],"score":892,"play_id":"da437e56-9a5d-45a4-874b-6c49b6511d85","local_time":"20210205103642","is_ascension_mode":false,"campfire_choices":[{"floor":6.0,"key":"RECALL"},{"data":"White Noise","floor":8.0,"key":"SMITH"},{"data":"Sadistic Nature","floor":12.0,"key":"SMITH"},{"data":"Defragment","floor":15.0,"key":"SMITH"},{"data":"BasicCrystalCard","floor":23.0,"key":"SMITH"},{"data":"ElectricPowerLearning","floor":40.0,"key":"SMITH"},{"data":"Buffer","floor":42.0,"key":"SMITH"},{"data":"Heatsinks","floor":45.0,"key":"SMITH"},{"data":"Heatsinks","floor":49,"key":"SMITH"},{"data":"Static Discharge","floor":52,"key":"SMITH"}],"circlet_count":0,"master_deck":["Strike_B","Dualcast+1","BloodyBrimstone","Lockon","All For One","Hello World","Compile Driver","Echo Form","White Noise+1","Crystallizer","Defragment+1","Sadistic Nature+1","Sweeping Beam","Doom and Gloom","Buffer+1","BasicCrystalCard+1","Buffer+1","ReplayTheSpireMod:Trickstab","Self Repair","Defragment","RitualDagger","Heatsinks+1","Self Repair","Core Surge","Magnetism","Barrage+1","ElectricPowerLearning+1","Loop","Heatsinks+1","Static Discharge","Static Discharge","Seek+1","Static Discharge+1","BasicCrystalCard+1","Core Surge","Madness","Madness","Static Discharge+1","Panacea","Crow Ritual"],"relics":["Cracked Core","HushsDoor","Chaos","EdensBlessing","Replay:Wax Seal","Cursed Key","Pear","Dream Catcher","Counterbalance","Black Star","Self Forming Clay","GuppysPaw","Snack Pack","RottenBaby","Runic Capacitor","Paper Frog","MomsKnife","MealTicket","Nuclear Battery","Mummified Hand","SacredBark","DeadEye","Mango","Boot","Replay:Rubber Ducky","DeathBook","PokeGo","Cauldron","War Paint","Replay:WaspNest","WristBlade","Philosopher\u0027s Stone","StoneCalendar","Sozu"],"acts_visited":["Exordium","TheCity","TheBeyond","TheEnding"],"potions_floor_usage":[48,50,55,55],"damage_taken":[{"damage":6.0,"enemies":"Jaw Worm","floor":1.0,"turns":4.0},{"damage":1.0,"enemies":"Cultist","floor":3.0,"turns":3.0},{"damage":0.0,"enemies":"2 Louse","floor":4.0,"turns":2.0},{"damage":12.0,"enemies":"Gremlin Gang","floor":5.0,"turns":4.0},{"damage":0.0,"enemies":"2 Fungi Beasts","floor":7.0,"turns":3.0},{"damage":0.0,"enemies":"Looter","floor":11.0,"turns":2.0},{"damage":0.0,"enemies":"3 Louse","floor":13.0,"turns":3.0},{"damage":21.0,"enemies":"Gremlin Nob","floor":14.0,"turns":4.0},{"damage":32.0,"enemies":"Hexaghost","floor":16.0,"turns":6.0},{"damage":17.0,"enemies":"2 Thieves","floor":18.0,"turns":4.0},{"damage":5.0,"enemies":"Chosen","floor":21.0,"turns":3.0},{"damage":16.0,"enemies":"Gremlin Leader","floor":24.0,"turns":5.0},{"damage":0.0,"enemies":"Snake Plant","floor":29.0,"turns":1.0},{"damage":14.0,"enemies":"Sentry and Sphere","floor":31.0,"turns":3.0},{"damage":4.0,"enemies":"Pondfish","floor":33.0,"turns":7.0},{"damage":0.0,"enemies":"Orb Walker","floor":35.0,"turns":2.0},{"damage":33.0,"enemies":"Mind Bloom Boss Battle","floor":37.0,"turns":3.0},{"damage":8.0,"enemies":"3 Darklings","floor":39.0,"turns":2.0},{"damage":0.0,"enemies":"Maw","floor":41.0,"turns":4.0},{"damage":0.0,"enemies":"R_Hoarder","floor":44.0,"turns":4.0},{"damage":3.0,"enemies":"Jaw Worm Horde","floor":46.0,"turns":2.0},{"damage":0,"enemies":"3 Darklings","floor":48,"turns":2},{"damage":0,"enemies":"Replay:Hell Engine","floor":50,"turns":4},{"damage":11,"enemies":"Shield and Spear","floor":54,"turns":3},{"damage":225,"enemies":"Delirium","floor":55,"turns":7}],"seed_played":"358497287455802798","potions_obtained":[{"floor":1.0,"key":"Strength Potion"},{"floor":4.0,"key":"FairyPotion"},{"floor":18.0,"key":"EssenceOfSteel"},{"floor":33.0,"key":"Toxic Potion"},{"floor":48,"key":"Fire Potion"}],"is_trial":false,"path_per_floor":["M","$","M","M","M","R","M","R","T","$","M","R","M","E","R","B",null,"M","?","$","M","?","R","E","?","T","$","?","M","$","M","R_BF","B",null,"M","$","?","$","M","R","M","R","T","E","R","M","?","M","R","B",null,"R","$","E","B"],"character_chosen":"DEFECT","items_purchased":["EdensBlessing","Replay:Wax Seal","Fruit Juice","Cursed Key","SteroidPotion","PowerPotion","All For One","Hello World","Pear","Dream Catcher","Counterbalance","Defragment","Sadistic Nature","GuppysPaw","Snack Pack","RottenBaby","Fruit Juice","DistilledChaos","Self Repair","MomsKnife","MealTicket","Nuclear Battery","Ancient Potion","Defragment","ChaosCard","Mummified Hand","Self Repair","Core Surge","Magnetism","DeadEye","Mango","Boot","Heatsinks","DeathBook","PokeGo","Static Discharge","Seek","Cauldron","WristBlade","Philosopher\u0027s Stone","Panacea","Crow Ritual","CultistPotion","DistilledChaos","EssenceOfSteel"],"campfire_rested":0,"item_purchase_floors":[2,2,2,2,2,2,2,2,10,10,10,10,10,20,20,20,20,20,20,27,27,27,27,27,27,30,30,30,30,36,36,36,36,38,38,38,38,38,53,53,53,53,53,53,53],"current_hp_per_floor":[76,81,80,80,68,68,68,68,68,78,78,78,78,57,57,25,97,80,80,85,82,82,82,77,77,77,77,71,71,86,81,60,88,107,107,121,104,119,121,121,121,121,121,121,121,121,106,115,115,121,121,121,121,121,0,0],"gold":88898,"neow_bonus":"TEN_PERCENT_HP_BONUS","is_daily":false,"chose_seed":false,"campfire_upgraded":9,"win_rate":0.0,"timestamp":1612492602,"path_taken":["M","$","M","M","M","R","M","R","T","$","M","R","M","E","R","BOSS","M","?","$","M","?","R","E","?","T","$","?","M","$","M","R_BF","BOSS","M","$","?","$","M","R","?","R","T","E","R","M","?","M","R","BOSS","R","$","E","BOSS"],"items_purchased_type":["Relic","Relic","Potion","Relic","Potion","Potion","Card","Card","Relic","Relic","Relic","Card","Card","Relic","Relic","Relic","Potion","Potion","Card","Relic","Relic","Relic","Potion","Card","Card","Relic","Card","Card","Card","Relic","Relic","Relic","Card","Relic","Relic","Card","Card","Relic","Relic","Relic","Card","Card","Potion","Potion","Potion"],"build_version":"2020-12-22","purchased_purges":8,"victory":false,"max_hp_per_floor":[82,87,87,87,87,87,87,87,87,97,97,97,97,97,97,97,97,97,97,102,102,102,102,102,102,102,102,102,102,102,102,107,107,107,107,121,121,121,121,121,121,121,121,121,121,121,121,121,121,121,121,121,121,121,118,118],"card_choices":[{"not_picked":[],"picked":"BloodyBrimstone","floor":0.0},{"not_picked":["Force Field","Beam Cell"],"picked":"Lockon","floor":1.0},{"not_picked":["Turbo","Fusion"],"picked":"Compile Driver","floor":3.0},{"not_picked":["Gash","Steam Power"],"picked":"Echo Form","floor":4.0},{"not_picked":["Scrape","Rebound"],"picked":"White Noise","floor":5.0},{"not_picked":["Go for the Eyes","Reinforced Body"],"picked":"Crystallizer","floor":7.0},{"not_picked":["Ball Lightning","Force Field","Hello World"],"picked":"SKIP","floor":11.0},{"not_picked":["Hologram","Panic Button"],"picked":"Sweeping Beam","floor":13.0},{"not_picked":["ReplayTheSpireMod:System Scan","Ball Lightning"],"picked":"Doom and Gloom","floor":14.0},{"not_picked":["Hyperbeam","Machine Learning"],"picked":"Buffer","floor":16.0},{"not_picked":["Stack+1","Steam Power"],"picked":"BasicCrystalCard","floor":18.0},{"not_picked":["Rebound","Hello World","Panic Button"],"picked":"SKIP","floor":21.0},{"not_picked":["Leap","Pulse+1","Reprogram"],"picked":"SKIP","floor":24.0},{"not_picked":["Capacitor","ReplayGash"],"picked":"Heatsinks","floor":29.0},{"not_picked":["Ball Lightning","FTL"],"picked":"Barrage+1","floor":31.0},{"not_picked":["Hyperbeam","Thunder Strike"],"picked":"ElectricPowerLearning","floor":33.0},{"not_picked":["Sweeping Beam+1","Barrage"],"picked":"Loop","floor":35.0},{"not_picked":["Fusion","Conserve Battery+1"],"picked":"Static Discharge","floor":37.0},{"not_picked":["Hologram+1","Beam Cell+1"],"picked":"Static Discharge+1","floor":39.0},{"not_picked":["Turbo+1","Coolheaded"],"picked":"BasicCrystalCard+1","floor":41.0},{"not_picked":["Barrage","ReplayTheSpireMod:Repulse+1","Distribution+1"],"picked":"SKIP","floor":44.0},{"not_picked":["Conserve Battery","ReplayTheSpireMod:System Scan"],"picked":"Core Surge","floor":46.0},{"not_picked":["Genetic Algorithm","Tempest"],"picked":"Static Discharge","floor":48},{"not_picked":["Leap","Beam Cell","Time Bomb+1"],"picked":"SKIP","floor":54}],"player_experience":377079,"relics_obtained":[{"floor":14.0,"key":"Black Star"},{"floor":24.0,"key":"Runic Capacitor"},{"floor":24.0,"key":"Paper Frog"},{"floor":37.0,"key":"Replay:Rubber Ducky"},{"floor":44.0,"key":"War Paint"},{"floor":44.0,"key":"Replay:WaspNest"},{"floor":54,"key":"StoneCalendar"},{"floor":54,"key":"Sozu"}],"event_choices":[{"damage_healed":0.0,"max_hp_gain":0.0,"max_hp_loss":0.0,"gold_gain":0.0,"event_name":"Match and Keep!","player_choice":"2 cards matched","floor":19.0,"gold_loss":0.0,"damage_taken":0.0,"cards_obtained":["Buffer","ReplayTheSpireMod:Trickstab"]},{"cards_removed":["Defend_B"],"damage_healed":0.0,"max_hp_gain":0.0,"max_hp_loss":0.0,"gold_gain":0.0,"event_name":"Purifier","player_choice":"Purged","floor":22.0,"gold_loss":0.0,"damage_taken":0.0},{"damage_healed":0.0,"max_hp_gain":0.0,"max_hp_loss":0.0,"gold_gain":0.0,"event_name":"Upgrade Shrine","player_choice":"Upgraded","floor":25.0,"gold_loss":0.0,"damage_taken":0.0,"cards_upgraded":["Buffer"]},{"damage_healed":0.0,"max_hp_gain":0.0,"max_hp_loss":0.0,"gold_gain":0.0,"event_name":"Nest","player_choice":"Joined the Cult","floor":28.0,"gold_loss":0.0,"damage_taken":6.0,"cards_obtained":["RitualDagger"]},{"damage_healed":0.0,"max_hp_gain":5.0,"max_hp_loss":0.0,"gold_gain":0.0,"event_name":"Forgotten Altar","player_choice":"Shed Blood","floor":32.0,"gold_loss":0.0,"damage_taken":26.0},{"damage_healed":0.0,"max_hp_gain":0.0,"max_hp_loss":0.0,"gold_gain":0.0,"event_name":"MindBloom","player_choice":"Fight","floor":37.0,"gold_loss":0.0,"damage_taken":0.0},{"damage_healed":0,"gold_gain":0,"player_choice":"Embrace Madness","damage_taken":15,"max_hp_gain":0,"max_hp_loss":0,"event_name":"Winding Halls","floor":47,"gold_loss":0,"cards_obtained":["Madness","Madness"]}],"is_beta":false,"boss_relics":[{"not_picked":["TheBean","PunchingBag"],"picked":"Self Forming Clay"},{"not_picked":[]},{"not_picked":["Honey Jar","Fusion Hammer"],"picked":"SacredBark"},{"not_picked":[]}],"items_purged_floors":[2,10,20,27,30,36,38,53],"is_endless":false,"potions_floor_spawned":[1,4,7,11,18,33,37,41,48,54],"killed_by":"Delirium","ascension_level":0}}