{"host":"jlk2k69f9c6o7b3e","time":1612511575,"event":{"mods":["AchievementEnabler","BaseMod","Minty Spire (QoL Compilation)","StSLib"],"gold_per_floor":[110,90,53,64,90,121,134,168,241,241,416,446,472,51,51,146,146,162,162,21,41,59,393,402,440,440,440,477,489,773,798,798,910,919,938,961,449,468,491,522,548,548,548,584,602,623,641,29,29,29],"floor_reached":51,"language":"ZHS","playtime":3686,"items_purged":["Doubt","Decay","Regret"],"score":1596,"play_id":"77bdd9d6-5b55-41ef-8cc4-71df776eb71d","local_time":"20210205155255","is_ascension_mode":true,"campfire_choices":[{"data":"Dash","floor":10.0,"key":"SMITH"},{"data":"1","floor":15.0,"key":"LIFT"},{"data":"2","floor":27.0,"key":"LIFT"},{"data":"3","floor":32.0,"key":"LIFT"},{"data":"Apotheosis","floor":42.0,"key":"SMITH"},{"data":"Concentrate","floor":49.0,"key":"SMITH"}],"circlet_count":0,"master_deck":["AscendersBane","Strike_G","Strike_G","Strike_G+1","Strike_G","Strike_G","Defend_G+1","Defend_G","Defend_G","Defend_G","Defend_G","Survivor","Neutralize","Leg Sweep+1","Predator","Dash+1","Acrobatics","Dagger Throw","Leg Sweep","Dagger Throw","Mayhem","Blur","Adrenaline","Distraction","Apotheosis+1","Flying Knee+1","Flying Knee","Well Laid Plans","Necronomicurse","Riddle With Holes","Riddle With Holes","Tools of the Trade","CurseOfTheBell","Skewer","Distraction","Chrysalis","Concentrate+1","Distraction","Sadistic Nature","Madness","Flying Knee","Madness","Madness","Footwork","Escape Plan"],"relics":["Coffee Dripper","Lantern","Singing Bowl","Blood Vial","White Beast Statue","Orichalcum","Girya","Membership Card","InkBottle","Black Star","CeramicFish","Old Coin","Necronomicon","Whetstone","Dream Catcher","WingedGreaves","Bronze Scales","Snake Skull","Paper Crane","FossilizedHelix","Calling Bell","Pen Nib","Kunai","Tingsha","TungstenRod","Mango","Lee\u0027s Waffle","The Courier","Ice Cream","Mummified Hand","Pantograph","Bag of Preparation","Oddly Smooth Stone","MealTicket","War Paint","Gremlin Horn","TwistedFunnel","PreservedInsect","Centennial Puzzle","Nunchaku","Akabeko","Anchor","Vajra"],"acts_visited":["Exordium","TheCity","TheBeyond"],"potions_floor_usage":[50,50],"damage_taken":[{"damage":1.0,"enemies":"2 Louse","floor":1.0,"turns":5.0},{"damage":0.0,"enemies":"Cultist","floor":4.0,"turns":4.0},{"damage":0.0,"enemies":"Gremlin Nob","floor":6.0,"turns":3.0},{"damage":0.0,"enemies":"Jaw Worm","floor":7.0,"turns":4.0},{"damage":10.0,"enemies":"Lagavulin","floor":8.0,"turns":6.0},{"damage":6.0,"enemies":"3 Sentries","floor":13.0,"turns":10.0},{"damage":9.0,"enemies":"The Guardian","floor":16.0,"turns":13.0},{"damage":0.0,"enemies":"3 Byrds","floor":18.0,"turns":5.0},{"damage":0.0,"enemies":"Spheric Guardian","floor":21.0,"turns":3.0},{"damage":4.0,"enemies":"Centurion and Healer","floor":22.0,"turns":6.0},{"damage":0.0,"enemies":"Slavers","floor":23.0,"turns":6.0},{"damage":7.0,"enemies":"Gremlin Leader","floor":25.0,"turns":9.0},{"damage":16.0,"enemies":"Book of Stabbing","floor":28.0,"turns":4.0},{"damage":0.0,"enemies":"Chosen and Byrds","floor":29.0,"turns":4.0},{"damage":5.0,"enemies":"Slavers","floor":31.0,"turns":4.0},{"damage":23.0,"enemies":"Champ","floor":33.0,"turns":7.0},{"damage":0.0,"enemies":"3 Shapes","floor":35.0,"turns":3.0},{"damage":0.0,"enemies":"Orb Walker","floor":36.0,"turns":2.0},{"damage":0.0,"enemies":"Transient","floor":38.0,"turns":5.0},{"damage":0.0,"enemies":"Jaw Worm Horde","floor":39.0,"turns":4.0},{"damage":0.0,"enemies":"Giant Head","floor":40.0,"turns":4.0},{"damage":0.0,"enemies":"Reptomancer","floor":41.0,"turns":5.0},{"damage":0.0,"enemies":"Giant Head","floor":44.0,"turns":4.0},{"damage":0.0,"enemies":"3 Darklings","floor":46.0,"turns":2.0},{"damage":25,"enemies":"Time Eater","floor":50,"turns":7}],"seed_played":"6059457901884403385","potions_obtained":[{"floor":1.0,"key":"Strength Potion"},{"floor":2.0,"key":"SteroidPotion"},{"floor":7.0,"key":"SteroidPotion"},{"floor":13.0,"key":"GamblersBrew"},{"floor":16.0,"key":"Block Potion"},{"floor":18.0,"key":"Explosive Potion"},{"floor":22.0,"key":"SkillPotion"},{"floor":23.0,"key":"BlessingOfTheForge"},{"floor":25.0,"key":"LiquidBronze"},{"floor":28.0,"key":"Poison Potion"},{"floor":29.0,"key":"SpeedPotion"},{"floor":31.0,"key":"Fire Potion"},{"floor":38.0,"key":"LiquidMemories"},{"floor":40.0,"key":"SkillPotion"},{"floor":41.0,"key":"Energy Potion"},{"floor":44.0,"key":"AttackPotion"},{"floor":46.0,"key":"DuplicationPotion"}],"is_trial":false,"path_per_floor":["M","?","$","M","T","E","M","E","T","R","?","?","E","$","R","B",null,"M","?","$","M","M","E","?","E","T","R","E","M","?","E","R","B",null,"M","M","$","M","M","E","E","R","T","E","?","M","?","$","R","B",null],"character_chosen":"THE_SILENT","items_purchased":["Predator","Membership Card","Mayhem","Blur","InkBottle","Apotheosis","TungstenRod","Mango","Lee\u0027s Waffle","Chrysalis","War Paint","Gremlin Horn","TwistedFunnel","PreservedInsect","Centennial Puzzle","Nunchaku","Akabeko","Anchor","Vajra","Footwork","Escape Plan"],"campfire_rested":0,"item_purchase_floors":[3,14,14,14,14,20,37,37,37,37,48,48,48,48,48,48,48,48,48,48,48],"current_hp_per_floor":[62,62,62,62,62,62,62,52,52,52,52,52,48,48,48,41,63,65,65,65,67,65,67,51,46,46,46,32,36,36,35,35,14,59,61,63,95,97,97,99,101,101,101,101,94,96,84,99,99,78],"gold":29,"neow_bonus":"BOSS_RELIC","is_daily":false,"chose_seed":false,"campfire_upgraded":3,"win_rate":0.0,"timestamp":1612511575,"path_taken":["M","?","?","M","?","E","M","E","T","R","?","?","E","$","R","BOSS","M","?","$","?","M","E","?","E","T","R","E","M","?","E","R","BOSS","M","M","$","M","?","E","E","R","T","E","?","M","?","$","R","BOSS"],"items_purchased_type":["Card","Relic","Card","Card","Relic","Card","Relic","Relic","Relic","Card","Relic","Relic","Relic","Relic","Relic","Relic","Relic","Relic","Relic","Card","Card"],"build_version":"2020-12-22","purchased_purges":3,"victory":true,"max_hp_per_floor":[70,70,70,70,70,70,70,70,70,70,70,70,70,70,70,70,70,70,70,70,70,70,70,70,70,70,70,70,72,72,74,74,74,74,74,74,95,97,97,99,101,101,101,101,103,103,103,103,103,103],"card_choices":[{"not_picked":["Terror","Deadly Poison"],"picked":"Leg Sweep","floor":1.0},{"not_picked":["Flying Knee","Accuracy"],"picked":"Dash","floor":4.0},{"not_picked":["Escape Plan","PiercingWail"],"picked":"Acrobatics","floor":6.0},{"not_picked":["Quick Slash","Catalyst"],"picked":"Dagger Throw","floor":7.0},{"not_picked":["Caltrops","Quick Slash"],"picked":"Leg Sweep","floor":8.0},{"not_picked":["Prepared","Slice"],"picked":"Dagger Throw","floor":13.0},{"not_picked":["Envenom","Malaise"],"picked":"Adrenaline","floor":16.0},{"not_picked":["Masterful Stab","Underhanded Strike"],"picked":"Distraction","floor":18.0},{"not_picked":["Skewer","Blade Dance"],"picked":"Flying Knee","floor":21.0},{"not_picked":["Deflect+1","Bane"],"picked":"Flying Knee","floor":22.0},{"not_picked":["Prepared","Bane"],"picked":"Well Laid Plans","floor":23.0},{"not_picked":["Backflip","Dagger Throw"],"picked":"Riddle With Holes","floor":25.0},{"not_picked":["Tactician","Prepared+1"],"picked":"Riddle With Holes","floor":28.0},{"not_picked":["Underhanded Strike","Dodge and Roll+1","Bane"],"picked":"Singing Bowl","floor":29.0},{"not_picked":["Slice","Eviscerate","Flechettes"],"picked":"Singing Bowl","floor":31.0},{"not_picked":["A Thousand Cuts","Corpse Explosion"],"picked":"Tools of the Trade","floor":33.0},{"not_picked":["Backflip","Dodge and Roll"],"picked":"Skewer","floor":35.0},{"not_picked":["Concentrate","Dagger Throw"],"picked":"Distraction","floor":36.0},{"not_picked":["Poisoned Stab","Catalyst","Masterful Stab"],"picked":"Singing Bowl","floor":38.0},{"not_picked":["Bane+1","Eviscerate"],"picked":"Concentrate","floor":39.0},{"not_picked":["PiercingWail","Crippling Poison","Slice"],"picked":"Singing Bowl","floor":40.0},{"not_picked":["PiercingWail","Crippling Poison","Underhanded Strike+1"],"picked":"Singing Bowl","floor":41.0},{"not_picked":["Slice+1","Dagger Spray+1"],"picked":"Distraction","floor":44.0},{"not_picked":["Finesse","Impatience"],"picked":"Sadistic Nature","floor":45.0},{"not_picked":["Bandage Up","Impatience"],"picked":"Madness","floor":45.0},{"not_picked":["HandOfGreed","Enlightenment","Good Instincts"],"picked":"Singing Bowl","floor":45.0},{"not_picked":["Dagger Throw","Cloak And Dagger"],"picked":"Flying Knee","floor":46.0}],"player_experience":365390,"relics_obtained":[{"floor":5.0,"key":"Lantern"},{"floor":6.0,"key":"Singing Bowl"},{"floor":8.0,"key":"Blood Vial"},{"floor":9.0,"key":"White Beast Statue"},{"floor":13.0,"key":"Girya"},{"floor":23.0,"key":"CeramicFish"},{"floor":23.0,"key":"Old Coin"},{"floor":24.0,"key":"Necronomicon"},{"floor":25.0,"key":"Whetstone"},{"floor":25.0,"key":"Dream Catcher"},{"floor":26.0,"key":"WingedGreaves"},{"floor":28.0,"key":"Bronze Scales"},{"floor":28.0,"key":"Snake Skull"},{"floor":31.0,"key":"Paper Crane"},{"floor":31.0,"key":"FossilizedHelix"},{"floor":34.0,"key":"Pen Nib"},{"floor":34.0,"key":"Kunai"},{"floor":34.0,"key":"Tingsha"},{"floor":40.0,"key":"The Courier"},{"floor":40.0,"key":"Ice Cream"},{"floor":41.0,"key":"Mummified Hand"},{"floor":41.0,"key":"Pantograph"},{"floor":43.0,"key":"Bag of Preparation"},{"floor":44.0,"key":"Oddly Smooth Stone"},{"floor":44.0,"key":"MealTicket"}],"event_choices":[{"damage_healed":0.0,"max_hp_gain":0.0,"max_hp_loss":0.0,"gold_gain":0.0,"event_name":"The Woman in Blue","player_choice":"Bought 1 Potion","floor":2.0,"gold_loss":0.0,"damage_taken":0.0},{"damage_healed":0.0,"max_hp_gain":0.0,"max_hp_loss":0.0,"gold_gain":175.0,"event_name":"Liars Game","player_choice":"AGREE","floor":11.0,"gold_loss":0.0,"damage_taken":0.0,"cards_obtained":["Doubt"]},{"damage_healed":0.0,"max_hp_gain":0.0,"max_hp_loss":0.0,"gold_gain":30.0,"event_name":"Dead Adventurer","player_choice":"Searched \u00273\u0027 times","floor":12.0,"gold_loss":0.0,"damage_taken":0.0,"relics_obtained":["Orichalcum"]},{"damage_healed":0.0,"max_hp_gain":0.0,"max_hp_loss":0.0,"gold_gain":0.0,"event_name":"Wheel of Change","player_choice":"Cursed","floor":19.0,"gold_loss":0.0,"damage_taken":0.0,"cards_obtained":["Decay"]},{"damage_healed":0.0,"max_hp_gain":0.0,"max_hp_loss":0.0,"gold_gain":0.0,"event_name":"Cursed Tome","player_choice":"Obtained Book","floor":24.0,"gold_loss":0.0,"damage_taken":16.0},{"damage_healed":0.0,"max_hp_gain":0.0,"max_hp_loss":0.0,"gold_gain":275.0,"event_name":"Golden Shrine","player_choice":"Desecrate","floor":30.0,"gold_loss":0.0,"damage_taken":0.0,"cards_obtained":["Regret"]},{"damage_healed":0.0,"max_hp_gain":0.0,"max_hp_loss":0.0,"gold_gain":0.0,"event_name":"SensoryStone","player_choice":"Memory 3","floor":45.0,"gold_loss":0.0,"damage_taken":10.0},{"damage_healed":0.0,"max_hp_gain":0.0,"max_hp_loss":0.0,"gold_gain":0.0,"event_name":"Winding Halls","player_choice":"Embrace Madness","floor":47.0,"gold_loss":0.0,"damage_taken":13.0,"cards_obtained":["Madness","Madness"]}],"is_beta":false,"boss_relics":[{"not_picked":["Philosopher\u0027s Stone","WristBlade"],"picked":"Black Star"},{"not_picked":["SlaversCollar","Astrolabe"],"picked":"Calling Bell"}],"items_purged_floors":[14,20,37],"is_endless":false,"potions_floor_spawned":[1,7,13,16,18,21,22,23,25,28,29,31,33,35,36,38,39,40,41,44,46],"ascension_level":12}}