{"host":"5f8yr5jxnqok2jdo","time":1612525661,"event":{"mods":["AchievementEnabler","BaseMod","Better Altar","Better Match","Better Note","Better Skull","Better Third Choice","Block Reminder","Colored Map","Colored Powertips","DeckTracker","Displayed Cursed Tome","Filter the Spire","Googly Eyes","Highlight Path","Key Reminder","Minty Spire (QoL Compilation)","Quick Restart","Rare Cards Sparkle","Relic Sorter","Relic Stats","ShortenTheSpire","Spire Arcade","Spire Birthday Party","StSLib","Steal the Spire","SuperFastMode","Uncapped","Unceasing Turn Reminder","everything is the same but u backflip on backflip","slay the spire mod where everything is the same but ironclad has a cowboy hat"],"gold_per_floor":[113,128,128,33,33,33,33,45,45,74,84,41,41,60,60,185,185,201,221,221,68,68,68,85,103,103,135,216,216,230,240,240,341,341,361,371,371,383,428,428,18,68,68,68,68,93,93,113,113,113],"floor_reached":51,"language":"ENG","playtime":1566,"items_purged":["Strike_G","Pain"],"score":913,"play_id":"cc152774-90a2-47ab-8dc5-f684f27e2f95","local_time":"20210205124741","is_ascension_mode":true,"campfire_choices":[{"data":"Neutralize","floor":6.0,"key":"SMITH"},{"floor":15.0,"key":"REST"},{"data":"Catalyst","floor":23.0,"key":"SMITH"},{"floor":29.0,"key":"REST"},{"data":"Noxious Fumes","floor":32.0,"key":"SMITH"},{"floor":40.0,"key":"REST"},{"data":"Footwork","floor":45,"key":"SMITH"},{"data":"Envenom","floor":49,"key":"SMITH"}],"circlet_count":0,"master_deck":["Strike_G","Strike_G","Strike_G","Strike_G","Defend_G+1","Defend_G","Defend_G+1","Defend_G","Defend_G+1","Survivor","Neutralize+1","Die Die Die","Noxious Fumes+1","Flash of Steel","Noxious Fumes+1","Escape Plan+1","Footwork+1","Corpse Explosion","Backflip+1","Catalyst+1","Skewer","Footwork+1","Adrenaline","All Out Attack+1","Leg Sweep+1","Envenom+1"],"relics":["Ring of the Snake","WarpedTongs","InkBottle","Bag of Marbles","Bloody Idol","Velvet Choker","Blood Vial","Bird Faced Urn","Vajra","StrikeDummy","HoveringKite","Calipers","Bag of Preparation","OrangePellets","Ice Cream","Bottled Tornado","War Paint","Oddly Smooth Stone","Pear"],"acts_visited":["Exordium","TheCity","TheBeyond"],"potions_floor_usage":[50,50,50,50,50,50],"damage_taken":[{"damage":0.0,"enemies":"2 Louse","floor":1.0,"turns":3.0},{"damage":0.0,"enemies":"Cultist","floor":2.0,"turns":4.0},{"damage":6.0,"enemies":"Jaw Worm","floor":8.0,"turns":4.0},{"damage":18.0,"enemies":"Gremlin Nob","floor":10.0,"turns":4.0},{"damage":8.0,"enemies":"3 Louse","floor":11.0,"turns":2.0},{"damage":6.0,"enemies":"Blue Slaver","floor":14.0,"turns":3.0},{"damage":13.0,"enemies":"The Guardian","floor":16.0,"turns":9.0},{"damage":5.0,"enemies":"Spheric Guardian","floor":18.0,"turns":5.0},{"damage":6.0,"enemies":"2 Thieves","floor":19.0,"turns":3.0},{"damage":2.0,"enemies":"Centurion and Healer","floor":24.0,"turns":3.0},{"damage":6.0,"enemies":"Sentry and Sphere","floor":25.0,"turns":3.0},{"damage":25.0,"enemies":"Book of Stabbing","floor":27.0,"turns":6.0},{"damage":7.0,"enemies":"Cultist and Chosen","floor":30.0,"turns":5.0},{"damage":16.0,"enemies":"Snake Plant","floor":31.0,"turns":5.0},{"damage":6.0,"enemies":"Champ","floor":33.0,"turns":8.0},{"damage":1.0,"enemies":"Orb Walker","floor":35.0,"turns":4.0},{"damage":6.0,"enemies":"3 Darklings","floor":36.0,"turns":5.0},{"damage":32.0,"enemies":"Jaw Worm Horde","floor":38.0,"turns":4.0},{"damage":16.0,"enemies":"2 Orb Walkers","floor":39.0,"turns":3.0},{"damage":12.0,"enemies":"Mind Bloom Boss Battle","floor":42.0,"turns":5.0},{"damage":4,"enemies":"Nemesis","floor":46,"turns":7},{"damage":3,"enemies":"4 Shapes","floor":48,"turns":4},{"damage":31,"enemies":"Awakened One","floor":50,"turns":12}],"seed_played":"-1420919831787029142","potions_obtained":[{"floor":8.0,"key":"Poison Potion"},{"floor":11.0,"key":"Weak Potion"},{"floor":24.0,"key":"SkillPotion"},{"floor":25.0,"key":"Fire Potion"},{"floor":39.0,"key":"EntropicBrew"}],"is_trial":false,"path_per_floor":["M","M","?","$","?","R","?","M","T","E","M","?","?","M","R","B",null,"M","M","?","$","?","R","M","M","T","E","T","R","M","M","R","B",null,"M","M","?","M","?","R","$","?","T","?","R","E","T","M","R","B",null],"character_chosen":"THE_SILENT","items_purchased":["Flash of Steel","Catalyst","Bag of Preparation","OrangePellets"],"campfire_rested":3,"item_purchase_floors":[4,21,41,41],"current_hp_per_floor":[63,63,50,50,50,50,50,44,44,26,18,18,18,12,29,16,48,43,37,37,37,21,21,26,27,27,15,20,37,45,44,44,53,57,58,58,58,36,29,46,46,49,49,49,49,58,68,68,68,38],"gold":113,"neow_bonus":"THREE_RARE_CARDS","is_daily":false,"chose_seed":false,"campfire_upgraded":5,"win_rate":0.0,"timestamp":1612525661,"path_taken":["M","M","?","$","?","R","?","?","T","E","M","?","?","M","R","BOSS","M","M","?","$","?","R","M","M","T","E","?","R","?","M","R","BOSS","M","?","?","M","?","R","$","?","T","?","R","E","?","M","R","BOSS"],"items_purchased_type":["Card","Card","Relic","Relic"],"build_version":"2020-12-22","purchased_purges":2,"victory":true,"max_hp_per_floor":[63,63,63,63,63,63,63,63,63,63,63,63,58,58,58,58,58,58,58,58,58,58,58,58,58,58,58,58,58,58,58,58,58,58,58,58,58,58,58,58,58,58,58,58,58,58,68,68,68,68],"relic_stats":{"Blood Vial":19,"OrangePellets":[0],"counters":[23,111],"Bloody Idol":59,"Bird Faced Urn":[58],"HoveringKite":[15],"Bag of Preparation":[8],"War Paint":["Escape Plan","Defend_G"],"obtain_stats":[{"Ice Cream":42,"Calipers":39,"Pear":47,"Golden Idol":13,"Velvet Choker":17,"Vajra":27,"HoveringKite":34,"Oddly Smooth Stone":46,"Bag of Preparation":41,"Bottled Tornado":43,"War Paint":44,"WarpedTongs":7,"Blood Vial":22,"OrangePellets":41,"Bloody Idol":22,"Bird Faced Urn":26,"Bag of Marbles":10,"StrikeDummy":28,"InkBottle":9,"Ring of the Snake":0},{"Ice Cream":20,"Calipers":19,"Pear":21,"Golden Idol":5,"Velvet Choker":7,"Vajra":12,"HoveringKite":15,"Oddly Smooth Stone":21,"Bag of Preparation":19,"Bottled Tornado":20,"War Paint":20,"WarpedTongs":2,"Blood Vial":9,"OrangePellets":19,"Bloody Idol":9,"Bird Faced Urn":11,"Bag of Marbles":4,"StrikeDummy":12,"InkBottle":3,"Ring of the Snake":0},{"Ice Cream":88,"Calipers":83,"Pear":95,"Golden Idol":17,"Velvet Choker":29,"Vajra":49,"HoveringKite":67,"Oddly Smooth Stone":95,"Bag of Preparation":83,"Bottled Tornado":88,"War Paint":88,"WarpedTongs":7,"Blood Vial":37,"OrangePellets":83,"Bloody Idol":37,"Bird Faced Urn":43,"Bag of Marbles":15,"StrikeDummy":49,"InkBottle":11,"Ring of the Snake":0}],"InkBottle":[38],"Ring of the Snake":[46],"WarpedTongs":[98]},"card_choices":[{"not_picked":["Doppelganger","Adrenaline"],"picked":"Die Die Die","floor":0.0},{"not_picked":["Acrobatics","Slice"],"picked":"Noxious Fumes","floor":1.0},{"not_picked":["Outmaneuver","Riddle With Holes","Flying Knee"],"picked":"SKIP","floor":2.0},{"not_picked":["Acrobatics","Sucker Punch","Distraction"],"picked":"SKIP","floor":8.0},{"not_picked":["Flying Knee","Prepared"],"picked":"Noxious Fumes","floor":10.0},{"not_picked":["Prepared","Riddle With Holes"],"picked":"Escape Plan","floor":11.0},{"not_picked":["Leg Sweep","All Out Attack"],"picked":"Footwork","floor":14.0},{"not_picked":["Phantasmal Killer","Glass Knife"],"picked":"Corpse Explosion","floor":16.0},{"not_picked":["Slice","PiercingWail"],"picked":"Backflip+1","floor":18.0},{"not_picked":["Backflip","Poisoned Stab","Dagger Spray"],"picked":"SKIP","floor":19.0},{"not_picked":["Cloak And Dagger","Dodge and Roll"],"picked":"Skewer","floor":24.0},{"not_picked":["Distraction","Cloak And Dagger","Unload"],"picked":"SKIP","floor":25.0},{"not_picked":["Bouncing Flask","Tactician"],"picked":"Footwork+1","floor":27.0},{"not_picked":["Catalyst+1","Finisher","Blade Dance"],"picked":"SKIP","floor":30.0},{"not_picked":["Dagger Spray+1","Caltrops","PiercingWail"],"picked":"SKIP","floor":31.0},{"not_picked":["Bullet Time","Corpse Explosion"],"picked":"Adrenaline","floor":33.0},{"not_picked":["Dagger Spray+1","Sucker Punch+1"],"picked":"All Out Attack+1","floor":35.0},{"not_picked":["Dodge and Roll","Outmaneuver+1"],"picked":"Leg Sweep+1","floor":36.0},{"not_picked":["Blade Dance+1","All Out Attack+1","Tactician"],"picked":"SKIP","floor":38.0},{"not_picked":["Riddle With Holes","Cloak And Dagger","Deadly Poison+1"],"picked":"SKIP","floor":46},{"not_picked":["All Out Attack","Cloak And Dagger+1"],"picked":"Envenom","floor":48}],"player_experience":361983,"relics_obtained":[{"floor":9.0,"key":"InkBottle"},{"floor":10.0,"key":"Bag of Marbles"},{"floor":26.0,"key":"Bird Faced Urn"},{"floor":27.0,"key":"Vajra"},{"floor":28.0,"key":"StrikeDummy"},{"floor":39.0,"key":"Calipers"},{"floor":42.0,"key":"Ice Cream"},{"floor":43.0,"key":"Bottled Tornado"},{"floor":46,"key":"Oddly Smooth Stone"},{"floor":47,"key":"Pear"}],"event_choices":[{"damage_healed":63.0,"max_hp_gain":0.0,"max_hp_loss":63.0,"gold_gain":0.0,"event_name":"betterThird:BetterShining","player_choice":"Upgrade","floor":3.0,"gold_loss":0.0,"damage_taken":13.0,"cards_upgraded":["Defend_G","Defend_G"]},{"damage_healed":0.0,"max_hp_gain":0.0,"max_hp_loss":0.0,"gold_gain":0.0,"event_name":"Living Wall","player_choice":"Grow","floor":5.0,"gold_loss":0.0,"damage_taken":0.0,"cards_upgraded":["Noxious Fumes"]},{"damage_healed":0.0,"max_hp_gain":0.0,"max_hp_loss":0.0,"gold_gain":0.0,"event_name":"Accursed Blacksmith","player_choice":"Rummage","floor":7.0,"gold_loss":0.0,"damage_taken":0.0,"relics_obtained":["WarpedTongs"],"cards_obtained":["Pain"]},{"damage_healed":0.0,"max_hp_gain":0.0,"max_hp_loss":0.0,"gold_gain":0.0,"event_name":"betterThird:BetterGoop","player_choice":"Left","floor":12.0,"gold_loss":43.0,"damage_taken":0.0},{"damage_healed":0.0,"max_hp_gain":0.0,"max_hp_loss":5.0,"gold_gain":0.0,"event_name":"Golden Idol","player_choice":"Lose Max HP","floor":13.0,"gold_loss":0.0,"damage_taken":0.0,"relics_obtained":["Golden Idol"]},{"damage_healed":0.0,"max_hp_gain":0.0,"max_hp_loss":0.0,"gold_gain":0.0,"event_name":"betterNote:BetterNote","player_choice":"Ignored","floor":20.0,"gold_loss":0.0,"damage_taken":0.0,"cards_obtained":["Battle Trance"]},{"damage_healed":0.0,"max_hp_gain":37.0,"max_hp_loss":21.0,"gold_gain":0.0,"event_name":"betterAltar:BetterAltar","player_choice":" GoldIdol Vial ","floor":22.0,"potions_obtained":[],"relics_lost":["Golden Idol"],"gold_loss":0.0,"damage_taken":16.0,"relics_obtained":["Bloody Idol","Blood Vial"]},{"damage_healed":0.0,"max_hp_gain":0.0,"max_hp_loss":0.0,"gold_gain":0.0,"event_name":"SensoryStone","player_choice":"Memory 1","floor":37.0,"gold_loss":0.0,"damage_taken":0.0},{"damage_healed":0.0,"max_hp_gain":0.0,"max_hp_loss":0.0,"gold_gain":0.0,"event_name":"Mysterious Sphere","player_choice":"Fight","floor":39.0,"gold_loss":0.0,"damage_taken":0.0},{"damage_healed":0.0,"max_hp_gain":0.0,"max_hp_loss":0.0,"gold_gain":0.0,"event_name":"MindBloom","player_choice":"Fight","floor":42.0,"gold_loss":0.0,"damage_taken":0.0}],"is_beta":false,"boss_relics":[{"not_picked":["Black Star","Calling Bell"],"picked":"Velvet Choker"},{"not_picked":["Busted Crown","SacredBark"],"picked":"HoveringKite"}],"items_purged_floors":[21,41],"is_endless":false,"potions_floor_spawned":[8,11,24,25,30,31,33,36,39,42],"ascension_level":5}}