{"host":"qxeepl7ydvsgmfdb","time":1612495817,"event":{"mods":["AchievementEnabler","BaseMod","Colored Powertips","Minty Spire (QoL Compilation)","Quick Restart","slay the spire mod where everything is the same but ironclad has a cowboy hat"],"gold_per_floor":[114,114,42,42,117,117,147,161,211,244,18,18,18,35,35,136,136,148,63,63,79,90,120,120,152,177,177,177],"floor_reached":27,"language":"ENG","playtime":650,"items_purged":["Regret"],"score":338,"play_id":"3c438fc5-f126-4c51-a68d-1097a84a5c5e","local_time":"20210204223017","is_ascension_mode":true,"campfire_choices":[{"data":"Defragment","floor":6.0,"key":"SMITH"},{"floor":15.0,"key":"REST"},{"floor":24.0,"key":"REST"}],"circlet_count":0,"master_deck":["Strike_B","Strike_B","Strike_B","Defend_B+1","Defend_B","Defend_B+1","Defend_B","Zap+1","Dualcast","Defragment+1","Sweeping Beam","Ball Lightning","Coolheaded","Capacitor","Electrodynamics","CurseOfTheBell","Cold Snap+1","Redo+1","Leap","Cold Snap+1"],"relics":["Cracked Core","NeowsBlessing","Bag of Preparation","Ginger","Shovel","Oddly Smooth Stone","War Paint","Toy Ornithopter","Art of War","Calling Bell","Happy Flower","Molten Egg 2","Turnip","Strawberry","MealTicket","Emotion Chip","Centennial Puzzle"],"acts_visited":["Exordium","TheCity"],"potions_floor_usage":[27],"damage_taken":[{"damage":0.0,"enemies":"Cultist","floor":1.0,"turns":1.0},{"damage":0.0,"enemies":"3 Sentries","floor":7.0,"turns":1.0},{"damage":0.0,"enemies":"Small Slimes","floor":8.0,"turns":1.0},{"damage":38.0,"enemies":"Gremlin Nob","floor":10.0,"turns":4.0},{"damage":8.0,"enemies":"Jaw Worm","floor":14.0,"turns":2.0},{"damage":29.0,"enemies":"The Guardian","floor":16.0,"turns":9.0},{"damage":30.0,"enemies":"Shell Parasite","floor":18.0,"turns":5.0},{"damage":1.0,"enemies":"Spheric Guardian","floor":21.0,"turns":3.0},{"damage":27.0,"enemies":"Centurion and Healer","floor":22.0,"turns":4.0},{"damage":18.0,"enemies":"Gremlin Leader","floor":23.0,"turns":5.0},{"damage":30.0,"enemies":"Book of Stabbing","floor":25.0,"turns":7.0},{"damage":15,"enemies":"Slavers","floor":27,"turns":1}],"seed_played":"5592395817482987724","potions_obtained":[{"floor":1.0,"key":"Dexterity Potion"},{"floor":7.0,"key":"BlessingOfTheForge"},{"floor":8.0,"key":"BlessingOfTheForge"},{"floor":18.0,"key":"AttackPotion"},{"floor":23.0,"key":"SteroidPotion"},{"floor":25.0,"key":"SpeedPotion"}],"is_trial":false,"path_per_floor":["M","?","$","?","?","R","E","M","T","E","$","?","?","M","R","B",null,"M","?","?","M","M","E","R","E","T","E"],"character_chosen":"DEFECT","items_purchased":["Defragment","Toy Ornithopter"],"campfire_rested":2,"item_purchase_floors":[3,11],"current_hp_per_floor":[75,68,68,68,57,57,57,57,57,19,19,19,19,11,33,14,75,45,52,52,51,24,16,40,10,10,0,0],"gold":177,"neow_bonus":"THREE_ENEMY_KILL","is_daily":false,"chose_seed":false,"campfire_upgraded":1,"win_rate":0.0,"timestamp":1612495817,"path_taken":["M","?","$","?","?","R","E","?","T","E","$","?","?","M","R","BOSS","M","?","?","M","?","E","R","E","T","E"],"items_purchased_type":["Card","Relic"],"build_version":"2020-12-22","purchased_purges":1,"victory":false,"max_hp_per_floor":[75,75,75,75,75,75,75,75,75,75,75,75,75,75,75,75,75,75,82,82,82,82,82,82,82,82,82,82],"card_choices":[{"not_picked":["Force Field","Turbo","Glacier"],"picked":"SKIP","floor":1.0},{"not_picked":["Consume","Skim"],"picked":"Sweeping Beam","floor":7.0},{"not_picked":["Redo","Compile Driver"],"picked":"Ball Lightning","floor":8.0},{"not_picked":["Turbo","Hello World"],"picked":"Coolheaded","floor":10.0},{"not_picked":["Tempest","Coolheaded"],"picked":"Capacitor","floor":14.0},{"not_picked":["Meteor Strike","Seek"],"picked":"Electrodynamics","floor":16.0},{"not_picked":["Skim","Sweeping Beam+1","Barrage+1"],"picked":"SKIP","floor":18.0},{"not_picked":["Streamline+1","Turbo"],"picked":"Cold Snap+1","floor":21.0},{"not_picked":["Rebound+1","Leap"],"picked":"Redo+1","floor":22.0},{"not_picked":["Stack","Rebound+1"],"picked":"Leap","floor":23.0},{"not_picked":["Go for the Eyes+1","Conserve Battery"],"picked":"Cold Snap+1","floor":25.0}],"player_experience":165768,"relics_obtained":[{"floor":7.0,"key":"Shovel"},{"floor":9.0,"key":"Oddly Smooth Stone"},{"floor":10.0,"key":"War Paint"},{"floor":17.0,"key":"Happy Flower"},{"floor":17.0,"key":"Molten Egg 2"},{"floor":17.0,"key":"Turnip"},{"floor":23.0,"key":"MealTicket"},{"floor":25.0,"key":"Emotion Chip"},{"floor":26.0,"key":"Centennial Puzzle"}],"event_choices":[{"damage_healed":0.0,"max_hp_gain":0.0,"max_hp_loss":0.0,"gold_gain":0.0,"event_name":"Scrap Ooze","player_choice":"Success","floor":2.0,"gold_loss":0.0,"damage_taken":7.0,"relics_obtained":["Bag of Preparation"]},{"damage_healed":0.0,"max_hp_gain":0.0,"max_hp_loss":0.0,"gold_gain":0.0,"event_name":"Big Fish","player_choice":"Box","floor":4.0,"gold_loss":0.0,"damage_taken":0.0,"relics_obtained":["Ginger"],"cards_obtained":["Regret"]},{"damage_healed":0.0,"max_hp_gain":0.0,"max_hp_loss":0.0,"gold_gain":75.0,"event_name":"World of Goop","player_choice":"Gather Gold","floor":5.0,"gold_loss":0.0,"damage_taken":11.0},{"damage_healed":0.0,"max_hp_gain":0.0,"max_hp_loss":0.0,"gold_gain":0.0,"event_name":"Living Wall","player_choice":"Grow","floor":12.0,"gold_loss":0.0,"damage_taken":0.0,"cards_upgraded":["Zap"]},{"damage_healed":0.0,"max_hp_gain":0.0,"max_hp_loss":0.0,"gold_gain":0.0,"event_name":"Dead Adventurer","player_choice":"Searched \u00271\u0027 times","floor":13.0,"gold_loss":0.0,"damage_taken":0.0,"relics_obtained":["Art of War"]},{"damage_healed":0.0,"max_hp_gain":0.0,"max_hp_loss":0.0,"gold_gain":0.0,"event_name":"Addict","player_choice":"Obtained Relic","floor":19.0,"gold_loss":85.0,"damage_taken":0.0,"relics_obtained":["Strawberry"]},{"cards_removed":["Strike_B"],"damage_healed":0.0,"max_hp_gain":0.0,"max_hp_loss":0.0,"gold_gain":0.0,"event_name":"Wheel of Change","player_choice":"Card Removal","floor":20.0,"gold_loss":0.0,"damage_taken":0.0}],"is_beta":false,"boss_relics":[{"not_picked":["Busted Crown","Philosopher\u0027s Stone"],"picked":"Calling Bell"}],"items_purged_floors":[11],"is_endless":false,"potions_floor_spawned":[1,7,8,18,23,25],"killed_by":"Slavers","ascension_level":4}}