{"host":"l8n3qytufxtuz5eu","time":1612487067,"event":{"mods":["BaseMod","Colored Map","Minty Spire (QoL Compilation)","Relic Stats"],"gold_per_floor":[110,30,205,205,225,225,255,274,274,274,274,274],"floor_reached":11,"language":"ENG","playtime":245,"items_purged":[],"score":144,"play_id":"4bfb261a-707d-436d-b2fe-1afe658db996","local_time":"20210204170427","is_ascension_mode":true,"campfire_choices":[{"data":"Well Laid Plans","floor":6,"key":"SMITH"},{"data":"Wraith Form v2","floor":10,"key":"SMITH"}],"circlet_count":0,"master_deck":["AscendersBane","Strike_G","Strike_G","Strike_G","Strike_G","Strike_G","Defend_G","Defend_G","Defend_G","Defend_G","Defend_G","Survivor","Neutralize","PiercingWail","Well Laid Plans+1","Doubt","Noxious Fumes","Outmaneuver","Wraith Form v2+1"],"relics":["Ring of the Snake","NeowsBlessing","Singing Bowl","Calipers"],"acts_visited":["Exordium"],"potions_floor_usage":[11],"damage_taken":[{"damage":0,"enemies":"Small Slimes","floor":1,"turns":1},{"damage":0,"enemies":"Jaw Worm","floor":5,"turns":1},{"damage":0,"enemies":"3 Sentries","floor":7,"turns":1},{"damage":13,"enemies":"Cultist","floor":8,"turns":6},{"damage":93,"enemies":"Gremlin Nob","floor":11,"turns":6}],"seed_played":"6300351546250725388","potions_obtained":[{"floor":1,"key":"Energy Potion"}],"is_trial":false,"path_per_floor":["M","$","?","?","M","R","E","M","T","R","E"],"character_chosen":"THE_SILENT","items_purchased":["Well Laid Plans"],"campfire_rested":0,"item_purchase_floors":[2],"current_hp_per_floor":[63,63,63,68,68,68,68,55,55,55,0,0],"gold":274,"neow_bonus":"THREE_ENEMY_KILL","is_daily":false,"chose_seed":false,"campfire_upgraded":2,"win_rate":0.0,"timestamp":1612487067,"path_taken":["M","$","?","?","M","R","E","M","T","R","E"],"items_purchased_type":["Card"],"build_version":"2020-12-22","purchased_purges":0,"victory":false,"max_hp_per_floor":[70,70,70,75,75,75,75,75,75,75,75,75],"relic_stats":{"Singing Bowl":0,"counters":[5,15],"obtain_stats":[{"Calipers":9,"NeowsBlessing":0,"Singing Bowl":7,"Ring of the Snake":0},{"Calipers":4,"NeowsBlessing":0,"Singing Bowl":3,"Ring of the Snake":0},{"Calipers":9,"NeowsBlessing":0,"Singing Bowl":3,"Ring of the Snake":0}],"Ring of the Snake":[10]},"card_choices":[{"not_picked":["Riddle With Holes","Sucker Punch"],"picked":"PiercingWail","floor":1},{"not_picked":["Flying Knee","PiercingWail"],"picked":"Noxious Fumes","floor":5},{"not_picked":["Setup","Masterful Stab"],"picked":"Outmaneuver","floor":7},{"not_picked":["Masterful Stab","Catalyst"],"picked":"Wraith Form v2","floor":8}],"player_experience":1466490,"relics_obtained":[{"floor":7,"key":"Singing Bowl"},{"floor":9,"key":"Calipers"}],"event_choices":[{"damage_healed":0,"gold_gain":175,"player_choice":"AGREE","damage_taken":0,"max_hp_gain":0,"max_hp_loss":0,"event_name":"Liars Game","floor":3,"gold_loss":0,"cards_obtained":["Doubt"]},{"damage_healed":0,"gold_gain":0,"player_choice":"Donut","damage_taken":0,"max_hp_gain":5,"max_hp_loss":0,"event_name":"Big Fish","floor":4,"gold_loss":0}],"is_beta":false,"boss_relics":[],"items_purged_floors":[],"is_endless":false,"potions_floor_spawned":[1],"killed_by":"Gremlin Nob","ascension_level":10}}