{"host":"hcg2wesxzfo46upw","time":1612561298,"event":{"mods":["2.2 Compatiblity","AchievementEnabler","Act Like it!","Aspiration","BaseMod","Beaked The Cultist","Better Altar","Better Match","Better Note","Better Sensory Stone","Better Skull","Better Third Choice","ChefMod","Clockwork Mod","Conspire","Downfall","Elementarium","Gensokyo","GifTheSpireLib","Glutton Mod","Hubris","Infinite Spire","Jedi Mod","Mad Scientist","Minty Spire (QoL Compilation)","Pale of the Ancients","Reliquary","Replay The Spire","Robot Space Explorer","Shade Mod","Spicy Shops","Spikes Relics","StSLib","Stuff the Spire","The Blackbeard","The Bug Knight","The Construct","The Cursed","The Death Knight","The Disciple","The Edgeheg","The Jungle","The Marked","The Necromancer","The Runesmith","Wandering Minibosses"],"gold_per_floor":[117,150,168,54,54,54,73,73,73,73,87,118,118,135,135,135,135],"floor_reached":16,"language":"ENG","playtime":915,"items_purged":[],"score":100,"play_id":"831d6642-84d0-4b0d-ad2d-a15a53ad0168","local_time":"20210205224138","is_ascension_mode":false,"campfire_choices":[{"data":"theMarked:MysticalArsenal","floor":6,"key":"SMITH"},{"data":"theMarked:SoldierOfQuellstein","floor":8,"key":"SMITH"},{"floor":13,"key":"REST"},{"data":"theMarked:Vacuum","floor":15,"key":"SMITH"}],"circlet_count":0,"master_deck":["theMarked:Strike","theMarked:Strike","theMarked:Strike","theMarked:Strike","theMarked:Defend","theMarked:Defend","theMarked:Defend","theMarked:Defend","theMarked:SoldierOfQuellstein+1","theMarked:HeightenedSenses","theMarked:WardOff+1","theMarked:Parry","theMarked:MysticalArsenal+1","theMarked:Overcharge","theMarked:GodGivenPower","theMarked:Vacuum+1","theMarked:WardOff+1"],"relics":["theMarked:ArtifactOfAir","NeowsBlessing","MiniBlackHole","Replay:Bottled Eggs","reliquary:Firecrackers"],"acts_visited":["Exordium"],"potions_floor_usage":[12,16,16],"damage_taken":[{"damage":0,"enemies":"Cultist","floor":1,"turns":1},{"damage":0,"enemies":"conspire:MimicChest","floor":2,"turns":1},{"damage":0,"enemies":"Small Slimes","floor":3,"turns":1},{"damage":7,"enemies":"Jaw Worm","floor":7,"turns":5},{"damage":10,"enemies":"Large Slime","floor":11,"turns":7},{"damage":18,"enemies":"HollowMod:MossKnight","floor":12,"turns":6},{"damage":2,"enemies":"Red Slaver","floor":14,"turns":3},{"damage":49,"enemies":"Slime Boss","floor":16,"turns":11}],"seed_played":"-2300831284242732623","potions_obtained":[{"floor":7,"key":"champ:CounterPotion"},{"floor":11,"key":"DuplicationPotion"},{"floor":12,"key":"DeathKnight:RimePotion"}],"is_trial":false,"path_per_floor":["M","?","M","$","?","R","M","R","T","$","M","E","R","M","R","B"],"character_chosen":"THE_DEFAULT","items_purchased":["theMarked:MysticalArsenal"],"campfire_rested":1,"item_purchase_floors":[4],"current_hp_per_floor":[70,70,70,70,63,63,56,56,56,56,46,28,49,47,47,0,0],"gold":135,"neow_bonus":"THREE_ENEMY_KILL","is_daily":false,"chose_seed":false,"campfire_upgraded":3,"win_rate":0.0,"timestamp":1612561298,"path_taken":["M","?","?","$","?","R","M","R","T","?","M","E","R","M","R","BOSS"],"items_purchased_type":["Card"],"build_version":"2020-12-22","purchased_purges":0,"victory":false,"max_hp_per_floor":[70,70,70,70,70,70,70,70,70,70,70,70,70,70,70,70,70],"card_choices":[{"not_picked":["theMarked:WardOff","theMarked:TwofoldDefense"],"picked":"theMarked:HeightenedSenses","floor":1},{"not_picked":["theMarked:Frustration","theMarked:TwofoldDefense"],"picked":"theMarked:WardOff","floor":2},{"not_picked":["theMarked:Electrocute","theMarked:ElectricStrings"],"picked":"theMarked:Parry","floor":3},{"not_picked":["theMarked:BanishingWave","theMarked:Pokerface"],"picked":"theMarked:Overcharge","floor":7},{"not_picked":["theMarked:EmpowerWeapon","theMarked:TwofoldDefense"],"picked":"theMarked:GodGivenPower","floor":11},{"not_picked":["theMarked:Static","theMarked:ElectricStrings"],"picked":"theMarked:Vacuum","floor":12},{"not_picked":["theMarked:Polarize","theMarked:MysticalArsenal"],"picked":"theMarked:WardOff","floor":14}],"player_experience":270152,"relics_obtained":[{"floor":2,"key":"MiniBlackHole"},{"floor":9,"key":"Replay:Bottled Eggs"},{"floor":12,"key":"reliquary:Firecrackers"}],"event_choices":[{"cards_removed":["theMarked:Strike"],"damage_healed":0,"gold_gain":0,"player_choice":"Card Removal","damage_taken":7,"max_hp_gain":0,"max_hp_loss":0,"event_name":"Golden Wing","floor":5,"gold_loss":0}],"is_beta":false,"boss_relics":[],"items_purged_floors":[],"is_endless":false,"potions_floor_spawned":[7,11,12],"killed_by":"Slime Boss","ascension_level":0}}