{"host":"lpzule13k694vaqg","time":1612520896,"event":{"mods":["BaseMod","Block Reminder","Colored Map","Colored Powertips","Minty Spire (QoL Compilation)","Permanent Neow"],"gold_per_floor":[12,12,12,23,23,52,52,52,52,67,87,87,108,108,108,236,236,260,175,175,32,48,87,100,24,69,89,110,133,148,162,162,283,283,302,316,379,712,724,292,319,343,368,368,368,387,48,96,96,96],"floor_reached":51,"language":"ENG","playtime":2529,"items_purged":["Injury"],"score":774,"play_id":"3744e896-2b49-465a-a8ba-fd943cff1834","local_time":"20210205112816","is_ascension_mode":false,"campfire_choices":[{"floor":12.0,"key":"REST"},{"data":"Brutality","floor":15.0,"key":"SMITH"},{"floor":32,"key":"REST"},{"floor":45,"key":"REST"},{"data":"Barricade","floor":49,"key":"SMITH"}],"circlet_count":0,"master_deck":["Strike_R+1","Strike_R+1","Strike_R+1","Strike_R+1","Defend_R+1","Defend_R+1","Defend_R+1","Defend_R+1","Bash","Thunderclap+1","Brutality+1","Thunderclap","Juggernaut","Twin Strike","Feel No Pain","Twin Strike","Demon Form","Shockwave+1","Flame Barrier+1","True Grit","Thunderclap+1","Inflame","Sword Boomerang+1","Flex+1","Anger+1","Iron Wave+1","Shrug It Off","Barricade+1","Iron Wave+1","Flex","Flex","Clash+1","Inflame","Entrench","Pommel Strike+1","Pummel+1","Inflame","Flash of Steel+1","Flame Barrier"],"relics":["Burning Blood","Gambling Chip","PreservedInsect","Lantern","InkBottle","Sozu","Incense Burner","Ancient Tea Set","Molten Egg 2","War Paint","Black Star","TungstenRod","Ornamental Fan","Thread and Needle","Bronze Scales","Vajra","MealTicket","Oddly Smooth Stone","FossilizedHelix"],"acts_visited":["Exordium","TheCity","TheBeyond"],"potions_floor_usage":[30],"damage_taken":[{"damage":11.0,"enemies":"Jaw Worm","floor":1.0,"turns":2.0},{"damage":5.0,"enemies":"2 Louse","floor":4.0,"turns":3.0},{"damage":29.0,"enemies":"3 Sentries","floor":6.0,"turns":6.0},{"damage":3.0,"enemies":"Cultist","floor":10.0,"turns":3.0},{"damage":27.0,"enemies":"Blue Slaver","floor":11.0,"turns":3.0},{"damage":11.0,"enemies":"Looter","floor":13.0,"turns":2.0},{"damage":47.0,"enemies":"Slime Boss","floor":16.0,"turns":11.0},{"damage":28,"enemies":"Shell Parasite","floor":18,"turns":5},{"damage":13,"enemies":"Chosen","floor":22,"turns":4},{"damage":19,"enemies":"Book of Stabbing","floor":23,"turns":5},{"damage":9,"enemies":"Centurion and Healer","floor":24,"turns":6},{"damage":14,"enemies":"Sentry and Sphere","floor":27,"turns":4},{"damage":20,"enemies":"Snake Plant","floor":28,"turns":4},{"damage":5,"enemies":"Cultist and Chosen","floor":29,"turns":6},{"damage":9,"enemies":"3 Cultists","floor":30,"turns":4},{"damage":7,"enemies":"Snake Plant","floor":31,"turns":3},{"damage":31,"enemies":"Automaton","floor":33,"turns":10},{"damage":4,"enemies":"Orb Walker","floor":35,"turns":3},{"damage":45,"enemies":"3 Darklings","floor":36,"turns":5},{"damage":4,"enemies":"Mind Bloom Boss Battle","floor":37,"turns":5},{"damage":22,"enemies":"Maw","floor":39,"turns":7},{"damage":3,"enemies":"Nemesis","floor":41,"turns":7},{"damage":4,"enemies":"Transient","floor":46,"turns":5},{"damage":15,"enemies":"2 Orb Walkers","floor":48,"turns":4},{"damage":53,"enemies":"Donu and Deca","floor":50,"turns":8}],"seed_played":"-692267894979091090","potions_obtained":[{"floor":1.0,"key":"LiquidMemories"},{"floor":4.0,"key":"HeartOfIron"},{"floor":6.0,"key":"Regen Potion"},{"floor":16.0,"key":"ElixirPotion"}],"is_trial":false,"path_per_floor":["M","?","?","M","?","E","?","$","T","M","M","R","M","?","R","B",null,"M","?","?","$","M","E","M","$","T","M","M","M","M","M","R","B",null,"M","M","?","?","M","$","E","T","T","?","R","M","$","?","R","B",null],"character_chosen":"IRONCLAD","items_purchased":["Ancient Tea Set","Inflame","Ornamental Fan","Inflame","Entrench","Inflame","Flash of Steel+1","Oddly Smooth Stone","Flame Barrier"],"campfire_rested":3,"item_purchase_floors":[21,25,40,40,40,47,47,47,47],"current_hp_per_floor":[75,75,75,76,76,53,53,53,53,56,35,59,54,47,47,20,80,58,58,58,58,51,38,35,35,35,27,13,14,11,10,34,9,80,80,41,43,43,27,27,30,30,30,30,52,54,69,60,60,13],"gold":96,"neow_bonus":"ONE_RARE_RELIC","is_daily":false,"chose_seed":false,"campfire_upgraded":2,"win_rate":0.0,"timestamp":1612520896,"path_taken":["M","?","?","?","?","E","?","?","T","?","M","R","M","?","R","BOSS","M","?","?","?","M","E","?","?","T","M","M","?","?","M","R","BOSS","M","M","?","?","M","?","E","?","T","?","R","M","$","?","R","BOSS"],"items_purchased_type":["Relic","Card","Relic","Card","Card","Card","Card","Relic","Card"],"build_version":"2020-12-22","purchased_purges":1,"victory":true,"max_hp_per_floor":[80,80,80,80,80,80,80,80,80,80,80,80,80,80,80,80,80,80,80,80,80,80,80,80,80,80,80,80,80,80,80,80,80,80,80,80,80,80,80,80,80,80,80,76,76,76,76,76,76,76],"card_choices":[{"not_picked":["Power Through","Clash"],"picked":"Thunderclap","floor":1.0},{"not_picked":["Iron Wave","Sever Soul"],"picked":"Thunderclap","floor":4.0},{"not_picked":["True Grit","Power Through"],"picked":"Juggernaut","floor":6.0},{"not_picked":["Clothesline","Dual Wield"],"picked":"Twin Strike","floor":10.0},{"not_picked":["Pommel Strike","Shrug It Off"],"picked":"Feel No Pain","floor":11.0},{"not_picked":["Thunderclap","Pommel Strike"],"picked":"Twin Strike","floor":13.0},{"not_picked":["Juggernaut","Reaper"],"picked":"Demon Form","floor":16.0},{"not_picked":["Clash","Dual Wield"],"picked":"Shockwave","floor":18},{"not_picked":["Uppercut","Body Slam+1"],"picked":"Flame Barrier","floor":22},{"not_picked":["Clothesline+1","Disarm"],"picked":"True Grit","floor":23},{"not_picked":["Clothesline+1","Power Through"],"picked":"Thunderclap+1","floor":24},{"not_picked":["Infernal Blade","Thunderclap+1"],"picked":"Sword Boomerang+1","floor":27},{"not_picked":["Thunderclap+1","Battle Trance+1"],"picked":"Flex+1","floor":28},{"not_picked":["Searing Blow+1","Infernal Blade+1"],"picked":"Anger+1","floor":29},{"not_picked":["Dual Wield","Entrench"],"picked":"Iron Wave+1","floor":30},{"not_picked":["Uppercut+1","Pummel+1"],"picked":"Shrug It Off","floor":31},{"not_picked":["Double Tap","Demon Form"],"picked":"Barricade","floor":33},{"not_picked":["Twin Strike+1","Thunderclap+1"],"picked":"Iron Wave+1","floor":35},{"not_picked":["Clothesline+1","Hemokinesis+1"],"picked":"Flex","floor":36},{"not_picked":["Thunderclap+1","Twin Strike+1"],"picked":"Flex","floor":37},{"not_picked":["Headbutt+1","Body Slam+1"],"picked":"Clash+1","floor":39},{"not_picked":["Bloodletting","Iron Wave+1"],"picked":"Pommel Strike+1","floor":41},{"not_picked":["Battle Trance+1","Feed+1"],"picked":"Pummel+1","floor":46}],"player_experience":3327,"relics_obtained":[{"floor":6.0,"key":"Lantern"},{"floor":9.0,"key":"InkBottle"},{"floor":23,"key":"Molten Egg 2"},{"floor":26,"key":"War Paint"},{"floor":37,"key":"TungstenRod"},{"floor":41,"key":"Thread and Needle"},{"floor":41,"key":"Bronze Scales"},{"floor":42,"key":"Vajra"},{"floor":43,"key":"MealTicket"},{"floor":48,"key":"FossilizedHelix"}],"event_choices":[{"damage_healed":0.0,"max_hp_gain":0.0,"max_hp_loss":0.0,"gold_gain":0.0,"event_name":"Living Wall","player_choice":"Grow","floor":2.0,"gold_loss":0.0,"damage_taken":0.0,"cards_upgraded":["Thunderclap"]},{"damage_healed":0.0,"max_hp_gain":0.0,"max_hp_loss":0.0,"gold_gain":0.0,"cards_transformed":["Strike_R"],"event_name":"Transmorgrifier","player_choice":"Transformed","floor":3.0,"gold_loss":0.0,"damage_taken":0.0,"cards_obtained":["Brutality"]},{"damage_healed":0.0,"max_hp_gain":0.0,"max_hp_loss":0.0,"gold_gain":0.0,"event_name":"Big Fish","player_choice":"Box","floor":5.0,"gold_loss":0.0,"damage_taken":0.0,"relics_obtained":["PreservedInsect"],"cards_obtained":["Regret"]},{"damage_healed":0.0,"max_hp_gain":0.0,"max_hp_loss":0.0,"gold_gain":0.0,"event_name":"Golden Idol","player_choice":"Take Wound","floor":7.0,"gold_loss":0.0,"damage_taken":0.0,"relics_obtained":["Golden Idol"],"cards_obtained":["Injury"]},{"cards_removed":["Regret"],"damage_healed":0.0,"max_hp_gain":0.0,"max_hp_loss":0.0,"gold_gain":0.0,"event_name":"Golden Wing","player_choice":"Card Removal","floor":14.0,"gold_loss":0.0,"damage_taken":7.0},{"damage_healed":0,"gold_gain":0,"player_choice":"Obtained Relic","damage_taken":0,"relics_obtained":["Incense Burner"],"max_hp_gain":0,"max_hp_loss":0,"event_name":"Addict","floor":19,"gold_loss":85},{"damage_healed":0,"gold_gain":0,"player_choice":"Simplicity","damage_taken":0,"max_hp_gain":0,"max_hp_loss":0,"event_name":"Back to Basics","floor":20,"gold_loss":0,"cards_upgraded":["Strike_R","Strike_R","Strike_R","Strike_R","Defend_R","Defend_R","Defend_R","Defend_R"]},{"damage_healed":0,"gold_gain":0,"player_choice":"Fight","damage_taken":0,"max_hp_gain":0,"max_hp_loss":0,"event_name":"MindBloom","floor":37,"gold_loss":0},{"damage_healed":0,"gold_gain":333,"player_choice":"Gave Idol","damage_taken":0,"max_hp_gain":0,"max_hp_loss":0,"event_name":"The Moai Head","floor":38,"relics_lost":["Golden Idol"],"gold_loss":0},{"damage_healed":0,"gold_gain":0,"player_choice":"Max HP","damage_taken":0,"max_hp_gain":0,"max_hp_loss":4,"event_name":"Winding Halls","floor":44,"gold_loss":0},{"damage_healed":0,"gold_gain":0,"player_choice":"Fight","damage_taken":0,"max_hp_gain":0,"max_hp_loss":0,"event_name":"Mysterious Sphere","floor":48,"gold_loss":0}],"is_beta":false,"boss_relics":[{"not_picked":["Fusion Hammer","Ectoplasm"],"picked":"Sozu"},{"not_picked":["SacredBark","Snecko Eye"],"picked":"Black Star"}],"items_purged_floors":[40],"is_endless":false,"potions_floor_spawned":[1,4,6,16,18,22,27,30,37,48],"ascension_level":0}}