{"host":"1gxyv4nzk9y6vrq3","time":1612564702,"event":{"mods":["Bartender","BaseMod","Downfall","Duelist Mod","Jorbs\u0027s Wanderer Trilogy","Marisa????????","Minty Spire (QoL Compilation)","Relic Stats","StSLib","The Disciple","The Mystic","The Servant 0.9.4"],"gold_per_floor":[114,114,150,162,162,162,188,188,188,142,142,159,159,169,169,169,169],"floor_reached":16,"language":"ENG","playtime":1418,"items_purged":[],"score":100,"play_id":"3bfa3fd2-2430-4faf-95bc-db9255657280","local_time":"20210205143822","is_ascension_mode":false,"campfire_choices":[{"floor":6,"key":"REST"},{"floor":11,"key":"REST"},{"floor":13,"key":"REST"},{"data":"MasterKey","floor":15,"key":"SMITH"}],"circlet_count":0,"master_deck":["Strike_Br","Strike_Br","Strike_Br","Strike_Br","Defend_Br","Defend_Br","Defend_Br","Defend_Br","SecondHand","PatternShift","LockedAstrolabe","PrimeTime","BlueShift","Goo","MasterKey+1","Parasite","LockedAnchor","Allegro+1","LockedMedicine"],"relics":["Chronometer","Pantograph"],"acts_visited":["Exordium"],"potions_floor_usage":[7,7,16],"damage_taken":[{"damage":10,"enemies":"Jaw Worm","floor":1,"turns":8},{"damage":5,"enemies":"2 Louse","floor":3,"turns":4},{"damage":8,"enemies":"Cultist","floor":4,"turns":5},{"damage":22,"enemies":"3 Sentries","floor":7,"turns":8},{"damage":25,"enemies":"Exordium Wildlife","floor":12,"turns":7},{"damage":8,"enemies":"3 Louse","floor":14,"turns":6},{"damage":81,"enemies":"Hexaghost","floor":16,"turns":14}],"seed_played":"1150895634424316708","potions_obtained":[{"floor":3,"key":"Explosive Potion"},{"floor":4,"key":"Fire Potion"},{"floor":14,"key":"AttackPotion"}],"is_trial":false,"path_per_floor":["M","$","M","M","?","R","E","?","T","$","R","M","R","M","R","B"],"character_chosen":"CHRONO_CLASS","items_purchased":["LockedAnchor"],"campfire_rested":3,"item_purchase_floors":[10],"current_hp_per_floor":[37,37,32,24,24,43,21,37,37,37,56,31,50,42,42,0,0],"gold":169,"neow_bonus":"THREE_RARE_CARDS","is_daily":false,"chose_seed":false,"campfire_upgraded":1,"win_rate":0.0,"timestamp":1612564702,"path_taken":["M","$","M","M","?","R","E","?","T","?","R","M","R","?","R","BOSS"],"items_purchased_type":["Card"],"build_version":"2020-12-22","purchased_purges":0,"victory":false,"max_hp_per_floor":[65,65,65,65,65,65,65,65,65,65,65,65,65,65,65,65,65],"relic_stats":{"counters":[7,52],"Pantograph":23,"obtain_stats":[{"Chronometer":0,"Pantograph":7},{"Chronometer":0,"Pantograph":4},{"Chronometer":0,"Pantograph":25}]},"card_choices":[{"not_picked":["Pendulum","OverTime"],"picked":"LockedAstrolabe","floor":0},{"not_picked":["Parity","ResonantCall"],"picked":"PrimeTime","floor":1},{"not_picked":["EscortCommand","BiteCommand"],"picked":"BlueShift","floor":3},{"not_picked":["LockedMawBank","BlueShift"],"picked":"Goo","floor":4},{"not_picked":["Backlash","Goo"],"picked":"MasterKey","floor":7},{"not_picked":["Parity","CrunchTime"],"picked":"LockedMedicine","floor":12},{"not_picked":["FormalWear","Parity","AlternateTimeline"],"picked":"SKIP","floor":14}],"player_experience":64182,"relics_obtained":[{"floor":7,"key":"Pantograph"}],"event_choices":[{"damage_healed":0,"gold_gain":0,"player_choice":"Ignored","damage_taken":0,"max_hp_gain":0,"max_hp_loss":0,"event_name":"Golden Idol","floor":5,"gold_loss":0},{"damage_healed":16,"gold_gain":0,"player_choice":"Healed and dodged fight","damage_taken":0,"max_hp_gain":0,"max_hp_loss":0,"event_name":"Mushrooms","floor":8,"gold_loss":0,"cards_obtained":["Parasite"]}],"is_beta":false,"boss_relics":[],"items_purged_floors":[],"is_endless":false,"potions_floor_spawned":[3,4,14],"killed_by":"Hexaghost","ascension_level":0}}