{"host":"e1pm3b7xpcm97e5w","time":1612548546,"event":{"mods":["BaseMod","Better Skull","Googly Eyes","Minty Spire (QoL Compilation)","Relic Stats","Shop Mod","Spicy Shops","StSLib"],"gold_per_floor":[111,111,37,112,112,138,157,157,184,229,241,287,299,325,337,423,435,457,67,67,107,127,182,214,239,265,265,51,69,69,69,69,144,144,178,198,228,228,246,246,285,302,328,42,42,42,42,42],"floor_reached":47,"language":"ENG","playtime":1655,"items_purged":["Defend_P","Strike_P","Strike_P"],"score":991,"play_id":"8cf94cd1-6700-494e-acae-7d608a0672f2","local_time":"20210205130906","is_ascension_mode":true,"campfire_choices":[{"data":"Eruption","floor":8.0,"key":"SMITH"},{"floor":15.0,"key":"REST"},{"floor":27.0,"key":"REST"},{"floor":30.0,"key":"REST"},{"floor":32.0,"key":"REST"},{"floor":40,"key":"REST"},{"floor":45,"key":"REST"}],"circlet_count":0,"master_deck":["AscendersBane","Strike_P","Strike_P","Defend_P","Defend_P+1","Defend_P","Eruption+1","Vigilance","CutThroughFate","Tantrum+1","Consecrate","ThirdEye","JustLucky","Wallop","ThirdEye","Protect+1","DevaForm","WindmillStrike","BowlingBash","HandOfGreed","Wallop","SandsOfTime","TalkToTheHand","WheelKick+1","Ragnarok","CutThroughFate","Wireheading","SpiritShield","WindmillStrike","Protect","ClearTheMind","DeusExMachina"],"relics":["PureWater","NeowsBlessing","Pen Nib","Lizard Tail","Nunchaku","MawBank","Prayer Wheel","Strawberry","Snecko Eye","Membership Card","Kunai","TungstenRod","Gremlin Horn","War Paint","Shuriken","Runic Dome","Lantern","Incense Burner","ClockworkSouvenir"],"acts_visited":["Exordium","TheCity","TheBeyond"],"potions_floor_usage":[42],"damage_taken":[{"damage":0.0,"enemies":"2 Louse","floor":1.0,"turns":1.0},{"damage":0.0,"enemies":"Lagavulin","floor":6.0,"turns":1.0},{"damage":0.0,"enemies":"Jaw Worm","floor":7.0,"turns":1.0},{"damage":0.0,"enemies":"Gremlin Nob","floor":10.0,"turns":2.0},{"damage":17.0,"enemies":"3 Sentries","floor":12.0,"turns":3.0},{"damage":0.0,"enemies":"Small Slimes","floor":14.0,"turns":2.0},{"damage":75.0,"enemies":"Hexaghost","floor":16.0,"turns":10.0},{"damage":0.0,"enemies":"Chosen","floor":18.0,"turns":3.0},{"damage":5.0,"enemies":"Shell Parasite","floor":21.0,"turns":3.0},{"damage":11.0,"enemies":"Snake Plant","floor":22.0,"turns":4.0},{"damage":27.0,"enemies":"Book of Stabbing","floor":23.0,"turns":5.0},{"damage":0.0,"enemies":"Shelled Parasite and Fungi","floor":24.0,"turns":3.0},{"damage":41.0,"enemies":"Slavers","floor":25.0,"turns":4.0},{"damage":2.0,"enemies":"Cultist and Chosen","floor":29.0,"turns":3.0},{"damage":0.0,"enemies":"Automaton","floor":33.0,"turns":4.0},{"damage":0,"enemies":"3 Shapes","floor":35,"turns":1},{"damage":25,"enemies":"3 Darklings","floor":36,"turns":5},{"damage":6,"enemies":"4 Shapes","floor":37,"turns":3},{"damage":1,"enemies":"Jaw Worm Horde","floor":39,"turns":2},{"damage":0,"enemies":"Maw","floor":41,"turns":4},{"damage":24,"enemies":"Spire Growth","floor":42,"turns":4},{"damage":86,"enemies":"Writhing Mass","floor":47,"turns":2}],"seed_played":"2234111285909222817","potions_obtained":[{"floor":7.0,"key":"Explosive Potion"},{"floor":16.0,"key":"GamblersBrew"},{"floor":21.0,"key":"Block Potion"},{"floor":22.0,"key":"AttackPotion"},{"floor":24.0,"key":"FairyPotion"},{"floor":35,"key":"GamblersBrew"},{"floor":39,"key":"SpeedPotion"},{"floor":41,"key":"LiquidMemories"}],"is_trial":false,"path_per_floor":["M","?","$","?","T","E","M","R","T","E","?","E","?","M","R","B",null,"M","$","?","M","M","E","M","E","T","R","$","M","R","?","R","B",null,"M","M","M","?","M","R","M","M","T","$","R","?","M"],"character_chosen":"WATCHER","items_purchased":["Tantrum","Membership Card","Kunai","HandOfGreed","Shuriken","Wireheading","Incense Burner","ClockworkSouvenir"],"campfire_rested":6,"item_purchase_floors":[3,19,19,19,28,28,44,44],"current_hp_per_floor":[61,43,43,32,32,32,32,32,32,32,32,22,22,22,44,7,58,58,58,58,53,42,15,15,5,5,27,27,25,47,47,69,69,74,74,49,43,43,42,64,64,40,40,40,62,62,0,0],"gold":42,"neow_bonus":"THREE_ENEMY_KILL","is_daily":false,"chose_seed":false,"campfire_upgraded":1,"win_rate":0.0,"timestamp":1612548546,"path_taken":["M","?","$","?","?","E","?","R","T","E","?","E","?","M","R","BOSS","M","$","?","M","M","E","M","E","T","R","$","M","R","?","R","BOSS","M","M","M","?","M","R","M","M","T","$","R","?","M"],"items_purchased_type":["Card","Relic","Relic","Card","Relic","Card","Relic","Relic"],"build_version":"2020-12-22","purchased_purges":3,"victory":false,"max_hp_per_floor":[68,68,68,68,68,68,68,68,68,68,68,75,75,75,75,75,75,75,75,75,75,75,75,75,75,75,75,75,75,75,75,75,75,75,75,75,75,75,75,75,75,75,75,75,75,75,75,75],"relic_stats":{"Gremlin Horn":[12,12],"counters":[22,70],"Pen Nib":[18],"War Paint":["Defend_P","Protect"],"MawBank":120,"Lizard Tail":37,"Nunchaku":[18],"Shuriken":[22],"Snecko Eye":[99,94,96,93],"Prayer Wheel":12,"Kunai":[31],"obtain_stats":[{"Lantern":43,"NeowsBlessing":0,"Gremlin Horn":25,"Pen Nib":2,"Incense Burner":44,"War Paint":26,"MawBank":9,"ClockworkSouvenir":44,"Runic Dome":34,"Lizard Tail":5,"Nunchaku":6,"Shuriken":28,"Strawberry":12,"Snecko Eye":17,"Prayer Wheel":10,"Membership Card":19,"Kunai":19,"PureWater":0,"TungstenRod":23},{"Lantern":21,"NeowsBlessing":0,"Gremlin Horn":13,"Pen Nib":1,"Incense Burner":21,"War Paint":13,"MawBank":3,"ClockworkSouvenir":21,"Runic Dome":15,"Lizard Tail":1,"Nunchaku":2,"Shuriken":13,"Strawberry":5,"Snecko Eye":7,"Prayer Wheel":4,"Membership Card":8,"Kunai":8,"PureWater":0,"TungstenRod":11},{"Lantern":68,"NeowsBlessing":0,"Gremlin Horn":42,"Pen Nib":1,"Incense Burner":68,"War Paint":42,"MawBank":3,"ClockworkSouvenir":68,"Runic Dome":49,"Lizard Tail":1,"Nunchaku":2,"Shuriken":42,"Strawberry":8,"Snecko Eye":20,"Prayer Wheel":5,"Membership Card":23,"Kunai":23,"PureWater":0,"TungstenRod":35}],"TungstenRod":16},"card_choices":[{"not_picked":["CrushJoints","FollowUp"],"picked":"CutThroughFate","floor":1.0},{"not_picked":["EmptyFist","MasterReality"],"picked":"Consecrate","floor":6.0},{"not_picked":["Consecrate","Perseverance"],"picked":"ThirdEye","floor":7.0},{"not_picked":["EmptyBody","Prostrate"],"picked":"JustLucky","floor":10.0},{"not_picked":["CrushJoints","WreathOfFlame"],"picked":"Wallop","floor":12.0},{"not_picked":["BattleHymn","FlurryOfBlows"],"picked":"ThirdEye","floor":14.0},{"not_picked":["CutThroughFate","Evaluate"],"picked":"Protect","floor":14.0},{"not_picked":["Judgement","Brilliance"],"picked":"DevaForm","floor":16.0},{"not_picked":["ThirdEye","Protect"],"picked":"WindmillStrike","floor":18.0},{"not_picked":["FearNoEvil","ClearTheMind"],"picked":"BowlingBash","floor":18.0},{"not_picked":["WheelKick+1","PathToVictory"],"picked":"SandsOfTime","floor":21.0},{"not_picked":["FollowUp","CrushJoints","Perseverance"],"picked":"SKIP","floor":21.0},{"not_picked":["Evaluate","EmptyBody"],"picked":"TalkToTheHand","floor":22.0},{"not_picked":["Evaluate","Crescendo"],"picked":"WheelKick+1","floor":22.0},{"not_picked":["SignatureMove","CarveReality"],"picked":"Ragnarok","floor":23.0},{"not_picked":["WaveOfTheHand","Prostrate"],"picked":"CutThroughFate","floor":24.0},{"not_picked":["Pray","FlurryOfBlows","WreathOfFlame"],"picked":"SKIP","floor":24.0},{"not_picked":["EmptyFist+1","Adaptation+1","CutThroughFate"],"picked":"SKIP","floor":25.0},{"not_picked":["Evaluate+1","FlyingSleeves","Halt"],"picked":"SKIP","floor":29.0},{"not_picked":["CrushJoints","Protect","MentalFortress"],"picked":"SKIP","floor":29.0},{"not_picked":["DeusExMachina","MasterReality"],"picked":"SpiritShield","floor":33.0},{"not_picked":["Halt","Weave+1","Crescendo+1"],"picked":"SKIP","floor":35},{"not_picked":["Indignation","FollowUp","CutThroughFate"],"picked":"SKIP","floor":35},{"not_picked":["EmptyFist","Sanctity"],"picked":"WindmillStrike","floor":36},{"not_picked":["Consecrate","JustLucky","SashWhip"],"picked":"SKIP","floor":36},{"not_picked":["BowlingBash","Conclude","Evaluate+1"],"picked":"SKIP","floor":37},{"not_picked":["ThirdEye","CrushJoints","Tantrum"],"picked":"SKIP","floor":37},{"not_picked":["SashWhip+1","Perseverance"],"picked":"Protect","floor":39},{"not_picked":["Weave","WreathOfFlame+1","LikeWater"],"picked":"SKIP","floor":39},{"not_picked":["Vengeance","ConjureBlade","MentalFortress"],"picked":"SKIP","floor":41},{"not_picked":["Halt","EmptyMind","Meditate"],"picked":"SKIP","floor":41},{"not_picked":["InnerPeace+1","Protect","Consecrate+1"],"picked":"SKIP","floor":42},{"not_picked":["ForeignInfluence","SignatureMove+1","Consecrate"],"picked":"SKIP","floor":42}],"player_experience":703081,"relics_obtained":[{"floor":5.0,"key":"Lizard Tail"},{"floor":6.0,"key":"Nunchaku"},{"floor":9.0,"key":"MawBank"},{"floor":10.0,"key":"Prayer Wheel"},{"floor":12.0,"key":"Strawberry"},{"floor":23.0,"key":"TungstenRod"},{"floor":25.0,"key":"Gremlin Horn"},{"floor":26.0,"key":"War Paint"},{"floor":43,"key":"Lantern"}],"event_choices":[{"damage_healed":0.0,"max_hp_gain":0.0,"max_hp_loss":0.0,"gold_gain":0.0,"event_name":"Scrap Ooze","player_choice":"Success","floor":2.0,"gold_loss":0.0,"damage_taken":18.0,"relics_obtained":["Pen Nib"]},{"damage_healed":0.0,"max_hp_gain":0.0,"max_hp_loss":0.0,"gold_gain":75.0,"event_name":"World of Goop","player_choice":"Gather Gold","floor":4.0,"gold_loss":0.0,"damage_taken":11.0},{"damage_healed":0.0,"max_hp_gain":0.0,"max_hp_loss":0.0,"gold_gain":0.0,"event_name":"Liars Game","player_choice":"Ignored","floor":11.0,"gold_loss":0.0,"damage_taken":0.0},{"damage_healed":0.0,"max_hp_gain":0.0,"max_hp_loss":0.0,"gold_gain":0.0,"event_name":"Living Wall","player_choice":"Grow","floor":13.0,"gold_loss":0.0,"damage_taken":0.0,"cards_upgraded":["Tantrum"]},{"damage_healed":0.0,"max_hp_gain":0.0,"max_hp_loss":0.0,"gold_gain":0.0,"event_name":"The Library","player_choice":"Read","floor":20.0,"gold_loss":0.0,"damage_taken":0.0,"cards_obtained":["Wallop"]},{"damage_healed":0.0,"max_hp_gain":0.0,"max_hp_loss":0.0,"gold_gain":0.0,"event_name":"The Mausoleum","player_choice":"Ignored","floor":31.0,"gold_loss":0.0,"damage_taken":0.0},{"damage_healed":0,"gold_gain":0,"player_choice":"Ignored","damage_taken":0,"max_hp_gain":0,"max_hp_loss":0,"event_name":"Mysterious Sphere","floor":38,"gold_loss":0},{"damage_healed":0,"gold_gain":0,"player_choice":"2 cards matched","damage_taken":0,"max_hp_gain":0,"max_hp_loss":0,"event_name":"Match and Keep!","floor":46,"gold_loss":0,"cards_obtained":["ClearTheMind","DeusExMachina"]}],"is_beta":false,"boss_relics":[{"not_picked":["Ectoplasm","HolyWater"],"picked":"Snecko Eye"},{"not_picked":["Velvet Choker","VioletLotus"],"picked":"Runic Dome"}],"items_purged_floors":[19,28,44],"is_endless":false,"potions_floor_spawned":[7,16,21,22,24,35,39,41],"killed_by":"Writhing Mass","ascension_level":14}}