{"host":"e8rlfedn69rz2s07","time":1612484294,"event":{"mods":["AchievementEnabler","BaseMod","Minty Spire (QoL Compilation)","Permanent Neow","Relic Stats"],"gold_per_floor":[209,223,242,23,23,49,67,67,92,127,145,165,179,179,179,252,252,262,262,277,297,309,341,341,341,341],"floor_reached":25,"language":"ENG","playtime":1111,"items_purged":["Strike_G"],"score":478,"play_id":"8ba7260d-13c0-45e8-974e-7fb17568597b","local_time":"20210205021814","is_ascension_mode":true,"campfire_choices":[{"floor":8.0,"key":"REST"},{"data":"Night Terror","floor":15.0,"key":"SMITH"}],"circlet_count":0,"master_deck":["AscendersBane","Strike_G","Strike_G","Defend_G","Defend_G","Defend_G","Defend_G","Defend_G","Survivor","Neutralize","Poisoned Stab","Terror","Night Terror+1","Infinite Blades","Dagger Spray","PiercingWail","Bane","Wraith Form v2","Poisoned Stab","Wraith Form v2","Wraith Form v2","PiercingWail","PiercingWail","Flechettes"],"relics":["Ring of the Snake","Anchor","Akabeko","Orichalcum","Busted Crown","Strawberry"],"acts_visited":["Exordium","TheCity"],"potions_floor_usage":[21,23],"damage_taken":[{"damage":7.0,"enemies":"Cultist","floor":1.0,"turns":4.0},{"damage":4.0,"enemies":"Small Slimes","floor":2.0,"turns":4.0},{"damage":0.0,"enemies":"2 Louse","floor":3.0,"turns":4.0},{"damage":1.0,"enemies":"Exordium Wildlife","floor":5.0,"turns":2.0},{"damage":29.0,"enemies":"Gremlin Nob","floor":6.0,"turns":4.0},{"damage":9.0,"enemies":"Blue Slaver","floor":7.0,"turns":5.0},{"damage":16.0,"enemies":"3 Sentries","floor":10.0,"turns":7.0},{"damage":0.0,"enemies":"Lots of Slimes","floor":11.0,"turns":1.0},{"damage":0.0,"enemies":"Looter","floor":12.0,"turns":3.0},{"damage":3.0,"enemies":"3 Louse","floor":13.0,"turns":3.0},{"damage":44.0,"enemies":"Slime Boss","floor":16.0,"turns":11.0},{"damage":13,"enemies":"3 Byrds","floor":18,"turns":3},{"damage":0,"enemies":"2 Thieves","floor":20,"turns":5},{"damage":12,"enemies":"3 Cultists","floor":21,"turns":5},{"damage":0,"enemies":"Snecko","floor":22,"turns":10},{"damage":25,"enemies":"Slavers","floor":23,"turns":13},{"damage":12,"enemies":"Cultist and Chosen","floor":25,"turns":3}],"seed_played":"-2149823143095113946","potions_obtained":[{"floor":1.0,"key":"SmokeBomb"},{"floor":3.0,"key":"SkillPotion"},{"floor":6.0,"key":"PowerPotion"},{"floor":11.0,"key":"Energy Potion"},{"floor":18,"key":"Fire Potion"},{"floor":21,"key":"Explosive Potion"}],"is_trial":false,"path_per_floor":["M","M","M","$","M","E","M","R","T","E","M","M","M","?","R","B",null,"M","?","M","M","M","E","?","M"],"character_chosen":"THE_SILENT","items_purchased":["Infinite Blades","Dagger Spray"],"campfire_rested":1,"item_purchase_floors":[4,4],"current_hp_per_floor":[52,48,48,48,47,18,9,28,28,12,12,12,9,66,66,22,55,42,42,42,30,30,12,12,0,0],"gold":341,"neow_bonus":"HUNDRED_GOLD","is_daily":false,"chose_seed":false,"campfire_upgraded":1,"win_rate":0.0,"timestamp":1612484294,"path_taken":["M","?","M","$","M","E","M","R","T","E","M","M","M","?","R","BOSS","M","?","?","M","M","E","?","M"],"items_purchased_type":["Card","Card"],"build_version":"2020-12-22","purchased_purges":1,"victory":false,"max_hp_per_floor":[66,66,66,66,66,66,66,66,66,66,66,66,66,66,66,66,66,66,66,66,66,66,73,73,73,73],"relic_stats":{"Busted Crown":10,"counters":[17,87],"Orichalcum":[192],"obtain_stats":[{"Anchor":6,"Busted Crown":17,"Strawberry":23,"Orichalcum":10,"Akabeko":9,"Ring of the Snake":0},{"Anchor":5,"Busted Crown":11,"Strawberry":16,"Orichalcum":7,"Akabeko":6,"Ring of the Snake":0},{"Anchor":18,"Busted Crown":48,"Strawberry":84,"Orichalcum":30,"Akabeko":23,"Ring of the Snake":0}],"Ring of the Snake":[34]},"card_choices":[{"not_picked":["Backstab","Setup"],"picked":"Poisoned Stab","floor":1.0},{"not_picked":["Bane","Underhanded Strike"],"picked":"Terror","floor":2.0},{"not_picked":["Dodge and Roll","Sucker Punch"],"picked":"Night Terror","floor":3.0},{"not_picked":["Blade Dance","Dagger Spray"],"picked":"PiercingWail","floor":6.0},{"not_picked":["Eviscerate","Caltrops"],"picked":"Bane","floor":7.0},{"not_picked":["Venomology","Outmaneuver"],"picked":"Wraith Form v2","floor":10.0},{"not_picked":["Finisher","Blur","Tactician"],"picked":"SKIP","floor":11.0},{"not_picked":["Bane","Leg Sweep"],"picked":"Poisoned Stab","floor":12.0},{"not_picked":["Masterful Stab","Heel Hook","Expertise"],"picked":"SKIP","floor":13.0},{"not_picked":["Envenom","Doppelganger"],"picked":"Wraith Form v2","floor":16.0},{"not_picked":["Outmaneuver"],"picked":"SKIP","floor":18},{"not_picked":[],"picked":"PiercingWail","floor":20},{"not_picked":["Underhanded Strike"],"picked":"SKIP","floor":21},{"not_picked":["Accuracy"],"picked":"SKIP","floor":22},{"not_picked":["Blade Dance"],"picked":"SKIP","floor":23}],"player_experience":1041203,"relics_obtained":[{"floor":6.0,"key":"Anchor"},{"floor":9.0,"key":"Akabeko"},{"floor":10.0,"key":"Orichalcum"},{"floor":23,"key":"Strawberry"}],"event_choices":[{"damage_healed":57.0,"max_hp_gain":0.0,"max_hp_loss":0.0,"gold_gain":0.0,"event_name":"Wheel of Change","player_choice":"Full Heal","floor":14.0,"gold_loss":0.0,"damage_taken":0.0},{"damage_healed":0,"gold_gain":0,"player_choice":"Copied","damage_taken":0,"max_hp_gain":0,"max_hp_loss":0,"event_name":"Duplicator","floor":19,"gold_loss":0,"cards_obtained":["Wraith Form v2"]},{"damage_healed":0,"gold_gain":0,"cards_transformed":["Strike_G","Strike_G"],"player_choice":"Became Test Subject","damage_taken":0,"max_hp_gain":0,"max_hp_loss":0,"event_name":"Drug Dealer","floor":24,"gold_loss":0,"cards_obtained":["PiercingWail","Flechettes"]}],"is_beta":false,"boss_relics":[{"not_picked":["SlaversCollar","Black Star"],"picked":"Busted Crown"}],"items_purged_floors":[4],"is_endless":false,"potions_floor_spawned":[1,3,5,6,11,18,21],"killed_by":"Cultist and Chosen","ascension_level":20}}