{"host":"4lch21uqe3ag08cj","time":1612494950,"event":{"mods":["AchievementEnabler","BaseMod","Block Reminder","Colored Map","Colored Powertips","Minty Spire (QoL Compilation)","Permanent Neow","Relic Stats"],"gold_per_floor":[114,129,144,144,144,144,174,174,199,229,244,274,274,289,289,389,389,404,419,434,449,88,88,88,118,143,143,158,188,203,203,203],"floor_reached":31,"language":"ENG","playtime":1991,"items_purged":["Strike_P"],"score":347,"play_id":"7c500d21-47df-4f9d-9c48-9ce581d0d253","local_time":"20210205001550","daily_mods":["Specialized","ControlledChaos","Elite Swarm"],"is_ascension_mode":false,"campfire_choices":[{"data":"Eruption","floor":6,"key":"SMITH"},{"data":"Vigilance","floor":8,"key":"SMITH"},{"data":"MasterReality","floor":13,"key":"SMITH"},{"data":"TalkToTheHand","floor":15,"key":"SMITH"},{"floor":23,"key":"REST"},{"floor":27,"key":"REST"}],"circlet_count":0,"master_deck":["Strike_P","Defend_P","Defend_P","Defend_P","Defend_P","Eruption+1","Vigilance+1","FlyingSleeves","FlyingSleeves","FlyingSleeves","FlyingSleeves","FlyingSleeves","BowlingBash","CutThroughFate","TalkToTheHand+1","MasterReality+1","Vault","ClearTheMind","Sanctity+1","JustLucky","ThirdEye","Wireheading","Vault","Nirvana","Omniscience"],"relics":["HolyWater","Frozen Eye","Centennial Puzzle","Art of War","Omamori","Torii","Molten Egg 2","Potion Belt","Nunchaku","Question Card"],"acts_visited":["Exordium","TheCity"],"potions_floor_usage":[10,14,19,25,31],"damage_taken":[{"damage":0,"enemies":"2 Louse","floor":1,"turns":2},{"damage":0,"enemies":"Small Slimes","floor":2,"turns":2},{"damage":0,"enemies":"Cultist","floor":3,"turns":3},{"damage":23,"enemies":"3 Sentries","floor":7,"turns":7},{"damage":0,"enemies":"Gremlin Nob","floor":10,"turns":2},{"damage":5,"enemies":"Exordium Wildlife","floor":11,"turns":2},{"damage":15,"enemies":"Lagavulin","floor":12,"turns":7},{"damage":1,"enemies":"Blue Slaver","floor":14,"turns":2},{"damage":1,"enemies":"Hexaghost","floor":16,"turns":7},{"damage":21,"enemies":"Spheric Guardian","floor":18,"turns":5},{"damage":1,"enemies":"2 Thieves","floor":19,"turns":4},{"damage":2,"enemies":"Snake Plant","floor":20,"turns":5},{"damage":10,"enemies":"Snecko","floor":21,"turns":6},{"damage":20,"enemies":"Gremlin Leader","floor":25,"turns":8},{"damage":0,"enemies":"Chosen and Byrds","floor":28,"turns":5},{"damage":1,"enemies":"Book of Stabbing","floor":29,"turns":9},{"damage":0,"enemies":"Cultist and Chosen","floor":30,"turns":4},{"damage":12,"enemies":"Slavers","floor":31,"turns":2}],"seed_played":"-8643747277835071688","potions_obtained":[{"floor":1,"key":"BottledMiracle"},{"floor":3,"key":"ColorlessPotion"},{"floor":11,"key":"StancePotion"},{"floor":12,"key":"Energy Potion"},{"floor":21,"key":"ColorlessPotion"},{"floor":25,"key":"SpeedPotion"},{"floor":28,"key":"LiquidBronze"}],"is_trial":false,"path_per_floor":["M","M","M","?","?","R","E","R","T","E","M","E","R","M","R","B",null,"M","M","M","M","$","R","?","E","T","R","M","E","M","E"],"character_chosen":"WATCHER","items_purchased":["Wireheading","Molten Egg 2"],"campfire_rested":2,"item_purchase_floors":[22,22],"current_hp_per_floor":[72,72,72,72,72,72,49,49,49,49,44,29,29,28,28,27,72,51,50,48,38,38,59,59,39,39,60,60,59,59,47,47],"gold":203,"neow_bonus":"","is_daily":true,"chose_seed":false,"campfire_upgraded":4,"win_rate":0.0,"timestamp":1612494950,"path_taken":["M","M","M","?","?","R","E","R","T","E","M","E","R","M","R","BOSS","M","M","M","?","$","R","?","E","T","R","M","E","M","E"],"items_purchased_type":["Card","Relic"],"build_version":"2020-12-22","purchased_purges":1,"victory":false,"max_hp_per_floor":[72,72,72,72,72,72,72,72,72,72,72,72,72,72,72,72,72,72,72,72,72,72,72,72,72,72,72,72,72,72,72,72],"relic_stats":{"Centennial Puzzle":[33],"Nunchaku":[4],"Torii":22,"counters":[18,82],"Art of War":[8],"Question Card":1,"obtain_stats":[{"Potion Belt":25,"Frozen Eye":0,"Centennial Puzzle":7,"Nunchaku":26,"Torii":12,"HolyWater":17,"Molten Egg 2":22,"Art of War":9,"Omamori":10,"PureWater":0,"Question Card":29},{"Potion Belt":14,"Frozen Eye":0,"Centennial Puzzle":4,"Nunchaku":14,"Torii":7,"HolyWater":9,"Molten Egg 2":13,"Art of War":4,"Omamori":5,"PureWater":0,"Question Card":16},{"Potion Belt":62,"Frozen Eye":0,"Centennial Puzzle":14,"Nunchaku":62,"Torii":25,"HolyWater":34,"Molten Egg 2":54,"Art of War":14,"Omamori":16,"PureWater":0,"Question Card":76}]},"card_choices":[{"not_picked":["Sanctity","Conclude"],"picked":"BowlingBash","floor":1},{"not_picked":["CrushJoints","Consecrate"],"picked":"CutThroughFate","floor":2},{"not_picked":["Study","Prostrate"],"picked":"TalkToTheHand","floor":3},{"not_picked":["Alpha","ConjureBlade"],"picked":"MasterReality","floor":7},{"not_picked":["MasterReality","Alpha"],"picked":"Vault","floor":10},{"not_picked":["SashWhip","PathToVictory"],"picked":"ClearTheMind","floor":11},{"not_picked":["LessonLearned","Scrawl","Wish"],"picked":"SKIP","floor":12},{"not_picked":["Evaluate","FollowUp","WreathOfFlame"],"picked":"SKIP","floor":14},{"not_picked":["Consecrate","ClearTheMind"],"picked":"Sanctity+1","floor":18},{"not_picked":["WaveOfTheHand","FlyingSleeves+1","BattleHymn+1"],"picked":"SKIP","floor":19},{"not_picked":["Pray","ClearTheMind"],"picked":"JustLucky","floor":20},{"not_picked":["BattleHymn","EmptyFist"],"picked":"ThirdEye","floor":21},{"not_picked":["Devotion","DeusExMachina"],"picked":"Vault","floor":25},{"not_picked":["Collect+1","CutThroughFate+1"],"picked":"Nirvana","floor":28},{"not_picked":["Establishment","DevaForm"],"picked":"Omniscience","floor":29},{"not_picked":["DeceiveReality+1","EmptyFist+1","Evaluate+1","CrushJoints+1"],"picked":"SKIP","floor":30}],"player_experience":34531,"relics_obtained":[{"floor":7,"key":"Centennial Puzzle"},{"floor":9,"key":"Art of War"},{"floor":10,"key":"Omamori"},{"floor":12,"key":"Torii"},{"floor":25,"key":"Potion Belt"},{"floor":26,"key":"Nunchaku"},{"floor":29,"key":"Question Card"}],"event_choices":[{"damage_healed":0,"gold_gain":0,"player_choice":"Ignored","damage_taken":0,"max_hp_gain":0,"max_hp_loss":0,"event_name":"Liars Game","floor":4,"gold_loss":0},{"cards_removed":["Strike_P"],"damage_healed":0,"gold_gain":0,"player_choice":"Purged","damage_taken":0,"max_hp_gain":0,"max_hp_loss":0,"event_name":"Purifier","floor":5,"gold_loss":0},{"cards_removed":["Strike_P"],"damage_healed":0,"gold_gain":0,"player_choice":"Elegance","damage_taken":0,"max_hp_gain":0,"max_hp_loss":0,"event_name":"Back to Basics","floor":24,"gold_loss":0}],"is_beta":false,"boss_relics":[{"not_picked":["Velvet Choker","Calling Bell"],"picked":"HolyWater"}],"items_purged_floors":[22],"is_endless":false,"potions_floor_spawned":[1,3,11,12,21,25,28],"killed_by":"Slavers","ascension_level":0}}