{"host":"cc6r8m2qe4jvlwua","time":1612493000,"event":{"mods":["BaseMod","Hermit","Hubris","Marisa????????","Minty Spire (QoL Compilation)","Replay The Spire","Spicy Shops","StSLib","The Cursed","The Marked"],"gold_per_floor":[114,129,129,129,181,181,199,215,215,67,77,77,97,97,97,97,97],"floor_reached":16,"language":"ENG","playtime":446,"items_purged":[],"score":92,"play_id":"f589aaf7-f753-4e2a-87b1-0dec03d2e038","local_time":"20210204204320","is_ascension_mode":false,"campfire_choices":[{"data":"theMarked:ChainLightning","floor":6,"key":"SMITH"},{"data":"theMarked:Snap","floor":15,"key":"SMITH"}],"circlet_count":0,"master_deck":["theMarked:Strike","theMarked:Strike","theMarked:Strike","theMarked:Strike","theMarked:Strike","theMarked:Defend","theMarked:Defend","theMarked:Defend","theMarked:Defend","theMarked:ChainLightning+1","theMarked:Seal","theMarked:Friction+1","theMarked:Memento","theMarked:BindingBlade","theMarked:BindingBlade","theMarked:BanishingStrike","theMarked:Snap+1","theMarked:Polarize"],"relics":["theMarked:ArtifactOfAir","NeowsBlessing","hubris:Towel","Regal Pillow","Strawberry"],"acts_visited":["Exordium"],"potions_floor_usage":[],"damage_taken":[{"damage":0,"enemies":"Jaw Worm","floor":1,"turns":1},{"damage":0,"enemies":"2 Louse","floor":2,"turns":1},{"damage":0,"enemies":"Small Slimes","floor":7,"turns":1},{"damage":15,"enemies":"Gremlin Gang","floor":8,"turns":4},{"damage":22,"enemies":"3 Louse","floor":11,"turns":3},{"damage":16,"enemies":"2 Fungi Beasts","floor":13,"turns":4},{"damage":70,"enemies":"The Guardian","floor":16,"turns":7}],"seed_played":"-2696521039945445615","potions_obtained":[{"floor":8,"key":"FearPotion"},{"floor":11,"key":"Strength Potion"},{"floor":13,"key":"CultistPotion"}],"is_trial":false,"path_per_floor":["M","M","?","?","T","R","M","M","T","$","M","?","M","?","R","B"],"character_chosen":"THE_DEFAULT","items_purchased":["theMarked:BindingBlade"],"campfire_rested":0,"item_purchase_floors":[10],"current_hp_per_floor":[70,70,70,70,70,70,70,55,62,62,40,65,49,49,49,0,0],"gold":97,"neow_bonus":"THREE_ENEMY_KILL","is_daily":false,"chose_seed":false,"campfire_upgraded":2,"win_rate":0.0,"timestamp":1612493000,"path_taken":["M","M","?","?","?","R","M","M","T","$","M","?","M","?","R","BOSS"],"items_purchased_type":["Card"],"build_version":"2020-12-22","purchased_purges":0,"victory":false,"max_hp_per_floor":[70,70,70,70,70,70,70,70,77,77,77,77,77,77,77,77,77],"card_choices":[{"not_picked":["theMarked:Memento","theMarked:TakeCover"],"picked":"theMarked:ChainLightning","floor":1},{"not_picked":["theMarked:Polarize","theMarked:RepellingDischarge"],"picked":"theMarked:Seal","floor":2},{"not_picked":["theMarked:ElectricStrings","theMarked:Reabsorb"],"picked":"theMarked:Memento","floor":7},{"not_picked":["theMarked:Memento","theMarked:Overcharge"],"picked":"theMarked:BindingBlade","floor":8},{"not_picked":["theMarked:ResourceFulStrike","theMarked:WastefulAttack"],"picked":"theMarked:BanishingStrike","floor":11},{"not_picked":["theMarked:ElectricStrings","theMarked:Aftermath","theMarked:SelfDefenseTraining"],"picked":"SKIP","floor":13}],"player_experience":240617,"relics_obtained":[{"floor":5,"key":"Regal Pillow"},{"floor":9,"key":"Strawberry"}],"event_choices":[{"damage_healed":25,"gold_gain":0,"player_choice":"Banana","damage_taken":0,"max_hp_gain":0,"max_hp_loss":0,"event_name":"Big Fish","floor":12,"gold_loss":0},{"damage_healed":0,"gold_gain":0,"player_choice":"2 cards matched","damage_taken":0,"max_hp_gain":0,"max_hp_loss":0,"event_name":"Match and Keep!","floor":14,"gold_loss":0,"cards_obtained":["theMarked:Snap","theMarked:Polarize"]}],"is_beta":false,"boss_relics":[],"items_purged_floors":[],"is_endless":false,"potions_floor_spawned":[8,11,13],"killed_by":"The Guardian","ascension_level":0}}