{"host":"bxdue9bkfm2khp2x","time":1612503554,"event":{"mods":["ATMod(阿瑾Mod)","Arknights","Aspiration","BaseMod","Better Vampires","Challenge The Spire","Colored Map","Colored Powertips","Conspire","Decade(王小明)","Dota2Spire","Highlight Path","Minty Spire (QoL Compilation)","MostiFishMod","Reliquary","Remilia（蕾米莉亚）","Replay The Spire","RumiaBox-露米娅的神秘盒子","Ryuuou龙王","Spicy Shops","StSLib","Td1madao Mod","The Alterego","The Bug Knight","The Cursed","The Servant 0.9.4","WarShipGirlsR/战舰少女R mod","Wide Potions","noobMod","【功能Mod】混沌之环修复补丁","【遗物卡牌】REMEMod","残留之物","篝火指南"],"gold_per_floor":[116,127,127,144,158,158,193,193,193,225,225,50,69,89,89,166,166,182,182,254,266,276,276,289,289,289,308,308,308,33,33,33,107,107,124,140,82,95,111,111,124,124,124,124,140,140,140,30,30,30],"floor_reached":51,"language":"ZHS","playtime":5749,"items_purged":["rmod:strick","rmod:defend","rmod:strick","rmod:defend"],"score":1067,"play_id":"c46ffb17-0eee-449b-a51d-7b833a89e074","local_time":"20210205133914","is_ascension_mode":true,"campfire_choices":[{"data":"AT_ShrugMaster","floor":6.0,"key":"SMITH"},{"data":"rmod:lonelyqueen","floor":8.0,"key":"SMITH"},{"data":"rmod:diaomin","floor":11.0,"key":"SMITH"},{"data":"rmod:overbreakdown","floor":15.0,"key":"SMITH"},{"data":"rmod:steelsupply","floor":23.0,"key":"SMITH"},{"data":"rmod:unsinkable","floor":25.0,"key":"SMITH"},{"data":"rmod:heivgo","floor":28.0,"key":"SMITH"},{"data":"rmod:mineteam","floor":32.0,"key":"SMITH"},{"data":"rmod:secretscript","floor":40,"key":"SMITH"},{"data":"rmod:basicallowance","floor":42,"key":"SMITH"},{"data":"rmod:intelligenceanalysis","floor":44,"key":"SMITH"},{"data":"rmod:firesupport","floor":46,"key":"SMITH"},{"floor":49,"key":"REST"}],"circlet_count":0,"master_deck":["AscendersBane","rmod:strick+1","rmod:defend+1","rmod:defend+1","rmod:basicallowance+1","AT_ShrugMaster+1","rmod:overbreakdown+1","rmod:diaomin+1","rmod:intelligenceanalysis+1","rmod:lonelyqueen+1","rmod:unsinkable+1","rmod:seals","rmod:mineteam+1","rmod:steelsupply+1","rmod:heivgo+1","rmod:secretscript+1","rmod:firesupport+1"],"relics":["rmod:firstchargereward","DaveBox","REME_ComplimentaryCards","ice","AT_ATBox","Medical Kit","NeowsBlessing","SynthV:TestCard","War Paint","Ginger","ReplayTheSpireMod:Ninjato","AT_TrinityForce","Darkstone Periapt","RhineFirstAidKit","reliquary:BoilingFlask"],"acts_visited":["Exordium","TheCity","TheBeyond"],"potions_floor_usage":[50,50],"damage_taken":[{"damage":0.0,"enemies":"Cultist","floor":1.0,"turns":1.0},{"damage":0.0,"enemies":"Small Slimes","floor":2.0,"turns":1.0},{"damage":0.0,"enemies":"Jaw Worm","floor":4.0,"turns":1.0},{"damage":0.0,"enemies":"Large Slime","floor":5.0,"turns":1.0},{"damage":1.0,"enemies":"3 Sentries","floor":7.0,"turns":11.0},{"damage":36.0,"enemies":"Gremlin Nob","floor":10.0,"turns":5.0},{"damage":0.0,"enemies":"2 Fungi Beasts","floor":13.0,"turns":4.0},{"damage":0.0,"enemies":"Lots of Slimes","floor":14.0,"turns":5.0},{"damage":24.0,"enemies":"Slime Boss","floor":16.0,"turns":19.0},{"damage":3.0,"enemies":"Shell Parasite","floor":18.0,"turns":7.0},{"damage":0.0,"enemies":"3 Byrds","floor":21.0,"turns":7.0},{"damage":0.0,"enemies":"Snake Plant","floor":22.0,"turns":3.0},{"damage":0.0,"enemies":"Sentry and Sphere","floor":24.0,"turns":7.0},{"damage":0.0,"enemies":"3 Cultists","floor":27.0,"turns":6.0},{"damage":0.0,"enemies":"Automaton","floor":33.0,"turns":10.0},{"damage":24.0,"enemies":"3 Darklings","floor":35.0,"turns":7.0},{"damage":0.0,"enemies":"Orb Walker","floor":36.0,"turns":6.0},{"damage":20,"enemies":"Writhing Mass","floor":38,"turns":7},{"damage":0,"enemies":"Maw","floor":39,"turns":8},{"damage":8,"enemies":"Sphere and 2 Shapes","floor":41,"turns":6},{"damage":0,"enemies":"4 Shapes","floor":45,"turns":5},{"damage":9,"enemies":"Replay:Hell Engine","floor":50,"turns":13}],"seed_played":"-82649399492042402","potions_obtained":[{"floor":1.0,"key":"DistilledChaos"},{"floor":2.0,"key":"Toxic Potion"},{"floor":5.0,"key":"Venom Potion"},{"floor":10.0,"key":"Dota2Spire:HealingSalve"},{"floor":16.0,"key":"PlaceholderMod:PlaceholderPotion"}],"is_trial":false,"path_per_floor":["M","M","T","M","M","R","E","R","T","E","R","$","M","M","R","B",null,"M","?","T","M","M","R","M","R","T","M","R","?","$","?","R","B",null,"M","M","$","M","M","R","M","R","T","R","M","R","?","?","R","B",null],"character_chosen":"PRAEFECT","items_purchased":["rmod:firesupport"],"campfire_rested":1,"item_purchase_floors":[37],"current_hp_per_floor":[63,63,63,63,63,63,62,62,62,26,26,26,26,26,26,20,58,55,55,55,55,55,55,55,55,55,55,55,55,55,55,55,55,66,42,42,42,22,70,70,62,62,62,62,63,63,63,63,71,62],"gold":30,"neow_bonus":"THREE_ENEMY_KILL","is_daily":false,"chose_seed":false,"campfire_upgraded":12,"win_rate":0.0,"timestamp":1612503554,"path_taken":["M","?","?","M","M","R","E","R","T","E","R","$","M","M","R","BOSS","M","?","?","M","M","R","M","R","T","M","R","?","$","?","R","BOSS","M","M","?","M","M","R","M","R","T","R","M","R","?","?","R","BOSS"],"items_purchased_type":["Card"],"build_version":"2020-12-22","purchased_purges":4,"victory":true,"max_hp_per_floor":[70,70,70,70,70,70,70,70,70,70,70,70,70,70,70,70,70,70,70,70,70,70,70,70,70,70,70,70,70,70,70,70,70,70,70,70,70,70,70,70,70,70,70,70,71,71,71,71,71,71],"card_choices":[{"not_picked":["rmod:ring","rmod:generalist"],"picked":"rmod:overbreakdown","floor":1.0},{"not_picked":["rmod:concentratefire","rmod:fletcherpendant","rmod:combined","rmod:heivgo","rmod:tearstotiara"],"picked":"SKIP","floor":2.0},{"not_picked":["rmod:robin","rmod:unsinkable","rmod:fletcherpendant","rmod:combined"],"picked":"rmod:diaomin","floor":4.0},{"not_picked":["rmod:fletcherpendant","rmod:diamondstrike","rmod:guardianhero","rmod:highspeedshooting"],"picked":"rmod:intelligenceanalysis","floor":5.0},{"not_picked":["rmod:aviationdawn","rmod:goodsister","rmod:sl","rmod:chargemoney"],"picked":"rmod:lonelyqueen","floor":7.0},{"not_picked":["rmod:wolves","rmod:luckystar","rmod:tearstotiara","rmod:diamondstrike","rmod:desperatesituation"],"picked":"SKIP","floor":10.0},{"not_picked":["rmod:victimresponsibility","rmod:spoils","rmod:tearstotiara","rmod:salvage"],"picked":"rmod:unsinkable","floor":13.0},{"not_picked":["rmod:heivgo","rmod:luckystar","rmod:chargemoney","rmod:launchingtorpedo","rmod:combined"],"picked":"SKIP","floor":14.0},{"not_picked":["rmod:desperatesituation","rmod:stealaluminum","rmod:auspiciousomen","rmod:timeschanged"],"picked":"rmod:seals","floor":16.0},{"not_picked":["rmod:fletcherpendant","rmod:ammunitionsupply","rmod:tearstotiara","rmod:victimresponsibility"],"picked":"rmod:mineteam","floor":18.0},{"not_picked":["rmod:intelligenceanalysis","rmod:sl","rmod:combined","rmod:selfconfidence","rmod:steelsupply"],"picked":"SKIP","floor":21.0},{"not_picked":["rmod:supportescort+1","rmod:auspiciousomen","rmod:ammunitionsupply","rmod:advancebysurprise"],"picked":"rmod:steelsupply","floor":22.0},{"not_picked":["rmod:fuelsupply+1","rmod:steelsupply","rmod:sl","rmod:capitalist","rmod:chargemoney"],"picked":"SKIP","floor":24.0},{"not_picked":["rmod:expedition","rmod:fuelsupply","rmod:generalist","rmod:steelsupply"],"picked":"rmod:heivgo","floor":27.0},{"not_picked":["rmod:acesubmarine","rmod:highspeedmaneuver","rmod:windflower","rmod:auspiciousomen"],"picked":"rmod:secretscript","floor":33.0},{"not_picked":["rmod:fuelsupply","rmod:robin+1","rmod:combined","rmod:fletcherpendant+1","rmod:punchline"],"picked":"SKIP","floor":35.0},{"not_picked":["rmod:supportescort","rmod:aviationdawn","rmod:gendarmerie","rmod:unsinkable","rmod:capitalist+1"],"picked":"SKIP","floor":36.0},{"not_picked":["rmod:firesupport","rmod:aviationdawn","rmod:punchline","rmod:aggressivemary+1","rmod:unsinkable"],"picked":"SKIP","floor":38},{"not_picked":["rmod:guardianhero","rmod:expedition","rmod:firesupport","rmod:supportaircraftcarrier","rmod:heivgo"],"picked":"SKIP","floor":39},{"not_picked":["rmod:overbreakdown","rmod:expedition","rmod:openingtorpedo+1","rmod:selfconfidence+1","rmod:wolves+1"],"picked":"SKIP","floor":41},{"not_picked":["rmod:steelsupply","rmod:circuitoustactics","rmod:highspeedmaneuver","rmod:supportescort","rmod:mineteam"],"picked":"SKIP","floor":45}],"player_experience":1427894,"relics_obtained":[{"floor":1.0,"key":"SynthV:TestCard"},{"floor":3.0,"key":"War Paint"},{"floor":7.0,"key":"Ginger"},{"floor":9.0,"key":"ReplayTheSpireMod:Ninjato"},{"floor":26.0,"key":"Darkstone Periapt"},{"floor":43,"key":"reliquary:BoilingFlask"}],"event_choices":[{"cards_removed":["AT_OneInchPunch"],"damage_healed":0.0,"max_hp_gain":0.0,"max_hp_loss":0.0,"gold_gain":0.0,"event_name":"Back to Basics","player_choice":"Elegance","floor":19.0,"gold_loss":0.0,"damage_taken":0.0},{"damage_healed":0.0,"max_hp_gain":0.0,"max_hp_loss":0.0,"gold_gain":0.0,"event_name":"Vampires","player_choice":"Ignored","floor":29.0,"gold_loss":0.0,"damage_taken":0.0},{"cards_removed":["rmod:maingunfire"],"damage_healed":0.0,"max_hp_gain":0.0,"max_hp_loss":0.0,"gold_gain":0.0,"event_name":"Bonfire Elementals","player_choice":"Offered Basic","floor":31.0,"gold_loss":0.0,"damage_taken":0.0},{"cards_removed":["rmod:strick"],"damage_healed":0,"gold_gain":0,"player_choice":"Upgrade and Remove","damage_taken":0,"max_hp_gain":0,"max_hp_loss":0,"event_name":"Designer","floor":48,"gold_loss":110,"cards_upgraded":["rmod:strick"]}],"is_beta":false,"boss_relics":[{"not_picked":["Ring of Chaos","Black Star"],"picked":"AT_TrinityForce"},{"not_picked":["Kintsugi","Abe\u0027s Treasure"],"picked":"RhineFirstAidKit"}],"items_purged_floors":[12,12,30,30],"is_endless":false,"potions_floor_spawned":[1,2,5,10,16,18,24,27,36,38],"ascension_level":18}}