{"host":"8kd0mw0b4mjhs7vl","time":1612565657,"event":{"mods":["BaseMod","Bestiary","Colored Map","Conspire","Downfall","Friendly Minions","Minty Spire (QoL Compilation)","Reliquary","Replay The Spire","StSLib","SuperFastMode"],"gold_per_floor":[99,109,138,148,158,158,181,196,213,243,243,253,253,353,371,474,474,474,490,157,157,171,181,228,64,73,73,93,93,121,132,146,245,245,245,255,255,274,287,302,329,358,4,29,83,83,83,100,113,13],"floor_reached":51,"language":"ENG","playtime":2225,"items_purged":["hexamod:Strike","hexamod:Defend","hexamod:Defend","hexamod:Defend"],"score":858,"play_id":"cf2bb51c-296b-413e-805e-8914fe38e6d5","local_time":"20210205225417","is_ascension_mode":false,"campfire_choices":[{"floor":1,"key":"DIG"},{"data":"hexamod:SpectersWail","floor":6,"key":"SMITH"},{"data":"hexamod:EtherealExpedition","floor":11,"key":"SMITH"},{"data":"hexamod:GiftsFromTheDead","floor":18,"key":"SMITH"},{"data":"hexamod:UnleashSpirits","floor":27,"key":"SMITH"},{"data":"hexamod:PowerFromBeyond","floor":29,"key":"SMITH"},{"floor":35,"key":"RECALL"},{"floor":47,"key":"REST"}],"circlet_count":0,"master_deck":["hexamod:Strike","hexamod:Sear","hexamod:Float","hexamod:GhostflameBarrier","hexamod:Firestarter","hexamod:EtherealExpedition+1","hexamod:SpectersWail+1","hexamod:Hexaguard","hexamod:ThermalTransfer","hexamod:StepThrough","hexamod:SuperheatedStrike","downfall:Haunted","downfall:Haunted","downfall:Aged","hexamod:GhostflameInferno","hexamod:SpectersWail","hexamod:GiftsFromTheDead+1","hexamod:GhostShield","hexamod:Firestarter+1","hexamod:FlamesFromBeyond","hexamod:PowerFromBeyond","hexamod:SoulSteal+1","hexamod:Haunt","hexamod:NightmareStrike","hexamod:PowerFromBeyond+1","hexamod:UnleashSpirits+1","Flash of Steel","Bandage Up","hexamod:NightmareGuise+1","hexamod:RainOfEmbers+1","hexamod:NightmareGuise+1","hexamod:SoulSteal+1","hexamod:Hexaguard+1","hexamod:GhostShield+1","hexamod:NightmareGuise+1"],"relics":["hexamod:SpiritBrand","ReplayTheSpireMod:Ninjato","Pen Nib","Replay:Mystery Machine","Akabeko","Du-Vu Doll","downfall:GremlinWheel","reliquary:RedCape","reliquary:BrokenClock","Happy Flower","ReplayTheSpireMod:ShopPack","Replay:Wax Seal","Empty Cage","Replay:Ringing Soul","Replay:Baseball","Toolbox","Replay:Accelerometer","Unceasing Top","Ring of Searing"],"acts_visited":["Exordium","TheCity","TheBeyond"],"potions_floor_usage":[10,16,36,50],"damage_taken":[{"damage":0,"enemies":"Small Slimes","floor":2,"turns":3},{"damage":0,"enemies":"conspire:MimicChest","floor":3,"turns":7},{"damage":0,"enemies":"2 Louse","floor":4,"turns":3},{"damage":0,"enemies":"Cultist","floor":5,"turns":4},{"damage":3,"enemies":"Gremlin Gang","floor":8,"turns":3},{"damage":3,"enemies":"Red Slaver","floor":9,"turns":3},{"damage":0,"enemies":"3 Sentries","floor":10,"turns":3},{"damage":0,"enemies":"Lots of Slimes","floor":12,"turns":3},{"damage":0,"enemies":"Lots of Slimes","floor":14,"turns":3},{"damage":0,"enemies":"Gremlin Gang","floor":15,"turns":3},{"damage":4,"enemies":"IC_STATUS_ARCHETYPE","floor":16,"turns":5},{"damage":0,"enemies":"3 Byrds","floor":19,"turns":3},{"damage":0,"enemies":"downfall:FleeingMerchant","floor":20,"turns":4},{"damage":9,"enemies":"Centurion and Healer","floor":22,"turns":4},{"damage":0,"enemies":"Chosen and Byrds","floor":23,"turns":3},{"damage":10,"enemies":"downfall:FleeingMerchant","floor":25,"turns":4},{"damage":0,"enemies":"downfall:FleeingMerchant","floor":26,"turns":3},{"damage":0,"enemies":"3 Cultists","floor":28,"turns":3},{"damage":9,"enemies":"Gremlin Leader","floor":30,"turns":3},{"damage":0,"enemies":"Centurion and Healer","floor":31,"turns":3},{"damage":0,"enemies":"Shelled Parasite and Fungi","floor":32,"turns":2},{"damage":2,"enemies":"SI_MIRROR_ARCHETYPE","floor":33,"turns":5},{"damage":0,"enemies":"Orb Walker","floor":36,"turns":2},{"damage":5,"enemies":"3 Shapes","floor":38,"turns":5},{"damage":12,"enemies":"Spire Growth","floor":39,"turns":3},{"damage":21,"enemies":"Transient","floor":40,"turns":5},{"damage":4,"enemies":"Giant Head","floor":42,"turns":5},{"damage":0,"enemies":"Reptomancer","floor":44,"turns":2},{"damage":39,"enemies":"2 Orb Walkers","floor":45,"turns":3},{"damage":4,"enemies":"Jaw Worm Horde","floor":48,"turns":3},{"damage":0,"enemies":"Spire Growth","floor":49,"turns":2},{"damage":19,"enemies":"WA_ARCHETYPE_DIVINITY","floor":50,"turns":6}],"seed_played":"7077111512233952410","potions_obtained":[{"floor":2,"key":"sneckomod:MuddlingPotion"},{"floor":4,"key":"Energy Potion"},{"floor":5,"key":"Explosive Potion"},{"floor":14,"key":"Block Potion"},{"floor":22,"key":"FearPotion"},{"floor":33,"key":"Slimebound:ThreeZeroPotion"},{"floor":39,"key":"hexamod:DoubleChargePotion"},{"floor":45,"key":"hexamod:SoulburnPotion"}],"is_trial":false,"path_per_floor":["R_BF","M","?","M","M","R","T","M","M","E","R","M","?","?","M","B",null,"R_BF","M","$","?","M","M","T","$","$","R","M","R","E","M","M","B",null,"R","M","?","M","M","M","T","E","$","E","?","?","R","M","M","B",null],"character_chosen":"THE_SPIRIT","items_purchased":["hexamod:Firestarter+1","hexamod:FlamesFromBeyond","reliquary:BrokenClock","hexamod:NightmareStrike","hexamod:UnleashSpirits","ReplayTheSpireMod:ShopPack","Replay:Baseball","Toolbox"],"campfire_rested":1,"item_purchase_floors":[20,20,20,25,26,26,43,43],"current_hp_per_floor":[70,70,70,70,70,70,70,67,64,64,64,64,64,64,64,60,70,70,70,70,70,61,61,61,51,51,51,55,55,46,50,50,52,70,70,70,80,75,63,46,46,49,52,59,27,27,54,53,53,38],"gold":13,"neow_bonus":"THREE_CARDS","is_daily":false,"chose_seed":false,"campfire_upgraded":5,"win_rate":0.0,"timestamp":1612565657,"path_taken":["R_BF","M","?","M","M","R","T","M","M","E","R","M","?","?","M","BOSS","R_BF","M","$","?","M","?","T","?","$","R","M","R","E","?","M","BOSS","R","M","?","M","?","M","T","E","$","E","?","?","R","M","M","BOSS"],"items_purchased_type":["Card","Card","Relic","Card","Card","Relic","Relic","Relic"],"build_version":"2020-12-22","purchased_purges":4,"victory":true,"max_hp_per_floor":[70,70,70,70,70,70,70,70,70,70,70,70,70,70,70,70,70,70,70,70,70,70,70,70,70,70,70,70,70,70,70,70,70,70,70,70,80,80,80,80,80,83,86,89,92,92,92,95,95,95],"card_choices":[{"not_picked":["hexamod:SpectralSpark","hexamod:FourthSeal"],"picked":"hexamod:GhostflameBarrier","floor":0},{"not_picked":["hexamod:Rewind","hexamod:GhostLash","hexamod:ThirdSeal"],"picked":"SKIP","floor":2},{"not_picked":["hexamod:FastForward","hexamod:ThermalTransfer"],"picked":"hexamod:Firestarter","floor":3},{"not_picked":["hexamod:SwordOfDarkness","hexamod:HeatMetal"],"picked":"hexamod:EtherealExpedition","floor":4},{"not_picked":["hexamod:PowerFromBeyond","hexamod:SoulSteal"],"picked":"hexamod:SpectersWail","floor":5},{"not_picked":["hexamod:ShieldOfDarkness","hexamod:BacktrackSmack"],"picked":"hexamod:Hexaguard","floor":8},{"not_picked":["hexamod:ChargedBarrage","hexamod:FirstSeal"],"picked":"hexamod:ThermalTransfer","floor":9},{"not_picked":["hexamod:FourthSeal","hexamod:AdvancingGuard"],"picked":"hexamod:StepThrough","floor":10},{"not_picked":["hexamod:ThermalTransfer","hexamod:GhostflameBarrier"],"picked":"hexamod:SuperheatedStrike","floor":12},{"not_picked":["hexamod:EtherealExpedition","hexamod:Firestarter"],"picked":"hexamod:SpectersWail","floor":15},{"not_picked":["hexamod:VolcanoVisage","hexamod:GhostflameInferno"],"picked":"hexamod:GiftsFromTheDead","floor":16},{"not_picked":["hexamod:SwordOfDarkness","hexamod:Firestarter","hexamod:SecondSeal"],"picked":"SKIP","floor":19},{"not_picked":["hexamod:ShieldOfDarkness","hexamod:FifthSeal"],"picked":"hexamod:GhostShield","floor":20},{"not_picked":["hexamod:ShieldOfDarkness","hexamod:BacktrackSmack+1","hexamod:Rewind"],"picked":"SKIP","floor":22},{"not_picked":["hexamod:GhostLash+1","hexamod:RadiantFlame"],"picked":"hexamod:SoulSteal+1","floor":23},{"not_picked":["hexamod:SwordOfDarkness","hexamod:RainOfEmbers"],"picked":"hexamod:Haunt","floor":25},{"not_picked":["hexamod:AdvancingGuard+1","hexamod:InspiringFlames+1"],"picked":"hexamod:PowerFromBeyond","floor":26},{"not_picked":["ReplayUltimateDefense","Midas Touch"],"picked":"Thinking Ahead","floor":26},{"not_picked":["Bandage Up","Discovery"],"picked":"Flash of Steel","floor":26},{"not_picked":["Discovery","ReplayTheSpireMod:Brewmster"],"picked":"Bandage Up","floor":26},{"not_picked":["hexamod:ExtraCrispy","hexamod:Firestarter"],"picked":"hexamod:NightmareGuise+1","floor":28},{"not_picked":["hexamod:RadiantFlame","hexamod:FlamesFromBeyond","hexamod:GhostOfSpirePast"],"picked":"SKIP","floor":30},{"not_picked":["hexamod:SuperheatedStrike","hexamod:UnlimitedPower","hexamod:GhostOfSpirePast+1"],"picked":"SKIP","floor":31},{"not_picked":["hexamod:FlamesFromBeyond","hexamod:SwordOfDarkness+1","hexamod:ShieldOfDarkness"],"picked":"SKIP","floor":32},{"not_picked":["hexamod:BurningTouch+1","hexamod:ThirdSeal"],"picked":"hexamod:RainOfEmbers+1","floor":36},{"not_picked":["hexamod:FastForward+1","hexamod:SuperheatedStrike+1"],"picked":"hexamod:NightmareGuise+1","floor":38},{"not_picked":["hexamod:FlamesFromBeyond+1","hexamod:SuperheatedStrike+1","hexamod:NightmareStrike"],"picked":"SKIP","floor":39},{"not_picked":["hexamod:Rewind+1","hexamod:AdvancingGuard","hexamod:Incineration+1"],"picked":"SKIP","floor":40},{"not_picked":["hexamod:SixthSeal","hexamod:AdvancingGuard+1"],"picked":"hexamod:SoulSteal+1","floor":42},{"not_picked":["hexamod:StepThrough","hexamod:GhostShield+1"],"picked":"hexamod:Hexaguard+1","floor":44},{"not_picked":["hexamod:FastForward+1","hexamod:EmpoweredFlame"],"picked":"hexamod:GhostShield+1","floor":45},{"not_picked":["hexamod:PowerFromBeyond","hexamod:ShieldOfDarkness"],"picked":"hexamod:NightmareGuise+1","floor":48},{"not_picked":["hexamod:BurningTouch","hexamod:ShieldOfDarkness","hexamod:FirstSeal"],"picked":"SKIP","floor":49}],"player_experience":313549,"relics_obtained":[{"floor":1,"key":"ReplayTheSpireMod:Ninjato"},{"floor":3,"key":"Pen Nib"},{"floor":7,"key":"Replay:Mystery Machine"},{"floor":10,"key":"Akabeko"},{"floor":14,"key":"downfall:GremlinWheel"},{"floor":24,"key":"Happy Flower"},{"floor":30,"key":"Replay:Wax Seal"},{"floor":42,"key":"Replay:Ringing Soul"},{"floor":44,"key":"Replay:Accelerometer"},{"floor":45,"key":"Unceasing Top"},{"floor":46,"key":"Ring of Searing"}],"event_choices":[{"cards_removed":["hexamod:Strike"],"damage_healed":0,"gold_gain":0,"player_choice":"Card Removal","damage_taken":0,"max_hp_gain":0,"max_hp_loss":0,"event_name":"Wheel of Change","floor":18,"gold_loss":0},{"cards_removed":["Thinking Ahead"],"damage_healed":0,"gold_gain":0,"player_choice":"Offered Rare","damage_taken":0,"max_hp_gain":10,"max_hp_loss":0,"event_name":"Bonfire Elementals","floor":37,"gold_loss":0},{"damage_healed":0,"gold_gain":0,"player_choice":"Fight","damage_taken":0,"max_hp_gain":0,"max_hp_loss":0,"event_name":"Mysterious Sphere","floor":45,"gold_loss":0}],"is_beta":false,"boss_relics":[{"not_picked":["Philosopher\u0027s Stone","bronze:MakeshiftBattery"],"picked":"reliquary:RedCape"},{"not_picked":["ReplayTheSpireMod:DimensionalGlitch","Velvet Choker"],"picked":"Empty Cage"}],"items_purged_floors":[20,25,26,43],"is_endless":false,"potions_floor_spawned":[2,4,5,8,14,22,28,32,33,39,45,49],"ascension_level":0}}