{"host":"dn2xyj3kd3d9cfyb","time":1612490616,"event":{"mods":["BaseMod","Colored Powertips","Downfall","Hubris","Marisa£®ÏF”Í°°ƒß¿Ì…≥£©","Minty Spire (QoL Compilation)","Remilia£®¿Ÿ√◊¿Ú—«£©","Replay The Spire","Shop Mod","StSLib","The Animator","The Construct","The Cursed","The Mystic","Youmu£®ªÍ∆«—˝√Œ£©","Yuri Mod","Yuyuko"],"gold_per_floor":[116,116,10,10,30,63,63,74,74,99,99,119,137,163,163,260,260,278,294,294,64,64,96,96,113,140,140,150,150,150,150],"floor_reached":30,"language":"ZHS","playtime":3845,"items_purged":["yuri:yuriStrike"],"score":283,"play_id":"b93a2480-b640-4dad-8150-ca9c6fc76766","local_time":"20210205100336","is_ascension_mode":false,"campfire_choices":[{"data":"yuri:NoEscape","floor":15,"key":"SMITH"},{"floor":27,"key":"REST"},{"floor":29,"key":"RECALL"}],"circlet_count":0,"master_deck":["yuri:yuriStrike","yuri:yuriStrike","yuri:yuriStrike","yuri:yuriStrike","yuri:yuriDefend","yuri:yuriDefend","yuri:yuriDefend","yuri:yuriDefend","yuri:yuriDefend","yuri:Oolong","yuri:yuriStab+1","yuri:NoEscape+1","yuri:NoEscape","yuri:CalmingAura","yuri:BookGreen","yuri:Skip","AbeCurse","yuri:BookRed"],"relics":["yuri:yuriKnife","NeowsBlessing","ReplayTheSpireMod:Ring of Exchange","PreservedInsect","Pen Nib","Pantograph","Odd Mushroom","FaceOfCleric","Art of War","Abe\u0027s Treasure","Blue Candle","hubris:EmptyBottle","hubris:Icosahedron","Ornamental Fan","hubris:Towel"],"acts_visited":["Exordium","TheCity"],"potions_floor_usage":[10,14,14,16,16,23,23,28,30,30,30],"damage_taken":[{"damage":0,"enemies":"Cultist","floor":1,"turns":1},{"damage":0,"enemies":"2 Louse","floor":5,"turns":1},{"damage":0,"enemies":"Gremlin Nob","floor":6,"turns":1},{"damage":6,"enemies":"Jaw Worm","floor":8,"turns":6},{"damage":2,"enemies":"The Mushroom Lair","floor":10,"turns":2},{"damage":3,"enemies":"Exordium Wildlife","floor":12,"turns":3},{"damage":11,"enemies":"Looter","floor":13,"turns":4},{"damage":9,"enemies":"3 Sentries","floor":14,"turns":3},{"damage":19,"enemies":"Slime Boss","floor":16,"turns":6},{"damage":28,"enemies":"2 Thieves","floor":18,"turns":4},{"damage":16,"enemies":"Shell Parasite","floor":19,"turns":5},{"damage":41,"enemies":"Slavers","floor":23,"turns":4},{"damage":15,"enemies":"Shelled Parasite and Fungi","floor":25,"turns":8},{"damage":24,"enemies":"Centurion and Healer","floor":28,"turns":6},{"damage":27,"enemies":"Sentry and Sphere","floor":30,"turns":5}],"seed_played":"-1859686834260737364","potions_obtained":[{"floor":1,"key":"BlessingOfTheForge"},{"floor":8,"key":"BlessingOfTheForge"},{"floor":12,"key":"Toxic Potion"},{"floor":13,"key":"Dexterity Potion"},{"floor":14,"key":"Strength Potion"},{"floor":18,"key":"AttackPotion"},{"floor":23,"key":"Languid Potion"},{"floor":28,"key":"SpeedPotion"}],"is_trial":false,"path_per_floor":["M","?","$","?","M","E","?","M","T","?","?","M","M","E","R","B",null,"M","M","?","$","?","E","?","M","T","R","M","R","M"],"character_chosen":"YURI","items_purchased":["yuri:NoEscape","hubris:EmptyBottle"],"campfire_rested":1,"item_purchase_floors":[3,21],"current_hp_per_floor":[80,80,80,80,80,80,62,60,60,65,65,67,61,60,60,65,84,61,53,48,48,48,15,15,8,8,34,18,18,0,0],"gold":150,"neow_bonus":"THREE_ENEMY_KILL","is_daily":false,"chose_seed":false,"campfire_upgraded":1,"win_rate":0.0,"timestamp":1612490616,"path_taken":["M","?","$","?","M","E","?","?","T","?","?","?","M","E","R","BOSS","M","M","?","$","?","E","?","M","T","R","M","R","M"],"items_purchased_type":["Card","Relic"],"build_version":"2020-12-22","purchased_purges":1,"victory":false,"max_hp_per_floor":[80,80,80,80,80,80,80,80,80,80,80,81,82,83,83,84,84,85,86,86,86,86,87,87,88,88,88,89,89,89,89],"card_choices":[{"not_picked":["yuri:ThornRemove","yuri:GreenTea","yuri:CorruptHitbox"],"picked":"SKIP","floor":1},{"not_picked":["yuri:yuriHeavyStrike","yuri:GreenTea"],"picked":"yuri:CalmingAura","floor":5},{"not_picked":["yuri:ThrowingKnives","yuri:ThornRemove","yuri:ExploitStrike"],"picked":"SKIP","floor":6},{"not_picked":["yuri:CalmingAura","yuri:BookBlue"],"picked":"yuri:BookGreen","floor":8},{"not_picked":["yuri:CalmingAura","yuri:Spin"],"picked":"yuri:Skip","floor":12},{"not_picked":["yuri:ReloadGame","yuri:DejaVu","yuri:GlitchedStrike"],"picked":"SKIP","floor":13},{"not_picked":["yuri:GlitchedStrike","yuri:Spin","yuri:JumpScare"],"picked":"SKIP","floor":14},{"not_picked":["yuri:ThrowingKnives","yuri:DebugCard+1"],"picked":"yuri:BookRed","floor":18},{"not_picked":["yuri:DebugCard","yuri:BookRed+1","yuri:DeepBreathing"],"picked":"SKIP","floor":19},{"not_picked":["yuri:UnstableStrike+1","yuri:GlitchedStrike","yuri:yuriQuickStrike"],"picked":"SKIP","floor":23},{"not_picked":["yuri:Skip+1","yuri:TeaSet","yuri:RecklessStrike+1"],"picked":"SKIP","floor":25},{"not_picked":["yuri:TPose","yuri:GlitchedStrike","yuri:RecklessStrike"],"picked":"SKIP","floor":28}],"player_experience":607663,"relics_obtained":[{"floor":4,"key":"ReplayTheSpireMod:Ring of Exchange"},{"floor":6,"key":"PreservedInsect"},{"floor":9,"key":"Pantograph"},{"floor":10,"key":"Odd Mushroom"},{"floor":14,"key":"Art of War"},{"floor":23,"key":"Ornamental Fan"}],"event_choices":[{"damage_healed":0,"gold_gain":0,"player_choice":"Upgraded","damage_taken":0,"max_hp_gain":0,"max_hp_loss":0,"event_name":"Upgrade Shrine","floor":2,"gold_loss":0,"cards_upgraded":["yuri:yuriStab"]},{"damage_healed":0,"gold_gain":0,"player_choice":"Success","damage_taken":18,"relics_obtained":["Pen Nib"],"max_hp_gain":0,"max_hp_loss":0,"event_name":"Scrap Ooze","floor":7,"gold_loss":0},{"damage_healed":0,"gold_gain":0,"player_choice":"Fought Mushrooms","damage_taken":0,"max_hp_gain":0,"max_hp_loss":0,"event_name":"Mushrooms","floor":10,"gold_loss":0},{"damage_healed":0,"gold_gain":0,"player_choice":"Trade","damage_taken":0,"relics_obtained":["FaceOfCleric"],"max_hp_gain":0,"max_hp_loss":0,"event_name":"FaceTrader","floor":11,"gold_loss":0}],"is_beta":false,"boss_relics":[{"not_picked":["hubris:VirtuousBlindfold","hubris:BlackHole"],"picked":"Abe\u0027s Treasure"}],"items_purged_floors":[21],"is_endless":false,"potions_floor_spawned":[1,8,12,13,14,18,23,28],"killed_by":"Sentry and Sphere","ascension_level":0}}