{"host":"a3wpq7kyokchzawk","time":1612542619,"event":{"mods":["BaseMod","Colored Map","Highlight Path","Minty Spire (QoL Compilation)","Permanent Neow","Potion Indicator Mod","Relic Stats","Weighted Paths"],"gold_per_floor":[110,125,138,149,165,165,190,190,215,175,188,188,214,225,225,298,298,315,33,48,48,48,78,78,109,135,50,50,50],"floor_reached":28,"language":"ENG","playtime":2502,"items_purged":[],"score":536,"play_id":"f6c130eb-ab1f-460a-908a-f250f4bdbfd9","local_time":"20210205143019","is_ascension_mode":true,"campfire_choices":[{"data":"Noxious Fumes","floor":6.0,"key":"SMITH"},{"floor":8.0,"key":"REST"},{"floor":12.0,"key":"REST"},{"data":"Footwork","floor":15.0,"key":"SMITH"},{"data":"Catalyst","floor":24,"key":"SMITH"}],"circlet_count":0,"master_deck":["AscendersBane","Strike_G+1","Strike_G+1","Strike_G+1","Strike_G+1","Strike_G+1","Defend_G+1","Defend_G+1","Defend_G+1","Defend_G+1","Defend_G+1","Survivor","Neutralize","Backstab","Noxious Fumes+1","Crippling Poison","Heel Hook","Footwork+1","Dash","Dagger Throw","PiercingWail","Heel Hook","Dagger Throw","Corpse Explosion","Underhanded Strike+1","Dodge and Roll","Catalyst+1","Heel Hook"],"relics":["Ring of the Snake","Strawberry","Pantograph","Bronze Scales","Tiny Chest","Coffee Dripper","Frozen Egg 2","MutagenicStrength","Smiling Mask","White Beast Statue","Oddly Smooth Stone","HornCleat"],"acts_visited":["Exordium","TheCity"],"potions_floor_usage":[23,25,25,28],"damage_taken":[{"damage":3.0,"enemies":"Cultist","floor":1.0,"turns":5.0},{"damage":1.0,"enemies":"Jaw Worm","floor":2.0,"turns":3.0},{"damage":0.0,"enemies":"Small Slimes","floor":3.0,"turns":4.0},{"damage":6.0,"enemies":"Blue Slaver","floor":4.0,"turns":5.0},{"damage":0.0,"enemies":"2 Fungi Beasts","floor":5.0,"turns":3.0},{"damage":36.0,"enemies":"Gremlin Nob","floor":7.0,"turns":4.0},{"damage":0.0,"enemies":"Looter","floor":10.0,"turns":4.0},{"damage":12.0,"enemies":"Exordium Thugs","floor":11.0,"turns":4.0},{"damage":19.0,"enemies":"3 Sentries","floor":13.0,"turns":7.0},{"damage":6.0,"enemies":"Large Slime","floor":14.0,"turns":4.0},{"damage":37.0,"enemies":"Hexaghost","floor":16.0,"turns":10.0},{"damage":11.0,"enemies":"Spheric Guardian","floor":18.0,"turns":4.0},{"damage":18.0,"enemies":"Chosen","floor":20.0,"turns":5.0},{"damage":21,"enemies":"Book of Stabbing","floor":23,"turns":5},{"damage":1,"enemies":"Slavers","floor":25,"turns":4},{"damage":7,"enemies":"Shelled Parasite and Fungi","floor":28,"turns":1}],"seed_played":"6106865113256846292","potions_obtained":[{"floor":2.0,"key":"SpeedPotion"},{"floor":4.0,"key":"ColorlessPotion"},{"floor":11.0,"key":"BlessingOfTheForge"},{"floor":13.0,"key":"Poison Potion"},{"floor":16.0,"key":"SkillPotion"},{"floor":18.0,"key":"AttackPotion"},{"floor":23,"key":"AttackPotion"},{"floor":25,"key":"PowerPotion"}],"is_trial":false,"path_per_floor":["M","M","M","M","M","R","E","R","T","M","M","R","E","M","R","B",null,"M","$","M","?","?","E","R","E","T","?","M"],"character_chosen":"THE_SILENT","items_purchased":["Frozen Egg 2"],"campfire_rested":2,"item_purchase_floors":[19],"current_hp_per_floor":[63,62,62,56,56,56,20,41,41,41,29,50,31,25,25,13,58,47,47,29,29,29,8,8,7,7,7,0,0],"gold":50,"neow_bonus":"RANDOM_COMMON_RELIC","is_daily":false,"chose_seed":false,"campfire_upgraded":3,"win_rate":0.0,"timestamp":1612542619,"path_taken":["M","?","M","M","M","R","E","R","T","M","M","R","E","M","R","BOSS","M","$","M","?","?","E","R","E","T","?","M"],"items_purchased_type":["Relic"],"build_version":"2020-12-22","purchased_purges":0,"victory":false,"max_hp_per_floor":[73,73,73,73,73,73,73,73,73,73,73,73,73,73,73,73,73,73,73,73,73,73,73,73,73,73,73,73,73],"relic_stats":{"counters":[16,72],"Pantograph":25,"Bronze Scales":[162],"Tiny Chest":0,"Smiling Mask":0,"obtain_stats":[{"HornCleat":27,"Strawberry":0,"Pantograph":7,"Bronze Scales":9,"MutagenicStrength":22,"Oddly Smooth Stone":26,"Tiny Chest":13,"Coffee Dripper":17,"Frozen Egg 2":19,"Smiling Mask":23,"White Beast Statue":25,"Ring of the Snake":0},{"HornCleat":15,"Strawberry":0,"Pantograph":6,"Bronze Scales":6,"MutagenicStrength":13,"Oddly Smooth Stone":15,"Tiny Chest":9,"Coffee Dripper":11,"Frozen Egg 2":12,"Smiling Mask":14,"White Beast Statue":15,"Ring of the Snake":0},{"HornCleat":71,"Strawberry":0,"Pantograph":24,"Bronze Scales":24,"MutagenicStrength":62,"Oddly Smooth Stone":71,"Tiny Chest":39,"Coffee Dripper":53,"Frozen Egg 2":57,"Smiling Mask":67,"White Beast Statue":71,"Ring of the Snake":0}],"Ring of the Snake":[32]},"card_choices":[{"not_picked":["Acrobatics","Deadly Poison"],"picked":"Backstab","floor":1.0},{"not_picked":["Deadly Poison","Masterful Stab"],"picked":"Noxious Fumes","floor":2.0},{"not_picked":["Endless Agony","Calculated Gamble"],"picked":"Crippling Poison","floor":3.0},{"not_picked":["Blade Dance","Finisher"],"picked":"Heel Hook","floor":4.0},{"not_picked":["Calculated Gamble","Deadly Poison"],"picked":"Footwork","floor":5.0},{"not_picked":["Quick Slash","Outmaneuver"],"picked":"Dash","floor":7.0},{"not_picked":["Tactician","Backstab"],"picked":"Dagger Throw","floor":10.0},{"not_picked":["Dagger Spray","Poisoned Stab"],"picked":"PiercingWail","floor":11.0},{"not_picked":["Grand Finale","Dash"],"picked":"Heel Hook","floor":13.0},{"not_picked":["Reflex","Finisher"],"picked":"Dagger Throw","floor":14.0},{"not_picked":["Phantasmal Killer","Burst"],"picked":"Corpse Explosion","floor":16.0},{"not_picked":["Flying Knee","Dagger Spray"],"picked":"Underhanded Strike+1","floor":18.0},{"not_picked":["Dagger Spray","Heel Hook+1"],"picked":"Dodge and Roll","floor":20.0},{"not_picked":["Backflip+1","Expertise"],"picked":"Catalyst","floor":23},{"not_picked":["Slice","Predator"],"picked":"Heel Hook","floor":25}],"player_experience":2628713,"relics_obtained":[{"floor":7.0,"key":"Pantograph"},{"floor":9.0,"key":"Bronze Scales"},{"floor":13.0,"key":"Tiny Chest"},{"floor":23,"key":"Smiling Mask"},{"floor":25,"key":"White Beast Statue"},{"floor":26,"key":"Oddly Smooth Stone"}],"event_choices":[{"damage_healed":0.0,"max_hp_gain":0.0,"max_hp_loss":0.0,"gold_gain":0.0,"event_name":"Back to Basics","player_choice":"Simplicity","floor":21.0,"gold_loss":0.0,"damage_taken":0.0,"cards_upgraded":["Strike_G","Strike_G","Strike_G","Strike_G","Strike_G","Defend_G","Defend_G","Defend_G","Defend_G","Defend_G"]},{"damage_healed":0,"gold_gain":0,"player_choice":"Inject Mutagens","damage_taken":0,"relics_obtained":["MutagenicStrength"],"max_hp_gain":0,"max_hp_loss":0,"event_name":"Drug Dealer","floor":22,"gold_loss":0},{"damage_healed":0,"gold_gain":0,"player_choice":"Obtained Relic","damage_taken":0,"relics_obtained":["HornCleat"],"max_hp_gain":0,"max_hp_loss":0,"event_name":"Addict","floor":27,"gold_loss":85}],"is_beta":false,"boss_relics":[{"not_picked":["Busted Crown","Empty Cage"],"picked":"Coffee Dripper"}],"items_purged_floors":[],"is_endless":false,"potions_floor_spawned":[2,4,11,13,14,16,18,23,25],"killed_by":"Shelled Parasite and Fungi","ascension_level":20}}