{"host":"a1eatafr7pisesky","time":1612541112,"event":{"mods":["AchievementEnabler","BaseMod","Colored Map","Keyboard Shortcuts","Minty Spire (QoL Compilation)","Say the Spire","StSLib","SuperFastMode","everything is the same but u backflip on backflip"],"gold_per_floor":[114,114,114,127,52,85,85,95,95,121,21,33,33,43,43,116,116,133,52,52,78,94,94,124,49,75,85,95,105,105,123,123,201,201,215,232,251,268,268,268,293,293,361,395,355,1,1,12,12,12,12,12,12,37,37],"floor_reached":56,"language":"KOR","playtime":1494,"items_purged":["Defend_P","Strike_P","Defend_P"],"score":1871,"play_id":"3a3f9857-240a-4c09-969b-30b1d98a0fc4","local_time":"20210206010512","is_ascension_mode":true,"campfire_choices":[{"floor":7.0,"key":"REST"},{"data":"Eruption","floor":13.0,"key":"SMITH"},{"data":"EmptyFist","floor":15.0,"key":"SMITH"},{"data":"Wallop","floor":23.0,"key":"SMITH"},{"data":"Scrawl","floor":32.0,"key":"SMITH"},{"data":"Devotion","floor":40.0,"key":"SMITH"},{"data":"SandsOfTime","floor":42.0,"key":"SMITH"},{"data":"LikeWater","floor":47.0,"key":"SMITH"},{"floor":49.0,"key":"RECALL"},{"data":"Evaluate","floor":52.0,"key":"SMITH"}],"circlet_count":0,"master_deck":["AscendersBane","Strike_P+1","Strike_P","Defend_P+1","Eruption+1","Vigilance","EmptyFist+1","Evaluate+1","WheelKick","Wallop+1","FearNoEvil","Scrawl+1","Worship","Worship","Devotion+1","Fasting2+1","SandsOfTime+1","Injury","Brilliance","LikeWater+1","MentalFortress"],"relics":["Runic Pyramid","White Beast Statue","Pantograph","InkBottle","Coffee Dripper","Enchiridion","Lantern","CaptainsWheel","Blood Vial","Cursed Key","Darkstone Periapt","Mummified Hand","Lee\u0027s Waffle","Bag of Marbles"],"acts_visited":["Exordium","TheCity","TheBeyond","TheEnding"],"potions_floor_usage":[55,55],"damage_taken":[{"damage":2.0,"enemies":"Jaw Worm","floor":1.0,"turns":3.0},{"damage":5.0,"enemies":"Small Slimes","floor":4.0,"turns":2.0},{"damage":28.0,"enemies":"3 Sentries","floor":6.0,"turns":7.0},{"damage":0.0,"enemies":"Cultist","floor":8.0,"turns":2.0},{"damage":18.0,"enemies":"Gremlin Nob","floor":10.0,"turns":4.0},{"damage":0.0,"enemies":"2 Fungi Beasts","floor":12.0,"turns":3.0},{"damage":2.0,"enemies":"Exordium Thugs","floor":14.0,"turns":4.0},{"damage":12.0,"enemies":"The Guardian","floor":16.0,"turns":9.0},{"damage":20.0,"enemies":"2 Thieves","floor":18.0,"turns":3.0},{"damage":0.0,"enemies":"Chosen","floor":22.0,"turns":2.0},{"damage":33.0,"enemies":"Book of Stabbing","floor":24.0,"turns":4.0},{"damage":0.0,"enemies":"Snecko","floor":27.0,"turns":3.0},{"damage":5.0,"enemies":"Shelled Parasite and Fungi","floor":28.0,"turns":3.0},{"damage":9.0,"enemies":"Centurion and Healer","floor":29.0,"turns":3.0},{"damage":0.0,"enemies":"3 Cultists","floor":31.0,"turns":4.0},{"damage":3.0,"enemies":"Automaton","floor":33.0,"turns":6.0},{"damage":0.0,"enemies":"Orb Walker","floor":35.0,"turns":2.0},{"damage":0.0,"enemies":"3 Shapes","floor":36.0,"turns":3.0},{"damage":5.0,"enemies":"Spire Growth","floor":37.0,"turns":4.0},{"damage":24.0,"enemies":"Writhing Mass","floor":38.0,"turns":5.0},{"damage":15.0,"enemies":"Nemesis","floor":41.0,"turns":5.0},{"damage":9.0,"enemies":"Reptomancer","floor":44.0,"turns":5.0},{"damage":23.0,"enemies":"4 Shapes","floor":48.0,"turns":3.0},{"damage":8.0,"enemies":"Awakened One","floor":50.0,"turns":6.0},{"damage":28.0,"enemies":"Shield and Spear","floor":54.0,"turns":4.0},{"damage":82,"enemies":"The Heart","floor":55,"turns":8}],"seed_played":"224716316356663135","potions_obtained":[{"floor":4.0,"key":"LiquidMemories"},{"floor":8.0,"key":"GamblersBrew"},{"floor":18.0,"key":"FairyPotion"},{"floor":24.0,"key":"SmokeBomb"},{"floor":28.0,"key":"Fruit Juice"},{"floor":29.0,"key":"ColorlessPotion"},{"floor":31.0,"key":"Strength Potion"},{"floor":33.0,"key":"BlessingOfTheForge"},{"floor":36.0,"key":"EntropicBrew"},{"floor":41.0,"key":"Block Potion"},{"floor":48.0,"key":"LiquidMemories"},{"floor":54.0,"key":"FearPotion"}],"is_trial":false,"path_per_floor":["M","?","?","M","$","E","R","M","T","E","$","M","R","M","R","B",null,"M","$","?","T","M","R","E","?","T","M","M","M","?","M","R","B",null,"M","M","M","M","?","R","E","R","T","E","?","$","R","M","R","B",null,"R","$","E","B",null],"character_chosen":"WATCHER","items_purchased":["Worship","Lee\u0027s Waffle","LikeWater"],"campfire_rested":1,"item_purchase_floors":[19,46,46],"current_hp_per_floor":[63,49,49,44,44,16,37,37,37,19,19,19,19,17,17,30,62,42,42,26,26,26,26,21,21,21,23,25,18,18,20,20,44,69,71,73,70,48,48,48,35,35,41,34,34,90,90,67,67,82,88,88,88,62,7],"gold":37,"neow_bonus":"BOSS_RELIC","is_daily":false,"chose_seed":false,"campfire_upgraded":8,"win_rate":0.0,"timestamp":1612541112,"path_taken":["M","?","?","M","$","E","R","?","T","E","$","M","R","M","R","BOSS","M","$","?","?","M","R","E","?","T","?","M","M","?","?","R","BOSS","M","M","M","M","?","R","E","R","T","E","?","$","R","?","R","BOSS","R","$","E","BOSS"],"items_purchased_type":["Card","Relic","Card"],"build_version":"2020-12-22","purchased_purges":3,"victory":true,"max_hp_per_floor":[72,72,72,72,72,72,72,72,72,72,72,72,72,72,72,72,72,72,72,72,72,72,72,72,72,72,72,77,77,77,77,77,77,77,77,77,77,77,77,77,77,77,83,83,83,90,90,90,90,90,90,90,90,90,90],"card_choices":[{"not_picked":["Halt","ClearTheMind"],"picked":"EmptyFist","floor":1.0},{"not_picked":["JustLucky","ClearTheMind"],"picked":"WheelKick","floor":4.0},{"not_picked":["WaveOfTheHand","Wireheading","ConjureBlade"],"picked":"SKIP","floor":6.0},{"not_picked":["WreathOfFlame","ForeignInfluence"],"picked":"Wallop","floor":8.0},{"not_picked":["ThirdEye","Prostrate","Vengeance"],"picked":"SKIP","floor":10.0},{"not_picked":["Fasting2","Indignation","Collect"],"picked":"SKIP","floor":12.0},{"not_picked":["Fasting2","Indignation","Collect"],"picked":"SKIP","floor":12.0},{"not_picked":["FollowUp","EmptyMind"],"picked":"FearNoEvil","floor":14.0},{"not_picked":["ConjureBlade","MasterReality"],"picked":"Scrawl","floor":16.0},{"not_picked":["SashWhip","ForeignInfluence+1","Fasting2"],"picked":"SKIP","floor":18.0},{"not_picked":["Perseverance","JustLucky","Halt"],"picked":"SKIP","floor":22.0},{"not_picked":["Devotion","SashWhip+1","ClearTheMind"],"picked":"SKIP","floor":24.0},{"not_picked":["ThirdEye","Study","EmptyBody"],"picked":"SKIP","floor":27.0},{"not_picked":["BowlingBash","FollowUp"],"picked":"Worship","floor":28.0},{"not_picked":["ReachHeaven","BowlingBash+1","Protect"],"picked":"SKIP","floor":29.0},{"not_picked":["Wireheading","BattleHymn+1","Halt"],"picked":"SKIP","floor":31.0},{"not_picked":["DeusExMachina","Scrawl"],"picked":"Devotion","floor":33.0},{"not_picked":["Wireheading","PathToVictory+1","Protect+1"],"picked":"SKIP","floor":35.0},{"not_picked":["ReachHeaven","PathToVictory"],"picked":"Fasting2+1","floor":36.0},{"not_picked":["FlurryOfBlows+1","SashWhip"],"picked":"SandsOfTime","floor":37.0},{"not_picked":["FlyingSleeves+1","Crescendo","WheelKick"],"picked":"SKIP","floor":38.0},{"not_picked":["FollowUp","Crescendo","Evaluate"],"picked":"SKIP","floor":41.0},{"not_picked":["FearNoEvil","Perseverance"],"picked":"Brilliance","floor":44.0},{"not_picked":["BowlingBash","ClearTheMind+1","EmptyFist"],"picked":"SKIP","floor":48.0},{"not_picked":["FearNoEvil","Weave"],"picked":"MentalFortress","floor":54.0}],"player_experience":409871,"relics_obtained":[{"floor":6.0,"key":"White Beast Statue"},{"floor":9.0,"key":"Pantograph"},{"floor":10.0,"key":"InkBottle"},{"floor":20.0,"key":"Enchiridion"},{"floor":21.0,"key":"Lantern"},{"floor":24.0,"key":"CaptainsWheel"},{"floor":26.0,"key":"Blood Vial"},{"floor":41.0,"key":"Darkstone Periapt"},{"floor":44.0,"key":"Mummified Hand"},{"floor":54.0,"key":"Bag of Marbles"}],"event_choices":[{"damage_healed":0.0,"max_hp_gain":0.0,"max_hp_loss":0.0,"gold_gain":0.0,"event_name":"Shining Light","player_choice":"Entered Light","floor":2.0,"gold_loss":0.0,"damage_taken":14.0,"cards_upgraded":["Defend_P","Strike_P"]},{"damage_healed":0.0,"max_hp_gain":0.0,"max_hp_loss":0.0,"gold_gain":0.0,"cards_transformed":["Defend_P"],"event_name":"Transmorgrifier","player_choice":"Transformed","floor":3.0,"gold_loss":0.0,"damage_taken":0.0,"cards_obtained":["Evaluate"]},{"damage_healed":0.0,"max_hp_gain":0.0,"max_hp_loss":0.0,"gold_gain":0.0,"event_name":"Cursed Tome","player_choice":"Obtained Book","floor":20.0,"gold_loss":0.0,"damage_taken":16.0},{"cards_removed":["Strike_P"],"damage_healed":0.0,"max_hp_gain":0.0,"max_hp_loss":0.0,"gold_gain":0.0,"event_name":"Beggar","player_choice":"Gave Gold","floor":25.0,"gold_loss":75.0,"damage_taken":0.0},{"damage_healed":0.0,"max_hp_gain":0.0,"max_hp_loss":0.0,"gold_gain":0.0,"event_name":"N\u0027loth","player_choice":"Ignored","floor":30.0,"gold_loss":0.0,"damage_taken":0.0},{"damage_healed":0.0,"max_hp_gain":0.0,"max_hp_loss":0.0,"gold_gain":0.0,"event_name":"Tomb of Lord Red Mask","player_choice":"Ignored","floor":39.0,"gold_loss":0.0,"damage_taken":0.0},{"damage_healed":0.0,"max_hp_gain":0.0,"max_hp_loss":0.0,"gold_gain":0.0,"event_name":"The Woman in Blue","player_choice":"Bought 3 Potions","floor":45.0,"gold_loss":0.0,"damage_taken":0.0}],"is_beta":false,"boss_relics":[{"not_picked":["Runic Dome","Philosopher\u0027s Stone"],"picked":"Coffee Dripper"},{"not_picked":["Sozu","Snecko Eye"],"picked":"Cursed Key"}],"items_purged_floors":[5,11,46],"is_endless":false,"potions_floor_spawned":[4,8,10,12,14,16,18,22,24,27,28,29,31,33,35,36,37,38,41,44,48,54],"ascension_level":13}}