{"host":"qc8p2flj7wsy3zpg","time":1612558543,"event":{"mods":["BaseMod","Highlight Path","Minty Spire (QoL Compilation)","Monster List Patch","Relic Stats","StSLib"],"gold_per_floor":[112,126,142,154,174,208,208,239,287,287,297,310,323,5,5,81,81,100,6,6,17,17,17,17,34,34,34,52,52,68,68,68],"floor_reached":31,"language":"ENG","playtime":2358,"items_purged":[],"score":542,"play_id":"278f3f74-04a5-4a19-bee5-436db9a6fe06","local_time":"20210205145543","is_ascension_mode":true,"campfire_choices":[{"floor":7.0,"key":"REST"},{"floor":10.0,"key":"REST"},{"floor":15.0,"key":"REST"},{"floor":23,"key":"REST"},{"floor":29,"key":"REST"}],"circlet_count":0,"master_deck":["AscendersBane","Strike_R","Strike_R","Strike_R","Strike_R","Strike_R","Defend_R","Defend_R","Defend_R","Defend_R","Bash","Rupture","Sever Soul","Clothesline","Flame Barrier","Battle Trance","Cleave","Heavy Blade","Uppercut","Shrug It Off","Corruption","CurseOfTheBell","True Grit","True Grit","Ghostly Armor","Infernal Blade+1"],"relics":["Burning Blood","Incense Burner","Mummified Hand","Art of War","Potion Belt","TungstenRod","Calling Bell","PreservedInsect","Pantograph","Magic Flower","White Beast Statue"],"acts_visited":["Exordium","TheCity"],"potions_floor_usage":[24,24,28,28,28,30,31],"damage_taken":[{"damage":2.0,"enemies":"Cultist","floor":1.0,"turns":4.0},{"damage":3.0,"enemies":"Jaw Worm","floor":2.0,"turns":4.0},{"damage":5.0,"enemies":"2 Louse","floor":3.0,"turns":5.0},{"damage":15.0,"enemies":"Red Slaver","floor":4.0,"turns":6.0},{"damage":15.0,"enemies":"2 Fungi Beasts","floor":5.0,"turns":4.0},{"damage":37.0,"enemies":"3 Sentries","floor":6.0,"turns":12.0},{"damage":28.0,"enemies":"Lagavulin","floor":8.0,"turns":8.0},{"damage":6.0,"enemies":"Looter","floor":11.0,"turns":4.0},{"damage":14.0,"enemies":"Exordium Wildlife","floor":12.0,"turns":4.0},{"damage":7.0,"enemies":"3 Louse","floor":13.0,"turns":7.0},{"damage":35,"enemies":"The Guardian","floor":16,"turns":19},{"damage":29,"enemies":"Shell Parasite","floor":18,"turns":8},{"damage":6,"enemies":"3 Byrds","floor":21,"turns":7},{"damage":66,"enemies":"Slavers","floor":24,"turns":7},{"damage":5,"enemies":"Snecko","floor":25,"turns":5},{"damage":55,"enemies":"Shelled Parasite and Fungi","floor":28,"turns":11},{"damage":24,"enemies":"Centurion and Healer","floor":30,"turns":10},{"damage":28,"enemies":"3 Cultists","floor":31,"turns":3}],"seed_played":"-3360551209480525987","potions_obtained":[{"floor":1.0,"key":"SpeedPotion"},{"floor":5.0,"key":"DistilledChaos"},{"floor":6.0,"key":"AttackPotion"},{"floor":16,"key":"SmokeBomb"},{"floor":21,"key":"BloodPotion"},{"floor":25,"key":"Regen Potion"},{"floor":27,"key":"Fruit Juice"},{"floor":27,"key":"Swift Potion"},{"floor":28,"key":"Explosive Potion"},{"floor":30,"key":"SpeedPotion"}],"is_trial":false,"path_per_floor":["M","M","M","M","M","E","R","E","T","R","M","M","M","$","R","B",null,"M","?","$","M","?","R","E","M","T","?","M","R","M","M"],"character_chosen":"IRONCLAD","items_purchased":["TungstenRod"],"campfire_rested":5,"item_purchase_floors":[14],"current_hp_per_floor":[54,57,58,49,40,9,31,9,9,31,31,23,22,22,44,15,60,40,40,40,43,33,55,21,25,25,25,11,35,20,0,0],"gold":68,"neow_bonus":"ONE_RARE_RELIC","is_daily":false,"chose_seed":false,"campfire_upgraded":0,"win_rate":0.0,"timestamp":1612558543,"path_taken":["M","M","M","?","M","E","R","E","T","R","M","M","M","$","R","BOSS","M","?","?","M","?","R","E","?","T","?","?","R","M","M"],"items_purchased_type":["Relic"],"build_version":"2020-12-22","purchased_purges":0,"victory":false,"max_hp_per_floor":[75,75,75,75,75,75,75,75,75,75,75,75,75,75,75,75,75,75,75,75,75,75,75,75,75,75,75,80,80,80,80,80],"relic_stats":{"counters":[18,128],"Mummified Hand":[25],"Pantograph":0,"Magic Flower":[38],"PreservedInsect":41,"Art of War":[12],"obtain_stats":[{"Potion Belt":9,"Calling Bell":17,"Mummified Hand":6,"Pantograph":17,"Magic Flower":17,"PreservedInsect":17,"Incense Burner":0,"Art of War":8,"Burning Blood":0,"TungstenRod":14,"White Beast Statue":19},{"Potion Belt":7,"Calling Bell":11,"Mummified Hand":6,"Pantograph":11,"Magic Flower":11,"PreservedInsect":11,"Incense Burner":0,"Art of War":7,"Burning Blood":0,"TungstenRod":10,"White Beast Statue":12},{"Potion Belt":43,"Calling Bell":77,"Mummified Hand":35,"Pantograph":77,"Magic Flower":77,"PreservedInsect":77,"Incense Burner":0,"Art of War":43,"Burning Blood":0,"TungstenRod":58,"White Beast Statue":85}],"Burning Blood":120,"TungstenRod":69},"card_choices":[{"not_picked":["Shockwave","Body Slam"],"picked":"Rupture","floor":1.0},{"not_picked":["Cleave","Anger"],"picked":"Sever Soul","floor":2.0},{"not_picked":["Sword Boomerang","Clash"],"picked":"Clothesline","floor":3.0},{"not_picked":["Anger","Heavy Blade"],"picked":"Flame Barrier","floor":4.0},{"not_picked":["Havoc","Barricade"],"picked":"Battle Trance","floor":5.0},{"not_picked":["Twin Strike","Bloodletting"],"picked":"Cleave","floor":6.0},{"not_picked":["Thunderclap","True Grit"],"picked":"Heavy Blade","floor":8.0},{"not_picked":["Thunderclap","Blood for Blood"],"picked":"Uppercut","floor":11.0},{"not_picked":["Havoc","Ghostly Armor"],"picked":"Shrug It Off","floor":13.0},{"not_picked":["Feed","Double Tap"],"picked":"Corruption","floor":16},{"not_picked":["Evolve","Warcry"],"picked":"True Grit","floor":18},{"not_picked":["Havoc","Headbutt+1"],"picked":"True Grit","floor":25},{"not_picked":["Havoc","Shrug It Off"],"picked":"Ghostly Armor","floor":28},{"not_picked":["Sword Boomerang","Rupture"],"picked":"Infernal Blade+1","floor":30}],"player_experience":2320643,"relics_obtained":[{"floor":6.0,"key":"Mummified Hand"},{"floor":8.0,"key":"Art of War"},{"floor":9.0,"key":"Potion Belt"},{"floor":17,"key":"PreservedInsect"},{"floor":17,"key":"Pantograph"},{"floor":17,"key":"Magic Flower"}],"event_choices":[{"damage_healed":0,"gold_gain":0,"player_choice":"Paid Gold","damage_taken":0,"relics_obtained":["White Beast Statue"],"max_hp_gain":0,"max_hp_loss":0,"event_name":"WeMeetAgain","floor":19,"gold_loss":94},{"damage_healed":0,"gold_gain":0,"player_choice":"Damaged","damage_taken":11,"max_hp_gain":0,"max_hp_loss":0,"event_name":"Wheel of Change","floor":22,"gold_loss":0},{"damage_healed":0,"gold_gain":0,"player_choice":"Got Potions","damage_taken":0,"max_hp_gain":0,"max_hp_loss":0,"event_name":"Lab","floor":27,"gold_loss":0}],"is_beta":false,"boss_relics":[{"not_picked":["Runic Pyramid","Runic Dome"],"picked":"Calling Bell"}],"items_purged_floors":[],"is_endless":false,"potions_floor_spawned":[1,5,6,16,21,24,25,28,30],"killed_by":"3 Cultists","ascension_level":20}}