{"host":"rmt60uil2jppa14k","time":1612568392,"event":{"mods":["AchievementEnabler","BaseMod","Highlight Path","Minty Spire (QoL Compilation)","Quick Restart","StSLib"],"gold_per_floor":[109,13,23,38,38,38,53,53,123,123,141,157,116,216,216,337,337,355,373,230,254,50,50,50,73,124,124,148,148,171,171,171],"floor_reached":31,"language":"ENG","playtime":1367,"items_purged":["Injury"],"score":229,"play_id":"34d240b1-933d-42aa-926c-7456ce151547","local_time":"20210205233952","is_ascension_mode":false,"campfire_choices":[{"data":"BattleHymn","floor":6,"key":"SMITH"},{"data":"ClearTheMind","floor":8,"key":"SMITH"},{"floor":15,"key":"REST"},{"floor":24,"key":"REST"},{"floor":27,"key":"REST"}],"circlet_count":0,"master_deck":["Strike_P","Strike_P","Strike_P","Strike_P","Defend_P","Defend_P","Defend_P","Defend_P","Eruption","Vigilance","EmptyFist","SashWhip","Evaluate","FlurryOfBlows","BattleHymn+1","ClearTheMind+1","WindmillStrike","Establishment","Protect","EmptyMind","LikeWater","Prostrate","CarveReality","BattleHymn","WindmillStrike","Normality","DeceiveReality","Writhe","FlurryOfBlows+1"],"relics":["PureWater","NeowsBlessing","Golden Idol","InkBottle","Cursed Key","Membership Card","MutagenicStrength","Art of War","Boot"],"acts_visited":["Exordium","TheCity"],"potions_floor_usage":[12,16,16,28,30],"damage_taken":[{"damage":0,"enemies":"2 Louse","floor":1,"turns":1},{"damage":0,"enemies":"Jaw Worm","floor":3,"turns":1},{"damage":0,"enemies":"Cultist","floor":4,"turns":1},{"damage":0,"enemies":"Large Slime","floor":7,"turns":4},{"damage":14,"enemies":"3 Louse","floor":11,"turns":2},{"damage":23,"enemies":"Gremlin Gang","floor":12,"turns":3},{"damage":60,"enemies":"Hexaghost","floor":16,"turns":11},{"damage":18,"enemies":"Spheric Guardian","floor":18,"turns":4},{"damage":19,"enemies":"2 Thieves","floor":19,"turns":4},{"damage":27,"enemies":"Snake Plant","floor":21,"turns":6},{"damage":21,"enemies":"Centurion and Healer","floor":25,"turns":6},{"damage":12,"enemies":"Cultist and Chosen","floor":28,"turns":6},{"damage":32,"enemies":"Shelled Parasite and Fungi","floor":30,"turns":5},{"damage":42,"enemies":"Snake Plant","floor":31,"turns":2}],"seed_played":"-6886075815197391758","potions_obtained":[{"floor":4,"key":"LiquidMemories"},{"floor":7,"key":"Regen Potion"},{"floor":11,"key":"Explosive Potion"},{"floor":12,"key":"FairyPotion"},{"floor":16,"key":"FairyPotion"},{"floor":25,"key":"Regen Potion"},{"floor":28,"key":"Fire Potion"},{"floor":30,"key":"SteroidPotion"}],"is_trial":false,"path_per_floor":["M","$","M","M","?","R","M","R","T","?","M","M","?","?","R","B",null,"M","M","$","M","$","?","R","M","T","R","M","?","M","M"],"character_chosen":"WATCHER","items_purchased":["SashWhip","Evaluate","LikeWater","Membership Card","CarveReality","BattleHymn"],"campfire_rested":3,"item_purchase_floors":[2,2,20,22,22,22],"current_hp_per_floor":[72,72,72,72,72,72,72,72,72,72,58,35,35,35,56,11,72,54,35,35,8,8,8,29,8,8,29,31,31,21,0,0],"gold":171,"neow_bonus":"THREE_ENEMY_KILL","is_daily":false,"chose_seed":false,"campfire_upgraded":2,"win_rate":0.0,"timestamp":1612568392,"path_taken":["M","$","M","M","?","R","M","R","T","?","?","M","?","?","R","BOSS","M","M","$","?","$","?","R","M","T","R","M","?","?","M"],"items_purchased_type":["Card","Card","Card","Relic","Card","Card"],"build_version":"2020-12-22","purchased_purges":1,"victory":false,"max_hp_per_floor":[72,72,72,72,72,72,72,72,72,72,72,72,72,72,72,72,72,72,72,72,72,72,72,72,72,72,72,72,72,72,72,72],"card_choices":[{"not_picked":["MentalFortress","Evaluate"],"picked":"EmptyFist","floor":1},{"not_picked":["Study","Swivel"],"picked":"FlurryOfBlows","floor":3},{"not_picked":["ForeignInfluence","Collect"],"picked":"BattleHymn","floor":4},{"not_picked":["Sanctity","Fasting2"],"picked":"ClearTheMind","floor":7},{"not_picked":["BowlingBash","Meditate","Halt"],"picked":"SKIP","floor":11},{"not_picked":["MentalFortress","SandsOfTime"],"picked":"WindmillStrike","floor":12},{"not_picked":["DeusExMachina","Omniscience"],"picked":"Establishment","floor":16},{"not_picked":["SignatureMove","Vengeance"],"picked":"Protect","floor":18},{"not_picked":["WheelKick","Perseverance"],"picked":"EmptyMind","floor":19},{"not_picked":["Meditate","FlyingSleeves"],"picked":"Prostrate","floor":21},{"not_picked":["Evaluate","ThirdEye"],"picked":"WindmillStrike","floor":25},{"not_picked":["JustLucky","EmptyFist"],"picked":"DeceiveReality","floor":28},{"not_picked":["Swivel","ClearTheMind"],"picked":"FlurryOfBlows+1","floor":30}],"player_experience":138814,"relics_obtained":[{"floor":9,"key":"InkBottle"},{"floor":26,"key":"Art of War"}],"event_choices":[{"damage_healed":0,"gold_gain":0,"player_choice":"Take Wound","damage_taken":0,"relics_obtained":["Golden Idol"],"max_hp_gain":0,"max_hp_loss":0,"event_name":"Golden Idol","floor":5,"gold_loss":0,"cards_obtained":["Injury"]},{"damage_healed":0,"gold_gain":0,"player_choice":"Full Heal","damage_taken":0,"max_hp_gain":0,"max_hp_loss":0,"event_name":"Wheel of Change","floor":10,"gold_loss":0},{"damage_healed":0,"gold_gain":0,"player_choice":"Left Gold","damage_taken":0,"max_hp_gain":0,"max_hp_loss":0,"event_name":"World of Goop","floor":13,"gold_loss":41},{"damage_healed":0,"gold_gain":100,"player_choice":"Pray","damage_taken":0,"max_hp_gain":0,"max_hp_loss":0,"event_name":"Golden Shrine","floor":14,"gold_loss":0},{"damage_healed":0,"gold_gain":0,"player_choice":"Inject Mutagens","damage_taken":0,"relics_obtained":["MutagenicStrength"],"max_hp_gain":0,"max_hp_loss":0,"event_name":"Drug Dealer","floor":23,"gold_loss":0},{"damage_healed":0,"gold_gain":0,"player_choice":"Opened","damage_taken":0,"relics_obtained":["Boot"],"max_hp_gain":0,"max_hp_loss":0,"event_name":"The Mausoleum","floor":29,"gold_loss":0,"cards_obtained":["Writhe"]}],"is_beta":false,"boss_relics":[{"not_picked":["Velvet Choker","Sozu"],"picked":"Cursed Key"}],"items_purged_floors":[20],"is_endless":false,"potions_floor_spawned":[4,7,11,12,16,25,28,30],"killed_by":"Snake Plant","ascension_level":0}}