{"host":"07r93aoh0acudpwr","time":1612496625,"event":{"mods":["AchievementEnabler","Art Attack!","Ascension Reborn","Ascension Unlocker","Aspiration","BaseMod","Beaked The Cultist","Better Third Choice","BetterRewards","Bossed Relics","Conspire","Custom Start","Defuse TimeMaze Blight","Downfall","Duelist Mod","Energized Spire","Evolution","Grow up Mod","GungeonMod","Halation","Hermit","Hero for Fun","Hubris","Jedi Mod","Minty Spire (QoL Compilation)","QueenMod","RRrroohrrRGHHhhh!!","RatMod","Reliquary","Replay The Spire","Small Relic Pack","Spikes Relics","StSLib","The Bug Knight","The Construct","The Hierophant","The Marked","The Saiyan","Trackpad","Wandering Minibosses","Warlord Emblem","[IsaacMod]????"],"gold_per_floor":[117,117,117,117,136,169,169,187,187,204,219,219,219,232,244,273,273,378,378,396,438,457,457,382,414,414,431,431,431,445,457,133,150,150,254,254,266,336,336,356,104,136,154,184,237,249,265,265,277,127,127,127,127,127,127,162,162],"floor_reached":58,"language":"ENG","playtime":3757,"items_purged":["theMarked:Defend","theMarked:Defend"],"score":1303,"play_id":"d91be335-3020-4996-b112-33434b8e2311","local_time":"20210204224345","is_ascension_mode":true,"campfire_choices":[{"floor":7,"key":"RECALL"},{"data":"theMarked:Parkour","floor":17,"key":"SMITH"},{"data":"theMarked:EmpowerWeapon","floor":26,"key":"SMITH"},{"data":"theMarked:Parkour","floor":29,"key":"SMITH"},{"data":"theMarked:TakeOffHeels","floor":34,"key":"SMITH"},{"data":"theMarked:EmpowerWeapon","floor":48,"key":"SMITH"},{"data":"theMarked:TakeOffHeels","floor":51,"key":"SMITH"},{"data":"theMarked:ResourceFulStrike","floor":54,"key":"SMITH"}],"circlet_count":0,"master_deck":["ArtAttackMod:ArtAttack","theMarked:Strike+1","theMarked:Strike+1","theMarked:Strike+1","theMarked:Strike+1","theMarked:Strike+1","theMarked:Defend+1","theMarked:SoldierOfQuellstein+1","theMarked:ContemptForTheProud","theMarked:EmpowerWeapon+1","theMarked:Parkour+1","theMarked:ElectricStrings+1","theMarked:ShockingTouch+1","theMarked:Parkour+1","theMarked:SwordAndMagic","theMarked:Aftermath","theMarked:ElectricStrings","theMarked:TakeOffHeels+1","theMarked:WastefulAttack","theMarked:SwordAndMagic","theMarked:ResourceFulStrike+1","theMarked:TakeOffHeels+1","theMarked:ChainLightning+1","theMarked:EmpowerWeapon+1","theMarked:Challenge","theMarked:BanishingWave","Finesse+1","theMarked:Aftermath+1","theMarked:EnhanceMovement+1","theMarked:Improvise+1","theMarked:ContemptForTheProud+1","theMarked:Overcharge","theMarked:EmpowerWeapon+1","theMarked:ChainLightning","theMarked:ChainLightning+1","theMarked:ChannelForce+1"],"relics":["theMarked:ArtifactOfAir","EVO:Axolotl","HushsDoor","TuHaoJin","NeowsBlessing","Question Card","HollowMod:PaleOreRelic","Black Star","WarlordEmblem:MantleCaireseth","hubris:TenFootPole","Nunchaku","reliquary:HotPoker","reliquary:Ember","Incubus","jedi:Pinwheel","Ice Cream","hubris:MysteriousPyramids","WarlordEmblem:MantleLiam","WarlordEmblem:QuestHunter","WarlordEmblem:WuziBook","BelialBook","Strawberry","Kunai"],"acts_visited":["Exordium","TheCity","TheBeyond","TheEnding"],"potions_floor_usage":[18,18,20,33,35,56],"damage_taken":[{"damage":0,"enemies":"Jaw Worm","floor":1,"turns":1},{"damage":0,"enemies":"2 Louse","floor":5,"turns":1},{"damage":0,"enemies":"Replay:BlueRogue","floor":6,"turns":1},{"damage":8,"enemies":"conspire:RoseBush","floor":8,"turns":2},{"damage":16,"enemies":"Large Slime","floor":10,"turns":4},{"damage":6,"enemies":"Exordium Thugs","floor":11,"turns":2},{"damage":13,"enemies":"Red Slaver","floor":14,"turns":2},{"damage":0,"enemies":"3 Louse","floor":15,"turns":3},{"damage":29,"enemies":"3 Sentries","floor":16,"turns":5},{"damage":68,"enemies":"The Guardian","floor":18,"turns":7},{"damage":9,"enemies":"Chosen","floor":20,"turns":2},{"damage":17,"enemies":"Shelled Parasite and Fungi","floor":22,"turns":3},{"damage":51,"enemies":"conspire:Head Lice","floor":25,"turns":6},{"damage":18,"enemies":"Snake Plant","floor":27,"turns":3},{"damage":18,"enemies":"Snecko","floor":30,"turns":4},{"damage":27,"enemies":"Shelled Parasite and Fungi","floor":31,"turns":4},{"damage":18,"enemies":"conspire:HollyBat","floor":33,"turns":8},{"damage":141,"enemies":"Automaton","floor":35,"turns":9},{"damage":11,"enemies":"Orb Walker","floor":37,"turns":2},{"damage":39,"enemies":"3 Darklings","floor":40,"turns":4},{"damage":12,"enemies":"Nemesis","floor":42,"turns":3},{"damage":41,"enemies":"Maw","floor":43,"turns":5},{"damage":34,"enemies":"Giant Head","floor":44,"turns":5},{"damage":36,"enemies":"Jaw Worm Horde","floor":46,"turns":3},{"damage":42,"enemies":"4 Shapes","floor":47,"turns":3},{"damage":65,"enemies":"Writhing Mass","floor":49,"turns":4},{"damage":195,"enemies":"Awakened One","floor":52,"turns":9},{"damage":120,"enemies":"Shield and Spear","floor":56,"turns":6},{"damage":212,"enemies":"The Heart","floor":57,"turns":7}],"seed_played":"115752564731416845","potions_obtained":[{"floor":5,"key":"Dexterity Potion"},{"floor":8,"key":"sneckomod:MuddlingPotion"},{"floor":18,"key":"ColorlessPotion"},{"floor":22,"key":"PowerPotion"},{"floor":33,"key":"Explosive Potion"},{"floor":35,"key":"Energy Potion"},{"floor":44,"key":"FairyPotion"}],"is_trial":false,"path_per_floor":["M","?","?","?","M","E","R","M","T","M","M","PTL","PTL","M","M","E","R","B",null,"M","?","M","?","?","E","R","M","T","R","M","M","$","M","R","B",null,"M","?","?","M","$","E","M","E","T","M","M","R","M","$","R","B",null,"R","$","E","B",null],"character_chosen":"THE_DEFAULT","items_purchased":["reliquary:HotPoker","Incubus","theMarked:BanishingWave","Finesse","jedi:Pinwheel","BelialBook"],"campfire_rested":0,"item_purchase_floors":[32,36,36,36,41,50],"current_hp_per_floor":[90,100,90,100,110,120,130,132,142,136,140,150,160,157,167,148,158,100,270,268,263,256,266,276,235,245,237,247,257,249,232,242,234,244,113,407,406,409,419,390,400,398,367,343,353,327,295,305,250,260,270,85,577,587,597,496,294],"gold":162,"neow_bonus":"THREE_ENEMY_KILL","is_daily":false,"chose_seed":false,"campfire_upgraded":7,"win_rate":0.0,"timestamp":1612496625,"path_taken":["M","?","?","?","?","E","R","M","T","?","M","PTL","PTL","M","M","E","R","BOSS","M","?","M","?","?","E","R","?","T","R","M","M","$","?","R","BOSS","M","?","?","M","?","E","?","E","T","M","?","R","M","$","R","BOSS","R","$","E","BOSS"],"items_purchased_type":["Relic","Relic","Card","Card","Relic","Relic"],"build_version":"2020-12-22","purchased_purges":2,"victory":true,"max_hp_per_floor":[90,100,110,120,130,140,150,160,170,180,190,200,210,220,230,240,250,260,270,277,287,297,307,317,327,337,347,357,367,377,387,397,407,417,427,407,417,427,437,447,457,467,477,487,497,507,517,527,537,547,557,567,577,587,597,614,624],"card_choices":[{"not_picked":[],"picked":"ChaosCard","floor":0},{"not_picked":["theMarked:Polarize","theMarked:ComboAttacks"],"picked":"theMarked:ContemptForTheProud","floor":1},{"not_picked":["theMarked:BanishingStrike","theMarked:Vacuum"],"picked":"theMarked:EmpowerWeapon","floor":5},{"not_picked":["theMarked:ParalyzingBlade","theMarked:Polarize"],"picked":"theMarked:Parkour","floor":6},{"not_picked":["theMarked:HeightenedSenses","theMarked:ChainLightning","theMarked:TunnelVision"],"picked":"theMarked:ElectricStrings","floor":8},{"not_picked":["theMarked:ChainLightning","theMarked:TakeCover","theMarked:Vacuum"],"picked":"theMarked:ShockingTouch","floor":10},{"not_picked":["theMarked:Improvise","theMarked:HeightenedSenses","theMarked:ParalyzingBlade"],"picked":"theMarked:Parkour","floor":11},{"not_picked":["theMarked:WastefulAttack","theMarked:BindingBlade","theMarked:MuscleMemory"],"picked":"theMarked:SwordAndMagic","floor":14},{"not_picked":["theMarked:Parkour","theMarked:TakeCover","theMarked:WardOff"],"picked":"theMarked:Aftermath","floor":15},{"not_picked":["theMarked:WastefulAttack","theMarked:Maelstrom","theMarked:Frustration"],"picked":"theMarked:ElectricStrings","floor":16},{"not_picked":["theMarked:EternalStudent","theMarked:UnarmedFury","theMarked:MagusForm"],"picked":"theMarked:TakeOffHeels","floor":18},{"not_picked":["theMarked:Aftermath","theMarked:ElectricStrings+1","theMarked:TwofoldDefense"],"picked":"theMarked:WastefulAttack","floor":20},{"not_picked":["theMarked:UnarmedFury","theMarked:Frustration","theMarked:RepellingDischarge"],"picked":"theMarked:SwordAndMagic","floor":22},{"not_picked":["theMarked:HeightenedSenses","theMarked:Standoff+1","theMarked:Memento"],"picked":"theMarked:ResourceFulStrike","floor":25},{"not_picked":["theMarked:Friction+1","theMarked:SelfDefenseTraining","theMarked:ComboAttacks"],"picked":"theMarked:TakeOffHeels","floor":27},{"not_picked":["theMarked:Parkour","theMarked:Opportunist","theMarked:RepellingDischarge"],"picked":"theMarked:ChainLightning","floor":30},{"not_picked":["theMarked:TheMission+1","theMarked:TwofoldDefense","theMarked:Panic"],"picked":"theMarked:Frustration","floor":31},{"not_picked":["theMarked:Aftermath+1","theMarked:BanishingStrike+1","theMarked:Overcharge"],"picked":"theMarked:EmpowerWeapon+1","floor":33},{"not_picked":["theMarked:Vacuum","theMarked:TurnInvisible","theMarked:UnarmedFury"],"picked":"theMarked:Challenge","floor":35},{"not_picked":["theMarked:ElectricStrings+1","theMarked:Static+1","theMarked:BanishingWave"],"picked":"theMarked:Aftermath+1","floor":37},{"not_picked":["theMarked:GodGivenPower","theMarked:FavorableWinds","theMarked:BanishingWave+1"],"picked":"theMarked:EnhanceMovement+1","floor":40},{"not_picked":["theMarked:WastefulAttack+1","theMarked:WardOff","theMarked:Memento+1"],"picked":"theMarked:Improvise+1","floor":42},{"not_picked":["theMarked:RogueSparks","theMarked:WastefulAttack+1","theMarked:Challenge"],"picked":"theMarked:ContemptForTheProud+1","floor":43},{"not_picked":["theMarked:ResourceFulStrike","theMarked:ChainLightning","theMarked:TwofoldDefense"],"picked":"theMarked:Overcharge","floor":44},{"not_picked":["theMarked:Improvise","theMarked:LightningStrikesTwice","theMarked:KeepCalmAndFight+1"],"picked":"theMarked:EmpowerWeapon","floor":46},{"not_picked":["theMarked:ElectricStrings","theMarked:Electrocute+1","theMarked:TakeCover"],"picked":"theMarked:ChainLightning","floor":47},{"not_picked":["theMarked:ElectricStrings","theMarked:KeepCalmAndFight","theMarked:Memento"],"picked":"theMarked:ChainLightning+1","floor":49},{"not_picked":["theMarked:KeepCalmAndFight+1","theMarked:Opportunist","theMarked:Aftermath"],"picked":"theMarked:ChannelForce","floor":56}],"player_experience":170157,"relics_obtained":[{"floor":6,"key":"Question Card"},{"floor":16,"key":"HollowMod:PaleOreRelic"},{"floor":25,"key":"WarlordEmblem:MantleCaireseth"},{"floor":25,"key":"hubris:TenFootPole"},{"floor":28,"key":"Nunchaku"},{"floor":42,"key":"Ice Cream"},{"floor":42,"key":"hubris:MysteriousPyramids"},{"floor":44,"key":"WarlordEmblem:MantleLiam"},{"floor":44,"key":"WarlordEmblem:QuestHunter"},{"floor":45,"key":"WarlordEmblem:WuziBook"},{"floor":56,"key":"Strawberry"},{"floor":56,"key":"Kunai"}],"event_choices":[{"damage_healed":0,"gold_gain":0,"player_choice":"Bought 0 Potions","damage_taken":0,"max_hp_gain":0,"max_hp_loss":0,"event_name":"The Woman in Blue","floor":2,"gold_loss":0},{"damage_healed":100,"gold_gain":0,"player_choice":"Upgrade","damage_taken":20,"max_hp_gain":0,"max_hp_loss":100,"event_name":"betterThird:BetterShining","floor":3,"gold_loss":0,"cards_upgraded":["theMarked:Defend","theMarked:Strike"]},{"damage_healed":0,"gold_gain":0,"player_choice":"Forge","damage_taken":0,"max_hp_gain":0,"max_hp_loss":0,"event_name":"Accursed Blacksmith","floor":4,"gold_loss":0,"cards_upgraded":["theMarked:SoldierOfQuellstein"]},{"damage_healed":0,"gold_gain":0,"player_choice":"Leave","damage_taken":0,"max_hp_gain":0,"max_hp_loss":0,"event_name":"conspire:Investor","floor":23,"gold_loss":0},{"cards_removed":["theMarked:Defend"],"damage_healed":0,"gold_gain":0,"player_choice":"Gave Gold","damage_taken":0,"max_hp_gain":0,"max_hp_loss":0,"event_name":"Beggar","floor":24,"gold_loss":75},{"cards_removed":["theMarked:Frustration"],"damage_healed":0,"gold_gain":0,"player_choice":"Purged","damage_taken":0,"max_hp_gain":0,"max_hp_loss":0,"event_name":"Purifier","floor":39,"gold_loss":0}],"is_beta":false,"boss_relics":[{"not_picked":["jedi:hotpepper","aspiration:BeakedSkillbook"],"picked":"Black Star"},{"not_picked":[]},{"not_picked":["hubris:BlackHole","WarlordEmblem:HeavyShield"],"picked":"reliquary:Ember"},{"not_picked":[]}],"items_purged_floors":[32,36],"is_endless":false,"potions_floor_spawned":[5,8,10,16,18,22,33,35,42,44,46],"ascension_level":0}}