{"host":"jt4xaqerixsfdsye","time":1612559583,"event":{"mods":["BaseMod","Downfall","Minty Spire (QoL Compilation)","StSLib"],"gold_per_floor":[99,99,99,99,99,115,115,25,50,35,35,52,52,52,68,170,170,70,90,102,102,102,47,115,15,15,33,33,52,52,34,45,140,140,140,154,170,18,18,18,44,64,99,112,127,127,142,155,172,172],"floor_reached":51,"language":"ENG","playtime":6329,"items_purged":["Pain"],"score":652,"play_id":"43635c0d-ab31-4aa8-8472-8b74c316dacb","local_time":"20210205221303","is_ascension_mode":false,"campfire_choices":[{"floor":1,"key":"RECALL"},{"floor":11,"key":"REST"},{"floor":13,"key":"REST"},{"data":"Slimebound:Prepare","floor":18,"key":"SMITH"},{"data":"Slimebound:LeadByExample","floor":25,"key":"SMITH"},{"floor":28,"key":"REST"},{"data":"expansioncontent:DashGenerateEvil","floor":35,"key":"SMITH"},{"data":"Slimebound:Darklings","floor":40,"key":"SMITH"}],"circlet_count":0,"master_deck":["Slimebound:Strike_Slimebound","Slimebound:Strike_Slimebound","Slimebound:Strike_Slimebound+1","Slimebound:Tackle","Slimebound:Defend_Slimebound+1","Slimebound:Defend_Slimebound","Slimebound:Defend_Slimebound","Slimebound:Defend_Slimebound","Slimebound:Split","Slimebound:Prepare+1","Slimebound:LivingWall","Slimebound:Repurpose","Slimebound:SlimeBrawl","Slimebound:LeechEnergy","Slimebound:SplitMire","Slimebound:LevelUp","Parasite","Slimebound:MegaLick","Slimebound:DouseInSlime+1","Slimebound:FlameTackle+1","Slimebound:RollThrough+1","Necronomicurse","Slimebound:ComboTackle+1","Slimebound:LeadByExample+1","Slimebound:SplitLeeching+1","Slimebound:AcidTongue+1","Slimebound:LeechingTouch","expansioncontent:DashGenerateEvil+1","Slimebound:Prepare","Slimebound:Equalize+1","Slimebound:WasteNot","CurseOfTheBell","Slimebound:SpikyOuterGoop","Slimebound:GoopTackle+1","expansioncontent:DashGenerateEvil+1","Slimebound:Darklings+1","Slimebound:GoopTackle+1","Slimebound:Replication+1","Slimebound:SlimeTap+1","Slimebound:SlimeSpikes+1","Slimebound:SpikyOuterGoop+1","Slimebound:Dissolve","Slimebound:Schlurp+1"],"relics":["Slimebound:AbsorbEndCombat","downfall:HeartsMalice","WarpedTongs","Matryoshka","SlaversCollar","downfall:HeartBlessingRed","Necronomicon","Potion Belt","Eternal Feather","downfall:HeartBlessingBlue","MealTicket","Calling Bell","War Paint","The Courier","Dead Branch","Singing Bowl","Whetstone","Turnip"],"acts_visited":["Exordium","TheCity","TheBeyond"],"potions_floor_usage":[9,10,23,27,33,36,42,43,45,48,48,49,50],"damage_taken":[{"damage":0,"enemies":"Small Slimes","floor":2,"turns":1},{"damage":0,"enemies":"Cultist","floor":4,"turns":1},{"damage":0,"enemies":"Jaw Worm","floor":5,"turns":1},{"damage":14,"enemies":"Large Slime","floor":6,"turns":6},{"damage":6,"enemies":"downfall:FleeingMerchant","floor":8,"turns":4},{"damage":43,"enemies":"Gremlin Nob","floor":9,"turns":5},{"damage":0,"enemies":"downfall:FleeingMerchant","floor":10,"turns":4},{"damage":15,"enemies":"3 Louse","floor":12,"turns":3},{"damage":6,"enemies":"2 Fungi Beasts","floor":15,"turns":4},{"damage":4,"enemies":"SI_SHIV_ARCHETYPE","floor":16,"turns":7},{"damage":15,"enemies":"Spheric Guardian","floor":19,"turns":6},{"damage":19,"enemies":"3 Byrds","floor":20,"turns":4},{"damage":18,"enemies":"downfall:FleeingMerchant","floor":23,"turns":4},{"damage":13,"enemies":"Snake Plant","floor":27,"turns":4},{"damage":16,"enemies":"Chosen and Byrds","floor":29,"turns":5},{"damage":31,"enemies":"downfall:FleeingMerchant","floor":31,"turns":4},{"damage":6,"enemies":"Snecko","floor":32,"turns":4},{"damage":2,"enemies":"WA_ARCHETYPE_CALM","floor":33,"turns":7},{"damage":0,"enemies":"3 Darklings","floor":36,"turns":2},{"damage":41,"enemies":"3 Shapes","floor":37,"turns":4},{"damage":0,"enemies":"Jaw Worm Horde","floor":42,"turns":3},{"damage":25,"enemies":"Nemesis","floor":43,"turns":7},{"damage":28,"enemies":"3 Darklings","floor":44,"turns":5},{"damage":21,"enemies":"Transient","floor":45,"turns":5},{"damage":10,"enemies":"Spire Growth","floor":47,"turns":5},{"damage":9,"enemies":"Sphere and 2 Shapes","floor":48,"turns":4},{"damage":42,"enemies":"Maw","floor":49,"turns":7},{"damage":14,"enemies":"IC_BLOCK_ARCHETYPE","floor":50,"turns":9}],"seed_played":"-323608855240724532","potions_obtained":[{"floor":6,"key":"champ:CounterPotion"},{"floor":9,"key":"Energy Potion"},{"floor":12,"key":"sneckomod:MuddlingPotion"},{"floor":16,"key":"Weak Potion"},{"floor":20,"key":"SteroidPotion"},{"floor":30,"key":"CultistPotion"},{"floor":32,"key":"SkillPotion"},{"floor":33,"key":"BlessingOfTheForge"},{"floor":37,"key":"Guardian:BlockOnCardUsePotion"},{"floor":42,"key":"Swift Potion"},{"floor":45,"key":"Ancient Potion"},{"floor":47,"key":"DistilledChaos"},{"floor":48,"key":"ColorlessPotion"}],"is_trial":false,"path_per_floor":["R","M","?","M","M","M","T","$","E","$","R","M","R","?","M","B",null,"R","M","M","?","?","$","T","R","?","M","R","M","?","$","M","B",null,"R","M","M","$","?","R","T","M","E","M","M","?","M","M","M","B",null],"character_chosen":"SLIMEBOUND","items_purchased":["Slimebound:LeadByExample","expansioncontent:DashGenerateEvil","MealTicket","Slimebound:Prepare","expansioncontent:DashGenerateEvil+1"],"campfire_rested":3,"item_purchase_floors":[23,31,31,31,38],"current_hp_per_floor":[65,65,65,65,65,53,53,53,12,16,35,22,41,57,53,57,65,65,52,39,60,44,34,34,59,59,48,75,67,67,42,44,68,75,75,75,48,63,63,75,75,75,56,34,39,39,55,50,26,38],"gold":172,"neow_bonus":"THREE_ENEMY_KILL","is_daily":false,"chose_seed":false,"campfire_upgraded":4,"win_rate":0.0,"timestamp":1612559583,"path_taken":["R","M","?","?","M","M","T","$","E","?","R","M","R","?","M","BOSS","R","M","M","?","?","$","T","R","?","M","R","M","?","$","M","BOSS","R","M","M","$","?","R","T","M","E","M","M","?","?","M","M","BOSS"],"items_purchased_type":["Card","Card","Relic","Card","Card"],"build_version":"2020-12-22","purchased_purges":1,"victory":true,"max_hp_per_floor":[65,65,65,65,65,65,65,65,65,65,65,65,65,65,65,65,65,65,65,65,65,65,65,65,75,75,75,75,75,75,75,75,75,75,75,75,75,75,75,75,75,75,75,75,75,75,75,75,75,75],"card_choices":[{"not_picked":["Slimebound:ViciousTackle","Slimebound:LeechEnergy"],"picked":"Slimebound:Prepare","floor":2},{"not_picked":["Slimebound:SlimeSpikes","Slimebound:Prepare"],"picked":"Slimebound:LivingWall","floor":4},{"not_picked":["Slimebound:LeechEnergy","Slimebound:TongueLash"],"picked":"Slimebound:Repurpose","floor":5},{"not_picked":["Slimebound:LivingWall","Slimebound:Replication"],"picked":"Slimebound:SlimeBrawl","floor":6},{"not_picked":["Slimebound:HauntingLick","Slimebound:RollThrough"],"picked":"Slimebound:Teamwork","floor":8},{"not_picked":["Slimebound:Repurpose","Slimebound:ComboTackle"],"picked":"Slimebound:LeechEnergy","floor":9},{"not_picked":["Slimebound:RollThrough","Slimebound:ComboTackle"],"picked":"Slimebound:SplitMire","floor":10},{"not_picked":["Slimebound:ItLooksTasty","Slimebound:HauntingLick"],"picked":"Slimebound:LevelUp","floor":12},{"not_picked":["Slimebound:SlimeBrawl","Slimebound:Grow"],"picked":"Slimebound:MegaLick","floor":15},{"not_picked":["Slimebound:Teamwork","Slimebound:SlimeSlap"],"picked":"Slimebound:DouseInSlime","floor":16},{"not_picked":["Slimebound:RollThrough+1","Slimebound:LeechEnergy"],"picked":"Slimebound:FlameTackle+1","floor":19},{"not_picked":["Slimebound:Replication+1","Slimebound:LivingWall"],"picked":"Slimebound:RollThrough+1","floor":20},{"not_picked":["Slimebound:SplitLeeching","Slimebound:Grow"],"picked":"Slimebound:ComboTackle","floor":23},{"not_picked":["Slimebound:OneTwoCombo","Slimebound:SplitMire"],"picked":"Slimebound:SplitLeeching+1","floor":27},{"not_picked":["Slimebound:LivingWall","Slimebound:SplitBruiser"],"picked":"Slimebound:AcidTongue+1","floor":29},{"not_picked":["Slimebound:LevelUp","Slimebound:SplitBruiser"],"picked":"Slimebound:LeechingTouch","floor":31},{"not_picked":["Slimebound:SelfFormingGoo","Slimebound:SplitBruiser+1"],"picked":"Slimebound:Equalize+1","floor":32},{"not_picked":["Slimebound:DouseInSlime","Slimebound:MassFeed"],"picked":"Slimebound:WasteNot","floor":33},{"not_picked":["Slimebound:Chomp","Slimebound:SplitBruiser"],"picked":"Slimebound:SpikyOuterGoop","floor":36},{"not_picked":["Slimebound:SlimeBrawl","Slimebound:SplitLeeching+1"],"picked":"Slimebound:GoopTackle+1","floor":37},{"not_picked":["Slimebound:SlimeSpikes","Slimebound:Equalize"],"picked":"Slimebound:GoopTackle+1","floor":42},{"not_picked":["Slimebound:RollThrough","Slimebound:Grow+1"],"picked":"Slimebound:Replication+1","floor":43},{"not_picked":["Slimebound:SplitMire","Slimebound:ItLooksTasty+1"],"picked":"Slimebound:SlimeTap+1","floor":44},{"not_picked":["Slimebound:SplitLeeching","Slimebound:RollThrough+1"],"picked":"Slimebound:SlimeSpikes+1","floor":45},{"not_picked":["Slimebound:LivingWall+1","Slimebound:SplitLeeching+1"],"picked":"Slimebound:SpikyOuterGoop+1","floor":47},{"not_picked":["Slimebound:SplitMire+1","Slimebound:FlameTackle"],"picked":"Slimebound:Dissolve","floor":48},{"not_picked":["Slimebound:RallyTheTroops","Slimebound:LivingWall+1"],"picked":"Slimebound:Schlurp+1","floor":49}],"player_experience":152099,"relics_obtained":[{"floor":9,"key":"Matryoshka"},{"floor":22,"key":"Necronomicon"},{"floor":24,"key":"Potion Belt"},{"floor":24,"key":"Eternal Feather"},{"floor":34,"key":"War Paint"},{"floor":34,"key":"The Courier"},{"floor":34,"key":"Dead Branch"},{"floor":41,"key":"Singing Bowl"},{"floor":41,"key":"Whetstone"},{"floor":43,"key":"Turnip"}],"event_choices":[{"damage_healed":0,"gold_gain":0,"player_choice":"Rummage","damage_taken":0,"relics_obtained":["WarpedTongs"],"max_hp_gain":0,"max_hp_loss":0,"event_name":"Accursed Blacksmith","floor":3,"gold_loss":0,"cards_obtained":["Pain"]},{"damage_healed":16,"gold_gain":0,"player_choice":"Healed and dodged fight","damage_taken":0,"max_hp_gain":0,"max_hp_loss":0,"event_name":"Mushrooms","floor":14,"gold_loss":0,"cards_obtained":["Parasite"]},{"damage_healed":21,"gold_gain":0,"player_choice":"Heal","damage_taken":0,"max_hp_gain":0,"max_hp_loss":0,"event_name":"The Library","floor":21,"gold_loss":0}],"is_beta":false,"boss_relics":[{"not_picked":["Snecko Eye","Busted Crown"],"picked":"SlaversCollar"},{"not_picked":["Empty Cage","SacredBark"],"picked":"Calling Bell"}],"items_purged_floors":[8],"is_endless":false,"potions_floor_spawned":[6,9,12,16,20,32,33,37,42,45,47,48],"ascension_level":0}}