{"host":"q8ewzd1tf4mqkgtb","time":1612564251,"event":{"mods":["BaseMod","Colored Map","Minty Spire (QoL Compilation)","Relic Stats","StSLib"],"gold_per_floor":[118,137,147,24,42,71,71,104,157,157,192,209,225,11,11,105,155,172,172,23,43,55,86,86,100,100,110,110,141,141,168,168,244,244,255,269,149,164,218,253,264,293,293,309,335,347,359,393,393,393],"floor_reached":51,"language":"ENG","playtime":7561,"items_purged":["Defend_B","Strike_B"],"score":1927,"play_id":"0b30bf72-040b-47a0-a453-3e4fba506381","local_time":"20210205163051","daily_mods":["Diverse"],"is_ascension_mode":true,"campfire_choices":[{"floor":7,"key":"REST"},{"data":"Carnage","floor":10,"key":"SMITH"},{"data":"Dash","floor":15,"key":"SMITH"},{"data":"Hologram","floor":24,"key":"SMITH"},{"data":"Worship","floor":30,"key":"SMITH"},{"data":"Protect","floor":32,"key":"SMITH"},{"data":"Skewer","floor":49,"key":"SMITH"}],"circlet_count":0,"master_deck":["AscendersBane","Strike_B+1","Strike_B+1","Defend_B","Defend_B","Defend_B","Zap+1","Dualcast","Hologram+1","Scrawl","Protect+1","Carnage+1","Feel No Pain","Dash+1","Glacier","Meteor Strike","Meteor Strike","Phantasmal Killer","Acrobatics+1","Worship+1","Wraith Form v2","Backflip","Skewer+1"],"relics":["Snecko Eye","Bronze Scales","Kunai","Smiling Mask","Tiny House","Nloth\u0027s Gift","Orrery","Anchor","Ice Cream","Ornamental Fan","Whetstone","Sozu","CaptainsWheel","Ginger","Mercury Hourglass","Lantern","Dead Branch","Regal Pillow"],"acts_visited":["Exordium","TheCity","TheBeyond"],"potions_floor_usage":[16,25,45],"damage_taken":[{"damage":6,"enemies":"2 Louse","floor":1,"turns":2},{"damage":1,"enemies":"Cultist","floor":2,"turns":3},{"damage":7,"enemies":"Jaw Worm","floor":3,"turns":5},{"damage":2,"enemies":"Lots of Slimes","floor":5,"turns":4},{"damage":23,"enemies":"Lagavulin","floor":6,"turns":6},{"damage":19,"enemies":"Gremlin Nob","floor":8,"turns":4},{"damage":4,"enemies":"Lagavulin","floor":11,"turns":5},{"damage":7,"enemies":"2 Fungi Beasts","floor":12,"turns":2},{"damage":0,"enemies":"3 Louse","floor":13,"turns":3},{"damage":0,"enemies":"Slime Boss","floor":16,"turns":6},{"damage":0,"enemies":"Spheric Guardian","floor":18,"turns":1},{"damage":0,"enemies":"Chosen","floor":21,"turns":2},{"damage":0,"enemies":"Snake Plant","floor":22,"turns":1},{"damage":0,"enemies":"Slavers","floor":23,"turns":3},{"damage":0,"enemies":"Centurion and Healer","floor":25,"turns":3},{"damage":5,"enemies":"Shelled Parasite and Fungi","floor":27,"turns":3},{"damage":0,"enemies":"Book of Stabbing","floor":29,"turns":2},{"damage":0,"enemies":"Gremlin Leader","floor":31,"turns":5},{"damage":2,"enemies":"Automaton","floor":33,"turns":4},{"damage":0,"enemies":"Orb Walker","floor":35,"turns":2},{"damage":0,"enemies":"3 Darklings","floor":36,"turns":3},{"damage":0,"enemies":"Maw","floor":38,"turns":4},{"damage":0,"enemies":"2 Orb Walkers","floor":39,"turns":2},{"damage":0,"enemies":"Giant Head","floor":40,"turns":3},{"damage":0,"enemies":"Spire Growth","floor":41,"turns":2},{"damage":0,"enemies":"Reptomancer","floor":42,"turns":3},{"damage":0,"enemies":"Jaw Worm Horde","floor":44,"turns":3},{"damage":0,"enemies":"Giant Head","floor":45,"turns":2},{"damage":0,"enemies":"3 Darklings","floor":46,"turns":2},{"damage":0,"enemies":"Maw","floor":47,"turns":3},{"damage":0,"enemies":"Reptomancer","floor":48,"turns":3},{"damage":0,"enemies":"Donu and Deca","floor":50,"turns":7}],"seed_played":"1391703875893178518","potions_obtained":[{"floor":5,"key":"LiquidBronze"},{"floor":6,"key":"Dexterity Potion"},{"floor":12,"key":"ColorlessPotion"},{"floor":16,"key":"EssenceOfSteel"},{"floor":17,"key":"Explosive Potion"},{"floor":21,"key":"Weak Potion"},{"floor":22,"key":"DuplicationPotion"},{"floor":27,"key":"SneckoOil"}],"is_trial":true,"path_per_floor":["M","M","M","$","M","E","R","E","T","R","E","M","M","$","R","B",null,"M","?","$","M","M","E","R","M","T","M","?","E","R","E","R","B",null,"M","M","$","M","?","E","M","E","T","M","E","M","M","E","R","B",null],"character_chosen":"DEFECT","items_purchased":["Protect","Carnage","Meteor Strike","Orrery","Skewer"],"campfire_rested":1,"item_purchase_floors":[4,4,14,20,37],"current_hp_per_floor":[58,57,50,50,48,25,46,27,27,27,23,16,16,16,16,16,62,62,62,62,62,62,62,62,62,62,57,57,57,57,57,57,55,71,71,71,71,71,71,71,71,71,71,71,71,71,71,71,71,71],"gold":393,"neow_bonus":"","is_daily":false,"chose_seed":false,"campfire_upgraded":6,"win_rate":0.0,"timestamp":1612564251,"path_taken":["M","M","M","$","M","E","R","E","T","R","E","M","M","$","R","BOSS","M","?","$","?","M","E","R","M","T","M","?","E","R","E","R","BOSS","M","?","$","M","?","E","M","E","T","M","E","M","M","E","R","BOSS"],"items_purchased_type":["Card","Card","Card","Relic","Card"],"build_version":"2020-12-22","purchased_purges":2,"victory":true,"max_hp_per_floor":[71,71,71,71,71,71,71,71,71,71,71,71,71,71,71,71,76,76,76,76,76,76,76,76,76,76,76,76,76,76,76,76,76,76,76,76,76,76,76,76,76,76,76,76,76,76,76,76,76,76],"relic_stats":{"Regal Pillow":0,"counters":[32,103],"Dead Branch":[13],"Whetstone":["Strike_B","Strike_B"],"Ginger":[4],"Smiling Mask":75,"Mercury Hourglass":[69],"Sozu":5,"Ornamental Fan":[112],"Bronze Scales":[154],"Snecko Eye":[208,223,242,231],"Nloth\u0027s Gift":2,"Kunai":[44],"obtain_stats":[{"Ice Cream":26,"Lantern":43,"Regal Pillow":48,"Tiny House":17,"Dead Branch":45,"Whetstone":31,"Ginger":40,"Smiling Mask":9,"Mercury Hourglass":42,"Sozu":34,"Anchor":23,"CaptainsWheel":39,"Ornamental Fan":29,"Bronze Scales":6,"Snecko Eye":0,"Orrery":20,"Art of War":11,"Nloth\u0027s Gift":19,"Kunai":8},{"Ice Cream":15,"Lantern":26,"Regal Pillow":31,"Tiny House":10,"Dead Branch":28,"Whetstone":18,"Ginger":24,"Smiling Mask":6,"Mercury Hourglass":26,"Sozu":19,"Anchor":14,"CaptainsWheel":23,"Ornamental Fan":17,"Bronze Scales":5,"Snecko Eye":0,"Orrery":11,"Art of War":7,"Nloth\u0027s Gift":11,"Kunai":6},{"Ice Cream":50,"Lantern":83,"Regal Pillow":96,"Tiny House":40,"Dead Branch":88,"Whetstone":60,"Ginger":78,"Smiling Mask":24,"Mercury Hourglass":83,"Sozu":64,"Anchor":47,"CaptainsWheel":75,"Ornamental Fan":55,"Bronze Scales":20,"Snecko Eye":0,"Orrery":41,"Art of War":29,"Nloth\u0027s Gift":41,"Kunai":24}]},"card_choices":[{"not_picked":["Beam Cell","Shrug It Off","Loop"],"picked":"SKIP","floor":1},{"not_picked":["Go for the Eyes","Sweeping Beam","Hologram"],"picked":"SKIP","floor":2},{"not_picked":["Go for the Eyes","Sweeping Beam"],"picked":"Hologram","floor":2},{"not_picked":["Thunderclap","BowlingBash"],"picked":"Scrawl","floor":3},{"not_picked":["Metallicize","Study","Steam"],"picked":"SKIP","floor":5},{"not_picked":["Sentinel","Leap"],"picked":"Feel No Pain","floor":6},{"not_picked":["ClearTheMind","Eviscerate"],"picked":"Dash","floor":8},{"not_picked":["Thunder Strike","Slice","Blade Dance"],"picked":"SKIP","floor":11},{"not_picked":["Compile Driver","Clothesline","Sucker Punch"],"picked":"SKIP","floor":12},{"not_picked":["Wallop","Metallicize"],"picked":"Glacier","floor":13},{"not_picked":["ConjureBlade","Fiend Fire"],"picked":"Meteor Strike","floor":16},{"not_picked":["Iron Wave","Outmaneuver","Prepared+1"],"picked":"SKIP","floor":18},{"not_picked":["Armaments","PathToVictory"],"picked":"Phantasmal Killer","floor":20},{"not_picked":["Adaptation","Double Energy","Bane"],"picked":"SKIP","floor":21},{"not_picked":["BowlingBash","True Grit","Concentrate"],"picked":"SKIP","floor":22},{"not_picked":["BowlingBash","True Grit","Concentrate"],"picked":"SKIP","floor":22},{"not_picked":["SandsOfTime","Iron Wave","Rage"],"picked":"SKIP","floor":23},{"not_picked":["Meditate","BowlingBash+1","Beam Cell+1"],"picked":"SKIP","floor":25},{"not_picked":["Thunder Strike","Indignation"],"picked":"Acrobatics+1","floor":27},{"not_picked":["Alpha","ConjureBlade"],"picked":"Worship","floor":29},{"not_picked":["Auto Shields+1","SignatureMove+1","Defragment"],"picked":"SKIP","floor":31},{"not_picked":["Night Terror","Exhume"],"picked":"Wraith Form v2","floor":33},{"not_picked":["Infinite Blades+1","Prostrate","Terror"],"picked":"SKIP","floor":35},{"not_picked":["FollowUp","Feed"],"picked":"Backflip","floor":36},{"not_picked":["Poisoned Stab","Compile Driver","Perfected Strike"],"picked":"SKIP","floor":38},{"not_picked":["Poisoned Stab","Compile Driver","Perfected Strike"],"picked":"SKIP","floor":38},{"not_picked":["Darkness","Redo+1","InnerPeace"],"picked":"SKIP","floor":40},{"not_picked":["Go for the Eyes","Wild Strike","Iron Wave"],"picked":"SKIP","floor":41},{"not_picked":["Eviscerate","Heatsinks","Riddle With Holes"],"picked":"SKIP","floor":42},{"not_picked":["FearNoEvil","Exhume","Twin Strike"],"picked":"SKIP","floor":44},{"not_picked":["Metallicize","SignatureMove","Backflip"],"picked":"SKIP","floor":45},{"not_picked":["Body Slam","Perfected Strike","Rupture"],"picked":"SKIP","floor":46},{"not_picked":["Conclude","CutThroughFate","Deadly Poison"],"picked":"SKIP","floor":47},{"not_picked":["FlurryOfBlows+1","Flex","Inflame"],"picked":"SKIP","floor":48}],"player_experience":520374,"relics_obtained":[{"floor":6,"key":"Bronze Scales"},{"floor":8,"key":"Kunai"},{"floor":9,"key":"Smiling Mask"},{"floor":11,"key":"Art of War"},{"floor":23,"key":"Anchor"},{"floor":26,"key":"Ice Cream"},{"floor":29,"key":"Ornamental Fan"},{"floor":31,"key":"Whetstone"},{"floor":39,"key":"CaptainsWheel"},{"floor":40,"key":"Ginger"},{"floor":42,"key":"Mercury Hourglass"},{"floor":43,"key":"Lantern"},{"floor":45,"key":"Dead Branch"},{"floor":48,"key":"Regal Pillow"}],"event_choices":[{"damage_healed":0,"gold_gain":0,"player_choice":"Traded Relic","damage_taken":0,"relics_obtained":["Nloth\u0027s Gift"],"max_hp_gain":0,"max_hp_loss":0,"event_name":"N\u0027loth","floor":19,"relics_lost":["Art of War"],"gold_loss":0},{"cards_removed":["Strike_B"],"damage_healed":0,"gold_gain":0,"player_choice":"Purged","damage_taken":0,"max_hp_gain":0,"max_hp_loss":0,"event_name":"Purifier","floor":28,"gold_loss":0},{"damage_healed":0,"gold_gain":0,"player_choice":"Fight","damage_taken":0,"max_hp_gain":0,"max_hp_loss":0,"event_name":"Mysterious Sphere","floor":39,"gold_loss":0}],"is_beta":false,"boss_relics":[{"not_picked":["Velvet Choker","Runic Pyramid"],"picked":"Tiny House"},{"not_picked":["Black Star","Fusion Hammer"],"picked":"Sozu"}],"items_purged_floors":[14,37],"is_endless":false,"potions_floor_spawned":[5,6,12,13,16,21,22,23,27,31,33,35,36,42,44,48],"ascension_level":15}}