{"host":"ak97kadm4gobvh6l","time":1612567169,"event":{"mods":["BaseMod","Colored Map","Downfall","Minty Spire (QoL Compilation)","StSLib"],"gold_per_floor":[99,117,117,132,132,158,183,93,107,7,34,34,69,81,96,196,196,96,115,129,129,23,58,107,121,149,167,167,167,167,192,211,315,315,215,229,239,239,258,290,358,393,393,419,437,453,453,86,99,99,99,131,59,59,59,59],"floor_reached":57,"language":"ENG","playtime":7081,"items_purged":["sneckomod:Strike","sneckomod:Strike"],"score":2002,"play_id":"d74ee04c-8821-4afd-bc45-ed5a3c797fef","local_time":"20210206001929","is_ascension_mode":true,"campfire_choices":[{"data":"sneckomod:SnekBite","floor":1.0,"key":"SMITH"},{"floor":10.0,"key":"REST"},{"floor":12.0,"key":"RECALL"},{"data":"sneckomod:SerpentMind","floor":18.0,"key":"SMITH"},{"floor":28.0,"key":"REST"},{"floor":30.0,"key":"REST"},{"data":"Apotheosis","floor":35.0,"key":"SMITH"},{"floor":43.0,"key":"REST"},{"data":"sneckomod:Transmogrify","floor":47.0,"key":"SMITH"},{"data":"sneckomod:UnlimitedRolls","floor":54.0,"key":"SMITH"}],"circlet_count":0,"master_deck":["sneckomod:Defend","sneckomod:Defend","sneckomod:Defend","sneckomod:TailWhip","sneckomod:SnekBite+1","sneckomod:Unknown","sneckomod:Unknown","sneckomod:UnknownDraw","sneckomod:SnekBite+1","sneckomod:UnknownUncommonSkill","sneckomod:UnknownDexterity","sneckomod:UnendingSupply","sneckomod:Unknown3Cost","sneckomod:UnlimitedRolls+1","sneckomod:SnakeSap","sneckomod:WideSting","sneckomod:SerpentMind+1","sneckomod:UnknownUncommonSkill+1","sneckomod:MasterEye","Necronomicurse","sneckomod:MorePower","Apotheosis+1","sneckomod:SerpentMind+1","sneckomod:UnknownUncommonAttack+1","sneckomod:TrashToTreasure","sneckomod:UnknownDraw+1","sneckomod:UnknownBlock+1","sneckomod:UnknownStrength+1","sneckomod:UnknownBlock+1","sneckomod:Unknown3Cost+1","sneckomod:MorePower","sneckomod:UnknownCommonSkill+1","sneckomod:UnknownX+1","sneckomod:UnknownUncommonAttack+1","sneckomod:UnknownUncommonPower+1","sneckomod:UnknownVulnerable+1","sneckomod:UnknownUncommonAttack+1","sneckomod:Unknown2Cost+1","sneckomod:UnknownRarePower+1","sneckomod:MasterEye","sneckomod:UnknownWeak+1","sneckomod:UnknownX+1","sneckomod:Transmogrify+1","sneckomod:UnknownBoss+1","sneckomod:UnknownVulnerable+1","sneckomod:Unknown2Cost+1","sneckomod:UnknownExhaust+1","sneckomod:QuickMove+1","sneckomod:UnknownBoss+1","sneckomod:Unknown3Cost+1","sneckomod:UnknownUncommonAttack+1","sneckomod:UnknownBoss+1","sneckomod:UnknownRareAttack","sneckomod:SoulCleanse","sneckomod:UnknownRareAttack+1","sneckomod:PureSnecko+1","sneckomod:Unknown2Cost+1","sneckomod:UnknownExhaust+1","sneckomod:CheapStock"],"relics":["SlaversCollar","downfall:ShatteredFragment","downfall:HeartBlessingBlue","Kunai","expansioncontent:StudyCardRelic","downfall:HeartBlessingRed","Necronomicon","DollysMirror","Akabeko","Sozu","downfall:HeartBlessingGreen","sneckomod:CleanMud","hexamod:CandleOfCauterizing","Shuriken","Oddly Smooth Stone","Mummified Hand","Ornamental Fan","Incense Burner","Guardian:PocketSentry","Nunchaku"],"acts_visited":["Exordium","TheCity","TheBeyond","TheEnding"],"potions_floor_usage":[55],"damage_taken":[{"damage":7.0,"enemies":"Jaw Worm","floor":2.0,"turns":3.0},{"damage":1.0,"enemies":"Cultist","floor":4.0,"turns":3.0},{"damage":23.0,"enemies":"3 Sentries","floor":6.0,"turns":5.0},{"damage":0.0,"enemies":"downfall:FleeingMerchant","floor":8.0,"turns":4.0},{"damage":7.0,"enemies":"Small Slimes","floor":9.0,"turns":2.0},{"damage":10.0,"enemies":"Gremlin Nob","floor":11.0,"turns":4.0},{"damage":4.0,"enemies":"3 Sentries","floor":13.0,"turns":5.0},{"damage":1.0,"enemies":"Blue Slaver","floor":14.0,"turns":3.0},{"damage":0.0,"enemies":"3 Louse","floor":15.0,"turns":3.0},{"damage":37.0,"enemies":"SI_SHIV_ARCHETYPE","floor":16.0,"turns":8.0},{"damage":10.0,"enemies":"Shell Parasite","floor":19.0,"turns":5.0},{"damage":0.0,"enemies":"3 Byrds","floor":20.0,"turns":5.0},{"damage":0.0,"enemies":"downfall:FleeingMerchant","floor":22.0,"turns":4.0},{"damage":7.0,"enemies":"Slavers","floor":23.0,"turns":4.0},{"damage":10.0,"enemies":"Centurion and Healer","floor":25.0,"turns":3.0},{"damage":17.0,"enemies":"Book of Stabbing","floor":26.0,"turns":4.0},{"damage":2.0,"enemies":"Cultist and Chosen","floor":27.0,"turns":3.0},{"damage":22.0,"enemies":"Slavers","floor":31.0,"turns":3.0},{"damage":7.0,"enemies":"Snecko","floor":32.0,"turns":4.0},{"damage":0.0,"enemies":"WA_ARCHETYPE_CALM","floor":33.0,"turns":4.0},{"damage":5.0,"enemies":"3 Darklings","floor":36.0,"turns":3.0},{"damage":12.0,"enemies":"3 Shapes","floor":37.0,"turns":5.0},{"damage":5.0,"enemies":"Transient","floor":39.0,"turns":5.0},{"damage":0.0,"enemies":"Giant Head","floor":40.0,"turns":5.0},{"damage":40.0,"enemies":"Nemesis","floor":42.0,"turns":5.0},{"damage":20.0,"enemies":"Giant Head","floor":44.0,"turns":4.0},{"damage":0.0,"enemies":"4 Shapes","floor":45.0,"turns":4.0},{"damage":6.0,"enemies":"Jaw Worm Horde","floor":46.0,"turns":4.0},{"damage":6.0,"enemies":"Spire Growth","floor":49.0,"turns":3.0},{"damage":31.0,"enemies":"DF_ARCHETYPE_ORBS","floor":50.0,"turns":4.0},{"damage":29.0,"enemies":"downfall:CharBossMerchant","floor":52.0,"turns":6.0},{"damage":3,"enemies":"downfall:NeowBoss","floor":55,"turns":7},{"damage":64,"enemies":"downfall:NeowBossFinal","floor":56,"turns":6}],"seed_played":"-935171146796676564","potions_obtained":[{"floor":9.0,"key":"AttackPotion"},{"floor":11.0,"key":"Fruit Juice"},{"floor":16.0,"key":"Guardian:BlockOnCardUsePotion"},{"floor":19.0,"key":"ColorlessPotion"},{"floor":23.0,"key":"Swift Potion"},{"floor":25.0,"key":"PowerPotion"},{"floor":27.0,"key":"SkillPotion"}],"is_trial":false,"path_per_floor":["R","M","?","M","?","E","T","$","M","R","E","R","E","M","M","B",null,"R","M","M","?","$","E","T","M","E","M","R","?","R","E","M","B",null,"R","M","M","?","M","E","T","E","R","E","M","M","R","$","M","B",null,"E","$","R","B","B",null],"character_chosen":"THE_SNECKO","items_purchased":["Apotheosis","DollysMirror","Incense Burner","sneckomod:SoulCleanse","sneckomod:CheapStock"],"campfire_rested":4,"item_purchase_floors":[22,22,48,48,53],"current_hp_per_floor":[81,74,74,73,52,29,29,29,22,62,52,52,48,47,52,25,85,85,75,75,59,59,52,52,42,25,23,54,54,85,63,56,56,93,93,88,76,76,75,79,79,54,87,92,92,92,92,92,86,55,99,85,85,85,88,24],"gold":59,"neow_bonus":"BOSS_RELIC","is_daily":false,"chose_seed":false,"campfire_upgraded":5,"win_rate":0.0,"timestamp":1612567169,"path_taken":["R","M","?","?","?","E","T","$","M","R","E","R","E","M","M","BOSS","R","M","M","?","$","E","T","M","E","M","R","?","R","E","M","BOSS","R","M","M","?","M","E","T","E","R","E","M","M","R","$","M","BOSS","E","$","R","BOSS","BOSS"],"items_purchased_type":["Card","Relic","Relic","Card","Card"],"build_version":"2020-12-22","purchased_purges":2,"victory":true,"max_hp_per_floor":[90,90,90,90,90,90,90,90,90,100,100,100,100,100,105,105,105,105,105,105,105,105,105,105,105,105,105,105,105,105,105,105,105,105,105,105,105,105,109,113,113,113,113,113,113,113,113,113,113,113,113,113,113,113,113,113],"card_choices":[{"not_picked":["sneckomod:TrashToTreasure","sneckomod:Unknown1Cost"],"picked":"sneckomod:UnknownDraw","floor":2.0},{"not_picked":["sneckomod:Unknown1Cost","sneckomod:SoulRoll"],"picked":"sneckomod:UnknownUncommonSkill","floor":4.0},{"not_picked":["sneckomod:SoulRoll","sneckomod:UnknownDraw"],"picked":"sneckomod:UnknownDexterity","floor":6.0},{"not_picked":["sneckomod:RainOfDice","sneckomod:DiceBoulder"],"picked":"sneckomod:UnendingSupply","floor":8.0},{"not_picked":["sneckomod:UnknownDexterity","sneckomod:ImprovisedAttack"],"picked":"sneckomod:Unknown3Cost","floor":9.0},{"not_picked":["sneckomod:RainOfDice","sneckomod:Unknown1Cost","sneckomod:DiceCrush"],"picked":"SKIP","floor":11.0},{"not_picked":["sneckomod:IronFang","sneckomod:Unknown0Cost"],"picked":"sneckomod:UnlimitedRolls","floor":13.0},{"not_picked":["sneckomod:QuickBite","sneckomod:DiceBoulder"],"picked":"sneckomod:SnakeSap","floor":14.0},{"not_picked":["sneckomod:QuickMove","sneckomod:SnakeSap"],"picked":"sneckomod:WideSting","floor":15.0},{"not_picked":["sneckomod:Transmogrify","sneckomod:Unknown3Cost"],"picked":"sneckomod:SerpentMind","floor":16.0},{"not_picked":["sneckomod:UnknownExhaust","sneckomod:Nope"],"picked":"sneckomod:UnknownUncommonSkill+1","floor":19.0},{"not_picked":["sneckomod:Rotation","sneckomod:Nope+1"],"picked":"sneckomod:MasterEye","floor":20.0},{"not_picked":["sneckomod:UnknownX","sneckomod:UnknownClassGREEN+1"],"picked":"sneckomod:MorePower","floor":22.0},{"not_picked":["sneckomod:UnknownUncommonPower+1","sneckomod:UnknownDraw+1"],"picked":"sneckomod:UnknownUncommonAttack+1","floor":23.0},{"not_picked":["sneckomod:Memorize","sneckomod:UnknownCommonAttack"],"picked":"sneckomod:TrashToTreasure","floor":23.0},{"not_picked":["sneckomod:UnknownDraw","sneckomod:SerpentIdol","sneckomod:SoulRoll+1"],"picked":"SKIP","floor":25.0},{"not_picked":["sneckomod:UnknownDexterity+1","sneckomod:UnknownCommonAttack+1"],"picked":"sneckomod:UnknownDraw+1","floor":26.0},{"not_picked":["sneckomod:UnknownDraw","sneckomod:UnknownCommonAttack","sneckomod:UnknownDexterity"],"picked":"SKIP","floor":26.0},{"not_picked":["sneckomod:UnknownRareAttack+1","sneckomod:UnknownCommonSkill+1"],"picked":"sneckomod:UnknownBlock+1","floor":27.0},{"not_picked":["sneckomod:DiceCrush+1","sneckomod:UnknownStrength","sneckomod:Unknown0Cost"],"picked":"SKIP","floor":27.0},{"not_picked":["sneckomod:UnknownVulnerable+1","sneckomod:UnknownX+1"],"picked":"sneckomod:UnknownStrength+1","floor":31.0},{"not_picked":["sneckomod:QuickBite","sneckomod:GlitteringGambit","sneckomod:UnknownWeak"],"picked":"SKIP","floor":31.0},{"not_picked":["sneckomod:UnknownClassBLUE+1","sneckomod:UnknownStrike+1"],"picked":"sneckomod:UnknownBlock+1","floor":32.0},{"not_picked":["sneckomod:SoulDraw","sneckomod:UnknownCommonSkill","sneckomod:UnknownDraw"],"picked":"SKIP","floor":32.0},{"not_picked":["sneckomod:Unknown0Cost+1","sneckomod:UnknownVulnerable+1"],"picked":"sneckomod:Unknown3Cost+1","floor":33.0},{"not_picked":["sneckomod:DangerNoodle","sneckomod:Cheat"],"picked":"sneckomod:MorePower","floor":33.0},{"not_picked":["sneckomod:UnknownBlock+1","sneckomod:UnknownDraw+1"],"picked":"sneckomod:UnknownCommonSkill+1","floor":36.0},{"not_picked":["sneckomod:UnknownWeak+1","sneckomod:UnknownUncommonPower+1"],"picked":"sneckomod:UnknownX+1","floor":36.0},{"not_picked":["sneckomod:UnknownWeak+1","sneckomod:UnknownVulnerable+1"],"picked":"sneckomod:UnknownUncommonAttack+1","floor":36.0},{"not_picked":["sneckomod:UnknownCommonSkill+1","sneckomod:UnknownBlock+1"],"picked":"sneckomod:UnknownUncommonPower+1","floor":37.0},{"not_picked":["sneckomod:UnknownClassBLUE+1","sneckomod:UnknownDexterity+1"],"picked":"sneckomod:UnknownVulnerable+1","floor":37.0},{"not_picked":["sneckomod:Unknown0Cost+1","sneckomod:UnknownCommonSkill+1"],"picked":"sneckomod:UnknownUncommonAttack+1","floor":37.0},{"not_picked":["sneckomod:UnknownDexterity+1","sneckomod:UnknownRareSkill+1"],"picked":"sneckomod:Unknown2Cost+1","floor":39.0},{"not_picked":["sneckomod:UnknownCommonSkill+1","sneckomod:Unknown2Cost+1"],"picked":"sneckomod:UnknownRarePower+1","floor":39.0},{"not_picked":["sneckomod:UnknownDraw+1","sneckomod:Nope"],"picked":"sneckomod:MasterEye","floor":39.0},{"not_picked":["sneckomod:UnknownClassBLUE+1","sneckomod:UnknownDexterity+1"],"picked":"sneckomod:UnknownWeak+1","floor":40.0},{"not_picked":["sneckomod:UnknownStrike+1","sneckomod:UnknownUncommonAttack+1"],"picked":"sneckomod:UnknownX+1","floor":40.0},{"not_picked":["sneckomod:UnendingSupply","sneckomod:UnknownUncommonAttack"],"picked":"sneckomod:Transmogrify","floor":40.0},{"not_picked":["sneckomod:Unknown1Cost+1","sneckomod:UnknownBlock+1"],"picked":"sneckomod:UnknownBoss+1","floor":42.0},{"not_picked":["sneckomod:UnknownClassBLUE+1","sneckomod:UnknownStrike+1"],"picked":"sneckomod:UnknownVulnerable+1","floor":42.0},{"not_picked":["sneckomod:SoulDraw+1","sneckomod:QuickBite+1","sneckomod:Nope+1"],"picked":"SKIP","floor":42.0},{"not_picked":["sneckomod:Unknown0Cost+1","sneckomod:UnknownVulnerable+1"],"picked":"sneckomod:Unknown2Cost+1","floor":44.0},{"not_picked":["sneckomod:UnknownDexterity+1","sneckomod:UnknownVulnerable+1"],"picked":"sneckomod:UnknownExhaust+1","floor":44.0},{"not_picked":["sneckomod:MorePower","sneckomod:UnknownUncommonAttack"],"picked":"sneckomod:QuickMove+1","floor":44.0},{"not_picked":["sneckomod:UnknownCommonAttack+1","sneckomod:UnknownWeak+1"],"picked":"sneckomod:UnknownBoss+1","floor":45.0},{"not_picked":["sneckomod:UnknownStrength+1","sneckomod:Unknown1Cost+1"],"picked":"sneckomod:Unknown3Cost+1","floor":45.0},{"not_picked":["sneckomod:UnknownCommonAttack+1","sneckomod:UnendingSupply"],"picked":"sneckomod:UnknownUncommonAttack+1","floor":45.0},{"not_picked":["sneckomod:UnknownUncommonAttack+1","sneckomod:UnknownClassSLIMEBOUND+1"],"picked":"sneckomod:UnknownBoss+1","floor":46.0},{"not_picked":["sneckomod:UnknownX+1","sneckomod:QuickBite+1"],"picked":"sneckomod:UnknownRareAttack","floor":46.0},{"not_picked":["sneckomod:UnknownCommonAttack+1","sneckomod:UnknownRarePower+1"],"picked":"sneckomod:UnknownRareAttack+1","floor":49.0},{"not_picked":["sneckomod:UnknownClassBLUE+1","sneckomod:SerpentIdol+1"],"picked":"sneckomod:PureSnecko+1","floor":49.0},{"not_picked":["sneckomod:UnknownBlock+1","sneckomod:UnknownWeak+1"],"picked":"sneckomod:Unknown2Cost+1","floor":52.0},{"not_picked":["sneckomod:UnknownCommonSkill+1","sneckomod:UnknownColorless+1"],"picked":"sneckomod:UnknownExhaust+1","floor":52.0},{"not_picked":["sneckomod:ImprovisedAttack+1","sneckomod:SoulDraw","sneckomod:UnknownCommonSkill+1"],"picked":"SKIP","floor":52.0}],"player_experience":1079414,"relics_obtained":[{"floor":6.0,"key":"Guardian:PocketSentry"},{"floor":11.0,"key":"Oddly Smooth Stone"},{"floor":13.0,"key":"Kunai"},{"floor":21.0,"key":"Necronomicon"},{"floor":23.0,"key":"Shuriken"},{"floor":26.0,"key":"Akabeko"},{"floor":31.0,"key":"Ornamental Fan"},{"floor":40.0,"key":"sneckomod:CleanMud"},{"floor":41.0,"key":"hexamod:CandleOfCauterizing"},{"floor":42.0,"key":"Shuriken"},{"floor":42.0,"key":"InkBottle"},{"floor":44.0,"key":"Oddly Smooth Stone"},{"floor":44.0,"key":"Mummified Hand"},{"floor":45.0,"key":"InkBottle"},{"floor":46.0,"key":"Ornamental Fan"},{"floor":52.0,"key":"Guardian:PocketSentry"},{"floor":52.0,"key":"Nunchaku"}],"event_choices":[],"is_beta":false,"boss_relics":[{"not_picked":["Runic Dome","SacredBark"],"picked":"expansioncontent:StudyCardRelic"},{"not_picked":["Runic Pyramid","Pandora\u0027s Box"],"picked":"Sozu"}],"items_purged_floors":[8,22],"is_endless":false,"potions_floor_spawned":[9,11,16,19,23,25,27,40,44,49,52],"ascension_level":9}}