{"host":"bpnwh7vpv9k3tssc","time":1612514006,"event":{"mods":["BaseMod","Colored Map","Colored Powertips","Curses Come First","Highlight Path","Minty Spire (QoL Compilation)","Quick Restart","Random Character Button","Relic Sorter","StSLib"],"gold_per_floor":[111,91,104,29,39,39,72,72,72,106,124,153,303,204,204,279,279,268,293,183,197,2,18,18,48,48,48,75,75,75,75],"floor_reached":30,"language":"ENG","playtime":1124,"items_purged":["Defend_R","Doubt","Strike_R"],"score":497,"play_id":"c8a328b0-6fa3-480b-a714-ec4f981af6e8","local_time":"20210205093326","is_ascension_mode":true,"campfire_choices":[{"data":"Perfected Strike","floor":6,"key":"SMITH"},{"data":"Flame Barrier","floor":8,"key":"SMITH"},{"floor":15,"key":"REST"},{"floor":24,"key":"REST"},{"floor":27,"key":"REST"},{"floor":29,"key":"REST"}],"circlet_count":0,"master_deck":["AscendersBane","Strike_R","Strike_R","Strike_R","Defend_R","Defend_R","Defend_R+1","Bash","Flame Barrier+1","Perfected Strike+1","Flame Barrier+1","Exhume+1","Infernal Blade+1","Entrench+1","Armaments+1","Reaper","Warcry+1","Disarm+1","Flex+1","Power Through+1","Entrench+1","Shrug It Off+1"],"relics":["Burning Blood","NeowsBlessing","Toxic Egg 2","Smiling Mask","Self Forming Clay","Art of War","Mark of Pain","Red Mask","Oddly Smooth Stone","Omamori","Singing Bowl","White Beast Statue"],"acts_visited":["Exordium","TheCity"],"potions_floor_usage":[7,16,16,28],"damage_taken":[{"damage":0,"enemies":"Small Slimes","floor":1,"turns":1},{"damage":0,"enemies":"Cultist","floor":3,"turns":1},{"damage":0,"enemies":"2 Louse","floor":5,"turns":1},{"damage":28,"enemies":"Lagavulin","floor":7,"turns":4},{"damage":29,"enemies":"3 Sentries","floor":10,"turns":13},{"damage":0,"enemies":"2 Fungi Beasts","floor":11,"turns":3},{"damage":19,"enemies":"Gremlin Nob","floor":12,"turns":4},{"damage":41,"enemies":"The Guardian","floor":16,"turns":14},{"damage":17,"enemies":"2 Thieves","floor":18,"turns":4},{"damage":40,"enemies":"Masked Bandits","floor":19,"turns":6},{"damage":0,"enemies":"3 Byrds","floor":21,"turns":1},{"damage":21,"enemies":"3 Cultists","floor":23,"turns":5},{"damage":48,"enemies":"Book of Stabbing","floor":25,"turns":8},{"damage":49,"enemies":"Slavers","floor":28,"turns":8},{"damage":46,"enemies":"Snecko","floor":30,"turns":8}],"seed_played":"4304343595322292483","potions_obtained":[{"floor":1,"key":"FearPotion"},{"floor":2,"key":"Regen Potion"},{"floor":10,"key":"SkillPotion"},{"floor":18,"key":"BloodPotion"},{"floor":25,"key":"ColorlessPotion"}],"is_trial":false,"path_per_floor":["M","?","M","$","M","R","E","R","T","E","M","E","?","$","R","B",null,"M","?","?","M","$","M","R","E","T","R","E","R","M"],"character_chosen":"IRONCLAD","items_purchased":["Armaments+1","Oddly Smooth Stone"],"campfire_rested":4,"item_purchase_floors":[14,22],"current_hp_per_floor":[74,74,75,75,75,75,53,53,53,30,36,23,23,23,45,25,63,59,33,33,39,39,28,50,12,12,34,15,37,0,0],"gold":75,"neow_bonus":"THREE_ENEMY_KILL","is_daily":false,"chose_seed":false,"campfire_upgraded":2,"win_rate":0.0,"timestamp":1612514006,"path_taken":["M","?","M","?","M","R","E","R","T","E","M","E","?","$","R","BOSS","M","?","?","M","$","M","R","E","T","R","E","R","?"],"items_purchased_type":["Card","Relic"],"build_version":"2020-12-22","purchased_purges":3,"victory":false,"max_hp_per_floor":[75,75,75,75,75,75,75,75,75,75,75,75,75,75,75,75,75,75,75,75,75,75,75,75,75,75,75,75,75,75,75],"card_choices":[{"not_picked":["Havoc","Headbutt"],"picked":"Flame Barrier","floor":1},{"not_picked":["Havoc","Pommel Strike"],"picked":"Perfected Strike","floor":3},{"not_picked":["Searing Blow","Bloodletting","Rampage"],"picked":"SKIP","floor":5},{"not_picked":["Uppercut","Clothesline"],"picked":"Flame Barrier+1","floor":7},{"not_picked":["Whirlwind","Perfected Strike"],"picked":"Exhume+1","floor":10},{"not_picked":["True Grit+1","Heavy Blade"],"picked":"Infernal Blade+1","floor":11},{"not_picked":["Power Through+1","Berserk"],"picked":"Entrench+1","floor":12},{"not_picked":["Offering+1","Feed"],"picked":"Reaper","floor":16},{"not_picked":["Perfected Strike","Sword Boomerang"],"picked":"Warcry+1","floor":18},{"not_picked":["Cleave","Second Wind+1"],"picked":"Disarm+1","floor":19},{"not_picked":["Twin Strike+1","Perfected Strike"],"picked":"Flex+1","floor":21},{"not_picked":["Clothesline","Rage+1"],"picked":"Power Through+1","floor":23},{"not_picked":["Dual Wield+1","Wild Strike"],"picked":"Entrench+1","floor":25},{"not_picked":["Cleave","Bloodletting+1"],"picked":"Shrug It Off+1","floor":28}],"player_experience":352851,"relics_obtained":[{"floor":7,"key":"Toxic Egg 2"},{"floor":9,"key":"Smiling Mask"},{"floor":10,"key":"Self Forming Clay"},{"floor":12,"key":"Art of War"},{"floor":19,"key":"Red Mask"},{"floor":25,"key":"Omamori"},{"floor":26,"key":"Singing Bowl"},{"floor":28,"key":"White Beast Statue"}],"event_choices":[{"damage_healed":0,"gold_gain":0,"player_choice":"Bought 1 Potion","damage_taken":0,"max_hp_gain":0,"max_hp_loss":0,"event_name":"The Woman in Blue","floor":2,"gold_loss":0},{"damage_healed":0,"gold_gain":150,"player_choice":"AGREE","damage_taken":0,"max_hp_gain":0,"max_hp_loss":0,"event_name":"Liars Game","floor":13,"gold_loss":0,"cards_obtained":["Doubt"]},{"damage_healed":0,"gold_gain":0,"player_choice":"Fought Bandits","damage_taken":0,"max_hp_gain":0,"max_hp_loss":0,"event_name":"Masked Bandits","floor":19,"gold_loss":0},{"cards_removed":["Strike_R"],"damage_healed":0,"gold_gain":0,"player_choice":"Upgrade and Remove","damage_taken":0,"max_hp_gain":0,"max_hp_loss":0,"event_name":"Designer","floor":20,"gold_loss":110,"cards_upgraded":["Defend_R"]}],"is_beta":false,"boss_relics":[{"not_picked":["SacredBark","Tiny House"],"picked":"Mark of Pain"}],"items_purged_floors":[4,14,22],"is_endless":false,"potions_floor_spawned":[1,10,18,25],"killed_by":"Snecko","ascension_level":15}}