{"host":"Baz","time":1612495996,"event":{"mods":["BaseMod","Colored Map","Filter the Spire","Googly Eyes","Highlight Path","Minty Spire (QoL Compilation)","Quick Restart","Rare Cards Sparkle","Relic Stats","StSLib"],"gold_per_floor":[111,111,122,122,145,145,159,193,193,193,232,250,250,265,265,363,363,379,379,400,418,438,474,122,122,122,122,122,137,180,195,195,195,195],"floor_reached":33,"language":"ENG","playtime":1592,"items_purged":["Defend_G"],"score":723,"play_id":"3b8ebca3-11df-46db-b057-46afea54c10a","local_time":"20210204213316","is_ascension_mode":true,"campfire_choices":[{"data":"Catalyst","floor":6,"key":"SMITH"},{"data":"Terror","floor":10,"key":"SMITH"},{"floor":13,"key":"REST"},{"data":"Poisoned Stab","floor":15,"key":"SMITH"},{"data":"Catalyst","floor":25,"key":"SMITH"},{"data":"Phantasmal Killer","floor":27,"key":"SMITH"},{"data":"Malaise","floor":32,"key":"SMITH"}],"circlet_count":0,"master_deck":["AscendersBane","Defend_G","Defend_G","Defend_G","Survivor","Neutralize","Catalyst+1","Poisoned Stab+1","Terror+1","Masterful Stab+1","Underhanded Strike+1","Dagger Throw+1","Malaise+1","Bane+1","Bite+1","Bite+1","Bite+1","Bite+1","Bite+1","Phantasmal Killer+1","Quick Slash+1","Backstab+1","Catalyst+1","Adrenaline","Sucker Punch+1","Finisher+1"],"relics":["Ring of the Snake","Pen Nib","Golden Idol","Molten Egg 2","Bottled Lightning","Ancient Tea Set","Coffee Dripper","Mercury Hourglass","Vajra","Akabeko","Bottled Flame"],"acts_visited":["Exordium","TheCity"],"potions_floor_usage":[8,11,14,16,23,30,33],"damage_taken":[{"damage":1,"enemies":"2 Louse","floor":1,"turns":4},{"damage":2,"enemies":"Small Slimes","floor":3,"turns":4},{"damage":4,"enemies":"Jaw Worm","floor":5,"turns":3},{"damage":5,"enemies":"2 Fungi Beasts","floor":7,"turns":4},{"damage":8,"enemies":"Gremlin Nob","floor":8,"turns":3},{"damage":23,"enemies":"Lagavulin","floor":11,"turns":10},{"damage":0,"enemies":"Red Slaver","floor":12,"turns":1},{"damage":5,"enemies":"Gremlin Gang","floor":14,"turns":4},{"damage":0,"enemies":"Slime Boss","floor":16,"turns":4},{"damage":13,"enemies":"Shell Parasite","floor":18,"turns":3},{"damage":0,"enemies":"Chosen","floor":20,"turns":2},{"damage":0,"enemies":"3 Cultists","floor":21,"turns":2},{"damage":18,"enemies":"Snake Plant","floor":22,"turns":5},{"damage":3,"enemies":"Gremlin Leader","floor":23,"turns":4},{"damage":3,"enemies":"Centurion and Healer","floor":29,"turns":5},{"damage":11,"enemies":"Slavers","floor":30,"turns":4},{"damage":0,"enemies":"Snecko","floor":31,"turns":1},{"damage":67,"enemies":"Champ","floor":33,"turns":7}],"seed_played":"2490615383277740492","potions_obtained":[{"floor":1,"key":"AttackPotion"},{"floor":3,"key":"LiquidMemories"},{"floor":7,"key":"Dexterity Potion"},{"floor":12,"key":"SkillPotion"},{"floor":14,"key":"SteroidPotion"},{"floor":16,"key":"SkillPotion"},{"floor":20,"key":"DuplicationPotion"}],"is_trial":false,"path_per_floor":["M","?","M","?","M","R","M","E","T","R","E","M","R","M","R","B",null,"M","?","M","M","M","E","$","R","T","R","?","M","E","M","R","B"],"character_chosen":"THE_SILENT","items_purchased":["Vajra","CultistPotion"],"campfire_rested":1,"item_purchase_floors":[24,24],"current_hp_per_floor":[58,47,45,45,41,41,36,28,28,28,5,5,23,18,18,18,50,37,37,42,42,30,42,42,42,42,42,42,42,40,42,42,0,0],"gold":195,"neow_bonus":"RANDOM_COMMON_RELIC","is_daily":false,"chose_seed":false,"campfire_upgraded":6,"win_rate":0.0,"timestamp":1612495996,"path_taken":["M","?","M","?","M","R","M","E","T","R","E","M","R","M","R","BOSS","M","?","M","M","M","E","$","R","T","R","?","?","E","?","R","BOSS"],"items_purchased_type":["Relic","Potion"],"build_version":"2020-12-18","purchased_purges":1,"victory":false,"max_hp_per_floor":[66,66,66,60,60,60,60,60,60,60,60,60,60,60,60,60,60,60,42,42,42,42,42,42,42,42,42,42,42,42,42,42,42,42],"relic_stats":{"counters":[18,70],"Golden Idol":87,"Pen Nib":[15],"obtain_stats":[{"Bottled Flame":30,"Golden Idol":4,"Vajra":24,"Molten Egg 2":8,"Pen Nib":0,"Coffee Dripper":17,"Bottled Lightning":9,"Ancient Tea Set":11,"Akabeko":26,"Ring of the Snake":0,"Mercury Hourglass":23},{"Bottled Flame":16,"Golden Idol":2,"Vajra":14,"Molten Egg 2":5,"Pen Nib":0,"Coffee Dripper":9,"Bottled Lightning":5,"Ancient Tea Set":6,"Akabeko":14,"Ring of the Snake":0,"Mercury Hourglass":14},{"Bottled Flame":62,"Golden Idol":8,"Vajra":53,"Molten Egg 2":18,"Pen Nib":0,"Coffee Dripper":37,"Bottled Lightning":18,"Ancient Tea Set":28,"Akabeko":53,"Ring of the Snake":0,"Mercury Hourglass":53}],"Ring of the Snake":[36],"Mercury Hourglass":[63]},"card_choices":[{"not_picked":["Calculated Gamble","Underhanded Strike"],"picked":"Catalyst","floor":1},{"not_picked":["Blur","Prepared"],"picked":"Poisoned Stab","floor":3},{"not_picked":["Flechettes","Escape Plan"],"picked":"Terror","floor":5},{"not_picked":["Flechettes","Grand Finale","Setup"],"picked":"SKIP","floor":7},{"not_picked":["Setup","Heel Hook+1","Cloak And Dagger"],"picked":"SKIP","floor":8},{"not_picked":["Cloak And Dagger","Grand Finale+1"],"picked":"Masterful Stab+1","floor":11},{"not_picked":["Calculated Gamble","Eviscerate+1"],"picked":"Underhanded Strike+1","floor":12},{"not_picked":["Terror","Deflect"],"picked":"Dagger Throw+1","floor":14},{"not_picked":["A Thousand Cuts","Grand Finale+1"],"picked":"Malaise","floor":16},{"not_picked":["Outmaneuver","Slice+1"],"picked":"Bane+1","floor":18},{"not_picked":["Sucker Punch+1","Well Laid Plans+1"],"picked":"Phantasmal Killer","floor":20},{"not_picked":["Dagger Throw+1","Deflect"],"picked":"Quick Slash+1","floor":21},{"not_picked":["Slice+1","Prepared"],"picked":"Backstab+1","floor":22},{"not_picked":["Backflip","Deadly Poison"],"picked":"Catalyst","floor":23},{"not_picked":["All Out Attack+1","Dodge and Roll","Outmaneuver"],"picked":"SKIP","floor":29},{"not_picked":["Outmaneuver","Acrobatics+1"],"picked":"Sucker Punch+1","floor":30},{"not_picked":["Tactician","Blade Dance"],"picked":"Finisher+1","floor":31}],"player_experience":1307654,"relics_obtained":[{"floor":8,"key":"Molten Egg 2"},{"floor":9,"key":"Bottled Lightning"},{"floor":11,"key":"Ancient Tea Set"},{"floor":23,"key":"Mercury Hourglass"},{"floor":26,"key":"Akabeko"},{"floor":30,"key":"Bottled Flame"}],"event_choices":[{"damage_healed":0,"gold_gain":0,"player_choice":"Fled","damage_taken":11,"max_hp_gain":0,"max_hp_loss":0,"event_name":"Scrap Ooze","floor":2,"gold_loss":0},{"damage_healed":0,"gold_gain":0,"player_choice":"Lose Max HP","damage_taken":0,"relics_obtained":["Golden Idol"],"max_hp_gain":0,"max_hp_loss":6,"event_name":"Golden Idol","floor":4,"gold_loss":0},{"damage_healed":0,"gold_gain":0,"player_choice":"Became a vampire","damage_taken":0,"max_hp_gain":0,"max_hp_loss":18,"event_name":"Vampires","floor":19,"gold_loss":0,"cards_obtained":["Bite","Bite","Bite","Bite","Bite"]},{"damage_healed":0,"gold_gain":0,"cards_transformed":["Defend_G"],"player_choice":"Transformed","damage_taken":0,"max_hp_gain":0,"max_hp_loss":0,"event_name":"Transmorgrifier","floor":28,"gold_loss":0,"cards_obtained":["Adrenaline"]}],"is_beta":true,"boss_relics":[{"not_picked":["Ring of the Serpent","Philosopher\u0027s Stone"],"picked":"Coffee Dripper"}],"items_purged_floors":[24],"is_endless":false,"potions_floor_spawned":[1,3,7,12,14,16,20,21,22,29],"killed_by":"Champ","ascension_level":20}}