{"host":"chv1qanoipyt46jc","time":1612504916,"event":{"mods":["2.2 Compatiblity","AchievementEnabler","BaseMod","BetterRewards","CapriCore","Card Filter","Evolution","Gold Saver","Grow up Mod","Minty Spire (QoL Compilation)","Rare Cards Sparkle","Relic Filter","Remove Card Discount Mod","Reorder Act Four","StSLib","The Poker Player"],"gold_per_floor":[1163,1179,1191,1207,1224,1224,1251,1267,1293,1306,1229,1247,1258,1273,1273,1377,1377,1397,1409,1427,1427,1441,1441,1456,1483,1556,1568,1564,1564,1564,1564,1564,1668,1668,1682,1682,1700,1700,1712,1712,1727,1745,1745,1745,1775,1790,1800,1800,1800,1800,1800,1800,1800,1827,1827],"floor_reached":56,"language":"ENG","playtime":1540,"items_purged":["PokerPlayerMod:Diamond1","PokerPlayerMod:Diamond2","PokerPlayerMod:Diamond3","PokerPlayerMod:Diamond4","PokerPlayerMod:Diamond5","PokerPlayerMod:Spade1","PokerPlayerMod:Spade2","PokerPlayerMod:Spade3","PokerPlayerMod:Spade4","PokerPlayerMod:Club1","PokerPlayerMod:Club2","PokerPlayerMod:BadJoker","PokerPlayerMod:Mulligan","PokerPlayerMod:ClubsClub","PokerPlayerMod:Heart2","PokerPlayerMod:Raise"],"score":1711,"play_id":"20660375-1cc5-4093-86f2-e5fe041c8661","local_time":"20210205000156","is_ascension_mode":false,"metric_token":1042,"campfire_choices":[{"data":"PokerPlayerMod:Raise","floor":6,"key":"SMITH"},{"data":"PokerPlayerMod:Club8","floor":15,"key":"SMITH"},{"data":"PokerPlayerMod:Club8","floor":23,"key":"SMITH"},{"data":"PokerPlayerMod:Club9","floor":30,"key":"SMITH"},{"data":"PokerPlayerMod:Club9","floor":32,"key":"SMITH"},{"data":"PokerPlayerMod:ClubShade","floor":40,"key":"SMITH"},{"data":"PokerPlayerMod:Spade8","floor":44,"key":"SMITH"},{"floor":49,"key":"RECALL"},{"data":"PokerPlayerMod:Spade9","floor":53,"key":"SMITH"}],"circlet_count":0,"master_deck":["PokerPlayerMod:Club10+","PokerPlayerMod:Club10+","PokerPlayerMod:Spade10+","PokerPlayerMod:Diamond10+","PokerPlayerMod:Heart10+"],"relics":["PokerPlayerMod:DeckCase","EVO:Axolotl","DollysMirror","Membership Card","Singing Bowl","Potion Belt","FossilizedHelix","Medical Kit","Coffee Dripper","Toxic Egg 2","Pear","Dream Catcher","Blood Vial","PokerPlayerMod:ClubPass"],"acts_visited":["Exordium","TheCity","TheBeyond","TheEnding"],"potions_floor_usage":[55,55,55,55,55],"damage_taken":[{"damage":2,"enemies":"Cultist","floor":1,"turns":3},{"damage":7,"enemies":"Jaw Worm","floor":2,"turns":2},{"damage":2,"enemies":"Small Slimes","floor":3,"turns":2},{"damage":0,"enemies":"Looter","floor":4,"turns":3},{"damage":0,"enemies":"Large Slime","floor":5,"turns":3},{"damage":0,"enemies":"3 Sentries","floor":7,"turns":2},{"damage":0,"enemies":"Lots of Slimes","floor":8,"turns":1},{"damage":0,"enemies":"2 Fungi Beasts","floor":10,"turns":2},{"damage":0,"enemies":"Large Slime","floor":12,"turns":2},{"damage":0,"enemies":"3 Louse","floor":13,"turns":1},{"damage":0,"enemies":"Exordium Wildlife","floor":14,"turns":1},{"damage":0,"enemies":"The Guardian","floor":16,"turns":4},{"damage":0,"enemies":"3 Byrds","floor":18,"turns":2},{"damage":0,"enemies":"Chosen","floor":19,"turns":2},{"damage":0,"enemies":"Sentry and Sphere","floor":20,"turns":2},{"damage":14,"enemies":"Shelled Parasite and Fungi","floor":22,"turns":3},{"damage":0,"enemies":"Chosen and Byrds","floor":24,"turns":2},{"damage":0,"enemies":"Slavers","floor":25,"turns":1},{"damage":5,"enemies":"Cultist and Chosen","floor":27,"turns":2},{"damage":0,"enemies":"Automaton","floor":33,"turns":4},{"damage":0,"enemies":"3 Darklings","floor":35,"turns":2},{"damage":0,"enemies":"Orb Walker","floor":37,"turns":2},{"damage":0,"enemies":"Writhing Mass","floor":39,"turns":3},{"damage":0,"enemies":"Sphere and 2 Shapes","floor":41,"turns":1},{"damage":0,"enemies":"Jaw Worm Horde","floor":42,"turns":1},{"damage":23,"enemies":"Giant Head","floor":45,"turns":8},{"damage":0,"enemies":"3 Darklings","floor":46,"turns":1},{"damage":0,"enemies":"4 Shapes","floor":47,"turns":1},{"damage":68,"enemies":"Awakened One","floor":50,"turns":12},{"damage":0,"enemies":"Shield and Spear","floor":54,"turns":3},{"damage":43,"enemies":"The Heart","floor":55,"turns":6}],"seed_played":"-2056033153830132257","potions_obtained":[{"floor":1,"key":"Ancient Potion"},{"floor":5,"key":"ColorlessPotion"},{"floor":7,"key":"Fire Potion"},{"floor":8,"key":"Weak Potion"},{"floor":12,"key":"Explosive Potion"},{"floor":27,"key":"LiquidBronze"},{"floor":47,"key":"LiquidBronze"}],"is_trial":false,"path_per_floor":["M","M","M","M","M","R","E","M","T","M","$","M","M","M","R","B",null,"M","M","M","?","M","R","M","E","T","M","$","?","R","?","R","B",null,"M","?","M","$","M","R","M","M","T","R","E","M","M","?","R","B",null,"$","R","E","B",null],"character_chosen":"THE_POKER_PLAYER","items_purchased":["PokerPlayerMod:Club8","DollysMirror","PokerPlayerMod:Raise","Membership Card","Singing Bowl","PokerPlayerMod:ClubShade","Medical Kit"],"campfire_rested":0,"item_purchase_floors":[0,0,0,0,0,0,11],"current_hp_per_floor":[43,50,60,74,92,102,116,132,142,157,167,185,197,209,219,233,255,267,279,291,233,246,256,294,331,351,378,388,398,408,418,428,446,456,468,478,490,500,512,522,534,546,556,566,555,590,602,612,622,564,642,652,662,674,644],"gold":1827,"neow_bonus":"","is_daily":false,"chose_seed":false,"campfire_upgraded":8,"win_rate":0.0,"timestamp":1612504916,"path_taken":["M","M","M","M","M","R","E","M","T","M","$","M","M","M","R","BOSS","M","M","?","?","M","R","M","E","T","M","$","?","R","?","R","BOSS","M","?","M","$","?","R","M","M","T","R","E","M","M","?","R","BOSS","$","R","E","BOSS"],"items_purchased_type":["Card","Relic","Card","Relic","Relic","Card","Relic"],"build_version":"2020-12-22","purchased_purges":16,"victory":true,"max_hp_per_floor":[79,91,101,113,125,135,147,157,167,179,189,201,213,225,235,245,255,267,279,291,306,318,328,340,352,372,384,394,404,414,424,434,446,456,468,478,490,500,512,522,534,546,556,566,578,590,602,612,622,632,642,652,662,674,684],"card_choices":[{"not_picked":["PokerPlayerMod:Diamond1","PokerPlayerMod:FillThePot"],"picked":"PokerPlayerMod:Raise","floor":1},{"not_picked":["PokerPlayerMod:Club1","PokerPlayerMod:Heart1","PokerPlayerMod:CardBurn"],"picked":"Singing Bowl","floor":2},{"not_picked":["PokerPlayerMod:FillThePot","PokerPlayerMod:Club3"],"picked":"PokerPlayerMod:Spade8","floor":3},{"not_picked":["PokerPlayerMod:Diamond4","PokerPlayerMod:Diamond2","PokerPlayerMod:RiskyBet"],"picked":"Singing Bowl","floor":4},{"not_picked":["PokerPlayerMod:Sharpen","PokerPlayerMod:PoorCopy","PokerPlayerMod:Diamond4"],"picked":"Singing Bowl","floor":5},{"not_picked":["PokerPlayerMod:Spade5","PokerPlayerMod:Raise","PokerPlayerMod:MagicTrick"],"picked":"Singing Bowl","floor":7},{"not_picked":["PokerPlayerMod:SpadeStrike","PokerPlayerMod:Club2"],"picked":"PokerPlayerMod:Diamond10+","floor":8},{"not_picked":["PokerPlayerMod:Spade1","PokerPlayerMod:Manipulation","PokerPlayerMod:ClubsClub"],"picked":"Singing Bowl","floor":10},{"not_picked":["PokerPlayerMod:Spade3","PokerPlayerMod:Club3","PokerPlayerMod:CloakAndDiamond"],"picked":"Singing Bowl","floor":12},{"not_picked":["PokerPlayerMod:ClubsClub","PokerPlayerMod:SpadeStrike","PokerPlayerMod:Heart4"],"picked":"Singing Bowl","floor":13},{"not_picked":["PokerPlayerMod:CloakAndDiamond","PokerPlayerMod:Diamond2","PokerPlayerMod:TheDieIsCast"],"picked":"Singing Bowl","floor":14},{"not_picked":["PokerPlayerMod:Spade9","PokerPlayerMod:TheDieIsCast"],"picked":"PokerPlayerMod:Heart10+","floor":16},{"not_picked":["PokerPlayerMod:SecondChance+1","PokerPlayerMod:Trickery","PokerPlayerMod:HeartStrike+1"],"picked":"Singing Bowl","floor":18},{"not_picked":["PokerPlayerMod:SpadeStrike","PokerPlayerMod:Heart3","PokerPlayerMod:DartThrow"],"picked":"Singing Bowl","floor":19},{"not_picked":["PokerPlayerMod:Heart6","PokerPlayerMod:Spade5","PokerPlayerMod:Overdeal"],"picked":"Singing Bowl","floor":20},{"not_picked":["PokerPlayerMod:Fold","PokerPlayerMod:CardBurn","PokerPlayerMod:Diamond5"],"picked":"Singing Bowl","floor":22},{"not_picked":["PokerPlayerMod:CardBurn","PokerPlayerMod:Diamond5","PokerPlayerMod:JackOfSpades"],"picked":"Singing Bowl","floor":24},{"not_picked":["PokerPlayerMod:Heart10+","PokerPlayerMod:CloakAndDiamond+1","PokerPlayerMod:SecretDealer+1"],"picked":"Singing Bowl","floor":25},{"not_picked":["PokerPlayerMod:Club1","PokerPlayerMod:Diamond2","PokerPlayerMod:DamnStraight"],"picked":"Singing Bowl","floor":27},{"not_picked":["PokerPlayerMod:SecretDealer+1","PokerPlayerMod:RoyalStrike","PokerPlayerMod:StackedDeck"],"picked":"Singing Bowl","floor":33},{"not_picked":["PokerPlayerMod:Diamond1","PokerPlayerMod:Spade1","PokerPlayerMod:HiddenCard+1"],"picked":"Singing Bowl","floor":35},{"not_picked":["PokerPlayerMod:CloakAndDiamond+1","PokerPlayerMod:Club7","PokerPlayerMod:Club5"],"picked":"Singing Bowl","floor":37},{"not_picked":["PokerPlayerMod:Spade5","PokerPlayerMod:Overdeal+1","PokerPlayerMod:Fold+1"],"picked":"Singing Bowl","floor":39},{"not_picked":["PokerPlayerMod:Club2","PokerPlayerMod:Configure+1","PokerPlayerMod:Diamond2"],"picked":"Singing Bowl","floor":41},{"not_picked":["PokerPlayerMod:DamnStraight+1","PokerPlayerMod:Diamond6","PokerPlayerMod:Spade2"],"picked":"Singing Bowl","floor":42},{"not_picked":["PokerPlayerMod:Spade3","PokerPlayerMod:Diamond1","PokerPlayerMod:Heart1"],"picked":"Singing Bowl","floor":45},{"not_picked":["PokerPlayerMod:SecondChance+1","PokerPlayerMod:Club2","PokerPlayerMod:Diamond4"],"picked":"Singing Bowl","floor":46},{"not_picked":["PokerPlayerMod:ClubsClub","PokerPlayerMod:SecretDealer+1","PokerPlayerMod:Spade3"],"picked":"Singing Bowl","floor":47},{"not_picked":["PokerPlayerMod:Fold+1","PokerPlayerMod:CardBurn+1","PokerPlayerMod:Configure+1"],"picked":"Singing Bowl","floor":54}],"player_experience":358601,"relics_obtained":[{"floor":7,"key":"FossilizedHelix"},{"floor":25,"key":"Toxic Egg 2"},{"floor":26,"key":"Pear"},{"floor":43,"key":"Dream Catcher"},{"floor":45,"key":"Blood Vial"},{"floor":54,"key":"PokerPlayerMod:ClubPass"}],"event_choices":[{"damage_healed":0,"gold_gain":0,"player_choice":"Shed Blood","damage_taken":73,"max_hp_gain":5,"max_hp_loss":0,"event_name":"Forgotten Altar","floor":21,"gold_loss":0},{"damage_healed":0,"gold_gain":0,"player_choice":"Ignored","damage_taken":0,"max_hp_gain":0,"max_hp_loss":0,"event_name":"Beggar","floor":29,"gold_loss":0},{"damage_healed":0,"gold_gain":0,"player_choice":"Ignored","damage_taken":0,"max_hp_gain":0,"max_hp_loss":0,"event_name":"Cursed Tome","floor":31,"gold_loss":0},{"cards_removed":["PokerPlayerMod:Raise"],"damage_healed":5,"gold_gain":0,"player_choice":"Offered Common","damage_taken":0,"max_hp_gain":0,"max_hp_loss":0,"event_name":"Bonfire Elementals","floor":36,"gold_loss":0},{"cards_removed":["PokerPlayerMod:Raise"],"damage_healed":5,"gold_gain":0,"player_choice":"Offered Special","damage_taken":0,"max_hp_gain":0,"max_hp_loss":0,"event_name":"Bonfire Elementals","floor":36,"gold_loss":0},{"cards_removed":["PokerPlayerMod:ClubShade"],"damage_healed":0,"gold_gain":0,"player_choice":"Removed Power","damage_taken":0,"max_hp_gain":0,"max_hp_loss":0,"event_name":"Falling","floor":48,"gold_loss":0}],"is_beta":false,"boss_relics":[{"not_picked":["Empty Cage","SacredBark"],"picked":"Coffee Dripper"},{"not_picked":["Astrolabe","Cursed Key","PokerPlayerMod:AceCard"]}],"items_purged_floors":[0,0,0,0,0,0,0,0,0,0,0,0,0,0,28,28],"is_endless":false,"potions_floor_spawned":[1,5,7,8,12,13,20,25,27,37,41,47],"ascension_level":0}}