{"host":"Ryley","time":1612495923,"event":{"mods":["BaseMod","Downfall","Minty Spire (QoL Compilation)","StSLib"],"gold_per_floor":[99,121,88,88,108,148,148,182,182,210,236,336,336,356,371,480,480,389,329,329,77,88,111,159,159,176,176,194,194,194,207,217,217,217,217],"floor_reached":33,"language":"ENG","playtime":1113,"items_purged":[],"score":309,"play_id":"b0005e57-1390-4716-816f-6ef845cce28a","local_time":"20210204213203","is_ascension_mode":false,"campfire_choices":[{"data":"sneckomod:Unknown","floor":1,"key":"SMITH"},{"floor":13,"key":"REST"},{"floor":25,"key":"REST"},{"data":"sneckomod:UnknownRareAttack","floor":27,"key":"SMITH"}],"circlet_count":0,"master_deck":["sneckomod:Strike","sneckomod:Strike","sneckomod:Strike","sneckomod:Defend","sneckomod:Defend","sneckomod:Defend","sneckomod:TailWhip","sneckomod:SnekBite","sneckomod:Unknown+1","sneckomod:Unknown","sneckomod:UnknownBlock+1","sneckomod:QuickMove","sneckomod:UnknownUncommonAttack","sneckomod:UnknownUncommonAttack","sneckomod:QuickBite","sneckomod:Nope","sneckomod:UnknownRareAttack+1","champ:UltimateStance","sneckomod:UnknownCommonAttack","sneckomod:ImprovisedAttack","sneckomod:UnknownVulnerable"],"relics":["sneckomod:SneckoSoul","CeramicFish","Blue Candle","Mango","Regal Pillow","Ginger","StrikeDummy","bronze:MakeshiftBattery","downfall:HeartBlessingGreen","sneckomod:ConfusingCodex","Strawberry"],"acts_visited":["Exordium","TheCity"],"potions_floor_usage":[16,16],"damage_taken":[{"damage":0,"enemies":"2 Louse","floor":2,"turns":2},{"damage":2,"enemies":"downfall:FleeingMerchant","floor":3,"turns":4},{"damage":5,"enemies":"Jaw Worm","floor":5,"turns":4},{"damage":10,"enemies":"Lagavulin","floor":6,"turns":5},{"damage":21,"enemies":"Gremlin Nob","floor":8,"turns":5},{"damage":0,"enemies":"Small Slimes","floor":10,"turns":2},{"damage":18,"enemies":"Exordium Wildlife","floor":11,"turns":3},{"damage":5,"enemies":"2 Fungi Beasts","floor":14,"turns":3},{"damage":13,"enemies":"Lots of Slimes","floor":15,"turns":3},{"damage":35,"enemies":"WA_ARCHETYPE_RETAIN","floor":16,"turns":6},{"damage":15,"enemies":"downfall:FleeingMerchant","floor":19,"turns":4},{"damage":8,"enemies":"downfall:FleeingMerchant","floor":21,"turns":4},{"damage":2,"enemies":"3 Byrds","floor":22,"turns":5},{"damage":11,"enemies":"Shell Parasite","floor":23,"turns":4},{"damage":23,"enemies":"Snecko","floor":26,"turns":4},{"damage":12,"enemies":"Centurion and Healer","floor":28,"turns":3},{"damage":15,"enemies":"Snake Plant","floor":31,"turns":4},{"damage":0,"enemies":"Chosen and Byrds","floor":32,"turns":4},{"damage":72,"enemies":"IC_MUSHROOM_ARCHETYPE","floor":33,"turns":7}],"seed_played":"-7407011132690369385","potions_obtained":[{"floor":2,"key":"bronze:BurnAndBuffPotion"},{"floor":5,"key":"LiquidBronze"},{"floor":6,"key":"SkillPotion"},{"floor":10,"key":"Block Potion"},{"floor":11,"key":"CultistPotion"},{"floor":20,"key":"EntropicBrew"},{"floor":20,"key":"sneckomod:CheatPotion"}],"is_trial":false,"path_per_floor":["R","M","$","?","M","E","T","E","?","M","M","?","R","M","M","B",null,"R","$","?","$","M","M","T","R","M","R","M","?","?","M","M","B"],"character_chosen":"THE_SNECKO","items_purchased":["sneckomod:UnknownUncommonAttack","sneckomod:UnknownCommonAttack","sneckomod:ConfusingCodex"],"campfire_rested":2,"item_purchase_floors":[3,19,21],"current_hp_per_floor":[90,90,88,83,78,82,82,61,43,43,25,25,71,66,57,32,108,108,93,93,85,83,72,79,115,97,97,85,85,85,70,70,0,0,0],"gold":217,"neow_bonus":"RANDOM_COMMON_RELIC","is_daily":false,"chose_seed":false,"campfire_upgraded":2,"win_rate":0.0,"timestamp":1612495923,"path_taken":["R","M","$","?","M","E","T","E","?","M","M","?","R","?","M","BOSS","R","$","?","$","M","M","T","R","M","R","?","?","?","?","M","BOSS"],"items_purchased_type":["Card","Card","Relic"],"build_version":"2020-12-18","purchased_purges":0,"victory":false,"max_hp_per_floor":[90,90,90,90,90,104,104,104,104,104,104,104,104,104,108,108,108,108,108,108,108,108,108,115,115,115,115,115,115,115,115,115,115,115,115],"card_choices":[{"not_picked":["sneckomod:UnknownUncommonSkill","sneckomod:UnknownCommonSkill"],"picked":"sneckomod:UnknownBlock","floor":2},{"not_picked":["sneckomod:UnknownCommonAttack","sneckomod:PureSnecko"],"picked":"sneckomod:QuickMove","floor":3},{"not_picked":["sneckomod:Rotation","sneckomod:SnekBeam"],"picked":"sneckomod:UnknownUncommonAttack","floor":5},{"not_picked":["sneckomod:SerpentIdol","sneckomod:WideSting"],"picked":"sneckomod:QuickBite","floor":6},{"not_picked":["sneckomod:UnknownUncommonSkill","sneckomod:QuickBite","sneckomod:SoulRoll"],"picked":"SKIP","floor":8},{"not_picked":["sneckomod:UnknownBlock","sneckomod:ImprovisedGuard"],"picked":"sneckomod:Nope","floor":10},{"not_picked":["sneckomod:SerpentIdol","sneckomod:UnendingSupply"],"picked":"sneckomod:UnknownRareSkill","floor":11},{"not_picked":["sneckomod:DiceBlock","sneckomod:WideSting","sneckomod:RainOfDice"],"picked":"SKIP","floor":14},{"not_picked":["sneckomod:Unknown1Cost","sneckomod:QuickMove","sneckomod:SoulRoll"],"picked":"SKIP","floor":15},{"not_picked":["sneckomod:Unknown3Cost","sneckomod:Cheat"],"picked":"sneckomod:UnknownRareAttack","floor":16},{"not_picked":["sneckomod:SnakeSap","sneckomod:UnknownClassRED","sneckomod:QuickBite"],"picked":"SKIP","floor":19},{"not_picked":["sneckomod:DefensiveFlair+1","sneckomod:UnknownUncommonPower"],"picked":"sneckomod:ImprovisedAttack","floor":21},{"not_picked":["sneckomod:QuickBite","sneckomod:Unknown0Cost","sneckomod:UnknownUncommonPower"],"picked":"SKIP","floor":22},{"not_picked":["sneckomod:RainOfDice","sneckomod:DiceBoulder"],"picked":"sneckomod:UnknownVulnerable","floor":23},{"not_picked":["sneckomod:Rotation","sneckomod:UnknownClassRED","sneckomod:DefensiveFlair"],"picked":"SKIP","floor":26},{"not_picked":["sneckomod:QuickMove","sneckomod:SnakeSap","sneckomod:SoulRoll+1"],"picked":"SKIP","floor":28},{"not_picked":["sneckomod:SnakeSap","sneckomod:DiceCrush","sneckomod:Cheat"],"picked":"SKIP","floor":31},{"not_picked":["sneckomod:UnknownUncommonAttack+1","sneckomod:QuickMove","sneckomod:DiceCrush"],"picked":"SKIP","floor":32}],"player_experience":386441,"relics_obtained":[{"floor":6,"key":"Mango"},{"floor":7,"key":"Regal Pillow"},{"floor":8,"key":"Ginger"},{"floor":24,"key":"Strawberry"}],"event_choices":[{"damage_healed":0,"gold_gain":0,"player_choice":"Success","damage_taken":18,"relics_obtained":["StrikeDummy"],"max_hp_gain":0,"max_hp_loss":0,"event_name":"Scrap Ooze","floor":9,"gold_loss":0},{"damage_healed":0,"gold_gain":0,"player_choice":"Got Potions","damage_taken":0,"max_hp_gain":0,"max_hp_loss":0,"event_name":"Lab","floor":20,"gold_loss":0},{"damage_healed":0,"gold_gain":0,"player_choice":"Ignored","damage_taken":0,"max_hp_gain":0,"max_hp_loss":0,"event_name":"Ghosts","floor":29,"gold_loss":0}],"is_beta":true,"boss_relics":[{"not_picked":["Fusion Hammer","Runic Pyramid"],"picked":"bronze:MakeshiftBattery"}],"items_purged_floors":[],"is_endless":false,"potions_floor_spawned":[2,5,6,10,11,26,31,32],"killed_by":"IC_MUSHROOM_ARCHETYPE","ascension_level":0}}