{"host":"fhwr1fuluf6086fh","time":1612485525,"event":{"mods":["2.2 Compatiblity","Act Like it!","BaseMod","Colored Map","Elementarium","Hermit","Minty Spire (QoL Compilation)","Robot Space Explorer","StSLib","The Blue Laboratory","The Caster","The Dragon Tamer","The Elementalist","The Hierophant","TheSurvivalist"],"gold_per_floor":[116,127,145,160,335,335,352,365,391,391,391],"floor_reached":10,"language":"ENG","playtime":1117,"items_purged":[],"score":62,"play_id":"9b374e23-b740-4ae7-8a74-4ed11af8d559","local_time":"20210204193845","is_ascension_mode":false,"campfire_choices":[{"data":"Metamorphosis","floor":6,"key":"SMITH"}],"circlet_count":0,"master_deck":["elementalist:Strike+Elemblue","elementalist:Defend_Elemblue","elementalist:Defend_Elemblue","elementalist:Defend_Elemblue","elementalist:Defend_Elemblue","elementalist:Defend_Elemblue","elementalist:Firestrike","elementalist:Earthstrike","elementalist:Waterstrike","elementalist:Airstrike","elementalist:Crystal_Chalk","Doubt","Metamorphosis+1","elementalist:Momentum","elementalist:Wards","elementalist:Flame","elementalist:Etherstrike","Doubt","elementalist:Flame","elementalist:Momentum","elementalist:Solar_Form"],"relics":["elementalistmod:MagusStaff","elementalistmod:GraduationLetter","Boot"],"acts_visited":["Exordium"],"potions_floor_usage":[10],"damage_taken":[{"damage":2,"enemies":"2 Louse","floor":1,"turns":4},{"damage":0,"enemies":"Small Slimes","floor":2,"turns":3},{"damage":4,"enemies":"Cultist","floor":3,"turns":5},{"damage":7,"enemies":"Blue Slaver","floor":4,"turns":6},{"damage":13,"enemies":"Large Slime","floor":7,"turns":5},{"damage":17,"enemies":"3 Louse","floor":8,"turns":4},{"damage":31,"enemies":"Gremlin Nob","floor":10,"turns":3}],"seed_played":"-4223780773690226800","potions_obtained":[{"floor":2,"key":"FearPotion"},{"floor":3,"key":"blueLaboratory:TrueEctoplasm"},{"floor":8,"key":"blueLaboratory:ExaltedPotion"}],"is_trial":false,"path_per_floor":["M","M","M","M","?","R","M","M","T","E"],"character_chosen":"THE_ELEMENTALIST","items_purchased":[],"campfire_rested":0,"item_purchase_floors":[],"current_hp_per_floor":[68,68,64,57,57,57,44,27,27,0,0],"gold":391,"neow_bonus":"RANDOM_COLORLESS_2","is_daily":false,"chose_seed":false,"campfire_upgraded":1,"win_rate":0.0,"timestamp":1612485525,"path_taken":["M","M","M","M","?","R","M","M","T","E"],"items_purchased_type":[],"build_version":"2020-12-22","purchased_purges":0,"victory":false,"max_hp_per_floor":[70,70,70,70,70,70,70,70,70,70,70],"card_choices":[{"not_picked":["Apotheosis","Panache"],"picked":"Metamorphosis","floor":0},{"not_picked":["elementalist:Cyclone","elementalist:Mage_Hand"],"picked":"elementalist:Momentum","floor":1},{"not_picked":["elementalist:Aegis","elementalist:Prepared_Sand"],"picked":"elementalist:Wards","floor":2},{"not_picked":["elementalist:Magma_Shot","elementalist:Spout"],"picked":"elementalist:Flame","floor":3},{"not_picked":["elementalist:Rising_Tides","elementalist:Cauterize"],"picked":"elementalist:Etherstrike","floor":4},{"not_picked":["elementalist:Monument","elementalist:Overheat"],"picked":"elementalist:Momentum","floor":7},{"not_picked":["elementalist:Flame","elementalist:Undertow"],"picked":"elementalist:Solar_Form","floor":8}],"player_experience":1154922,"relics_obtained":[{"floor":9,"key":"Boot"}],"event_choices":[{"damage_healed":0,"gold_gain":175,"player_choice":"AGREE","damage_taken":0,"max_hp_gain":0,"max_hp_loss":0,"event_name":"Liars Game","floor":5,"gold_loss":0,"cards_obtained":["Doubt"]}],"is_beta":false,"boss_relics":[],"items_purged_floors":[],"is_endless":false,"potions_floor_spawned":[2,3,8],"killed_by":"Gremlin Nob","ascension_level":0}}