{"host":"l8n3qytufxtuz5eu","time":1612487434,"event":{"mods":["BaseMod","Colored Map","Minty Spire (QoL Compilation)","Relic Stats"],"gold_per_floor":[118,293,293,293,293,293,321,22,72,72,7,7,21,48,48,48,48],"floor_reached":16,"language":"ENG","playtime":357,"items_purged":["Strike_G"],"score":194,"play_id":"b324a027-684e-4b88-a538-2f0dc3cb2c73","local_time":"20210204171034","is_ascension_mode":true,"campfire_choices":[{"data":"Neutralize","floor":6,"key":"SMITH"},{"data":"Blade Dance","floor":10,"key":"SMITH"},{"data":"Blade Dance","floor":12,"key":"SMITH"},{"data":"Crippling Poison","floor":15,"key":"SMITH"}],"circlet_count":0,"master_deck":["AscendersBane","Strike_G","Strike_G","Strike_G","Strike_G","Defend_G","Defend_G+1","Defend_G","Defend_G","Defend_G+1","Survivor","Neutralize+1","Outmaneuver+1","Blade Dance+1","Blade Dance+1","Footwork","Crippling Poison+1","Prepared"],"relics":["Ring of the Snake","NeowsBlessing","The Courier","Potion Belt","Molten Egg 2","Lantern","War Paint"],"acts_visited":["Exordium"],"potions_floor_usage":[14],"damage_taken":[{"damage":0,"enemies":"Small Slimes","floor":1,"turns":1},{"damage":0,"enemies":"Gremlin Nob","floor":7,"turns":1},{"damage":0,"enemies":"Jaw Worm","floor":13,"turns":1},{"damage":30,"enemies":"Lagavulin","floor":14,"turns":5},{"damage":48,"enemies":"Slime Boss","floor":16,"turns":8}],"seed_played":"-985186475699856163","potions_obtained":[{"floor":1,"key":"Dexterity Potion"},{"floor":7,"key":"CunningPotion"}],"is_trial":false,"path_per_floor":["M","?","T","?","?","R","E","$","T","R","$","R","M","E","R","B"],"character_chosen":"THE_SILENT","items_purchased":["Molten Egg 2","Blade Dance","Footwork"],"campfire_rested":0,"item_purchase_floors":[8,8,11],"current_hp_per_floor":[63,63,63,63,63,63,63,63,63,63,63,63,63,33,33,0,0],"gold":48,"neow_bonus":"THREE_ENEMY_KILL","is_daily":false,"chose_seed":false,"campfire_upgraded":4,"win_rate":0.0,"timestamp":1612487434,"path_taken":["M","?","?","?","?","R","E","$","T","R","$","R","?","E","R","BOSS"],"items_purchased_type":["Relic","Card","Card"],"build_version":"2020-12-22","purchased_purges":1,"victory":false,"max_hp_per_floor":[70,70,70,70,70,70,70,70,70,70,70,70,70,70,70,70,70],"relic_stats":{"counters":[5,16],"War Paint":["Defend_G","Defend_G"],"obtain_stats":[{"Potion Belt":7,"Lantern":9,"NeowsBlessing":0,"Molten Egg 2":8,"The Courier":3,"War Paint":14,"Ring of the Snake":0},{"Potion Belt":2,"Lantern":2,"NeowsBlessing":0,"Molten Egg 2":2,"The Courier":1,"War Paint":4,"Ring of the Snake":0},{"Potion Belt":2,"Lantern":2,"NeowsBlessing":0,"Molten Egg 2":2,"The Courier":1,"War Paint":8,"Ring of the Snake":0}],"Ring of the Snake":[10]},"card_choices":[{"not_picked":["Tactician","Deflect"],"picked":"Outmaneuver","floor":1},{"not_picked":["Underhanded Strike","Distraction"],"picked":"Blade Dance","floor":7},{"not_picked":["Poisoned Stab+1","Distraction"],"picked":"Crippling Poison","floor":13},{"not_picked":["Well Laid Plans","Flying Knee+1"],"picked":"Prepared","floor":14}],"player_experience":1466735,"relics_obtained":[{"floor":3,"key":"The Courier"},{"floor":7,"key":"Potion Belt"},{"floor":9,"key":"Lantern"},{"floor":14,"key":"War Paint"}],"event_choices":[{"damage_healed":0,"gold_gain":175,"player_choice":"AGREE","damage_taken":0,"max_hp_gain":0,"max_hp_loss":0,"event_name":"Liars Game","floor":2,"gold_loss":0,"cards_obtained":["Doubt"]},{"cards_removed":["Doubt"],"damage_healed":0,"gold_gain":0,"player_choice":"Forget","damage_taken":0,"max_hp_gain":0,"max_hp_loss":0,"event_name":"Living Wall","floor":4,"gold_loss":0},{"damage_healed":0,"gold_gain":0,"player_choice":"Upgraded","damage_taken":0,"max_hp_gain":0,"max_hp_loss":0,"event_name":"Upgrade Shrine","floor":5,"gold_loss":0,"cards_upgraded":["Outmaneuver"]}],"is_beta":false,"boss_relics":[],"items_purged_floors":[8],"is_endless":false,"potions_floor_spawned":[1,7],"killed_by":"Slime Boss","ascension_level":10}}