{"host":"nz11ypxva4e39b7q","time":1612567240,"event":{"mods":["BaseMod","Better Third Choice","Better Vampires","Colored Map","Minty Spire (QoL Compilation)","Quick Restart","StSLib"],"gold_per_floor":[117,34,34,44,60,60,85,85,108,171,171,196,63,97,97,174,174,189,205,185,85,95,128,128,158,181,181,200,232,249,85,85,85,85],"floor_reached":33,"language":"ENG","playtime":1630,"items_purged":["Pain","FTL"],"score":742,"play_id":"18b2c8e4-cead-415b-8d24-e50fc2669464","local_time":"20210206002040","is_ascension_mode":true,"campfire_choices":[{"data":"Reprogram","floor":6.0,"key":"SMITH"},{"data":"Hologram","floor":8.0,"key":"SMITH"},{"data":"Rip and Tear","floor":11.0,"key":"SMITH"},{"data":"Self Repair","floor":15.0,"key":"SMITH"},{"floor":24.0,"key":"REST"},{"data":"Hologram","floor":27.0,"key":"SMITH"},{"floor":32.0,"key":"REST"}],"circlet_count":0,"master_deck":["AscendersBane","Strike_B","Strike_B","Strike_B","Strike_B+1","Defend_B","Defend_B","Defend_B","Defend_B","Zap","Dualcast","Reprogram+1","Rip and Tear+1","Hologram+1","Sweeping Beam+1","Steam","Hologram","Self Repair+1","Reboot","Aggregate+1","Skim","Hologram+1","Skim"],"relics":["Cracked Core","NeowsBlessing","WarpedTongs","PreservedInsect","Pen Nib","Whetstone","Art of War","Sundial","Snecko Eye","Happy Flower","White Beast Statue","StoneCalendar","TheAbacus"],"acts_visited":["Exordium","TheCity"],"potions_floor_usage":[33],"damage_taken":[{"damage":0.0,"enemies":"2 Louse","floor":1.0,"turns":1.0},{"damage":0.0,"enemies":"Cultist","floor":4.0,"turns":1.0},{"damage":0.0,"enemies":"Small Slimes","floor":5.0,"turns":1.0},{"damage":10.0,"enemies":"Gremlin Nob","floor":7.0,"turns":3.0},{"damage":13.0,"enemies":"3 Sentries","floor":10.0,"turns":4.0},{"damage":7.0,"enemies":"3 Sentries","floor":12.0,"turns":3.0},{"damage":0.0,"enemies":"Lagavulin","floor":14.0,"turns":7.0},{"damage":12.0,"enemies":"The Guardian","floor":16.0,"turns":10.0},{"damage":29.0,"enemies":"3 Byrds","floor":18.0,"turns":6.0},{"damage":17.0,"enemies":"2 Thieves","floor":19.0,"turns":3.0},{"damage":46.0,"enemies":"Shelled Parasite and Fungi","floor":22.0,"turns":8.0},{"damage":9.0,"enemies":"Book of Stabbing","floor":23.0,"turns":3.0},{"damage":25.0,"enemies":"Gremlin Leader","floor":25.0,"turns":8.0},{"damage":7.0,"enemies":"Snake Plant","floor":28.0,"turns":4.0},{"damage":0.0,"enemies":"Slavers","floor":29.0,"turns":1.0},{"damage":21.0,"enemies":"Cultist and Chosen","floor":30.0,"turns":7.0},{"damage":36,"enemies":"Collector","floor":33,"turns":8}],"seed_played":"-9216413269735761146","potions_obtained":[{"floor":1.0,"key":"FearPotion"},{"floor":4.0,"key":"BlessingOfTheForge"},{"floor":7.0,"key":"Dexterity Potion"},{"floor":14.0,"key":"Ancient Potion"},{"floor":18.0,"key":"SkillPotion"},{"floor":20.0,"key":"FairyPotion"},{"floor":22.0,"key":"AttackPotion"},{"floor":25.0,"key":"SkillPotion"},{"floor":28.0,"key":"FocusPotion"},{"floor":29.0,"key":"SkillPotion"},{"floor":30.0,"key":"DuplicationPotion"}],"is_trial":false,"path_per_floor":["M","$","?","M","M","R","E","R","T","?","R","E","$","E","R","B",null,"M","M","?","$","M","E","R","E","T","R","M","E","M","$","R","B"],"character_chosen":"DEFECT","items_purchased":["Rip and Tear","Hologram","TheAbacus"],"campfire_rested":2,"item_purchase_floors":[2,13,31],"current_hp_per_floor":[64,64,64,64,64,64,54,54,54,41,41,34,34,34,34,32,61,42,35,35,35,20,21,42,27,27,27,30,30,9,9,30,0,0],"gold":85,"neow_bonus":"THREE_ENEMY_KILL","is_daily":false,"chose_seed":false,"campfire_upgraded":5,"win_rate":0.0,"timestamp":1612567240,"path_taken":["M","$","?","?","?","R","E","R","T","?","R","E","$","E","R","BOSS","M","M","?","$","M","E","R","E","T","R","M","E","M","$","R","BOSS"],"items_purchased_type":["Card","Card","Relic"],"build_version":"2020-12-22","purchased_purges":2,"victory":false,"max_hp_per_floor":[71,71,71,71,71,71,71,71,71,71,71,71,71,71,71,71,71,71,71,71,71,71,71,71,71,71,71,71,71,71,71,71,71,71],"card_choices":[{"not_picked":["Consume","Chill"],"picked":"Reprogram","floor":1.0},{"not_picked":["Reinforced Body","Streamline"],"picked":"Hologram","floor":4.0},{"not_picked":["Fusion","Compile Driver"],"picked":"Sweeping Beam","floor":5.0},{"not_picked":["Turbo","Stack"],"picked":"FTL","floor":7.0},{"not_picked":["Sunder","Defragment"],"picked":"Steam","floor":10.0},{"not_picked":["Multi-Cast","Streamline","Ball Lightning"],"picked":"SKIP","floor":12.0},{"not_picked":["Blizzard","Ball Lightning"],"picked":"Self Repair","floor":14.0},{"not_picked":["Creative AI","Multi-Cast"],"picked":"Reboot","floor":16.0},{"not_picked":["Ball Lightning","Rebound","Conserve Battery"],"picked":"SKIP","floor":18.0},{"not_picked":["Rebound","Barrage"],"picked":"Aggregate+1","floor":19.0},{"not_picked":["Storm","Go for the Eyes"],"picked":"Skim","floor":22.0},{"not_picked":["Compile Driver","Coolheaded"],"picked":"Hologram","floor":23.0},{"not_picked":["Sweeping Beam","Loop","Force Field"],"picked":"SKIP","floor":25.0},{"not_picked":["Compile Driver","Barrage"],"picked":"Skim","floor":28.0},{"not_picked":["Darkness","Coolheaded","Steam Power"],"picked":"SKIP","floor":29.0},{"not_picked":["Glacier","Rebound","Capacitor"],"picked":"SKIP","floor":30.0}],"player_experience":1017209,"relics_obtained":[{"floor":7.0,"key":"PreservedInsect"},{"floor":9.0,"key":"Pen Nib"},{"floor":10.0,"key":"Whetstone"},{"floor":12.0,"key":"Art of War"},{"floor":14.0,"key":"Sundial"},{"floor":23.0,"key":"Happy Flower"},{"floor":25.0,"key":"White Beast Statue"},{"floor":29.0,"key":"StoneCalendar"}],"event_choices":[{"damage_healed":0.0,"max_hp_gain":0.0,"max_hp_loss":0.0,"gold_gain":0.0,"event_name":"Accursed Blacksmith","player_choice":"Rummage","floor":3.0,"gold_loss":0.0,"damage_taken":0.0,"relics_obtained":["WarpedTongs"],"cards_obtained":["Pain"]},{"damage_healed":0.0,"max_hp_gain":0.0,"max_hp_loss":0.0,"gold_gain":0.0,"event_name":"Dead Adventurer","player_choice":"Searched \u00271\u0027 times","floor":10.0,"gold_loss":0.0,"damage_taken":0.0},{"damage_healed":0.0,"max_hp_gain":0.0,"max_hp_loss":0.0,"gold_gain":0.0,"event_name":"The Woman in Blue","player_choice":"Bought 1 Potion","floor":20.0,"gold_loss":0.0,"damage_taken":0.0}],"is_beta":false,"boss_relics":[{"not_picked":["FrozenCore","SacredBark"],"picked":"Snecko Eye"}],"items_purged_floors":[13,21],"is_endless":false,"potions_floor_spawned":[1,4,7,14,18,22,25,28,29,30],"killed_by":"Collector","ascension_level":20}}