{"host":"67d7yvf7wgk1klfn","time":1612555814,"event":{"mods":["Aspiration","BaseMod","Colored Powertips","Conspire","Dark Map","Energized Spire","Hubris","Infinite Spire","Minty Spire (QoL Compilation)","Relic Stats","Reliquary","Replay The Spire","Slay the Relics Exporter","Smile Girya","Spire Arcade","StS++","StSLib","ojb\u0027s Better Paths Mod","ojb\u0027s Info Mod"],"gold_per_floor":[111,20,20,34,44,78,98,98,98],"floor_reached":8,"language":"ENG","playtime":293,"items_purged":[],"score":90,"play_id":"eacbde65-fe12-43b5-a8ca-9f8d312bed8f","local_time":"20210205151014","is_ascension_mode":true,"campfire_choices":[],"circlet_count":0,"master_deck":["AscendersBane","Strike_B","Strike_B","Strike_B","Strike_B","Defend_B","Defend_B","Defend_B","Defend_B","Beam Cell","Ball Lightning","Darkness","Vigilance","Eruption","Coolheaded","Leap","Auto Shields","Glacier"],"relics":["Cracked Core","aspiration:Nostalgia","Ring of the Snake","Calipers"],"acts_visited":["Exordium"],"potions_floor_usage":[6,8],"damage_taken":[{"damage":9,"enemies":"Jaw Worm","floor":1,"turns":4},{"damage":0,"enemies":"Small Slimes","floor":4,"turns":2},{"damage":4,"enemies":"conspire:RoseBush","floor":5,"turns":2},{"damage":10,"enemies":"3 Sentries","floor":6,"turns":10},{"damage":14,"enemies":"Large Slime","floor":7,"turns":5},{"damage":82,"enemies":"Gremlin Nob","floor":8,"turns":4}],"seed_played":"-4235522116679589945","potions_obtained":[{"floor":4,"key":"SkillPotion"},{"floor":5,"key":"Languid Potion"}],"is_trial":false,"path_per_floor":["M","$","?","M","M","E","M","E"],"character_chosen":"DEFECT","items_purchased":["Ball Lightning","Darkness"],"campfire_rested":0,"item_purchase_floors":[2,2],"current_hp_per_floor":[59,59,59,59,55,45,31,0,0],"gold":98,"neow_bonus":"NOSTALGIA","is_daily":false,"chose_seed":false,"campfire_upgraded":0,"win_rate":0.0,"timestamp":1612555814,"path_taken":["M","$","?","M","M","E","M","E"],"items_purchased_type":["Card","Card"],"build_version":"2020-12-22","purchased_purges":0,"victory":false,"max_hp_per_floor":[75,75,75,75,75,75,75,75,75],"relic_stats":{"counters":[6,27],"obtain_stats":[{"Calipers":6,"aspiration:Nostalgia":0,"Cracked Core":0,"Ring of the Snake":0},{"Calipers":4,"aspiration:Nostalgia":0,"Cracked Core":0,"Ring of the Snake":0},{"Calipers":18,"aspiration:Nostalgia":0,"Cracked Core":0,"Ring of the Snake":0}],"Ring of the Snake":[12]},"card_choices":[{"not_picked":["Streamline","Conserve Battery"],"picked":"Beam Cell","floor":1},{"not_picked":["ReplayTheSpireMod:System Scan","Amplify"],"picked":"Coolheaded","floor":4},{"not_picked":["Streamline","Coolheaded"],"picked":"Leap","floor":5},{"not_picked":["Streamline","Leap"],"picked":"Auto Shields","floor":6},{"not_picked":["Aggregate","Blizzard"],"picked":"Glacier","floor":7}],"player_experience":672290,"relics_obtained":[{"floor":6,"key":"Calipers"}],"event_choices":[],"is_beta":false,"boss_relics":[],"items_purged_floors":[],"is_endless":false,"potions_floor_spawned":[4,5],"killed_by":"Gremlin Nob","ascension_level":11}}