{"host":"fa35vd3kig5td25x","time":1612549411,"event":{"mods":["BaseMod","Colored Powertips","Minty Spire (QoL Compilation)","Relic Stats","Slay the Relics Exporter"],"gold_per_floor":[110,35,35,45,0,0,12,12,35,47,47,60,60,93,93,168,168,183,22,32,32,51,51,51,51],"floor_reached":24,"language":"ENG","playtime":941,"items_purged":[],"score":392,"play_id":"d27964a7-6a73-44c4-a0ca-83bf58734505","local_time":"20210205192331","is_ascension_mode":true,"campfire_choices":[{"data":"Blade Dance","floor":6,"key":"SMITH"},{"floor":11,"key":"REST"},{"data":"Dagger Spray","floor":13,"key":"SMITH"},{"data":"Leg Sweep","floor":15,"key":"SMITH"},{"floor":23,"key":"REST"}],"circlet_count":0,"master_deck":["AscendersBane","Strike_G","Strike_G","Strike_G","Defend_G","Defend_G","Defend_G","Defend_G","Defend_G","Survivor","Neutralize","Poisoned Stab","Blade Dance+1","Catalyst","Blur","Dagger Spray+1","Leg Sweep+1","Burst+1","Blade Dance+1"],"relics":["HoveringKite","Blood Vial","Singing Bowl","SlaversCollar","DollysMirror"],"acts_visited":["Exordium","TheCity"],"potions_floor_usage":[12,22,24],"damage_taken":[{"damage":10,"enemies":"Small Slimes","floor":1,"turns":5},{"damage":5,"enemies":"2 Louse","floor":4,"turns":3},{"damage":2,"enemies":"Jaw Worm","floor":7,"turns":4},{"damage":17,"enemies":"Lots of Slimes","floor":10,"turns":7},{"damage":1,"enemies":"Looter","floor":12,"turns":5},{"damage":22,"enemies":"3 Sentries","floor":14,"turns":8},{"damage":27,"enemies":"The Guardian","floor":16,"turns":22},{"damage":17,"enemies":"Spheric Guardian","floor":18,"turns":9},{"damage":0,"enemies":"Chosen","floor":20,"turns":4},{"damage":28,"enemies":"Snecko","floor":22,"turns":11},{"damage":48,"enemies":"Slavers","floor":24,"turns":4}],"seed_played":"-7828482308456552177","potions_obtained":[{"floor":4,"key":"DuplicationPotion"},{"floor":14,"key":"Explosive Potion"},{"floor":16,"key":"Poison Potion"},{"floor":18,"key":"LiquidMemories"}],"is_trial":false,"path_per_floor":["M","?","?","M","?","R","M","?","T","M","R","M","R","E","R","B",null,"M","$","M","?","M","R","E"],"character_chosen":"THE_SILENT","items_purchased":["DollysMirror"],"campfire_rested":2,"item_purchase_floors":[19],"current_hp_per_floor":[49,49,54,49,49,49,47,40,40,25,46,47,47,27,27,2,54,41,41,45,45,21,44,0,0],"gold":51,"neow_bonus":"BOSS_RELIC","is_daily":false,"chose_seed":false,"campfire_upgraded":3,"win_rate":0.0,"timestamp":1612549411,"path_taken":["M","?","?","M","?","R","M","?","T","M","R","M","R","E","R","BOSS","M","$","M","?","?","R","E"],"items_purchased_type":["Relic"],"build_version":"2020-12-22","purchased_purges":0,"victory":false,"max_hp_per_floor":[66,66,71,71,71,71,71,71,71,71,71,71,71,71,71,71,71,73,73,75,75,77,77,77,77],"relic_stats":{"Blood Vial":16,"Singing Bowl":6,"counters":[11,82],"HoveringKite":[19],"obtain_stats":[{"Blood Vial":9,"SlaversCollar":17,"Singing Bowl":14,"DollysMirror":19,"HoveringKite":0,"Ring of the Snake":0},{"Blood Vial":3,"SlaversCollar":7,"Singing Bowl":6,"DollysMirror":8,"HoveringKite":0,"Ring of the Snake":0},{"Blood Vial":12,"SlaversCollar":54,"Singing Bowl":32,"DollysMirror":63,"HoveringKite":0,"Ring of the Snake":0}]},"card_choices":[{"not_picked":["Dodge and Roll","Well Laid Plans"],"picked":"Poisoned Stab","floor":1},{"not_picked":["Flying Knee","Bane"],"picked":"Blade Dance","floor":4},{"not_picked":["Setup","Flechettes"],"picked":"Catalyst","floor":7},{"not_picked":["Concentrate","Flechettes"],"picked":"Blur","floor":10},{"not_picked":["Tools of the Trade","Dodge and Roll"],"picked":"Dagger Spray","floor":12},{"not_picked":["Flying Knee","Finisher"],"picked":"Leg Sweep","floor":14},{"not_picked":["Grand Finale","Phantasmal Killer"],"picked":"Burst","floor":16},{"not_picked":["Finisher","Dodge and Roll","Prepared"],"picked":"Singing Bowl","floor":18},{"not_picked":["Outmaneuver","Leg Sweep","Poisoned Stab"],"picked":"Singing Bowl","floor":20},{"not_picked":["Dagger Spray","Endless Agony","Dagger Throw"],"picked":"Singing Bowl","floor":22}],"player_experience":3085700,"relics_obtained":[{"floor":9,"key":"Blood Vial"},{"floor":14,"key":"Singing Bowl"}],"event_choices":[{"cards_removed":["Strike_G"],"damage_healed":0,"gold_gain":0,"player_choice":"Card Removal","damage_taken":0,"max_hp_gain":0,"max_hp_loss":0,"event_name":"The Cleric","floor":2,"gold_loss":75},{"damage_healed":0,"gold_gain":0,"player_choice":"Donut","damage_taken":0,"max_hp_gain":5,"max_hp_loss":0,"event_name":"Big Fish","floor":3,"gold_loss":0},{"damage_healed":0,"gold_gain":0,"player_choice":"Left Gold","damage_taken":0,"max_hp_gain":0,"max_hp_loss":0,"event_name":"World of Goop","floor":5,"gold_loss":45},{"cards_removed":["Strike_G"],"damage_healed":0,"gold_gain":0,"player_choice":"Card Removal","damage_taken":7,"max_hp_gain":0,"max_hp_loss":0,"event_name":"Golden Wing","floor":8,"gold_loss":0},{"damage_healed":0,"gold_gain":0,"player_choice":"Upgraded","damage_taken":0,"max_hp_gain":0,"max_hp_loss":0,"event_name":"Upgrade Shrine","floor":21,"gold_loss":0,"cards_upgraded":["Burst"]}],"is_beta":false,"boss_relics":[{"not_picked":["Calling Bell","Busted Crown"],"picked":"SlaversCollar"}],"items_purged_floors":[],"is_endless":false,"potions_floor_spawned":[4,14,16,18],"killed_by":"Slavers","ascension_level":20}}