{"host":"1ecbliur7lfoj0sl","time":1612501365,"event":{"mods":["BaseMod","Minty Spire (QoL Compilation)","StSLib","The Animator","Waifu the Spire"],"gold_per_floor":[114,114,144,144,170,170,229,229,229,179,215,140,140,172,172,184,184],"floor_reached":16,"language":"ZHS","playtime":830,"items_purged":["animator:Strike"],"score":105,"play_id":"cdeba4b8-7973-4b23-978b-7db4fc5945d4","local_time":"20210205130245","is_ascension_mode":true,"campfire_choices":[{"data":"animator:DolaSchwi","floor":6,"key":"SMITH"},{"data":"animator:IzunaHatsuse","floor":8,"key":"SMITH"},{"data":"animator:Laby","floor":13,"key":"SMITH"},{"floor":15,"key":"RECALL"}],"circlet_count":0,"master_deck":["animator:Strike_NoGameNoLife","animator:Defend_NoGameNoLife","animator:Strike","animator:Defend","animator:Defend","animator:Defend","animator:DolaSchwi+1","animator:DolaCouronne","animator:GuildGirl","animator:LeleiLaLalena","animator:IzunaHatsuse+1","animator:Laby+1"],"relics":["animator:LivingPicture","animator:TheMissingPiece","animator:PurgingStone","Golden Idol","Ancient Tea Set"],"acts_visited":["Exordium"],"potions_floor_usage":[7],"damage_taken":[{"damage":1,"enemies":"Jaw Worm","floor":1,"turns":4},{"damage":0,"enemies":"2 Louse","floor":3,"turns":3},{"damage":0,"enemies":"Small Slimes","floor":5,"turns":4},{"damage":14,"enemies":"Gremlin Nob","floor":7,"turns":4},{"damage":0,"enemies":"3 Louse","floor":11,"turns":4},{"damage":0,"enemies":"2 Fungi Beasts","floor":14,"turns":5},{"damage":40,"enemies":"Slime Boss","floor":16,"turns":12}],"seed_played":"4618243568019165990","potions_obtained":[{"floor":1,"key":"LiquidMemories"},{"floor":5,"key":"ColorlessPotion"},{"floor":14,"key":"Strength Potion"}],"is_trial":false,"path_per_floor":["M","?","M","?","M","R","E","R","T","?","M","$","R","M","R","B"],"character_chosen":"THE_ANIMATOR","items_purchased":[],"campfire_rested":0,"item_purchase_floors":[],"current_hp_per_floor":[71,71,71,53,53,53,39,39,39,39,39,39,39,39,39,0,0],"gold":184,"neow_bonus":"TEN_PERCENT_HP_BONUS","is_daily":false,"chose_seed":false,"campfire_upgraded":3,"win_rate":0.0,"timestamp":1612501365,"path_taken":["M","?","M","?","M","R","E","R","T","?","M","$","R","M","R","BOSS"],"items_purchased_type":[],"build_version":"2020-12-22","purchased_purges":1,"victory":false,"max_hp_per_floor":[72,72,72,72,72,72,72,72,72,72,72,72,72,72,72,72,72],"card_choices":[{"not_picked":["animator:IzunaHatsuse","animator:Elsword","animator:Witch"],"picked":"SKIP","floor":1},{"not_picked":["animator:Azekura","animator:Rena"],"picked":"animator:GuildGirl","floor":3},{"not_picked":["animator:ChlammyZell","animator:Elsword"],"picked":"animator:LeleiLaLalena","floor":5},{"not_picked":["animator:ChlammyZell","animator:DolaStephanie"],"picked":"animator:IzunaHatsuse","floor":7},{"not_picked":["animator:Evileye","animator:ElricAlphonse"],"picked":"animator:Laby","floor":11},{"not_picked":["animator:MaesHughes","animator:DwarfShaman","animator:Sebas"],"picked":"SKIP","floor":14}],"player_experience":12138,"relics_obtained":[{"floor":7,"key":"Ancient Tea Set"}],"event_choices":[{"damage_healed":0,"gold_gain":0,"player_choice":"Ignored","damage_taken":0,"max_hp_gain":0,"max_hp_loss":0,"event_name":"Liars Game","floor":2,"gold_loss":0},{"damage_healed":0,"gold_gain":0,"player_choice":"Take Damage","damage_taken":18,"relics_obtained":["Golden Idol"],"max_hp_gain":0,"max_hp_loss":0,"event_name":"Golden Idol","floor":4,"gold_loss":0},{"cards_removed":["animator:Strike"],"damage_healed":0,"gold_gain":0,"player_choice":"Card Removal","damage_taken":0,"max_hp_gain":0,"max_hp_loss":0,"event_name":"The Cleric","floor":10,"gold_loss":50}],"is_beta":false,"boss_relics":[],"items_purged_floors":[12],"is_endless":false,"potions_floor_spawned":[1,5,14],"killed_by":"Slime Boss","ascension_level":1}}