{"host":"lqbszw1tv2isqkrb","time":1612509599,"event":{"mods":["BaseMod","Hermit","Hubris","Minty Spire (QoL Compilation)","Quick Restart","StSLib","The Animator","The Hierophant"],"gold_per_floor":[113,124,299,299,299,332,41,41,41,67,57,57],"floor_reached":11,"language":"ENG","playtime":367,"items_purged":[],"score":94,"play_id":"a4fbfcef-7f72-4c9d-ab9d-03a9a6820052","local_time":"20210205021959","is_ascension_mode":false,"campfire_choices":[],"circlet_count":0,"master_deck":["hierophant:Strike_Hierophant","hierophant:Strike_Hierophant","hierophant:Strike_Hierophant","hierophant:Strike_Hierophant","hierophant:Punish","hierophant:Defend_Hierophant","hierophant:Defend_Hierophant","hierophant:Defend_Hierophant","hierophant:Defend_Hierophant","hierophant:ChurchCoffers","hierophant:Encroach","Doubt","hierophant:SealAway","hierophant:Endure"],"relics":["hierophant:PropheticMaskRelic","NeowsBlessing","hubris:CuriousFeather","CaptainsWheel","Golden Idol","Molten Egg 2","Odd Mushroom"],"acts_visited":["Exordium"],"potions_floor_usage":[11],"damage_taken":[{"damage":0.0,"enemies":"Small Slimes","floor":1.0,"turns":1.0},{"damage":0.0,"enemies":"2 Louse","floor":2.0,"turns":1.0},{"damage":0.0,"enemies":"3 Sentries","floor":6.0,"turns":1.0},{"damage":21.0,"enemies":"The Mushroom Lair","floor":10.0,"turns":4.0},{"damage":47,"enemies":"Lagavulin","floor":11,"turns":10}],"seed_played":"-2515641345941913336","potions_obtained":[{"floor":2.0,"key":"Weak Potion"}],"is_trial":false,"path_per_floor":["M","M","?","?","$","E","$","?","T","?","E"],"character_chosen":"HIEROPHANT","items_purchased":["CaptainsWheel"],"campfire_rested":0,"item_purchase_floors":[7],"current_hp_per_floor":[75,75,75,75,75,75,75,57,57,36,0,0],"gold":57,"neow_bonus":"THREE_ENEMY_KILL","is_daily":false,"chose_seed":false,"campfire_upgraded":0,"win_rate":0.0,"timestamp":1612509599,"path_taken":["M","M","?","?","$","E","$","?","T","?","E"],"items_purchased_type":["Relic"],"build_version":"2020-12-22","purchased_purges":0,"victory":false,"max_hp_per_floor":[75,75,75,75,75,75,75,75,75,75,75,75],"card_choices":[{"not_picked":["hierophant:Endure","hierophant:AuricBeam"],"picked":"hierophant:Encroach","floor":1.0},{"not_picked":["hierophant:Martyrdom","hierophant:ThreeLashes","hierophant:DisplayOfPower"],"picked":"SKIP","floor":2.0},{"not_picked":["hierophant:Zeal","hierophant:PassingBell","hierophant:RepressedViolence"],"picked":"SKIP","floor":6.0},{"not_picked":["hierophant:HolyVerse","hierophant:Doubloon"],"picked":"hierophant:Endure","floor":10.0}],"player_experience":405153,"relics_obtained":[{"floor":6.0,"key":"hubris:CuriousFeather"},{"floor":9.0,"key":"Molten Egg 2"},{"floor":10.0,"key":"Odd Mushroom"}],"event_choices":[{"damage_healed":0.0,"max_hp_gain":0.0,"max_hp_loss":0.0,"gold_gain":175.0,"event_name":"Liars Game","player_choice":"AGREE","floor":3.0,"gold_loss":0.0,"damage_taken":0.0,"cards_obtained":["Doubt"]},{"damage_healed":0.0,"max_hp_gain":0.0,"max_hp_loss":0.0,"gold_gain":0.0,"event_name":"Golden Idol","player_choice":"Take Damage","floor":8.0,"gold_loss":0.0,"damage_taken":18.0,"relics_obtained":["Golden Idol"]},{"damage_healed":0.0,"max_hp_gain":0.0,"max_hp_loss":0.0,"gold_gain":0.0,"event_name":"Mushrooms","player_choice":"Fought Mushrooms","floor":10.0,"gold_loss":0.0,"damage_taken":0.0}],"is_beta":false,"boss_relics":[],"items_purged_floors":[],"is_endless":false,"potions_floor_spawned":[2],"killed_by":"Lagavulin","ascension_level":0}}