{"host":"Sean","time":1612528196,"event":{"mods":["BaseMod","Block Reminder","Colored Map","Colored Powertips","Highlight Path","Minty Spire (QoL Compilation)","Permanent Neow","Relic Stats"],"gold_per_floor":[111,123,123,139,119,119,132,158,228,228,246,281,20,38,38,143,143,162,7,23,43,53,88,88,123,147,147,167,167,200,215,215,312,312,324,324,338,349,60,60,90,102,129,157,174,174,206,225,225,225,225],"floor_reached":50,"language":"ENG","playtime":4670,"items_purged":["Defend_P","Strike_P"],"score":945,"play_id":"bca07218-95bf-4d9b-aa56-279ba2d57b78","local_time":"20210205122956","is_ascension_mode":true,"campfire_choices":[{"data":"CutThroughFate","floor":6.0,"key":"SMITH"},{"data":"CutThroughFate","floor":10.0,"key":"SMITH"},{"data":"FlurryOfBlows","floor":15.0,"key":"SMITH"},{"floor":24.0,"key":"REST"},{"floor":32.0,"key":"REST"},{"floor":40.0,"key":"REST"},{"floor":49.0,"key":"RECALL"}],"circlet_count":0,"master_deck":["Strike_P","Strike_P","Strike_P","Defend_P+1","Defend_P+1","Eruption+1","Vigilance+1","CutThroughFate+1","CutThroughFate+1","Crescendo+1","FlurryOfBlows+1","WheelKick","Halt+1","Devotion","Wireheading+1","Cleave","LessonLearned+1","Backflip","Riddle With Holes","Halt+1","MentalFortress+1","Pommel Strike","EmptyFist+1","Study+1","Core Surge","Footwork+1","Sunder+1","Worship+1","TalkToTheHand","Conserve Battery+1","CrushJoints+1","Caltrops+1","Perseverance+1"],"relics":["PureWater","CaptainsWheel","StrikeDummy","Potion Belt","PrismaticShard","Fusion Hammer","Orichalcum","Regal Pillow","CloakClasp","Anchor","Letter Opener","Runic Pyramid","PreservedInsect","Smiling Mask","Question Card","Art of War"],"acts_visited":["Exordium","TheCity","TheBeyond"],"potions_floor_usage":[50,50],"damage_taken":[{"damage":0.0,"enemies":"Small Slimes","floor":1.0,"turns":2.0},{"damage":0.0,"enemies":"Cultist","floor":2.0,"turns":2.0},{"damage":2.0,"enemies":"Jaw Worm","floor":4.0,"turns":2.0},{"damage":0.0,"enemies":"3 Louse","floor":7.0,"turns":2.0},{"damage":12.0,"enemies":"Gremlin Nob","floor":8.0,"turns":3.0},{"damage":8.0,"enemies":"Blue Slaver","floor":11.0,"turns":2.0},{"damage":0.0,"enemies":"Lagavulin","floor":12.0,"turns":4.0},{"damage":6.0,"enemies":"Red Slaver","floor":14.0,"turns":2.0},{"damage":0.0,"enemies":"Slime Boss","floor":16.0,"turns":4.0},{"damage":16.0,"enemies":"3 Byrds","floor":18.0,"turns":3.0},{"damage":0.0,"enemies":"Spheric Guardian","floor":20.0,"turns":1.0},{"damage":7.0,"enemies":"Cultist and Chosen","floor":21.0,"turns":3.0},{"damage":0.0,"enemies":"Chosen and Byrds","floor":22.0,"turns":4.0},{"damage":14.0,"enemies":"Slavers","floor":23.0,"turns":5.0},{"damage":0.0,"enemies":"Book of Stabbing","floor":25.0,"turns":4.0},{"damage":0.0,"enemies":"Centurion and Healer","floor":28.0,"turns":4.0},{"damage":16.0,"enemies":"Gremlin Leader","floor":30.0,"turns":5.0},{"damage":0.0,"enemies":"Snecko","floor":31.0,"turns":2.0},{"damage":8.0,"enemies":"Champ","floor":33.0,"turns":7.0},{"damage":2.0,"enemies":"3 Darklings","floor":35.0,"turns":3.0},{"damage":3.0,"enemies":"Orb Walker","floor":37.0,"turns":3.0},{"damage":0.0,"enemies":"Maw","floor":38.0,"turns":6.0},{"damage":0.0,"enemies":"Giant Head","floor":41.0,"turns":5.0},{"damage":29.0,"enemies":"3 Darklings","floor":42.0,"turns":4.0},{"damage":6.0,"enemies":"Nemesis","floor":44.0,"turns":5.0},{"damage":0.0,"enemies":"Transient","floor":45.0,"turns":5.0},{"damage":1.0,"enemies":"Reptomancer","floor":47.0,"turns":2.0},{"damage":19.0,"enemies":"Jaw Worm Horde","floor":48.0,"turns":2.0},{"damage":25,"enemies":"Awakened One","floor":50,"turns":3}],"seed_played":"8344394934132078276","potions_obtained":[{"floor":2.0,"key":"LiquidBronze"},{"floor":4.0,"key":"SpeedPotion"},{"floor":5.0,"key":"Weak Potion"},{"floor":8.0,"key":"EntropicBrew"},{"floor":12.0,"key":"Dexterity Potion"},{"floor":18.0,"key":"ColorlessPotion"},{"floor":22.0,"key":"LiquidMemories"},{"floor":28.0,"key":"GamblersBrew"},{"floor":30.0,"key":"FearPotion"},{"floor":33.0,"key":"EssenceOfSteel"},{"floor":38.0,"key":"Explosive Potion"},{"floor":41.0,"key":"SteroidPotion"},{"floor":44.0,"key":"Strength Potion"},{"floor":46.0,"key":"SkillPotion"},{"floor":46.0,"key":"ColorlessPotion"},{"floor":48.0,"key":"SneckoOil"}],"is_trial":false,"path_per_floor":["M","M","?","M","?","R","M","E","T","R","M","E","$","M","R","B",null,"M","$","M","M","M","E","R","E","T","?","M","?","E","M","R","B",null,"M","?","M","M","$","R","E","M","T","E","M","?","E","M","R","B"],"character_chosen":"WATCHER","items_purchased":["PrismaticShard","Wireheading","Orichalcum","PreservedInsect","TalkToTheHand"],"campfire_rested":3,"item_purchase_floors":[13,13,19,39,39],"current_hp_per_floor":[72,72,72,70,70,70,70,58,58,58,50,50,50,44,44,44,65,49,49,49,42,42,28,64,64,64,51,51,51,35,35,73,65,74,72,72,69,69,69,77,77,48,48,42,42,42,41,22,22,0,0],"gold":225,"neow_bonus":"UPGRADE_CARD","is_daily":false,"chose_seed":false,"campfire_upgraded":3,"win_rate":0.0,"timestamp":1612528196,"path_taken":["M","M","?","M","?","R","?","E","T","R","M","E","$","M","R","BOSS","M","$","M","M","?","E","R","E","T","?","M","?","E","M","R","BOSS","M","?","?","M","$","R","E","M","T","E","M","?","E","M","R","BOSS"],"items_purchased_type":["Relic","Card","Relic","Relic","Card"],"build_version":"2020-12-18","purchased_purges":2,"victory":false,"max_hp_per_floor":[72,72,72,72,72,72,72,72,72,72,72,72,72,72,72,72,72,72,72,72,72,72,72,72,72,72,77,77,77,77,77,77,77,77,77,77,77,77,77,77,77,77,77,77,77,77,77,77,77,77,77],"relic_stats":{"Regal Pillow":30,"counters":[29,99],"PreservedInsect":231,"CloakClasp":[196],"Art of War":[1],"Letter Opener":[33],"Orichalcum":[54],"Smiling Mask":0,"Question Card":3,"obtain_stats":[{"Potion Belt":12,"Regal Pillow":23,"PreservedInsect":39,"CloakClasp":25,"Letter Opener":30,"Orichalcum":19,"PrismaticShard":13,"Smiling Mask":41,"Question Card":44,"CaptainsWheel":8,"Anchor":26,"Fusion Hammer":17,"Art of War":47,"PureWater":0,"StrikeDummy":9,"Runic Pyramid":34},{"Potion Belt":7,"Regal Pillow":14,"PreservedInsect":22,"CloakClasp":15,"Letter Opener":17,"Orichalcum":10,"PrismaticShard":7,"Smiling Mask":23,"Question Card":25,"CaptainsWheel":5,"Anchor":15,"Fusion Hammer":9,"Art of War":27,"PureWater":0,"StrikeDummy":5,"Runic Pyramid":19},{"Potion Belt":17,"Regal Pillow":39,"PreservedInsect":73,"CloakClasp":43,"Letter Opener":52,"Orichalcum":26,"PrismaticShard":17,"Smiling Mask":78,"Question Card":87,"CaptainsWheel":11,"Anchor":43,"Fusion Hammer":23,"Art of War":94,"PureWater":0,"StrikeDummy":11,"Runic Pyramid":61}]},"card_choices":[{"not_picked":["Protect","JustLucky"],"picked":"CutThroughFate","floor":1.0},{"not_picked":["Crescendo","FlyingSleeves"],"picked":"CutThroughFate","floor":2.0},{"not_picked":["Brilliance","Vengeance"],"picked":"Crescendo","floor":4.0},{"not_picked":["Protect","Vengeance"],"picked":"FlurryOfBlows","floor":7.0},{"not_picked":["Vengeance","JustLucky"],"picked":"WheelKick","floor":8.0},{"not_picked":["PathToVictory","FollowUp"],"picked":"Halt","floor":11.0},{"not_picked":["FearNoEvil","Prostrate"],"picked":"Devotion","floor":12.0},{"not_picked":["Beam Cell","ThirdEye"],"picked":"Cleave","floor":14.0},{"not_picked":["ConjureBlade","Offering"],"picked":"LessonLearned","floor":16.0},{"not_picked":["Stack+1","Loop+1"],"picked":"Backflip","floor":18.0},{"not_picked":["Blade Dance","FollowUp"],"picked":"Riddle With Holes","floor":20.0},{"not_picked":["Blade Dance","ClearTheMind"],"picked":"Halt+1","floor":21.0},{"not_picked":["Poisoned Stab","Chrysalis"],"picked":"MentalFortress","floor":22.0},{"not_picked":["Havoc","Darkness+1"],"picked":"Pommel Strike","floor":23.0},{"not_picked":["True Grit","Establishment"],"picked":"EmptyFist+1","floor":25.0},{"not_picked":["Body Slam+1","Clash","Mind Blast"],"picked":"SKIP","floor":28.0},{"not_picked":["BowlingBash+1","Searing Blow","Thunderclap"],"picked":"SKIP","floor":30.0},{"not_picked":["Thunder Strike","Genetic Algorithm"],"picked":"Study+1","floor":31.0},{"not_picked":["Chrysalis","Secret Weapon"],"picked":"Core Surge","floor":33.0},{"not_picked":["Shrug It Off","Pommel Strike"],"picked":"Footwork","floor":35.0},{"not_picked":["Acrobatics","ClearTheMind"],"picked":"Sunder+1","floor":37.0},{"not_picked":["Anger+1","Accuracy+1"],"picked":"Worship+1","floor":38.0},{"not_picked":["Compile Driver+1","Deadly Poison+1","Rampage"],"picked":"SKIP","floor":41.0},{"not_picked":["Cleave+1","MentalFortress","Sucker Punch+1"],"picked":"SKIP","floor":42.0},{"not_picked":["Leap","Apotheosis"],"picked":"Conserve Battery+1","floor":44.0},{"not_picked":["Blizzard","FollowUp+1","Bane+1"],"picked":"CrushJoints+1","floor":45.0},{"not_picked":["Body Slam","Bane","Storm"],"picked":"Caltrops+1","floor":47.0},{"not_picked":["Flex+1","Dagger Throw+1","Heavy Blade"],"picked":"Perseverance+1","floor":48.0}],"player_experience":526849,"relics_obtained":[{"floor":8.0,"key":"CaptainsWheel"},{"floor":9.0,"key":"StrikeDummy"},{"floor":12.0,"key":"Potion Belt"},{"floor":23.0,"key":"Regal Pillow"},{"floor":25.0,"key":"CloakClasp"},{"floor":26.0,"key":"Anchor"},{"floor":30.0,"key":"Letter Opener"},{"floor":41.0,"key":"Smiling Mask"},{"floor":44.0,"key":"Question Card"},{"floor":47.0,"key":"Art of War"}],"event_choices":[{"damage_healed":0.0,"max_hp_gain":0.0,"max_hp_loss":0.0,"gold_gain":0.0,"event_name":"Liars Game","player_choice":"Ignored","floor":3.0,"gold_loss":0.0,"damage_taken":0.0},{"damage_healed":0.0,"max_hp_gain":0.0,"max_hp_loss":0.0,"gold_gain":0.0,"event_name":"The Woman in Blue","player_choice":"Bought 1 Potion","floor":5.0,"gold_loss":0.0,"damage_taken":0.0},{"damage_healed":0.0,"max_hp_gain":5.0,"max_hp_loss":0.0,"gold_gain":0.0,"event_name":"Forgotten Altar","player_choice":"Shed Blood","floor":27.0,"gold_loss":0.0,"damage_taken":18.0},{"damage_healed":0.0,"max_hp_gain":0.0,"max_hp_loss":0.0,"gold_gain":0.0,"event_name":"Vampires","player_choice":"Ignored","floor":29.0,"gold_loss":0.0,"damage_taken":0.0},{"cards_removed":["Defend_P"],"damage_healed":0.0,"max_hp_gain":0.0,"max_hp_loss":0.0,"gold_gain":0.0,"event_name":"Purifier","player_choice":"Purged","floor":36.0,"gold_loss":0.0,"damage_taken":0.0},{"damage_healed":0.0,"max_hp_gain":0.0,"max_hp_loss":0.0,"gold_gain":0.0,"event_name":"Lab","player_choice":"Got Potions","floor":46.0,"gold_loss":0.0,"damage_taken":0.0}],"is_beta":true,"boss_relics":[{"not_picked":["Sozu","Ectoplasm"],"picked":"Fusion Hammer"},{"not_picked":["Calling Bell","Coffee Dripper"],"picked":"Runic Pyramid"}],"items_purged_floors":[13,39],"is_endless":false,"potions_floor_spawned":[2,4,7,8,12,18,22,28,30,33,38,41,44,48],"killed_by":"Awakened One","ascension_level":5}}