{"host":"5ezk7t18wcb10u1o","time":1612553066,"event":{"mods":["BaseMod","Bestiary","Colored Powertips","Minty Spire (QoL Compilation)","Relic Sorter"],"gold_per_floor":[111,126,142,142,160,160,160,174,174,174,201,201,201,201,201,275,275,289,309,309,321,333,333,353,353,353,372,372,372],"floor_reached":28,"language":"ENG","playtime":1191,"items_purged":[],"score":444,"play_id":"1ca79f59-7f2e-4c93-897e-bac25603708a","local_time":"20210205192426","is_ascension_mode":true,"campfire_choices":[{"data":"Go for the Eyes","floor":7.0,"key":"SMITH"},{"data":"Zap","floor":10.0,"key":"SMITH"},{"floor":12.0,"key":"REST"},{"floor":15.0,"key":"REST"},{"floor":23.0,"key":"REST"},{"data":"Go for the Eyes","floor":25.0,"key":"SMITH"}],"circlet_count":0,"master_deck":["AscendersBane","Defend_B","Defend_B+1","Zap+1","Dualcast+1","Go for the Eyes+1","Auto Shields","Sweeping Beam","Gash","Cold Snap","Reinforced Body+1","Streamline","All For One","Doom and Gloom+1","Electrodynamics+1","Steam Power+1","Scrape","Sweeping Beam+1","BootSequence","Lockon","Go for the Eyes+1","Coolheaded+1"],"relics":["Cracked Core","Dream Catcher","Omamori","Matryoshka","Astrolabe","Shuriken","Mummified Hand"],"acts_visited":["Exordium","TheCity"],"potions_floor_usage":[],"damage_taken":[{"damage":4.0,"enemies":"Jaw Worm","floor":1.0,"turns":3.0},{"damage":12.0,"enemies":"Small Slimes","floor":2.0,"turns":3.0},{"damage":1.0,"enemies":"2 Louse","floor":3.0,"turns":3.0},{"damage":0.0,"enemies":"Red Slaver","floor":5.0,"turns":3.0},{"damage":0.0,"enemies":"2 Fungi Beasts","floor":8.0,"turns":2.0},{"damage":6.0,"enemies":"Lagavulin","floor":11.0,"turns":7.0},{"damage":14.0,"enemies":"The Guardian","floor":16.0,"turns":11.0},{"damage":5.0,"enemies":"3 Byrds","floor":18.0,"turns":4.0},{"damage":21.0,"enemies":"Chosen","floor":19.0,"turns":4.0},{"damage":10.0,"enemies":"3 Cultists","floor":21.0,"turns":3.0},{"damage":4.0,"enemies":"Cultist and Chosen","floor":22.0,"turns":5.0},{"damage":3.0,"enemies":"Chosen and Byrds","floor":24.0,"turns":4.0},{"damage":33.0,"enemies":"Shelled Parasite and Fungi","floor":27.0,"turns":3.0},{"damage":7,"enemies":"Slavers","floor":28,"turns":2}],"seed_played":"380801481702948459","potions_obtained":[{"floor":3.0,"key":"LiquidMemories"},{"floor":5.0,"key":"DuplicationPotion"},{"floor":11.0,"key":"Weak Potion"},{"floor":19.0,"key":"FearPotion"},{"floor":24.0,"key":"FocusPotion"}],"is_trial":false,"path_per_floor":["M","M","M","?","M","?","R","M","T","R","E","R","?","?","R","B",null,"M","M","?","M","M","R","M","R","T","M","E"],"character_chosen":"DEFECT","items_purchased":[],"campfire_rested":3,"item_purchase_floors":[],"current_hp_per_floor":[42,30,29,52,52,45,45,45,45,45,39,60,39,28,49,35,62,57,36,36,26,22,43,40,40,40,7,0,0],"gold":372,"neow_bonus":"REMOVE_TWO","is_daily":false,"chose_seed":false,"campfire_upgraded":3,"win_rate":0.0,"timestamp":1612553066,"path_taken":["M","M","M","?","M","?","R","M","T","R","E","R","?","?","R","BOSS","M","M","?","?","M","R","M","R","T","M","E"],"items_purchased_type":[],"build_version":"2020-12-22","purchased_purges":0,"victory":false,"max_hp_per_floor":[71,71,71,71,71,71,71,71,71,71,71,71,71,71,71,71,71,71,71,71,71,71,71,71,71,71,71,71,71],"card_choices":[{"not_picked":["Cold Snap","BootSequence"],"picked":"Go for the Eyes","floor":1.0},{"not_picked":["FTL","Gash"],"picked":"Auto Shields","floor":2.0},{"not_picked":["Capacitor","Turbo"],"picked":"Sweeping Beam","floor":3.0},{"not_picked":["Aggregate","Ball Lightning"],"picked":"Gash","floor":5.0},{"not_picked":["Turbo","Glacier"],"picked":"Cold Snap","floor":8.0},{"not_picked":["Cold Snap","FTL"],"picked":"Reinforced Body","floor":11.0},{"not_picked":["Tempest","Force Field"],"picked":"Streamline","floor":15.0},{"not_picked":["Rainbow","Thunder Strike"],"picked":"All For One","floor":16.0},{"not_picked":["Leap","Steam"],"picked":"Scrape","floor":18.0},{"not_picked":["Streamline","Hologram"],"picked":"Sweeping Beam+1","floor":19.0},{"not_picked":["Rainbow","Capacitor"],"picked":"BootSequence","floor":21.0},{"not_picked":["Steam","Leap"],"picked":"Lockon","floor":22.0},{"not_picked":["Turbo","Tempest"],"picked":"Go for the Eyes","floor":23.0},{"not_picked":["Coolheaded","Compile Driver","Sweeping Beam"],"picked":"SKIP","floor":24.0},{"not_picked":["Go for the Eyes","Redo"],"picked":"Coolheaded+1","floor":27.0}],"player_experience":1201085,"relics_obtained":[{"floor":9.0,"key":"Dream Catcher"},{"floor":11.0,"key":"Omamori"},{"floor":26.0,"key":"Shuriken"},{"floor":26.0,"key":"Mummified Hand"}],"event_choices":[{"damage_healed":23.0,"max_hp_gain":0.0,"max_hp_loss":0.0,"gold_gain":0.0,"event_name":"Big Fish","player_choice":"Banana","floor":4.0,"gold_loss":0.0,"damage_taken":0.0},{"cards_removed":["Strike_B"],"damage_healed":0.0,"max_hp_gain":0.0,"max_hp_loss":0.0,"gold_gain":0.0,"event_name":"Golden Wing","player_choice":"Card Removal","floor":6.0,"gold_loss":0.0,"damage_taken":7.0},{"damage_healed":0.0,"max_hp_gain":0.0,"max_hp_loss":0.0,"gold_gain":0.0,"event_name":"Shining Light","player_choice":"Entered Light","floor":13.0,"gold_loss":0.0,"damage_taken":21.0,"cards_upgraded":["Defend_B","Reinforced Body"]},{"damage_healed":0.0,"max_hp_gain":0.0,"max_hp_loss":0.0,"gold_gain":0.0,"event_name":"Scrap Ooze","player_choice":"Success","floor":14.0,"gold_loss":0.0,"damage_taken":11.0,"relics_obtained":["Matryoshka"]},{"damage_healed":0.0,"max_hp_gain":0.0,"max_hp_loss":0.0,"gold_gain":0.0,"event_name":"Accursed Blacksmith","player_choice":"Forge","floor":20.0,"gold_loss":0.0,"damage_taken":0.0,"cards_upgraded":["Dualcast"]}],"is_beta":false,"boss_relics":[{"not_picked":["Runic Dome","Snecko Eye"],"picked":"Astrolabe"}],"items_purged_floors":[],"is_endless":false,"potions_floor_spawned":[3,5,11,19,24],"killed_by":"Slavers","ascension_level":20}}