{"host":"d52brwsy6af8zvaq","time":1612497343,"event":{"mods":["AchievementEnabler","BaseMod","Bestiary","Highlight Path","Minty Spire (QoL Compilation)","Quick Restart","Relic Stats","ojb\u0027s Better Paths Mod"],"gold_per_floor":[211,226,226,245,13,48,48,65,91,120,70,83,112,131,131,205,205,218,155,172,59,79,79,94,94,94],"floor_reached":25,"language":"ENG","playtime":2287,"items_purged":["Strike_B","Strike_B","Defend_B","Strike_B+1"],"score":500,"play_id":"c2204eda-8cd1-4547-a171-dc833bc87eb5","local_time":"20210204205543","is_ascension_mode":true,"campfire_choices":[{"data":"Zap","floor":7.0,"key":"SMITH"},{"data":"Defragment","floor":15.0,"key":"SMITH"},{"data":"Echo Form","floor":23.0,"key":"SMITH"}],"circlet_count":0,"master_deck":["AscendersBane","Strike_B+1","Defend_B","Defend_B","Defend_B","Zap+1","Dualcast","Doom and Gloom","Coolheaded","Steam","Streamline","Leap","Loop","Defragment+1","Glacier","Beam Cell","Reinforced Body","Steam","Echo Form+1","Aggregate","White Noise"],"relics":["Cracked Core","Membership Card","Omamori","Akabeko","Whetstone","Potion Belt","Inserter"],"acts_visited":["Exordium","TheCity"],"potions_floor_usage":[25,25],"damage_taken":[{"damage":10.0,"enemies":"Small Slimes","floor":1.0,"turns":4.0},{"damage":0.0,"enemies":"Cultist","floor":2.0,"turns":3.0},{"damage":0.0,"enemies":"2 Louse","floor":4.0,"turns":3.0},{"damage":13.0,"enemies":"3 Sentries","floor":6.0,"turns":7.0},{"damage":5.0,"enemies":"Gremlin Gang","floor":8.0,"turns":3.0},{"damage":0.0,"enemies":"Lagavulin","floor":10.0,"turns":6.0},{"damage":1.0,"enemies":"Large Slime","floor":12.0,"turns":5.0},{"damage":8.0,"enemies":"3 Sentries","floor":13.0,"turns":7.0},{"damage":0.0,"enemies":"Looter","floor":14.0,"turns":3.0},{"damage":21.0,"enemies":"Hexaghost","floor":16.0,"turns":11.0},{"damage":1.0,"enemies":"Spheric Guardian","floor":18.0,"turns":6.0},{"damage":5.0,"enemies":"Chosen","floor":20.0,"turns":5.0},{"damage":0.0,"enemies":"Snake Plant","floor":22.0,"turns":5.0},{"damage":5,"enemies":"Sentry and Sphere","floor":24,"turns":12},{"damage":61,"enemies":"Slavers","floor":25,"turns":4}],"seed_played":"6935241494987023793","potions_obtained":[{"floor":1.0,"key":"Swift Potion"},{"floor":4.0,"key":"FocusPotion"},{"floor":10.0,"key":"Ancient Potion"},{"floor":14.0,"key":"LiquidBronze"},{"floor":20.0,"key":"Regen Potion"}],"is_trial":false,"path_per_floor":["M","M","?","M","$","E","R","M","T","E","$","M","E","M","R","B",null,"M","$","M","$","M","R","M","E"],"character_chosen":"DEFECT","items_purchased":["Membership Card","Leap","Aggregate"],"campfire_rested":0,"item_purchase_floors":[5,5,21],"current_hp_per_floor":[54,54,54,54,54,41,41,36,36,36,36,35,27,27,27,6,55,54,54,49,49,49,49,44,0,0],"gold":94,"neow_bonus":"HUNDRED_GOLD","is_daily":false,"chose_seed":false,"campfire_upgraded":3,"win_rate":0.0,"timestamp":1612497343,"path_taken":["M","M","?","M","$","E","R","M","T","E","?","?","E","M","R","BOSS","M","$","M","$","M","R","M","E"],"items_purchased_type":["Relic","Card","Card"],"build_version":"2020-12-22","purchased_purges":4,"victory":false,"max_hp_per_floor":[71,71,71,71,71,71,71,71,71,71,71,71,71,71,71,71,71,71,71,71,71,71,71,71,71,71],"relic_stats":{"Inserter":[16],"counters":[15,84],"Whetstone":["Strike_B","Strike_B"],"obtain_stats":[{"Potion Belt":13,"Inserter":17,"Omamori":6,"Membership Card":5,"Whetstone":10,"Cracked Core":0,"Akabeko":9},{"Potion Belt":8,"Inserter":10,"Omamori":4,"Membership Card":3,"Whetstone":6,"Cracked Core":0,"Akabeko":5},{"Potion Belt":38,"Inserter":52,"Omamori":17,"Membership Card":10,"Whetstone":26,"Cracked Core":0,"Akabeko":20}]},"card_choices":[{"not_picked":["Tempest","Hello World"],"picked":"Doom and Gloom","floor":1.0},{"not_picked":["Melter","Scrape"],"picked":"Coolheaded","floor":2.0},{"not_picked":["Consume","Sweeping Beam"],"picked":"Streamline","floor":4.0},{"not_picked":["Melter","Barrage"],"picked":"Loop","floor":6.0},{"not_picked":["Steam Power","Steam"],"picked":"Defragment","floor":8.0},{"not_picked":["Barrage","Rebound"],"picked":"Glacier","floor":10.0},{"not_picked":["Sweeping Beam","Rebound"],"picked":"Beam Cell","floor":12.0},{"not_picked":["Chill","Rip and Tear"],"picked":"Reinforced Body","floor":13.0},{"not_picked":["Consume","Loop"],"picked":"Steam","floor":14.0},{"not_picked":["Creative AI","Reboot"],"picked":"Echo Form","floor":16.0},{"not_picked":["Cold Snap","Compile Driver","Gash"],"picked":"SKIP","floor":18.0},{"not_picked":["Heatsinks+1","Gash","Glacier"],"picked":"SKIP","floor":20.0},{"not_picked":["Leap","Steam"],"picked":"White Noise","floor":22.0},{"not_picked":["Rebound","Chaos","Go for the Eyes"],"picked":"SKIP","floor":24}],"player_experience":2144408,"relics_obtained":[{"floor":6.0,"key":"Omamori"},{"floor":9.0,"key":"Akabeko"},{"floor":10.0,"key":"Whetstone"},{"floor":13.0,"key":"Potion Belt"}],"event_choices":[{"damage_healed":0.0,"max_hp_gain":0.0,"max_hp_loss":0.0,"gold_gain":0.0,"event_name":"Match and Keep!","player_choice":"1 cards matched","floor":3.0,"gold_loss":0.0,"damage_taken":0.0,"cards_obtained":["Steam"]}],"is_beta":false,"boss_relics":[{"not_picked":["SlaversCollar","Sozu"],"picked":"Inserter"}],"items_purged_floors":[5,11,19,21],"is_endless":false,"potions_floor_spawned":[1,4,10,12,14,20],"killed_by":"Slavers","ascension_level":20}}