{"host":"z4nt7tdd4gjrinn7","time":1612542616,"event":{"mods":["100% Spire Juice","BaseMod","Minty Spire (QoL Compilation)","StS++","StSLib","The Hierophant"],"gold_per_floor":[118,135,66,81,81,81,98,98,122,122,149,149,149,166,166,264,264,275,292,39,57,57,57,57],"floor_reached":23,"language":"ENG","playtime":3504,"items_purged":[],"score":191,"play_id":"8b3a5344-ba17-4bd8-8caa-d8ee0e0b31a5","local_time":"20210205113016","is_ascension_mode":false,"campfire_choices":[{"floor":6,"key":"REST"},{"floor":10,"key":"REST"},{"floor":12,"key":"REST"},{"data":"Ball Lightning","floor":15,"key":"SMITH"}],"circlet_count":0,"master_deck":["Strike_B","Strike_B","Strike_B","Strike_B","Defend_B","Defend_B","Defend_B","Defend_B","Zap","Dualcast","Darkness","Streamline","Chill","Capacitor","Ball Lightning+1","Glacier","Conserve Battery","StSpp:Saturation","Turbo+1","Force Field","Self Repair"],"relics":["Cracked Core","Smiling Mask","Ancient Tea Set","Black Star","Pantograph","MutagenicStrength"],"acts_visited":["Exordium","TheCity"],"potions_floor_usage":[11,11,21,21],"damage_taken":[{"damage":1,"enemies":"Cultist","floor":1,"turns":4},{"damage":1,"enemies":"2 Louse","floor":2,"turns":2},{"damage":14,"enemies":"Jaw Worm","floor":4,"turns":4},{"damage":18,"enemies":"3 Louse","floor":7,"turns":3},{"damage":25,"enemies":"Gremlin Nob","floor":11,"turns":3},{"damage":0,"enemies":"Exordium Thugs","floor":14,"turns":4},{"damage":25,"enemies":"The Guardian","floor":16,"turns":14},{"damage":25,"enemies":"3 Byrds","floor":18,"turns":6},{"damage":0,"enemies":"Chosen","floor":19,"turns":4},{"damage":19,"enemies":"Centurion and Healer","floor":21,"turns":11},{"damage":38,"enemies":"Book of Stabbing","floor":23,"turns":7}],"seed_played":"-2964858626428289047","potions_obtained":[{"floor":1,"key":"Block Potion"},{"floor":2,"key":"SteroidPotion"},{"floor":7,"key":"PowerPotion"},{"floor":8,"key":"Fire Potion"},{"floor":14,"key":"Weak Potion"},{"floor":16,"key":"Swift Potion"}],"is_trial":false,"path_per_floor":["M","M","$","M","?","R","M","?","T","R","E","R","$","M","R","B",null,"M","M","$","M","?","E"],"character_chosen":"DEFECT","items_purchased":["Chill","Pantograph"],"campfire_rested":3,"item_purchase_floors":[3,20],"current_hp_per_floor":[81,80,80,66,66,82,64,64,64,82,57,81,81,81,81,56,82,57,57,57,38,38,0,0],"gold":57,"neow_bonus":"TEN_PERCENT_HP_BONUS","is_daily":false,"chose_seed":false,"campfire_upgraded":1,"win_rate":0.0,"timestamp":1612542616,"path_taken":["M","M","$","M","?","R","M","?","T","R","E","R","$","?","R","BOSS","M","M","?","M","?","E"],"items_purchased_type":["Card","Relic"],"build_version":"2020-12-22","purchased_purges":0,"victory":false,"max_hp_per_floor":[82,82,82,82,82,82,82,82,82,82,82,82,82,82,82,82,82,82,82,82,82,82,82,82],"card_choices":[{"not_picked":["Go for the Eyes","Compile Driver"],"picked":"Darkness","floor":1},{"not_picked":["Reprogram","Rebound"],"picked":"Streamline","floor":2},{"not_picked":["Coolheaded","Redo"],"picked":"Capacitor","floor":4},{"not_picked":["Leap","Steam"],"picked":"Ball Lightning","floor":7},{"not_picked":["Go for the Eyes","Steam Power"],"picked":"Glacier","floor":11},{"not_picked":["Coolheaded","Cold Snap"],"picked":"Conserve Battery","floor":14},{"not_picked":["Fission","All For One"],"picked":"StSpp:Saturation","floor":16},{"not_picked":["Chill","Recycle"],"picked":"Turbo+1","floor":18},{"not_picked":["Hologram","Consume+1"],"picked":"Force Field","floor":19},{"not_picked":["StSpp:Fierceness","Scrape"],"picked":"Self Repair","floor":21}],"player_experience":180988,"relics_obtained":[{"floor":9,"key":"Smiling Mask"},{"floor":11,"key":"Ancient Tea Set"}],"event_choices":[{"damage_healed":0,"gold_gain":0,"player_choice":"Leave","damage_taken":0,"max_hp_gain":0,"max_hp_loss":0,"event_name":"The Cleric","floor":5,"gold_loss":0},{"damage_healed":0,"gold_gain":0,"player_choice":"Got Potions","damage_taken":0,"max_hp_gain":0,"max_hp_loss":0,"event_name":"Lab","floor":8,"gold_loss":0},{"damage_healed":0,"gold_gain":0,"player_choice":"Inject Mutagens","damage_taken":0,"relics_obtained":["MutagenicStrength"],"max_hp_gain":0,"max_hp_loss":0,"event_name":"Drug Dealer","floor":22,"gold_loss":0}],"is_beta":false,"boss_relics":[{"not_picked":["Calling Bell","FrozenCore"],"picked":"Black Star"}],"items_purged_floors":[],"is_endless":false,"potions_floor_spawned":[1,2,7,14,16],"killed_by":"Book of Stabbing","ascension_level":0}}