{"host":"yecadp3kwkksam5a","time":1612538554,"event":{"mods":["100% Spire Juice","Arknights","BaseMod","Minty Spire (QoL Compilation)","StSLib","SuperFastMode","The Cursed","WarShipGirlsR/??á´Ò³R mod"],"gold_per_floor":[117,117,140,156,181,181,181,224,224,240,69,105,105,121,121,212,212,235,54,54,79,4,4,43,43,43,79,92,123,123,136,136,225,225,240,253,253,266,246,279,302,317,365,365,380,380,171,194,194,194,194,194,33,77,77],"floor_reached":56,"language":"KOR","playtime":2215,"items_purged":["Strike_R","Strike_R","Defend_R"],"score":1963,"play_id":"a7d7bd8e-6cb8-468f-8452-6838b8435c52","local_time":"20210206002234","is_ascension_mode":true,"campfire_choices":[{"data":"Armaments","floor":7.0,"key":"SMITH"},{"floor":13.0,"key":"REST"},{"data":"Evolve","floor":15.0,"key":"SMITH"},{"floor":23.0,"key":"RECALL"},{"data":"Fire Breathing","floor":25.0,"key":"SMITH"},{"data":"Second Wind","floor":32.0,"key":"SMITH"},{"floor":44.0,"key":"REST"},{"data":"Dark Embrace","floor":46.0,"key":"SMITH"},{"data":"Juggernaut","floor":49.0,"key":"SMITH"},{"data":"Feel No Pain","floor":52.0,"key":"SMITH"}],"circlet_count":0,"master_deck":["AscendersBane","Defend_R","Bash","Shrug It Off","Evolve+1","Armaments+1","Power Through","Uppercut+1","Shockwave","Second Wind+1","Pommel Strike+1","Headbutt+1","Fiend Fire+1","Fire Breathing+1","Feel No Pain+1","Pommel Strike+1","Dropkick+1","Body Slam+1","Immolate+1","Fire Breathing","Juggernaut+1","Battle Trance+1","Parasite","Dark Embrace+1","Power Through","Seeing Red","Barricade"],"relics":["Burning Blood","Golden Idol","Molten Egg 2","Paper Frog","Self Forming Clay","Mark of Pain","Bag of Marbles","CaptainsWheel","Matryoshka","Potion Belt","SlaversCollar","Toy Ornithopter","MealTicket","ClockworkSouvenir","Lantern"],"acts_visited":["Exordium","TheCity","TheBeyond","TheEnding"],"potions_floor_usage":[55,55],"damage_taken":[{"damage":5.0,"enemies":"Small Slimes","floor":1.0,"turns":6.0},{"damage":4.0,"enemies":"2 Louse","floor":3.0,"turns":5.0},{"damage":4.0,"enemies":"Jaw Worm","floor":4.0,"turns":4.0},{"damage":16.0,"enemies":"Large Slime","floor":5.0,"turns":14.0},{"damage":26.0,"enemies":"Lagavulin","floor":8.0,"turns":9.0},{"damage":6.0,"enemies":"Looter","floor":10.0,"turns":5.0},{"damage":6.0,"enemies":"Gremlin Nob","floor":12.0,"turns":4.0},{"damage":0.0,"enemies":"Exordium Wildlife","floor":14.0,"turns":4.0},{"damage":20.0,"enemies":"Hexaghost","floor":16.0,"turns":11.0},{"damage":0.0,"enemies":"Spheric Guardian","floor":18.0,"turns":3.0},{"damage":26.0,"enemies":"2 Thieves","floor":21.0,"turns":4.0},{"damage":7.0,"enemies":"Gremlin Leader","floor":24.0,"turns":4.0},{"damage":14.0,"enemies":"Slavers","floor":27.0,"turns":4.0},{"damage":10.0,"enemies":"Snake Plant","floor":28.0,"turns":3.0},{"damage":3.0,"enemies":"Book of Stabbing","floor":29.0,"turns":4.0},{"damage":0.0,"enemies":"3 Cultists","floor":31.0,"turns":4.0},{"damage":9.0,"enemies":"Collector","floor":33.0,"turns":7.0},{"damage":4.0,"enemies":"3 Darklings","floor":35.0,"turns":5.0},{"damage":22.0,"enemies":"Orb Walker","floor":36.0,"turns":5.0},{"damage":24.0,"enemies":"4 Shapes","floor":38.0,"turns":3.0},{"damage":15.0,"enemies":"Reptomancer","floor":40.0,"turns":4.0},{"damage":0.0,"enemies":"Writhing Mass","floor":41.0,"turns":3.0},{"damage":0.0,"enemies":"Maw","floor":42.0,"turns":5.0},{"damage":6.0,"enemies":"3 Darklings","floor":45.0,"turns":3.0},{"damage":35.0,"enemies":"Jaw Worm Horde","floor":48.0,"turns":3.0},{"damage":46.0,"enemies":"Awakened One","floor":50.0,"turns":9.0},{"damage":31.0,"enemies":"Shield and Spear","floor":54.0,"turns":6.0},{"damage":20,"enemies":"The Heart","floor":55,"turns":7}],"seed_played":"5863309294751589851","potions_obtained":[{"floor":3.0,"key":"Weak Potion"},{"floor":8.0,"key":"Dexterity Potion"},{"floor":24.0,"key":"Dexterity Potion"},{"floor":31.0,"key":"FairyPotion"},{"floor":33.0,"key":"FearPotion"},{"floor":36.0,"key":"HeartOfIron"},{"floor":41.0,"key":"DistilledChaos"},{"floor":48.0,"key":"Energy Potion"},{"floor":54.0,"key":"Swift Potion"}],"is_trial":false,"path_per_floor":["M","?","M","M","M","?","R","E","T","M","$","E","R","M","R","B",null,"M","$","?","M","?","R","E","R","T","E","M","E","$","M","R","B",null,"M","M","?","M","?","E","M","M","T","R","M","R","$","M","R","B",null,"R","$","E","B",null],"character_chosen":"IRONCLAD","items_purchased":["Second Wind","Pommel Strike+1","Fire Breathing","Power Through","ClockworkSouvenir"],"campfire_rested":2,"item_purchase_floors":[11,11,19,47,53],"current_hp_per_floor":[68,45,47,49,39,39,39,19,19,19,19,19,39,45,45,31,59,65,65,65,45,45,45,44,44,44,36,32,35,35,41,41,38,61,63,47,47,29,29,20,26,32,32,52,52,52,67,38,38,26,58,58,68,43,39],"gold":77,"neow_bonus":"REMOVE_TWO","is_daily":false,"chose_seed":false,"campfire_upgraded":7,"win_rate":0.0,"timestamp":1612538554,"path_taken":["M","?","M","M","M","?","R","E","T","?","$","E","R","M","R","BOSS","M","$","?","M","?","R","E","R","T","E","M","E","?","M","R","BOSS","BOSS","M","M","?","M","?","E","M","M","T","R","M","R","?","M","R","BOSS","R","$","E","BOSS"],"items_purchased_type":["Card","Card","Card","Card","Relic"],"build_version":"2020-12-22","purchased_purges":3,"victory":true,"max_hp_per_floor":[68,68,68,68,68,68,68,68,68,68,68,68,68,68,68,68,68,68,68,68,68,68,68,68,68,68,68,68,68,68,68,68,68,68,68,68,68,68,68,68,68,68,68,68,68,68,68,68,68,68,68,68,68,68,68],"card_choices":[{"not_picked":["Heavy Blade","Thunderclap"],"picked":"Shrug It Off","floor":1.0},{"not_picked":["Limit Break","Heavy Blade"],"picked":"Evolve","floor":3.0},{"not_picked":["Clash","Warcry"],"picked":"Armaments","floor":4.0},{"not_picked":["Entrench","Metallicize"],"picked":"Power Through","floor":5.0},{"not_picked":["Entrench","Juggernaut"],"picked":"Uppercut+1","floor":8.0},{"not_picked":["Shrug It Off","Battle Trance"],"picked":"Shockwave","floor":10.0},{"not_picked":["Perfected Strike+1","Heavy Blade+1"],"picked":"Headbutt+1","floor":12.0},{"not_picked":["Rupture","Reaper+1","Perfected Strike+1"],"picked":"SKIP","floor":14.0},{"not_picked":["Feed+1","Offering"],"picked":"Fiend Fire+1","floor":16.0},{"not_picked":["Sword Boomerang+1","Flex","Whirlwind+1"],"picked":"SKIP","floor":18.0},{"not_picked":["Evolve","Anger+1","Pommel Strike+1"],"picked":"SKIP","floor":21.0},{"not_picked":["Dual Wield","Hemokinesis+1","Carnage+1"],"picked":"SKIP","floor":24.0},{"not_picked":["Impervious","Clash+1","Twin Strike+1"],"picked":"SKIP","floor":27.0},{"not_picked":["Clash+1","Armaments","Cleave+1"],"picked":"SKIP","floor":28.0},{"not_picked":["Shrug It Off","Uppercut+1","Perfected Strike+1"],"picked":"SKIP","floor":29.0},{"not_picked":["Hemokinesis+1","Double Tap"],"picked":"Dropkick+1","floor":31.0},{"not_picked":["Twin Strike+1","Sword Boomerang+1","Clothesline+1"],"picked":"SKIP","floor":35.0},{"not_picked":["Headbutt+1","Iron Wave+1"],"picked":"Body Slam+1","floor":36.0},{"not_picked":["Cleave+1","Whirlwind+1"],"picked":"Immolate+1","floor":38.0},{"not_picked":[],"picked":"Fire Breathing","floor":39.0},{"not_picked":[],"picked":"Juggernaut","floor":39.0},{"not_picked":["Clothesline+1","Flex"],"picked":"Battle Trance+1","floor":40.0},{"not_picked":["Headbutt+1","Armaments","Second Wind"],"picked":"SKIP","floor":41.0},{"not_picked":["Second Wind+1","Rampage+1","Spot Weakness"],"picked":"SKIP","floor":42.0},{"not_picked":["Heavy Blade+1","Corruption"],"picked":"Dark Embrace","floor":45.0},{"not_picked":["Seeing Red","Body Slam+1","Pommel Strike+1"],"picked":"SKIP","floor":48.0},{"not_picked":["Body Slam+1","Pommel Strike+1"],"picked":"Seeing Red","floor":48.0},{"not_picked":["Headbutt+1","Inflame"],"picked":"Barricade","floor":54.0}],"player_experience":605864,"relics_obtained":[{"floor":8.0,"key":"Molten Egg 2"},{"floor":9.0,"key":"Paper Frog"},{"floor":12.0,"key":"Self Forming Clay"},{"floor":24.0,"key":"Bag of Marbles"},{"floor":26.0,"key":"CaptainsWheel"},{"floor":27.0,"key":"Matryoshka"},{"floor":29.0,"key":"Potion Belt"},{"floor":40.0,"key":"Toy Ornithopter"},{"floor":43.0,"key":"MealTicket"},{"floor":54.0,"key":"Lantern"}],"event_choices":[{"damage_healed":0.0,"max_hp_gain":0.0,"max_hp_loss":0.0,"gold_gain":0.0,"event_name":"Golden Idol","player_choice":"Take Damage","floor":2.0,"gold_loss":0.0,"damage_taken":23.0,"relics_obtained":["Golden Idol"]},{"damage_healed":0.0,"max_hp_gain":0.0,"max_hp_loss":0.0,"gold_gain":0.0,"event_name":"Liars Game","player_choice":"Ignored","floor":6.0,"gold_loss":0.0,"damage_taken":0.0},{"damage_healed":0.0,"max_hp_gain":0.0,"max_hp_loss":0.0,"gold_gain":0.0,"cards_transformed":["Defend_R","Strike_R"],"event_name":"Drug Dealer","player_choice":"Became Test Subject","floor":20.0,"gold_loss":0.0,"damage_taken":0.0,"cards_obtained":["Feel No Pain","Pommel Strike"]},{"cards_removed":["Defend_R"],"damage_healed":0.0,"max_hp_gain":0.0,"max_hp_loss":0.0,"gold_gain":0.0,"event_name":"Beggar","player_choice":"Gave Gold","floor":22.0,"gold_loss":75.0,"damage_taken":0.0},{"damage_healed":0.0,"max_hp_gain":0.0,"max_hp_loss":0.0,"gold_gain":0.0,"event_name":"Tomb of Lord Red Mask","player_choice":"Ignored","floor":37.0,"gold_loss":0.0,"damage_taken":0.0}],"is_beta":false,"boss_relics":[{"not_picked":["Ectoplasm","Runic Dome"],"picked":"Mark of Pain"},{"not_picked":["Sozu","Pandora\u0027s Box"],"picked":"SlaversCollar"}],"items_purged_floors":[11,19,47],"is_endless":false,"potions_floor_spawned":[3,8,10,12,16,21,24,27,31,33,36,41,48,54],"ascension_level":16}}