{"host":"5jdby9iqu3ct6557","time":1612486464,"event":{"mods":["BaseMod","DeckTracker","Highlight Path","Minty Spire (QoL Compilation)","Relic Stats","StSLib"],"gold_per_floor":[112,37,53,53,53,86,86,129,211,211,136,152,191,212,212,310,310,288,311,261,286,306,52,52,52,134,148,167,167,188,204,204,293,293,318,343,4,4,4,4,4,4],"floor_reached":41,"language":"ENG","playtime":4489,"items_purged":["Strike_B","Strike_B"],"score":876,"play_id":"53df5f73-3ca2-4114-aaf0-b905798cf5ff","local_time":"20210204195424","is_ascension_mode":true,"campfire_choices":[{"data":"Zap","floor":7,"key":"SMITH"},{"data":"Rainbow","floor":10,"key":"SMITH"},{"data":"Coolheaded","floor":15,"key":"SMITH"},{"floor":24,"key":"REST"},{"floor":32,"key":"REST"},{"floor":40,"key":"RECALL"}],"circlet_count":0,"master_deck":["AscendersBane","Defend_B","Defend_B","Defend_B","Zap+1","Coolheaded+1","Leap","Undo","Rainbow+1","Compile Driver","BootSequence","Multi-Cast+1","Barrage","Defragment","Ball Lightning+1","Turbo","Meteor Strike","Amplify","Reboot","Defragment","Skim","Buffer","Glacier+1","Madness","Madness"],"relics":["Cracked Core","NeowsBlessing","Golden Idol","Smiling Mask","Boot","Singing Bowl","Akabeko","Runic Pyramid","Symbiotic Virus","Coffee Dripper","Ice Cream"],"acts_visited":["Exordium","TheCity","TheBeyond"],"potions_floor_usage":[13,13,16,21,28,35],"damage_taken":[{"damage":0,"enemies":"Jaw Worm","floor":1,"turns":1},{"damage":0,"enemies":"2 Louse","floor":3,"turns":1},{"damage":1,"enemies":"3 Sentries","floor":6,"turns":2},{"damage":0,"enemies":"Lagavulin","floor":8,"turns":6},{"damage":0,"enemies":"Cultist","floor":12,"turns":4},{"damage":15,"enemies":"Gremlin Nob","floor":13,"turns":4},{"damage":5,"enemies":"Exordium Wildlife","floor":14,"turns":4},{"damage":22,"enemies":"Slime Boss","floor":16,"turns":11},{"damage":13,"enemies":"2 Thieves","floor":18,"turns":5},{"damage":0,"enemies":"Chosen","floor":19,"turns":4},{"damage":10,"enemies":"Snake Plant","floor":21,"turns":5},{"damage":0,"enemies":"Centurion and Healer","floor":22,"turns":6},{"damage":0,"enemies":"Snecko","floor":27,"turns":4},{"damage":1,"enemies":"Snake Plant","floor":28,"turns":2},{"damage":0,"enemies":"Chosen and Byrds","floor":30,"turns":4},{"damage":22,"enemies":"Sentry and Sphere","floor":31,"turns":8},{"damage":25,"enemies":"Champ","floor":33,"turns":17},{"damage":5,"enemies":"3 Shapes","floor":35,"turns":5},{"damage":6,"enemies":"Orb Walker","floor":36,"turns":5},{"damage":58,"enemies":"3 Darklings","floor":41,"turns":5}],"seed_played":"-4904647351187865617","potions_obtained":[{"floor":3,"key":"Weak Potion"},{"floor":6,"key":"SneckoOil"},{"floor":13,"key":"Fire Potion"},{"floor":18,"key":"LiquidMemories"},{"floor":30,"key":"FearPotion"},{"floor":33,"key":"Regen Potion"},{"floor":36,"key":"Explosive Potion"}],"is_trial":false,"path_per_floor":["M","$","M","?","?","E","R","E","T","R","?","M","E","M","R","B",null,"M","M","?","M","M","$","R","?","T","M","M","?","M","M","R","B",null,"M","M","$","?","?","R","M"],"character_chosen":"DEFECT","items_purchased":["Turbo","Meteor Strike","Fire Potion","Ice Cream"],"campfire_rested":2,"item_purchase_floors":[23,23,23,37],"current_hp_per_floor":[64,64,64,64,64,63,63,63,63,63,63,65,50,45,45,23,55,44,44,44,34,34,34,54,54,54,54,53,47,47,27,48,23,58,67,63,63,50,50,50,0,0],"gold":4,"neow_bonus":"THREE_ENEMY_KILL","is_daily":false,"chose_seed":false,"campfire_upgraded":3,"win_rate":0.0,"timestamp":1612486464,"path_taken":["M","$","M","?","?","E","R","E","T","R","?","M","E","M","R","BOSS","M","M","?","?","M","$","R","?","T","M","M","?","?","M","R","BOSS","M","M","$","?","?","R","M"],"items_purchased_type":["Card","Card","Potion","Relic"],"build_version":"2020-12-22","purchased_purges":2,"victory":false,"max_hp_per_floor":[71,71,71,71,64,64,64,64,64,64,64,66,66,66,66,66,66,68,68,68,68,68,68,68,68,68,68,68,68,68,70,70,70,70,70,72,72,72,72,72,72,72],"relic_stats":{"Singing Bowl":8,"counters":[20,103],"Golden Idol":111,"Smiling Mask":50,"Boot":[17],"obtain_stats":[{"Ice Cream":37,"NeowsBlessing":0,"Singing Bowl":9,"Golden Idol":5,"Coffee Dripper":34,"Cracked Core":0,"Smiling Mask":6,"Boot":8,"Symbiotic Virus":26,"Akabeko":13,"Runic Pyramid":17},{"Ice Cream":19,"NeowsBlessing":0,"Singing Bowl":4,"Golden Idol":2,"Coffee Dripper":17,"Cracked Core":0,"Smiling Mask":3,"Boot":4,"Symbiotic Virus":12,"Akabeko":6,"Runic Pyramid":8},{"Ice Cream":98,"NeowsBlessing":0,"Singing Bowl":10,"Golden Idol":2,"Coffee Dripper":88,"Cracked Core":0,"Smiling Mask":4,"Boot":10,"Symbiotic Virus":53,"Akabeko":18,"Runic Pyramid":33}]},"card_choices":[{"not_picked":["Redo","Stack"],"picked":"Coolheaded","floor":1},{"not_picked":["Barrage","Hologram"],"picked":"Leap","floor":3},{"not_picked":["Cold Snap","Leap"],"picked":"Rainbow","floor":6},{"not_picked":["Tempest","Consume","Conserve Battery"],"picked":"Singing Bowl","floor":12},{"not_picked":["Gash","Stack"],"picked":"Compile Driver","floor":13},{"not_picked":["Tempest","Chill"],"picked":"BootSequence","floor":14},{"not_picked":["Meteor Strike","Reboot"],"picked":"Multi-Cast","floor":16},{"not_picked":["Gash","Coolheaded","Rebound"],"picked":"Singing Bowl","floor":18},{"not_picked":["Rip and Tear","Sunder"],"picked":"Barrage","floor":19},{"not_picked":["Hologram","Gash"],"picked":"Defragment","floor":21},{"not_picked":["Streamline","Compile Driver"],"picked":"Ball Lightning+1","floor":22},{"not_picked":["Reprogram","Redo"],"picked":"Reboot","floor":27},{"not_picked":["Go for the Eyes","Reinforced Body+1"],"picked":"Defragment","floor":28},{"not_picked":["Steam+1","Go for the Eyes"],"picked":"Skim","floor":30},{"not_picked":["Streamline","Gash","Cold Snap"],"picked":"Singing Bowl","floor":31},{"not_picked":["Core Surge","All For One"],"picked":"Buffer","floor":33},{"not_picked":["Coolheaded","Sweeping Beam"],"picked":"Glacier+1","floor":35},{"not_picked":["Streamline","Auto Shields+1","Melter"],"picked":"Singing Bowl","floor":36}],"player_experience":2510863,"relics_obtained":[{"floor":6,"key":"Smiling Mask"},{"floor":8,"key":"Boot"},{"floor":9,"key":"Singing Bowl"},{"floor":13,"key":"Akabeko"},{"floor":26,"key":"Symbiotic Virus"}],"event_choices":[{"damage_healed":0,"gold_gain":0,"cards_transformed":["Strike_B"],"player_choice":"Change","damage_taken":0,"max_hp_gain":0,"max_hp_loss":0,"event_name":"Living Wall","floor":4,"gold_loss":0,"cards_obtained":["Undo"]},{"damage_healed":0,"gold_gain":0,"player_choice":"Lose Max HP","damage_taken":0,"relics_obtained":["Golden Idol"],"max_hp_gain":0,"max_hp_loss":7,"event_name":"Golden Idol","floor":5,"gold_loss":0},{"cards_removed":["Strike_B"],"damage_healed":0,"gold_gain":0,"player_choice":"Card Removal","damage_taken":0,"max_hp_gain":0,"max_hp_loss":0,"event_name":"The Cleric","floor":11,"gold_loss":75},{"damage_healed":0,"gold_gain":0,"player_choice":"Upgrade","damage_taken":0,"max_hp_gain":0,"max_hp_loss":0,"event_name":"Designer","floor":20,"gold_loss":50,"cards_upgraded":["Multi-Cast"]},{"damage_healed":0,"gold_gain":0,"cards_transformed":["Defend_B","Dualcast"],"player_choice":"Became Test Subject","damage_taken":0,"max_hp_gain":0,"max_hp_loss":0,"event_name":"Drug Dealer","floor":25,"gold_loss":0,"cards_obtained":["Amplify","Machine Learning"]},{"damage_healed":0,"gold_gain":0,"player_choice":"","damage_taken":6,"max_hp_gain":0,"max_hp_loss":0,"event_name":"Knowing Skull","floor":29,"potions_obtained":[],"gold_loss":0,"cards_obtained":[]},{"damage_healed":0,"gold_gain":0,"player_choice":"Embrace Madness","damage_taken":13,"max_hp_gain":0,"max_hp_loss":0,"event_name":"Winding Halls","floor":38,"gold_loss":0,"cards_obtained":["Madness","Madness"]},{"cards_removed":["Machine Learning"],"damage_healed":0,"gold_gain":0,"player_choice":"Removed Power","damage_taken":0,"max_hp_gain":0,"max_hp_loss":0,"event_name":"Falling","floor":39,"gold_loss":0}],"is_beta":false,"boss_relics":[{"not_picked":["Nuclear Battery","SlaversCollar"],"picked":"Runic Pyramid"},{"not_picked":["Snecko Eye","Astrolabe"],"picked":"Coffee Dripper"}],"items_purged_floors":[2,23],"is_endless":false,"potions_floor_spawned":[3,6,13,18,30,33,36],"killed_by":"3 Darklings","ascension_level":20}}