{"host":"23qk1co0p3p8qz56","time":1612513373,"event":{"mods":["100% Spire Juice","AchievementEnabler","Act Like it!","Arknights","BaseMod","Better Note","Better Third Choice","BetterRewards","CapriCore","Chen","Colored Map","Gensokyo","Gold Saver","KinomotoSakuraMod(木之本?)","Koishi","Lobotomy","LobotomyExtend","Marisa（霧雨　魔理沙）","Minty Spire (QoL Compilation)","Prisma Mod","Reimu（博??梦）","StSLib","The Alterego","The Animator","The Immortal","The Senshi","Waifu the Spire","Yakumo Yukari mod"],"gold_per_floor":[133,144,155,173,173,173,192,209,209,209,209,209],"floor_reached":11,"language":"ENG","playtime":678,"items_purged":[],"score":67,"play_id":"b584b1e6-7f27-4b99-9242-d1f9362b657a","local_time":"20210205012253","is_ascension_mode":false,"campfire_choices":[{"floor":6,"key":"REST"},{"data":"ClowCardTheVoice","floor":10,"key":"SMITH"}],"circlet_count":0,"master_deck":["ClowCardTheSword","ClowCardTheSword","ClowCardTheSword","ClowCardTheSword","ClowCardTheShield","ClowCardTheShield","ClowCardTheShield","ClowCardTheShield","SpellCardSeal","SpellCardRelease","ClowCardTheVoice+1","ClowCardTheFreeze+1","ClowCardTheMirror","ClowCardTheRain","ClowCardTheLock+1","ClowCardTheLibra","ClowCardTheStorm"],"relics":["KSMOD_SealedBook","KSMOD_SealedWand","LetterFromLob","KSMOD_YukitosBentoBox"],"acts_visited":["Exordium"],"potions_floor_usage":[],"damage_taken":[{"damage":1,"enemies":"Jaw Worm","floor":1,"turns":3},{"damage":0,"enemies":"Small Slimes","floor":2,"turns":1},{"damage":0,"enemies":"2 Louse","floor":3,"turns":2},{"damage":0,"enemies":"Looter","floor":4,"turns":2},{"damage":17,"enemies":"Large Slime","floor":7,"turns":6},{"damage":3,"enemies":"2 Fungi Beasts","floor":8,"turns":3},{"damage":51,"enemies":"Gremlin Nob","floor":11,"turns":4}],"seed_played":"318601333101629699","potions_obtained":[{"floor":3,"key":"ColorlessPotion"},{"floor":4,"key":"LiquidBronze"},{"floor":8,"key":"Fruit Juice"}],"is_trial":false,"path_per_floor":["M","M","M","M","?","R","M","M","T","R","E"],"character_chosen":"KINOMOTOSAKURA","items_purchased":[],"campfire_rested":1,"item_purchase_floors":[],"current_hp_per_floor":[69,69,69,69,55,70,53,50,50,50,0,0],"gold":209,"neow_bonus":"THREE_CARDS","is_daily":false,"chose_seed":false,"campfire_upgraded":1,"win_rate":0.0,"timestamp":1612513373,"path_taken":["M","M","M","M","?","R","M","M","T","R","E"],"items_purchased_type":[],"build_version":"2020-12-22","purchased_purges":0,"victory":false,"max_hp_per_floor":[70,70,70,70,70,70,70,70,70,70,70,70],"card_choices":[{"not_picked":["ClowCardTheFreeze","ClowCardTheMist"],"picked":"ClowCardTheVoice","floor":0},{"not_picked":["ClowCardTheCloud","ClowCardTheLoop"],"picked":"ClowCardTheFreeze","floor":1},{"not_picked":["ClowCardTheLock","ClowCardTheChange"],"picked":"ClowCardTheMirror","floor":2},{"not_picked":["ClowCardTheSleep","ClowCardTheSand"],"picked":"ClowCardTheRain","floor":3},{"not_picked":["ClowCardTheIllusion","ClowCardTheMist"],"picked":"ClowCardTheLock","floor":4},{"not_picked":["ClowCardTheArrow","ClowCardTheShot"],"picked":"ClowCardTheLibra","floor":7},{"not_picked":["ClowCardTheMirror","ClowCardThePower"],"picked":"ClowCardTheStorm","floor":8}],"player_experience":31454,"relics_obtained":[{"floor":1,"key":"LetterFromLob"},{"floor":9,"key":"KSMOD_YukitosBentoBox"}],"event_choices":[{"damage_healed":69,"gold_gain":0,"player_choice":"Upgrade","damage_taken":14,"max_hp_gain":0,"max_hp_loss":70,"event_name":"betterThird:BetterShining","floor":5,"gold_loss":0,"cards_upgraded":["ClowCardTheLock","ClowCardTheFreeze"]}],"is_beta":false,"boss_relics":[],"items_purged_floors":[],"is_endless":false,"potions_floor_spawned":[3,4,8],"killed_by":"Gremlin Nob","ascension_level":0}}