{"host":"nowlnq08cups5y6x","time":1612494201,"event":{"mods":["2.2 Compatiblity","AchievementEnabler","Aspiration","BaseMod","Beaked The Cultist","Better Altar","Better Match","Better Note","Better Sensory Stone","Better Silent Start","Better Skull","Better Third Choice","BetterRewards","Colored Map","Colored Powertips","Conspire","Curses Come First","Defuse TimeMaze Blight","Energized Spire","Gold Saver","Grow up Mod","Halation","Hero for Fun","Highlight Path","Hubris","Infinite Spire","Minty Spire (QoL Compilation)","Permanent Neow","Rare Cards Sparkle","Reliquary","Remove Card Discount Mod","Replay The Spire","SacredBarkPlus","Shop Mod","Spicy Shops","StS++","StSLib","The Cursed","Transform Curses","UnlockEverythingMod"],"gold_per_floor":[80,80,80,134,145,145,145,163,163,192,192,209,284,299,299,404,404,420,430,430,430,441,441,472,492,492,492,527,527,537,557,557,659,659,675,701,712,712,712,712,712,727,750,767,767,792,792,892,892,892,892,892,892,923,923],"floor_reached":56,"language":"ENG","playtime":651,"items_purged":["Defend_Y","Defend_Y","Defend_Y"],"score":1766,"play_id":"6dbab37c-4f20-4c8e-99cb-69ae0212ae70","local_time":"20210204220321","is_ascension_mode":true,"campfire_choices":[{"floor":6,"key":"RECALL"},{"data":"Slap","floor":11,"key":"SMITH"},{"data":"Strike_Y","floor":23,"key":"SMITH"},{"data":"Strike_Y","floor":27,"key":"SMITH"},{"data":"Defend_Y","floor":32,"key":"PURGE"},{"data":"Strike_Y","floor":41,"key":"SMITH"},{"data":"Strike_Y","floor":45,"key":"SMITH"},{"data":"Slap","floor":49,"key":"SMITH"},{"data":"Slap","floor":52,"key":"SMITH"}],"circlet_count":0,"master_deck":["Strike_Y+1","Strike_Y+1","Strike_Y+1","Strike_Y+1","Strike_Y+1","Slap+1","Slap+1","Slap+1","Slap","Slap","Serious_Side_Hops","Slap+1","Normal_Punch","Normal_Punch+1","Slap+1","Slap"],"relics":["Cape"],"acts_visited":["Exordium","TheCity","TheBeyond","TheEnding"],"potions_floor_usage":[28],"damage_taken":[{"damage":0,"enemies":"Small Slimes","floor":1,"turns":1},{"damage":0,"enemies":"2 Louse","floor":5,"turns":1},{"damage":0,"enemies":"conspire:RoseBush","floor":8,"turns":1},{"damage":0,"enemies":"Lagavulin","floor":10,"turns":1},{"damage":0,"enemies":"Exordium Thugs","floor":12,"turns":1},{"damage":0,"enemies":"Looter","floor":14,"turns":1},{"damage":0,"enemies":"Slime Boss","floor":16,"turns":1},{"damage":0,"enemies":"Spheric Guardian","floor":18,"turns":1},{"damage":0,"enemies":"Shell Parasite","floor":19,"turns":1},{"damage":0,"enemies":"Cultist and Chosen","floor":22,"turns":1},{"damage":0,"enemies":"Replay:Snechameleon","floor":24,"turns":1},{"damage":0,"enemies":"Snake Plant","floor":25,"turns":1},{"damage":0,"enemies":"Slavers","floor":28,"turns":1},{"damage":0,"enemies":"3 Cultists","floor":30,"turns":1},{"damage":0,"enemies":"Cultist and Chosen","floor":31,"turns":1},{"damage":0,"enemies":"conspire:MysteriousRune","floor":33,"turns":1},{"damage":0,"enemies":"3 Shapes","floor":35,"turns":1},{"damage":0,"enemies":"conspire:MimicChest","floor":36,"turns":1},{"damage":0,"enemies":"3 Darklings","floor":37,"turns":1},{"damage":0,"enemies":"4 Shapes","floor":40,"turns":1},{"damage":0,"enemies":"Jaw Worm Horde","floor":42,"turns":1},{"damage":0,"enemies":"Transient","floor":44,"turns":1},{"damage":0,"enemies":"Reptomancer","floor":46,"turns":1},{"damage":0,"enemies":"hubris:GrandSnecko","floor":50,"turns":1},{"damage":0,"enemies":"Shield and Spear","floor":54,"turns":1},{"damage":0,"enemies":"The Heart","floor":55,"turns":3}],"seed_played":"2611033839694576942","potions_obtained":[{"floor":14,"key":"DistilledChaos"},{"floor":24,"key":"FairyPotion"},{"floor":28,"key":"Fruit Juice"},{"floor":30,"key":"SteroidPotion"}],"is_trial":false,"path_per_floor":["M","?","?","T","M","R","?","M","T","E","R","M","?","M","R_BF","B",null,"M","M","?","?","M","R","E","M","T","R","E","?","M","M","R_BF","B",null,"M","?","M","?","?","M","R","M","T","M","R","E","$","?","R","B",null,"R","$","E","B",null],"character_chosen":"OPM","items_purchased":[],"campfire_rested":0,"item_purchase_floors":[],"current_hp_per_floor":[1019,1029,1039,1049,1059,1069,1079,1089,1099,1109,1119,1129,1139,1149,1159,1169,1179,1189,1199,1209,1219,1229,1239,1249,1259,1269,1279,1294,1304,1314,1324,1334,1344,1354,1364,1374,1384,1394,1404,1414,1424,1434,1444,1454,1464,1474,1484,1494,1504,1514,1524,1534,1544,1554,1564],"gold":923,"neow_bonus":"RANDOM_COLORLESS","is_daily":false,"chose_seed":false,"campfire_upgraded":7,"win_rate":0.0,"timestamp":1612494201,"path_taken":["M","?","?","?","M","R","?","?","T","E","R","M","?","M","R_BF","BOSS","M","M","?","?","?","R","E","M","T","R","E","?","M","M","R_BF","BOSS","M","?","M","?","?","?","R","M","T","M","R","E","?","?","R","BOSS","R","$","E","BOSS"],"items_purchased_type":[],"build_version":"2020-12-22","purchased_purges":3,"victory":true,"max_hp_per_floor":[1019,1029,1039,1049,1059,1069,1079,1089,1099,1109,1119,1129,1139,1149,1159,1169,1179,1189,1199,1209,1219,1229,1239,1249,1259,1269,1279,1294,1304,1314,1324,1334,1344,1354,1364,1374,1384,1394,1404,1414,1424,1434,1444,1454,1464,1474,1484,1494,1504,1514,1524,1534,1544,1554,1564],"card_choices":[{"not_picked":["Side_Hop","Consecutive_Normal_Punch","Yawn"],"picked":"SKIP","floor":1},{"not_picked":["Side_Hop","Yawn"],"picked":"Slap","floor":5},{"not_picked":["Yawn","Wear_Disguise"],"picked":"Slap","floor":8},{"not_picked":["Consecutive_Normal_Punch","Wear_Disguise"],"picked":"Slap","floor":10},{"not_picked":["Yawn","Hop"],"picked":"Slap","floor":12},{"not_picked":["Normal_Punch","Toss_Stone"],"picked":"Do_Nothing","floor":14},{"not_picked":["Oh","Serious_Punch"],"picked":"Serious_Side_Hops","floor":16},{"not_picked":["Yawn","Hop+1","Do_Nothing"],"picked":"SKIP","floor":18},{"not_picked":["Yawn+1","Wear_Disguise","Side_Hop"],"picked":"SKIP","floor":19},{"not_picked":["Ignore","Do_Nothing+1"],"picked":"Slap+1","floor":22},{"not_picked":["Hop+1","Ignore"],"picked":"Normal_Punch","floor":24},{"not_picked":["Hop+1","Wear_Disguise"],"picked":"Normal_Punch+1","floor":25},{"not_picked":["Consecutive_Normal_Punch","Hop","Ignore"],"picked":"SKIP","floor":28},{"not_picked":["Consecutive_Normal_Punch","Do_Nothing","Ignore+1"],"picked":"SKIP","floor":30},{"not_picked":["Consecutive_Normal_Punch","Hop","Ignore"],"picked":"SKIP","floor":31},{"not_picked":["Side_Hop","Hop+1"],"picked":"Slap+1","floor":35},{"not_picked":["Normal_Punch","Consecutive_Normal_Punch+1","Toss_Stone+1"],"picked":"SKIP","floor":37},{"not_picked":["Hop+1","Normal_Punch+1","Toss_Stone+1"],"picked":"SKIP","floor":40},{"not_picked":["Do_Nothing","Toss_Stone+1"],"picked":"Slap","floor":42},{"not_picked":["Ignore","Hop","Side_Hop+1"],"picked":"SKIP","floor":44},{"not_picked":["Terrifying_Presence","Wear_Disguise+1","Consecutive_Normal_Punch"],"picked":"SKIP","floor":46},{"not_picked":["Toss_Stone+1","Consecutive_Normal_Punch+1","Yawn+1"],"picked":"SKIP","floor":54}],"player_experience":532874,"relics_obtained":[],"event_choices":[{"damage_healed":0,"gold_gain":0,"player_choice":"Disagree","damage_taken":0,"max_hp_gain":0,"max_hp_loss":0,"event_name":"conspire:LoneGhost","floor":2,"gold_loss":0},{"cards_removed":["Defend_Y"],"damage_healed":0,"gold_gain":0,"player_choice":"Offered Basic","damage_taken":0,"max_hp_gain":0,"max_hp_loss":0,"event_name":"Bonfire Elementals","floor":7,"gold_loss":0},{"damage_healed":0,"gold_gain":75,"player_choice":"Gold","damage_taken":11,"max_hp_gain":0,"max_hp_loss":0,"event_name":"betterThird:BetterGoop","floor":13,"gold_loss":0},{"cards_removed":["Do_Nothing"],"damage_healed":0,"gold_gain":0,"player_choice":"Elegance","damage_taken":0,"max_hp_gain":0,"max_hp_loss":0,"event_name":"betterThird:BetterWriting","floor":20,"gold_loss":0},{"damage_healed":0,"gold_gain":0,"player_choice":"Upgraded","damage_taken":0,"max_hp_gain":0,"max_hp_loss":0,"event_name":"Upgrade Shrine","floor":39,"gold_loss":0,"cards_upgraded":["Strike_Y"]},{"damage_healed":0,"gold_gain":100,"player_choice":"Pray","damage_taken":0,"max_hp_gain":0,"max_hp_loss":0,"event_name":"Golden Shrine","floor":48,"gold_loss":0}],"is_beta":false,"boss_relics":[{"not_picked":["energizedSpire:DeadBattery","Cursed Key","ReplayTheSpireMod:DimensionalGlitch"]},{"not_picked":["Calling Bell","hubris:Backtick","conspire:SpecialSausage"]}],"items_purged_floors":[47,47,47],"is_endless":false,"potions_floor_spawned":[8,10,14,24,28,30,36,42,44,46,54],"ascension_level":2}}