{"host":"6gwm7y0tp7acoxay","time":1612530235,"event":{"mods":["BaseMod","Colored Map","Keyboard Shortcuts","Minty Spire (QoL Compilation)","Quick Restart","StSLib","SuperFastMode","everything is the same but u backflip on backflip"],"gold_per_floor":[117,137,137,137,137,170,204,235,235,235,247,272,272,272,272,349,349,369,123,123,123,123,154,179,195,218,258,295,507,553,585,597,697,709,739,751,782,110,110,139,174,216,288,314,189,209,209,59,59,59,59,59,59,59,85,85],"floor_reached":57,"language":"KOR","playtime":2377,"items_purged":["Infernal Blade","Thunderclap","Shrug It Off","Fire Breathing"],"score":3826,"play_id":"6081752f-bde5-49bb-826c-d1c79fef20e5","local_time":"20210205220355","daily_mods":["SealedDeck","Heirloom","Flight"],"is_ascension_mode":true,"campfire_choices":[{"data":"Shockwave","floor":10.0,"key":"SMITH"},{"data":"Double Tap","floor":15.0,"key":"SMITH"},{"data":"Uppercut","floor":32.0,"key":"SMITH"},{"floor":47,"key":"RECALL"},{"floor":49,"key":"DIG"},{"data":"Evolve","floor":53,"key":"SMITH"}],"circlet_count":0,"master_deck":["AscendersBane","Pummel+1","Power Through+1","True Grit","Dropkick","Rage","Armaments+1","Shockwave+1","Dropkick","Disarm+1","Double Tap+1","Inflame","Burning Pact","Offering+1","CurseOfTheBell","Uppercut+1","Barricade+1","Madness","Evolve+1"],"relics":["Burning Blood","Torii","Mummified Hand","Meat on the Bone","Toy Ornithopter","InkBottle","Calling Bell","Lantern","Pear","Prayer Wheel","War Paint","MutagenicStrength","Oddly Smooth Stone","Anchor","MawBank","FossilizedHelix","Bag of Marbles","CeramicFish","Busted Crown","Medical Kit","TungstenRod","Boot","Happy Flower","Vajra","Mercury Hourglass","Shovel","HornCleat","Pen Nib"],"acts_visited":["Exordium","TheCity","TheBeyond","TheEnding"],"potions_floor_usage":[55,56],"damage_taken":[{"damage":1.0,"enemies":"Cultist","floor":1.0,"turns":5.0},{"damage":1.0,"enemies":"Jaw Worm","floor":2.0,"turns":4.0},{"damage":10.0,"enemies":"3 Sentries","floor":6.0,"turns":4.0},{"damage":17.0,"enemies":"Lagavulin","floor":7.0,"turns":8.0},{"damage":7.0,"enemies":"3 Sentries","floor":8.0,"turns":5.0},{"damage":1.0,"enemies":"Small Slimes","floor":11.0,"turns":4.0},{"damage":0.0,"enemies":"Lagavulin","floor":12.0,"turns":5.0},{"damage":5.0,"enemies":"Hexaghost","floor":16.0,"turns":7.0},{"damage":6.0,"enemies":"3 Byrds","floor":18.0,"turns":5.0},{"damage":6.0,"enemies":"Gremlin Leader","floor":23.0,"turns":4.0},{"damage":7.0,"enemies":"Book of Stabbing","floor":24.0,"turns":4.0},{"damage":6.0,"enemies":"Chosen","floor":25.0,"turns":2.0},{"damage":6.0,"enemies":"Slavers","floor":27.0,"turns":2.0},{"damage":0.0,"enemies":"Gremlin Leader","floor":28.0,"turns":2.0},{"damage":6.0,"enemies":"Slavers","floor":30.0,"turns":4.0},{"damage":10.0,"enemies":"Shelled Parasite and Fungi","floor":31.0,"turns":4.0},{"damage":1.0,"enemies":"Automaton","floor":33.0,"turns":6.0},{"damage":0.0,"enemies":"Orb Walker","floor":35.0,"turns":4.0},{"damage":0.0,"enemies":"3 Darklings","floor":37.0,"turns":3.0},{"damage":0.0,"enemies":"Giant Head","floor":40.0,"turns":5.0},{"damage":24.0,"enemies":"Reptomancer","floor":41.0,"turns":7.0},{"damage":0.0,"enemies":"Giant Head","floor":42.0,"turns":4.0},{"damage":0.0,"enemies":"Nemesis","floor":44.0,"turns":4.0},{"damage":15,"enemies":"Spire Growth","floor":46,"turns":3},{"damage":0,"enemies":"Awakened One","floor":50,"turns":5},{"damage":5,"enemies":"Donu and Deca","floor":51,"turns":6},{"damage":55,"enemies":"Shield and Spear","floor":55,"turns":5},{"damage":0,"enemies":"The Heart","floor":56,"turns":6}],"seed_played":"344385172817744675","potions_obtained":[{"floor":1.0,"key":"Strength Potion"},{"floor":8.0,"key":"BloodPotion"},{"floor":11.0,"key":"BloodPotion"},{"floor":18.0,"key":"GamblersBrew"},{"floor":30.0,"key":"PowerPotion"},{"floor":41.0,"key":"SpeedPotion"},{"floor":55,"key":"Swift Potion"}],"is_trial":true,"path_per_floor":["M","M","?","?","?","E","E","E","T","R","M","E","?","?","R","B",null,"M","$","?","?","?","E","E","M","T","E","E","?","E","M","R","B",null,"M","?","M","$","?","E","E","E","T","E","$","M","R","$","R","B","B",null,"R","$","E","B",null],"character_chosen":"IRONCLAD","items_purchased":["War Paint","Medical Kit","TungstenRod","Madness"],"campfire_rested":0,"item_purchase_floors":[19,38,38,38],"current_hp_per_floor":[73,75,75,52,45,41,30,41,41,41,66,72,72,77,77,80,90,90,90,90,90,90,90,89,89,89,90,90,90,90,86,86,90,90,90,90,90,90,90,90,72,78,78,84,84,75,75,75,75,81,82,88,88,88,62,73],"gold":85,"neow_bonus":"","is_daily":false,"chose_seed":false,"campfire_upgraded":4,"win_rate":0.0,"timestamp":1612530235,"path_taken":["M","M","?","?","?","E","E","E","T","R","?","E","?","?","R","BOSS","M","$","?","?","?","E","E","M","T","E","E","?","E","?","R","BOSS","M","?","?","$","?","E","E","E","T","E","$","?","R","?","R","BOSS","BOSS","R","$","E","BOSS"],"items_purchased_type":["Relic","Relic","Relic","Card"],"build_version":"2020-12-22","purchased_purges":4,"victory":true,"max_hp_per_floor":[75,75,75,75,75,75,75,75,75,75,75,75,75,80,80,80,90,90,90,90,90,90,90,90,90,90,90,90,90,90,90,90,90,90,90,90,90,90,90,90,90,90,90,90,90,90,90,90,90,90,90,90,90,90,90,90],"card_choices":[{"not_picked":["Entrench","Combust","Headbutt"],"picked":"SKIP","floor":1.0},{"not_picked":["Sword Boomerang","Wild Strike"],"picked":"Dropkick","floor":2.0},{"not_picked":["Infernal Blade","Clothesline"],"picked":"Shrug It Off","floor":6.0},{"not_picked":["Burning Pact","Thunderclap"],"picked":"Disarm","floor":7.0},{"not_picked":["Dark Embrace","Heavy Blade"],"picked":"Double Tap","floor":8.0},{"not_picked":["Sever Soul","Twin Strike"],"picked":"Inflame","floor":11.0},{"not_picked":["Armaments","Sword Boomerang"],"picked":"Burning Pact","floor":12.0},{"not_picked":["Limit Break","Brutality"],"picked":"Offering","floor":16.0},{"not_picked":["Wild Strike","Dropkick+1","True Grit"],"picked":"SKIP","floor":18.0},{"not_picked":["Clothesline","Flex","Spot Weakness"],"picked":"SKIP","floor":18.0},{"not_picked":["Rupture","Dark Embrace","Body Slam"],"picked":"SKIP","floor":23.0},{"not_picked":["Corruption","Headbutt","Sword Boomerang"],"picked":"SKIP","floor":24.0},{"not_picked":["Clash","Wild Strike","Anger"],"picked":"SKIP","floor":25.0},{"not_picked":["Bludgeon","Blood for Blood+1","Heavy Blade"],"picked":"SKIP","floor":25.0},{"not_picked":["Heavy Blade","Warcry","Clothesline"],"picked":"SKIP","floor":27.0},{"not_picked":["Clash","Sentinel","Anger"],"picked":"SKIP","floor":28.0},{"not_picked":["Demon Form","Pommel Strike"],"picked":"Uppercut","floor":30.0},{"not_picked":["Cleave","Clash","Pommel Strike"],"picked":"SKIP","floor":31.0},{"not_picked":["Heavy Blade","Clothesline","Flex+1"],"picked":"SKIP","floor":31.0},{"not_picked":["Corruption","Fiend Fire"],"picked":"Barricade","floor":33.0},{"not_picked":["Bloodletting"],"picked":"SKIP","floor":35.0},{"not_picked":["Entrench+1"],"picked":"SKIP","floor":35.0},{"not_picked":["Anger"],"picked":"SKIP","floor":37.0},{"not_picked":["Fire Breathing+1"],"picked":"SKIP","floor":37.0},{"not_picked":["Havoc+1"],"picked":"SKIP","floor":40.0},{"not_picked":["Inflame"],"picked":"SKIP","floor":41.0},{"not_picked":[],"picked":"Evolve","floor":42.0},{"not_picked":["Perfected Strike"],"picked":"SKIP","floor":44.0},{"not_picked":["Clothesline+1"],"picked":"SKIP","floor":46},{"not_picked":["Dark Embrace"],"picked":"SKIP","floor":46},{"not_picked":["Pommel Strike"],"picked":"SKIP","floor":55}],"player_experience":4484996,"relics_obtained":[{"floor":6.0,"key":"Mummified Hand"},{"floor":7.0,"key":"Meat on the Bone"},{"floor":8.0,"key":"Toy Ornithopter"},{"floor":12.0,"key":"InkBottle"},{"floor":17.0,"key":"Lantern"},{"floor":17.0,"key":"Pear"},{"floor":17.0,"key":"Prayer Wheel"},{"floor":23.0,"key":"Oddly Smooth Stone"},{"floor":24.0,"key":"Anchor"},{"floor":26.0,"key":"MawBank"},{"floor":27.0,"key":"FossilizedHelix"},{"floor":28.0,"key":"Bag of Marbles"},{"floor":30.0,"key":"CeramicFish"},{"floor":40.0,"key":"Boot"},{"floor":41.0,"key":"Happy Flower"},{"floor":42.0,"key":"Vajra"},{"floor":43.0,"key":"Mercury Hourglass"},{"floor":44.0,"key":"Shovel"},{"floor":49,"key":"HornCleat"},{"floor":55,"key":"Pen Nib"}],"event_choices":[{"damage_healed":0.0,"max_hp_gain":0.0,"max_hp_loss":0.0,"gold_gain":0.0,"event_name":"Liars Game","player_choice":"Ignored","floor":3.0,"gold_loss":0.0,"damage_taken":0.0},{"damage_healed":0.0,"max_hp_gain":0.0,"max_hp_loss":0.0,"gold_gain":0.0,"event_name":"Shining Light","player_choice":"Entered Light","floor":4.0,"gold_loss":0.0,"damage_taken":23.0,"cards_upgraded":["Pummel","Armaments"]},{"cards_removed":["Shrug It Off"],"damage_healed":0.0,"max_hp_gain":0.0,"max_hp_loss":0.0,"gold_gain":0.0,"event_name":"Golden Wing","player_choice":"Card Removal","floor":5.0,"gold_loss":0.0,"damage_taken":7.0},{"damage_healed":0.0,"max_hp_gain":0.0,"max_hp_loss":0.0,"gold_gain":0.0,"event_name":"Living Wall","player_choice":"Grow","floor":13.0,"gold_loss":0.0,"damage_taken":0.0,"cards_upgraded":["Disarm"]},{"damage_healed":0.0,"max_hp_gain":5.0,"max_hp_loss":0.0,"gold_gain":0.0,"event_name":"Big Fish","player_choice":"Donut","floor":14.0,"gold_loss":0.0,"damage_taken":0.0},{"damage_healed":0.0,"max_hp_gain":0.0,"max_hp_loss":0.0,"gold_gain":0.0,"event_name":"The Library","player_choice":"Read","floor":20.0,"gold_loss":0.0,"damage_taken":0.0,"cards_obtained":["Thunderclap"]},{"damage_healed":0.0,"max_hp_gain":0.0,"max_hp_loss":0.0,"gold_gain":0.0,"event_name":"Vampires","player_choice":"Ignored","floor":21.0,"gold_loss":0.0,"damage_taken":0.0},{"damage_healed":0.0,"max_hp_gain":0.0,"max_hp_loss":0.0,"gold_gain":0.0,"event_name":"Drug Dealer","player_choice":"Inject Mutagens","floor":22.0,"gold_loss":0.0,"damage_taken":0.0,"relics_obtained":["MutagenicStrength"]},{"damage_healed":0.0,"max_hp_gain":0.0,"max_hp_loss":0.0,"gold_gain":200.0,"event_name":"Wheel of Change","player_choice":"Gold","floor":29.0,"gold_loss":0.0,"damage_taken":0.0},{"damage_healed":0.0,"max_hp_gain":0.0,"max_hp_loss":0.0,"gold_gain":0.0,"event_name":"Accursed Blacksmith","player_choice":"Forge","floor":36.0,"gold_loss":0.0,"damage_taken":0.0,"cards_upgraded":["Barricade"]},{"damage_healed":0.0,"max_hp_gain":0.0,"max_hp_loss":0.0,"gold_gain":0.0,"event_name":"Transmorgrifier","player_choice":"Ignored","floor":39.0,"gold_loss":0.0,"damage_taken":0.0}],"is_beta":false,"boss_relics":[{"not_picked":["Snecko Eye","SacredBark"],"picked":"Calling Bell"},{"not_picked":["Runic Cube","Philosopher\u0027s Stone"],"picked":"Busted Crown"}],"items_purged_floors":[19,38,45,48],"is_endless":false,"potions_floor_spawned":[1,8,11,12,18,24,30,31,41,42,44,55],"ascension_level":20}}