{"host":"f5gffvlv6a66yqkd","time":1612524692,"event":{"mods":["2.2 Compatiblity","BaseMod","Colored Map","Custom Start","DeckTracker","Keyboard Shortcuts","Minty Spire (QoL Compilation)","Permanent Neow","Quick Restart","Relic Stats","StSLib","SuperFastMode"],"gold_per_floor":[116,391,410,410,101,135,161,184,184,184,227,227,257,277,277,384,443,467,392,401,420,50,50,61,71,97,97,117,128,128,146,146,146,146],"floor_reached":33,"language":"KOR","playtime":1219,"items_purged":["Regret"],"score":348,"play_id":"21766572-74c1-4271-bf50-cf15ffa2e9e9","local_time":"20210205203132","is_ascension_mode":true,"campfire_choices":[{"data":"Bash","floor":10.0,"key":"SMITH"},{"data":"Bludgeon","floor":12.0,"key":"SMITH"},{"data":"Shrug It Off","floor":15.0,"key":"SMITH"},{"data":"Body Slam","floor":23.0,"key":"SMITH"},{"data":"Entrench","floor":27.0,"key":"SMITH"},{"floor":32.0,"key":"REST"}],"circlet_count":0,"master_deck":["Strike_R","Strike_R","Strike_R","Strike_R","Defend_R","Defend_R+1","Defend_R","Defend_R","Bash+1","Exhume","Pommel Strike","Twin Strike","Ghostly Armor","Flex","Seeing Red","Bludgeon+1","Shrug It Off+1","Impervious","Cleave","Hemokinesis+1","Body Slam+1","Barricade","Entrench+1","Second Wind","Shrug It Off","Berserk"],"relics":["Burning Blood","Strawberry","CeramicFish","Bag of Marbles","Self Forming Clay","Toy Ornithopter","Tiny House","Orrery","Gremlin Horn","Bag of Preparation"],"acts_visited":["Exordium","TheCity"],"potions_floor_usage":[33],"damage_taken":[{"damage":10.0,"enemies":"Small Slimes","floor":1.0,"turns":4.0},{"damage":9.0,"enemies":"Cultist","floor":3.0,"turns":3.0},{"damage":15.0,"enemies":"3 Sentries","floor":6.0,"turns":9.0},{"damage":4.0,"enemies":"Jaw Worm","floor":7.0,"turns":3.0},{"damage":9.0,"enemies":"Blue Slaver","floor":8.0,"turns":4.0},{"damage":40.0,"enemies":"Lagavulin","floor":11.0,"turns":7.0},{"damage":0.0,"enemies":"Gremlin Nob","floor":13.0,"turns":3.0},{"damage":9.0,"enemies":"3 Louse","floor":14.0,"turns":3.0},{"damage":43.0,"enemies":"The Guardian","floor":16.0,"turns":16.0},{"damage":9.0,"enemies":"3 Byrds","floor":18.0,"turns":6.0},{"damage":18.0,"enemies":"Spheric Guardian","floor":21.0,"turns":4.0},{"damage":36.0,"enemies":"Snake Plant","floor":24.0,"turns":3.0},{"damage":20.0,"enemies":"Sentry and Sphere","floor":25.0,"turns":7.0},{"damage":18.0,"enemies":"3 Cultists","floor":28.0,"turns":5.0},{"damage":6.0,"enemies":"Snecko","floor":29.0,"turns":4.0},{"damage":33.0,"enemies":"Sentry and Sphere","floor":31.0,"turns":7.0},{"damage":63,"enemies":"Collector","floor":33,"turns":6}],"seed_played":"-1974056282777567230","potions_obtained":[{"floor":3.0,"key":"BlessingOfTheForge"},{"floor":6.0,"key":"Swift Potion"},{"floor":13.0,"key":"HeartOfIron"},{"floor":16.0,"key":"Regen Potion"},{"floor":17.0,"key":"Dexterity Potion"},{"floor":24.0,"key":"Weak Potion"},{"floor":25.0,"key":"Fruit Juice"}],"is_trial":false,"path_per_floor":["M","?","M","?","$","E","M","M","T","R","E","R","E","M","R","B",null,"M","?","?","M","$","R","M","M","T","R","M","M","?","M","R","B"],"character_chosen":"IRONCLAD","items_purchased":["Ghostly Armor","Strawberry","Orrery","Gremlin Horn"],"campfire_rested":1,"item_purchase_floors":[5,5,22,22],"current_hp_per_floor":[76,76,73,73,80,71,73,70,70,70,36,36,42,39,39,7,92,89,89,89,77,77,77,47,58,58,58,51,51,51,24,51,0,0],"gold":146,"neow_bonus":"ONE_RANDOM_RARE_CARD","is_daily":false,"chose_seed":true,"campfire_upgraded":5,"win_rate":0.0,"timestamp":1612524692,"path_taken":["M","?","?","?","$","E","M","M","T","R","E","R","E","M","R","BOSS","M","?","?","M","$","R","M","M","T","R","M","M","?","M","R","BOSS"],"items_purchased_type":["Card","Relic","Relic","Relic"],"build_version":"2020-12-22","purchased_purges":1,"victory":false,"max_hp_per_floor":[80,80,80,80,87,87,87,87,87,87,87,87,87,87,87,87,92,92,92,92,92,92,92,92,92,92,92,92,92,92,92,92,97,97],"relic_stats":{"Gremlin Horn":[6,6],"counters":[17,94],"Self Forming Clay":[135],"CeramicFish":117,"Bag of Preparation":[8],"obtain_stats":[{"Tiny House":17,"Gremlin Horn":22,"Self Forming Clay":11,"Strawberry":5,"CeramicFish":6,"Orrery":22,"Bag of Marbles":9,"Bag of Preparation":26,"Burning Blood":0,"Toy Ornithopter":13},{"Tiny House":9,"Gremlin Horn":11,"Self Forming Clay":6,"Strawberry":2,"CeramicFish":3,"Orrery":11,"Bag of Marbles":5,"Bag of Preparation":13,"Burning Blood":0,"Toy Ornithopter":7},{"Tiny House":52,"Gremlin Horn":62,"Self Forming Clay":30,"Strawberry":7,"CeramicFish":16,"Orrery":62,"Bag of Marbles":23,"Bag of Preparation":72,"Burning Blood":0,"Toy Ornithopter":33}],"Burning Blood":96,"Toy Ornithopter":25},"card_choices":[{"not_picked":["Flex","Dark Embrace"],"picked":"Pommel Strike","floor":1.0},{"not_picked":["Warcry","Battle Trance"],"picked":"Twin Strike","floor":3.0},{"not_picked":["Combust","Clash","Infernal Blade"],"picked":"SKIP","floor":6.0},{"not_picked":["Combust","Clash","Infernal Blade"],"picked":"SKIP","floor":6.0},{"not_picked":["Combust","Clash","Infernal Blade"],"picked":"SKIP","floor":6.0},{"not_picked":["Dark Embrace","Twin Strike","Flex"],"picked":"SKIP","floor":7.0},{"not_picked":["Dark Embrace","Twin Strike"],"picked":"Flex","floor":7.0},{"not_picked":["Warcry","Dropkick"],"picked":"Seeing Red","floor":8.0},{"not_picked":["Battle Trance","Uppercut"],"picked":"Bludgeon","floor":11.0},{"not_picked":["Wild Strike","Pummel","Clash"],"picked":"SKIP","floor":13.0},{"not_picked":["Dark Embrace","Carnage"],"picked":"Shrug It Off","floor":14.0},{"not_picked":["Offering","Double Tap"],"picked":"Impervious","floor":16.0},{"not_picked":["Iron Wave","Flex"],"picked":"Cleave","floor":17.0},{"not_picked":["Fire Breathing","Sword Boomerang"],"picked":"Hemokinesis+1","floor":18.0},{"not_picked":["Shrug It Off","Clash+1"],"picked":"Barricade","floor":21.0},{"not_picked":["Warcry","Iron Wave"],"picked":"Entrench","floor":22.0},{"not_picked":["Warcry","Fiend Fire"],"picked":"Second Wind","floor":22.0},{"not_picked":["Shockwave","Anger"],"picked":"Shrug It Off","floor":22.0},{"not_picked":["Shrug It Off","Iron Wave","Headbutt"],"picked":"SKIP","floor":24.0},{"not_picked":["Intimidate","Cleave","Armaments"],"picked":"SKIP","floor":25.0},{"not_picked":["Disarm+1","Body Slam"],"picked":"Berserk","floor":28.0},{"not_picked":["Pommel Strike","Anger+1","Sentinel"],"picked":"SKIP","floor":29.0},{"not_picked":["Perfected Strike","Twin Strike","Shrug It Off"],"picked":"SKIP","floor":31.0}],"player_experience":1651873,"relics_obtained":[{"floor":6.0,"key":"CeramicFish"},{"floor":9.0,"key":"Bag of Marbles"},{"floor":11.0,"key":"Self Forming Clay"},{"floor":13.0,"key":"Toy Ornithopter"},{"floor":26.0,"key":"Bag of Preparation"}],"event_choices":[{"damage_healed":0.0,"max_hp_gain":0.0,"max_hp_loss":0.0,"gold_gain":275.0,"event_name":"Golden Shrine","player_choice":"Desecrate","floor":2.0,"gold_loss":0.0,"damage_taken":0.0,"cards_obtained":["Regret"]},{"damage_healed":0.0,"max_hp_gain":0.0,"max_hp_loss":0.0,"gold_gain":0.0,"event_name":"Liars Game","player_choice":"Ignored","floor":4.0,"gold_loss":0.0,"damage_taken":0.0},{"cards_removed":["Strike_R"],"damage_healed":0.0,"max_hp_gain":0.0,"max_hp_loss":0.0,"gold_gain":0.0,"event_name":"Beggar","player_choice":"Gave Gold","floor":19.0,"gold_loss":75.0,"damage_taken":0.0},{"damage_healed":0.0,"max_hp_gain":0.0,"max_hp_loss":0.0,"gold_gain":0.0,"event_name":"The Library","player_choice":"Read","floor":20.0,"gold_loss":0.0,"damage_taken":0.0,"cards_obtained":["Body Slam"]},{"damage_healed":0.0,"max_hp_gain":0.0,"max_hp_loss":0.0,"gold_gain":0.0,"event_name":"NoteForYourself","player_choice":"Ignored","floor":30.0,"gold_loss":0.0,"damage_taken":0.0}],"is_beta":false,"boss_relics":[{"not_picked":["Empty Cage","Runic Pyramid"],"picked":"Tiny House"}],"items_purged_floors":[5],"is_endless":false,"potions_floor_spawned":[3,6,13,16,24,25],"killed_by":"Collector","ascension_level":2}}