{"host":"447f3hl56xdss9ae","time":1612550022,"event":{"mods":["Act Like it!","Arknights","BaseMod","Minty Spire (QoL Compilation)","StSLib","[GremlinLeader]The Maniac","¡¾ÒÅÎï¿¨ÅÆ¡¿REMEMod"],"gold_per_floor":[114,130,146,160,110,145,164,164,191,191,205,217,217,217],"floor_reached":13,"language":"ZHS","playtime":462,"items_purged":[],"score":89,"play_id":"e412ac3c-c2b4-49d8-aceb-c578b22e6b6f","local_time":"20210206023342","is_ascension_mode":false,"campfire_choices":[{"data":"maniac:PanickyParry","floor":8,"key":"SMITH"},{"data":"Feed","floor":10,"key":"SMITH"}],"circlet_count":0,"master_deck":["maniac:Strike","maniac:Strike","maniac:Strike","maniac:Strike","maniac:Strike","maniac:Defend","maniac:Defend","maniac:Defend","maniac:Defend","maniac:AbyssShackle","Feed+1","maniac:FindAShortcut","maniac:PanickyParry+1","maniac:Blastwave","maniac:StormOfTime"],"relics":["maniac:DamagedAnvil","maniac:BrokenHorn","REME_ComplimentaryCards","NeowsBlessing","Eternal Feather","Bag of Marbles"],"acts_visited":["Exordium"],"potions_floor_usage":[4,13],"damage_taken":[{"damage":0,"enemies":"2 Louse","floor":1,"turns":1},{"damage":0,"enemies":"Jaw Worm","floor":2,"turns":1},{"damage":0,"enemies":"Cultist","floor":3,"turns":2},{"damage":11,"enemies":"3 Louse","floor":4,"turns":4},{"damage":29,"enemies":"Gremlin Nob","floor":6,"turns":5},{"damage":25,"enemies":"Blue Slaver","floor":7,"turns":5},{"damage":7,"enemies":"Looter","floor":11,"turns":3},{"damage":12,"enemies":"Exordium Thugs","floor":12,"turns":3},{"damage":30,"enemies":"Lagavulin","floor":13,"turns":6}],"seed_played":"-8007941185659913044","potions_obtained":[{"floor":2,"key":"Explosive Potion"},{"floor":4,"key":"REME_GoldPotion"},{"floor":7,"key":"FearPotion"}],"is_trial":false,"path_per_floor":["M","M","M","M","?","E","M","R","T","R","M","M","E"],"character_chosen":"THE_MANIAC","items_purchased":[],"campfire_rested":0,"item_purchase_floors":[],"current_hp_per_floor":[80,80,83,75,75,46,21,30,30,39,32,24,0,0],"gold":217,"neow_bonus":"THREE_ENEMY_KILL","is_daily":false,"chose_seed":false,"campfire_upgraded":2,"win_rate":0.0,"timestamp":1612550022,"path_taken":["M","M","M","M","?","E","M","R","T","R","M","M","E"],"items_purchased_type":[],"build_version":"2020-12-22","purchased_purges":0,"victory":false,"max_hp_per_floor":[80,80,83,86,86,86,86,86,86,86,86,90,90,90],"card_choices":[{"not_picked":["maniac:MeleeStrike","maniac:WardAndDefend"],"picked":"maniac:FindAShortcut","floor":1},{"not_picked":["maniac:AlleviatingSorcery","maniac:FindAShortcut"],"picked":"maniac:PanickyParry","floor":2},{"not_picked":["maniac:ReconstructWounds","maniac:SpectralFlash","maniac:MeleeStrike"],"picked":"SKIP","floor":3},{"not_picked":["maniac:BladeShoot","maniac:ShelteringEdge"],"picked":"maniac:Blastwave","floor":4},{"not_picked":["maniac:ShelteringEdge","maniac:DashForward"],"picked":"maniac:StormOfTime","floor":6},{"not_picked":["maniac:FindAShortcut","maniac:AllOutAttack","maniac:Refine"],"picked":"SKIP","floor":7},{"not_picked":["maniac:UndyingDesire","maniac:Refine","maniac:ShiftingShadows"],"picked":"SKIP","floor":11},{"not_picked":["maniac:FindAShortcut","maniac:TorturousScreams","maniac:Quickdraw"],"picked":"SKIP","floor":12}],"player_experience":135496,"relics_obtained":[{"floor":6,"key":"Eternal Feather"},{"floor":9,"key":"Bag of Marbles"}],"event_choices":[{"cards_removed":["maniac:BurnBlood"],"damage_healed":0,"gold_gain":0,"player_choice":"Card Removal","damage_taken":0,"max_hp_gain":0,"max_hp_loss":0,"event_name":"The Cleric","floor":5,"gold_loss":50}],"is_beta":false,"boss_relics":[],"items_purged_floors":[],"is_endless":false,"potions_floor_spawned":[2,4,7],"killed_by":"Lagavulin","ascension_level":0}}