{"host":"t7mx8yfj1no5p62f","time":1612486578,"event":{"mods":["BaseMod","Colored Map","Colored Powertips","Curses Come First","Minty Spire (QoL Compilation)","Relic Stats","StSLib"],"gold_per_floor":[110,110,14,164,9,35,35,66,66,66,82,101,133,152,152,223,223,242,242,153,169,180,213,213,247,247,247,260,260,272,272,272,346,346,358,372,1371,1371,1391,1391,1391],"floor_reached":40,"language":"ENG","playtime":4035,"items_purged":["Doubt","Strike_G"],"score":1063,"play_id":"d7539740-29b9-4bf8-828a-8971ffa5983b","local_time":"20210204195618","is_ascension_mode":true,"campfire_choices":[{"data":"Crippling Poison","floor":10,"key":"SMITH"},{"data":"Catalyst","floor":15,"key":"SMITH"},{"floor":24,"key":"REST"},{"data":"Catalyst","floor":27,"key":"SMITH"},{"data":"Burst","floor":29,"key":"SMITH"},{"data":"Well Laid Plans","floor":32,"key":"SMITH"}],"circlet_count":0,"master_deck":["AscendersBane","Defend_G","Defend_G","Defend_G","Defend_G","Survivor","Neutralize","Slice","Noxious Fumes+1","Masterful Stab","Backstab","Crippling Poison+1","Catalyst+1","PiercingWail","Burst+1","Calculated Gamble+1","Poisoned Stab+1","Burst+1","PiercingWail","Finisher","Leg Sweep","PiercingWail","Catalyst+1","After Image","Escape Plan","Distraction+1","Well Laid Plans+1","Wraith Form v2","Backflip"],"relics":["Ring of the Snake","NeowsBlessing","Smiling Mask","Toy Ornithopter","Omamori","Astrolabe","Pen Nib","Ornamental Fan","Blood Vial","Coffee Dripper"],"acts_visited":["Exordium","TheCity","TheBeyond"],"potions_floor_usage":[13,23,23,25,25,30],"damage_taken":[{"damage":0,"enemies":"Small Slimes","floor":1,"turns":1},{"damage":0,"enemies":"Lagavulin","floor":6,"turns":1},{"damage":0,"enemies":"Gremlin Nob","floor":8,"turns":1},{"damage":0,"enemies":"Cultist","floor":11,"turns":3},{"damage":4,"enemies":"Jaw Worm","floor":12,"turns":2},{"damage":16,"enemies":"Lagavulin","floor":13,"turns":5},{"damage":6,"enemies":"Looter","floor":14,"turns":3},{"damage":10,"enemies":"Hexaghost","floor":16,"turns":8},{"damage":9,"enemies":"Chosen","floor":18,"turns":5},{"damage":0,"enemies":"Spheric Guardian","floor":21,"turns":4},{"damage":21,"enemies":"Shelled Parasite and Fungi","floor":22,"turns":5},{"damage":41,"enemies":"Slavers","floor":23,"turns":6},{"damage":14,"enemies":"Gremlin Leader","floor":25,"turns":6},{"damage":18,"enemies":"Cultist and Chosen","floor":28,"turns":5},{"damage":8,"enemies":"Snecko","floor":30,"turns":4},{"damage":21,"enemies":"Collector","floor":33,"turns":5},{"damage":8,"enemies":"3 Darklings","floor":35,"turns":9},{"damage":0,"enemies":"3 Shapes","floor":36,"turns":5},{"damage":28,"enemies":"Jaw Worm Horde","floor":39,"turns":7},{"damage":35,"enemies":"Reptomancer","floor":40,"turns":2}],"seed_played":"-1141870592674423317","potions_obtained":[{"floor":6,"key":"FairyPotion"},{"floor":13,"key":"EntropicBrew"},{"floor":23,"key":"Fire Potion"},{"floor":25,"key":"Ancient Potion"},{"floor":28,"key":"BlessingOfTheForge"},{"floor":39,"key":"SpeedPotion"}],"is_trial":false,"path_per_floor":["M","?","$","?","$","E","?","E","T","R","M","M","E","M","R","B",null,"M","?","$","M","M","E","R","E","T","R","M","R","M","?","R","B",null,"M","M","?","?","M","E"],"character_chosen":"THE_SILENT","items_purchased":["Noxious Fumes","Fire Potion","Masterful Stab","Leg Sweep"],"campfire_rested":1,"item_purchase_floors":[3,3,5,20],"current_hp_per_floor":[59,59,59,59,59,59,59,59,59,59,59,55,44,38,38,28,57,48,48,48,48,27,17,36,32,32,32,16,16,15,28,28,9,52,46,48,48,48,22,0,0],"gold":1391,"neow_bonus":"THREE_ENEMY_KILL","is_daily":false,"chose_seed":false,"campfire_upgraded":5,"win_rate":0.0,"timestamp":1612486578,"path_taken":["M","?","?","?","$","E","?","E","T","R","M","M","E","M","R","BOSS","M","?","$","M","?","E","R","E","T","R","M","R","M","?","R","BOSS","M","M","?","?","M","E"],"items_purchased_type":["Card","Potion","Card","Card"],"build_version":"2020-12-22","purchased_purges":2,"victory":false,"max_hp_per_floor":[66,66,66,66,66,66,66,66,66,66,66,66,66,66,66,66,66,66,66,66,66,66,66,66,66,66,66,66,66,66,66,66,66,66,66,66,66,63,63,63,63],"relic_stats":{"Blood Vial":14,"counters":[20,87],"Ornamental Fan":[16],"Astrolabe":["Calculated Gamble","Poisoned Stab","Burst"],"Pen Nib":[4],"Smiling Mask":50,"obtain_stats":[{"Blood Vial":26,"NeowsBlessing":0,"Ornamental Fan":25,"Astrolabe":17,"Pen Nib":23,"Omamori":13,"Coffee Dripper":34,"Smiling Mask":6,"Toy Ornithopter":8,"Ring of the Snake":0},{"Blood Vial":13,"NeowsBlessing":0,"Ornamental Fan":13,"Astrolabe":8,"Pen Nib":12,"Omamori":6,"Coffee Dripper":16,"Smiling Mask":2,"Toy Ornithopter":3,"Ring of the Snake":0},{"Blood Vial":50,"NeowsBlessing":0,"Ornamental Fan":50,"Astrolabe":24,"Pen Nib":44,"Omamori":13,"Coffee Dripper":64,"Smiling Mask":2,"Toy Ornithopter":3,"Ring of the Snake":0}],"Toy Ornithopter":30,"Ring of the Snake":[40]},"card_choices":[{"not_picked":["Infinite Blades","Prepared"],"picked":"Slice","floor":1},{"not_picked":["Slice","Underhanded Strike"],"picked":"Backstab","floor":6},{"not_picked":["Dagger Spray","Dodge and Roll"],"picked":"Crippling Poison","floor":8},{"not_picked":["Quick Slash","Blur"],"picked":"Catalyst","floor":11},{"not_picked":["Flying Knee","Deflect"],"picked":"PiercingWail","floor":12},{"not_picked":["Prepared","Infinite Blades","Underhanded Strike"],"picked":"SKIP","floor":13},{"not_picked":["Slice","Underhanded Strike","Deflect"],"picked":"SKIP","floor":14},{"not_picked":["Grand Finale","Venomology"],"picked":"Burst","floor":16},{"not_picked":["Dagger Spray","Underhanded Strike"],"picked":"PiercingWail","floor":18},{"not_picked":["Flying Knee","Envenom"],"picked":"PiercingWail","floor":21},{"not_picked":["Dagger Throw","Deflect"],"picked":"Catalyst","floor":22},{"not_picked":["Eviscerate+1","Flying Knee"],"picked":"After Image","floor":23},{"not_picked":["Prepared","Backstab"],"picked":"Escape Plan","floor":25},{"not_picked":["Crippling Poison","Heel Hook+1"],"picked":"Distraction+1","floor":28},{"not_picked":["Sucker Punch+1","Flying Knee"],"picked":"Well Laid Plans","floor":30},{"not_picked":["Unload","Die Die Die"],"picked":"Wraith Form v2","floor":33},{"not_picked":["All Out Attack","Outmaneuver","Catalyst"],"picked":"SKIP","floor":35},{"not_picked":["Concentrate+1","PiercingWail+1"],"picked":"Backflip","floor":36},{"not_picked":["Poisoned Stab","Sucker Punch","Flying Knee"],"picked":"SKIP","floor":39}],"player_experience":1925744,"relics_obtained":[{"floor":6,"key":"Smiling Mask"},{"floor":8,"key":"Toy Ornithopter"},{"floor":13,"key":"Omamori"},{"floor":23,"key":"Pen Nib"},{"floor":25,"key":"Ornamental Fan"},{"floor":26,"key":"Blood Vial"}],"event_choices":[{"cards_removed":["Defend_G"],"damage_healed":0,"gold_gain":0,"player_choice":"Offered Basic","damage_taken":0,"max_hp_gain":0,"max_hp_loss":0,"event_name":"Bonfire Elementals","floor":2,"gold_loss":0},{"damage_healed":0,"gold_gain":150,"player_choice":"AGREE","damage_taken":0,"max_hp_gain":0,"max_hp_loss":0,"event_name":"Liars Game","floor":4,"gold_loss":0,"cards_obtained":["Doubt"]},{"damage_healed":0,"gold_gain":0,"player_choice":"Grow","damage_taken":0,"max_hp_gain":0,"max_hp_loss":0,"event_name":"Living Wall","floor":7,"gold_loss":0,"cards_upgraded":["Noxious Fumes"]},{"damage_healed":0,"gold_gain":0,"cards_transformed":["Strike_G"],"player_choice":"Transformed","damage_taken":0,"max_hp_gain":0,"max_hp_loss":0,"event_name":"Transmorgrifier","floor":19,"gold_loss":0,"cards_obtained":["Finisher"]},{"damage_healed":13,"gold_gain":0,"player_choice":"Heal","damage_taken":0,"max_hp_gain":0,"max_hp_loss":0,"event_name":"The Library","floor":31,"gold_loss":0},{"damage_healed":0,"gold_gain":999,"player_choice":"Gold","damage_taken":0,"max_hp_gain":0,"max_hp_loss":0,"event_name":"MindBloom","floor":37,"gold_loss":0,"cards_obtained":["Normality","Normality"]},{"damage_healed":0,"gold_gain":0,"player_choice":"Max HP","damage_taken":0,"max_hp_gain":0,"max_hp_loss":3,"event_name":"Winding Halls","floor":38,"gold_loss":0}],"is_beta":false,"boss_relics":[{"not_picked":["HoveringKite","Pandora\u0027s Box"],"picked":"Astrolabe"},{"not_picked":["Fusion Hammer","Philosopher\u0027s Stone"],"picked":"Coffee Dripper"}],"items_purged_floors":[5,20],"is_endless":false,"potions_floor_spawned":[6,8,13,18,23,25,28,39],"killed_by":"Reptomancer","ascension_level":20}}