{"host":"f7jml7vkwn3tj7tu","time":1612568561,"event":{"mods":["BaseMod","Block Reminder","Minty Spire (QoL Compilation)","Relic Stats","Slay-I"],"gold_per_floor":[112,193,368,381,401,401,89,108,108,108,128,153,164,164,164,262,262,282,52,52,66,82,111,111,111],"floor_reached":24,"language":"ENG","playtime":1703,"items_purged":["Doubt"],"score":258,"play_id":"e5233788-499e-439a-9307-7e9332b7eb40","local_time":"20210205184241","is_ascension_mode":false,"campfire_choices":[{"data":"Capacitor","floor":6,"key":"SMITH"},{"data":"Zap","floor":10,"key":"SMITH"},{"data":"Buffer","floor":15,"key":"SMITH"}],"circlet_count":0,"master_deck":["Strike_B","Strike_B","Strike_B","Strike_B","Defend_B","Defend_B","Defend_B","Defend_B","Zap+1","Dualcast","Ball Lightning","Capacitor+1","Conserve Battery+1","Self Repair","Auto Shields+1","Buffer+1","Compile Driver","Coolheaded+1","Seek+1","Coolheaded+1","Turbo+1","Fission+1","Reinforced Body+1","Defragment","Conserve Battery+1","Creative AI"],"relics":["Cracked Core","Toxic Egg 2","Anchor","Matryoshka","Odd Mushroom","GremlinMask","Inserter","Medical Kit","Centennial Puzzle"],"acts_visited":["Exordium","TheCity"],"potions_floor_usage":[22,22,23],"damage_taken":[{"damage":4,"enemies":"Cultist","floor":1,"turns":4},{"damage":7,"enemies":"Small Slimes","floor":4,"turns":4},{"damage":5,"enemies":"2 Louse","floor":5,"turns":3},{"damage":11,"enemies":"2 Fungi Beasts","floor":8,"turns":4},{"damage":0,"enemies":"Red Slaver","floor":11,"turns":4},{"damage":24,"enemies":"The Mushroom Lair","floor":12,"turns":5},{"damage":12,"enemies":"Blue Slaver","floor":13,"turns":4},{"damage":0,"enemies":"Slime Boss","floor":16,"turns":12},{"damage":13,"enemies":"Spheric Guardian","floor":18,"turns":7},{"damage":0,"enemies":"Shell Parasite","floor":21,"turns":8},{"damage":6,"enemies":"3 Cultists","floor":22,"turns":7},{"damage":65,"enemies":"Gremlin Leader","floor":23,"turns":9},{"damage":24,"enemies":"Cultist and Chosen","floor":24,"turns":4}],"seed_played":"8618194419043071010","potions_obtained":[{"floor":5,"key":"Block Potion"},{"floor":11,"key":"Weak Potion"},{"floor":12,"key":"DistilledChaos"},{"floor":13,"key":"PowerPotion"}],"is_trial":false,"path_per_floor":["M","T","?","M","M","R","$","M","T","R","M","?","M","?","R","B",null,"M","$","?","M","M","E","M"],"character_chosen":"DEFECT","items_purchased":["Anchor","Conserve Battery+1","Self Repair","Medical Kit","Coolheaded+1","Turbo+1"],"campfire_rested":0,"item_purchase_floors":[7,7,7,19,19,19],"current_hp_per_floor":[78,78,78,71,66,66,66,62,62,62,69,52,47,47,47,54,82,76,76,76,82,82,24,0,0],"gold":111,"neow_bonus":"TEN_PERCENT_HP_BONUS","is_daily":false,"chose_seed":false,"campfire_upgraded":3,"win_rate":0.0,"timestamp":1612568561,"path_taken":["M","?","?","M","M","R","$","M","T","R","M","?","M","?","R","BOSS","M","?","?","M","?","E","M"],"items_purchased_type":["Relic","Card","Card","Relic","Card","Card"],"build_version":"2020-12-22","purchased_purges":1,"victory":false,"max_hp_per_floor":[82,82,82,82,82,82,82,82,82,82,82,82,82,82,82,82,82,82,82,82,82,82,82,82,82],"relic_stats":{"Centennial Puzzle":[3],"Inserter":[17],"counters":[13,75],"Medical Kit":[8],"obtain_stats":[{"Anchor":7,"Centennial Puzzle":23,"Matryoshka":9,"Inserter":17,"GremlinMask":14,"Toxic Egg 2":2,"Odd Mushroom":12,"Cracked Core":0,"Medical Kit":19},{"Anchor":3,"Centennial Puzzle":12,"Matryoshka":4,"Inserter":8,"GremlinMask":7,"Toxic Egg 2":1,"Odd Mushroom":6,"Cracked Core":0,"Medical Kit":9},{"Anchor":11,"Centennial Puzzle":71,"Matryoshka":15,"Inserter":40,"GremlinMask":28,"Toxic Egg 2":4,"Odd Mushroom":24,"Cracked Core":0,"Medical Kit":47}]},"card_choices":[{"not_picked":["Rebound","Barrage","Redo"],"picked":"SKIP","floor":1},{"not_picked":["Consume+1","Barrage"],"picked":"Ball Lightning","floor":4},{"not_picked":["Redo+1","Ball Lightning"],"picked":"Capacitor","floor":5},{"not_picked":["Stack+1","Sweeping Beam"],"picked":"Auto Shields+1","floor":8},{"not_picked":["Compile Driver","Turbo+1"],"picked":"Buffer","floor":11},{"not_picked":["Stack+1","Darkness+1"],"picked":"Compile Driver","floor":12},{"not_picked":["Rebound","Doom and Gloom"],"picked":"Coolheaded+1","floor":13},{"not_picked":["Thunder Strike","Creative AI"],"picked":"Seek+1","floor":16},{"not_picked":["Streamline","Go for the Eyes","Stack+1"],"picked":"SKIP","floor":18},{"not_picked":["Darkness+1","Tempest+1"],"picked":"Defragment","floor":21},{"not_picked":["Turbo+1","Loop"],"picked":"Conserve Battery+1","floor":22},{"not_picked":["Beam Cell","Meteor Strike"],"picked":"Creative AI","floor":23}],"player_experience":584121,"relics_obtained":[{"floor":2,"key":"Toxic Egg 2"},{"floor":9,"key":"Matryoshka"},{"floor":12,"key":"Odd Mushroom"},{"floor":23,"key":"Centennial Puzzle"}],"event_choices":[{"damage_healed":0,"gold_gain":175,"player_choice":"AGREE","damage_taken":0,"max_hp_gain":0,"max_hp_loss":0,"event_name":"Liars Game","floor":3,"gold_loss":0,"cards_obtained":["Doubt"]},{"damage_healed":0,"gold_gain":0,"player_choice":"Fought Mushrooms","damage_taken":0,"max_hp_gain":0,"max_hp_loss":0,"event_name":"Mushrooms","floor":12,"gold_loss":0},{"damage_healed":0,"gold_gain":0,"player_choice":"Trade","damage_taken":0,"relics_obtained":["GremlinMask"],"max_hp_gain":0,"max_hp_loss":0,"event_name":"FaceTrader","floor":14,"gold_loss":0},{"damage_healed":0,"gold_gain":0,"player_choice":"2 cards matched","damage_taken":0,"max_hp_gain":0,"max_hp_loss":0,"event_name":"Match and Keep!","floor":20,"gold_loss":0,"cards_obtained":["Fission","Reinforced Body"]}],"is_beta":false,"boss_relics":[{"not_picked":["Empty Cage","Runic Pyramid"],"picked":"Inserter"}],"items_purged_floors":[7],"is_endless":false,"potions_floor_spawned":[5,11,12,13,18,21],"killed_by":"Cultist and Chosen","ascension_level":0}}