{"host":"o3b7ow6d1xe49css","time":1612524576,"event":{"mods":["Act Like it!","Aspiration","BaseMod","Bestiary","Better Altar","Better Match","Better Note","Better Sensory Stone","Better Skull","Better Third Choice","Colored Powertips","Conspire","Energized Spire","Force Act Four","GifTheSpireLib","Halation","Hermit","Hubris","Infinite Spire","Lobotomy","Minty Spire (QoL Compilation)","Quick Restart","Rare Cards Sparkle","Relic Filter Mod","Reliquary","Replay The Spire","Spicy Shops","Spikes Relics","Spire Arcade","StSLib","Stuff the Spire","The Blue Laboratory","Wandering Minibosses"],"gold_per_floor":[109,123,143,143,0,0,0,0],"floor_reached":7,"language":"ENG","playtime":196,"items_purged":["Strike_B"],"score":51,"play_id":"30116f8d-0753-42e6-b173-85f7fc2c44ad","local_time":"20210205022936","daily_mods":["Heirloom","Flight"],"is_ascension_mode":true,"campfire_choices":[{"data":"Zap","floor":6,"key":"SMITH"}],"circlet_count":0,"master_deck":["Strike_B","Strike_B","Strike_B","Defend_B","Defend_B","Defend_B","Defend_B","Zap+1","Dualcast","ReplayTheSpireMod:Reroute Power","UniverseFragment","Pot Of Greed","Pot Of Greed","FIFO Queue"],"relics":["Cracked Core","Ring of Chaos","Replay:Multitool","CogitoBucket","Grinning Jar"],"acts_visited":["Exordium"],"potions_floor_usage":[7],"damage_taken":[{"damage":2,"enemies":"Jaw Worm","floor":1,"turns":3},{"damage":7,"enemies":"Cultist","floor":2,"turns":5},{"damage":1,"enemies":"2 Louse","floor":3,"turns":2},{"damage":26,"enemies":"Gremlin Nob","floor":7,"turns":4}],"seed_played":"3021167576404969624","potions_obtained":[{"floor":2,"key":"blueLaboratory:SystemWipe"},{"floor":3,"key":"blueLaboratory:LouseDecoction"}],"is_trial":true,"path_per_floor":["M","M","M","?","$","R","E"],"character_chosen":"DEFECT","items_purchased":["FIFO Queue"],"campfire_rested":0,"item_purchase_floors":[5],"current_hp_per_floor":[73,66,65,65,65,65,39,39],"gold":0,"neow_bonus":"","is_daily":false,"chose_seed":false,"campfire_upgraded":1,"win_rate":0.0,"timestamp":1612524576,"path_taken":["M","M","M","?","$","R","E"],"items_purchased_type":["Card"],"build_version":"2020-12-22","purchased_purges":1,"victory":false,"max_hp_per_floor":[75,75,75,75,75,75,75,75],"card_choices":[{"not_picked":["Rebound","Chaos"],"picked":"ReplayTheSpireMod:Reroute Power","floor":1},{"not_picked":["CrumblingArmor","CherryBlossoms","MHz"],"picked":"Singing Bowl","floor":1},{"not_picked":["CherryBlossoms","Bloodbath","NakedNest"],"picked":"Singing Bowl","floor":2},{"not_picked":["Rebound","Gash","Blizzard"],"picked":"SKIP","floor":2},{"not_picked":["BeautyBeast","BlueStar"],"picked":"UniverseFragment","floor":3},{"not_picked":["Streamline","Turbo","Gash"],"picked":"SKIP","floor":3}],"player_experience":1303617,"relics_obtained":[],"event_choices":[{"damage_healed":0,"gold_gain":0,"player_choice":"Gave Potion","damage_taken":0,"relics_obtained":["Grinning Jar"],"max_hp_gain":0,"max_hp_loss":0,"event_name":"WeMeetAgain","floor":4,"gold_loss":0}],"is_beta":false,"boss_relics":[],"items_purged_floors":[5],"is_endless":false,"potions_floor_spawned":[2,3],"killed_by":"Gremlin Nob","ascension_level":5}}