{"host":"wuernuywc9gl215o","time":1612558429,"event":{"mods":["AchievementEnabler","BaseMod","Block Reminder","Highlight Path","Key Reminder","Minty Spire (QoL Compilation)","Permanent Neow","Potion Indicator Mod","Quick Restart","Relic Stats"],"gold_per_floor":[109,124,144,154,154,154,184,212,249,296,308,355,422,444,456,543,555,579,591,603,615,644,684,696,720,803,124,158,158,13,13,13,88,88,98,114,114,168,193,226,226,242,242,272,284,284,284,304,304,304,304,304,304,7,7,7],"floor_reached":55,"language":"ENG","playtime":4669,"items_purged":["Perfected Strike","Perfected Strike"],"score":2262,"play_id":"8ba31a16-241b-4c4d-98b7-2240f4e9156b","local_time":"20210205205349","is_ascension_mode":true,"campfire_choices":[{"floor":6.0,"key":"REST"},{"floor":11.0,"key":"REST"},{"floor":15.0,"key":"REST"},{"floor":24.0,"key":"REST"},{"data":"Second Wind","floor":29.0,"key":"SMITH"},{"data":"Body Slam","floor":32.0,"key":"SMITH"},{"floor":41.0,"key":"REST"},{"floor":47.0,"key":"RECALL"},{"floor":49.0,"key":"REST"},{"data":"Feel No Pain","floor":53.0,"key":"SMITH"}],"circlet_count":0,"master_deck":["AscendersBane","Bash","Shockwave","Shrug It Off","Shrug It Off","Reckless Charge","Pummel","Evolve","Demon Form","Entrench","Rampage","Immolate","Dark Embrace","Iron Wave","Flame Barrier","Sentinel","Dropkick+1","RitualDagger","Carnage","Shrug It Off+1","Pommel Strike+1","Whirlwind","True Grit","Second Wind+1","Sword Boomerang","Body Slam+1","Offering","True Grit+1","Sentinel+1","Pummel","Feel No Pain+1","Rage+1","Ghostly Armor","Disarm","Apotheosis","Feel No Pain","Body Slam","True Grit"],"relics":["Black Star","Vajra","Bag of Preparation","MawBank","Happy Flower","Potion Belt","Shuriken","The Courier","Boot","Oddly Smooth Stone","Pandora\u0027s Box","Nunchaku","Centennial Puzzle","InkBottle","Toolbox","Paper Frog","Meat on the Bone","Anchor","Juzu Bracelet","Sozu","Unceasing Top","StoneCalendar","Darkstone Periapt","Lantern","Incense Burner","PreservedInsect"],"acts_visited":["Exordium","TheCity","TheBeyond","TheEnding"],"potions_floor_usage":[],"damage_taken":[{"damage":9.0,"enemies":"Small Slimes","floor":1.0,"turns":5.0},{"damage":7.0,"enemies":"2 Louse","floor":2.0,"turns":4.0},{"damage":4.0,"enemies":"Jaw Worm","floor":3.0,"turns":5.0},{"damage":10.0,"enemies":"Red Slaver","floor":4.0,"turns":5.0},{"damage":38.0,"enemies":"3 Sentries","floor":8.0,"turns":15.0},{"damage":7.0,"enemies":"Gremlin Nob","floor":10.0,"turns":4.0},{"damage":9.0,"enemies":"Lagavulin","floor":12.0,"turns":4.0},{"damage":2.0,"enemies":"Lots of Slimes","floor":14.0,"turns":5.0},{"damage":0.0,"enemies":"Slime Boss","floor":16.0,"turns":6.0},{"damage":14.0,"enemies":"Chosen","floor":18.0,"turns":6.0},{"damage":24.0,"enemies":"2 Thieves","floor":22.0,"turns":5.0},{"damage":22.0,"enemies":"Book of Stabbing","floor":23.0,"turns":5.0},{"damage":53.0,"enemies":"Shelled Parasite and Fungi","floor":25.0,"turns":6.0},{"damage":15.0,"enemies":"Slavers","floor":28.0,"turns":5.0},{"damage":44.0,"enemies":"Collector","floor":33.0,"turns":8.0},{"damage":0.0,"enemies":"Orb Walker","floor":35.0,"turns":2.0},{"damage":0.0,"enemies":"3 Shapes","floor":36.0,"turns":6.0},{"damage":48.0,"enemies":"2 Orb Walkers","floor":38.0,"turns":3.0},{"damage":14.0,"enemies":"Mind Bloom Boss Battle","floor":39.0,"turns":8.0},{"damage":31.0,"enemies":"Nemesis","floor":40.0,"turns":7.0},{"damage":12.0,"enemies":"Spire Growth","floor":42.0,"turns":3.0},{"damage":6.0,"enemies":"Giant Head","floor":44.0,"turns":5.0},{"damage":14.0,"enemies":"Writhing Mass","floor":45.0,"turns":6.0},{"damage":7.0,"enemies":"Transient","floor":48.0,"turns":6.0},{"damage":6.0,"enemies":"Donu and Deca","floor":50.0,"turns":8.0},{"damage":49.0,"enemies":"Awakened One","floor":51.0,"turns":12.0},{"damage":90,"enemies":"Shield and Spear","floor":55,"turns":5}],"seed_played":"831216731115669460","potions_obtained":[{"floor":8.0,"key":"SpeedPotion"},{"floor":10.0,"key":"DistilledChaos"},{"floor":12.0,"key":"DuplicationPotion"},{"floor":18.0,"key":"ElixirPotion"},{"floor":25.0,"key":"FairyPotion"},{"floor":28.0,"key":"FearPotion"}],"is_trial":false,"path_per_floor":["M","M","M","M","?","R","?","E","T","E","R","E","T","M","R","B",null,"M","$","?","?","M","E","R","M","T","$","E","R","$","?","R","B",null,"M","M","?","?","?","E","R","M","T","E","M","?","R","M","R","B","B",null,"R","$","E"],"character_chosen":"IRONCLAD","items_purchased":["Whirlwind","Toolbox","Paper Frog","True Grit","Meat on the Bone","Sword Boomerang","Body Slam","Apotheosis","Feel No Pain","Body Slam","True Grit"],"campfire_rested":6,"item_purchase_floors":[27,27,27,27,27,30,30,54,54,54,54],"current_hp_per_floor":[59,52,48,38,38,60,60,22,22,15,37,28,28,26,48,48,68,54,54,48,48,24,2,24,40,40,40,37,37,37,52,52,20,61,61,61,75,39,37,18,40,40,40,46,44,40,40,45,67,61,24,62,62,62,0,0],"gold":7,"neow_bonus":"BOSS_RELIC","is_daily":false,"chose_seed":false,"campfire_upgraded":3,"win_rate":0.0,"timestamp":1612558429,"path_taken":["M","M","M","M","?","R","?","E","T","E","R","E","?","?","R","BOSS","M","?","?","?","M","E","R","M","T","?","E","R","$","?","R","BOSS","M","M","?","?","?","E","R","M","T","E","M","?","R","M","R","BOSS","BOSS","R","$","E"],"items_purchased_type":["Card","Relic","Relic","Card","Relic","Card","Card","Card","Card","Card","Card"],"build_version":"2020-12-22","purchased_purges":2,"victory":false,"max_hp_per_floor":[75,75,75,75,75,75,75,75,75,75,75,75,75,75,75,75,75,75,75,75,75,75,75,75,75,75,75,75,75,75,75,75,75,75,75,75,75,75,75,75,75,75,75,75,75,75,75,75,75,75,75,75,75,75,75,75],"relic_stats":{"Darkstone Periapt":0,"Happy Flower":[41],"counters":[27,159],"StoneCalendar":[79],"PreservedInsect":77,"Bag of Preparation":[44],"Juzu Bracelet":2,"MawBank":228,"Boot":[61],"Sozu":4,"Nunchaku":[18],"Centennial Puzzle":[39],"Shuriken":[39],"Pandora\u0027s Box":["Entrench","Infernal Blade","Rampage","Immolate","Dark Embrace","Perfected Strike","Iron Wave","Flame Barrier","Sentinel"],"Black Star":7,"obtain_stats":[{"Darkstone Periapt":40,"Lantern":40,"Vajra":7,"StoneCalendar":39,"Bag of Preparation":8,"Juzu Bracelet":28,"Incense Burner":44,"Boot":12,"Burning Blood":0,"Sozu":34,"Nunchaku":23,"Centennial Puzzle":23,"Toolbox":27,"InkBottle":26,"Paper Frog":27,"Potion Belt":10,"Happy Flower":9,"Oddly Smooth Stone":13,"The Courier":12,"PreservedInsect":44,"MawBank":8,"keyreminder:keyreminder":43,"Anchor":28,"Shuriken":10,"Pandora\u0027s Box":17,"Black Star":0,"Unceasing Top":38,"Meat on the Bone":27},{"Darkstone Periapt":20,"Lantern":20,"Vajra":4,"StoneCalendar":19,"Bag of Preparation":5,"Juzu Bracelet":14,"Incense Burner":22,"Boot":7,"Burning Blood":0,"Sozu":15,"Nunchaku":12,"Centennial Puzzle":12,"Toolbox":13,"InkBottle":13,"Paper Frog":13,"Potion Belt":6,"Happy Flower":5,"Oddly Smooth Stone":7,"The Courier":7,"PreservedInsect":22,"MawBank":5,"keyreminder:keyreminder":21,"Anchor":14,"Shuriken":6,"Pandora\u0027s Box":9,"Black Star":0,"Unceasing Top":18,"Meat on the Bone":13},{"Darkstone Periapt":114,"Lantern":114,"Vajra":19,"StoneCalendar":107,"Bag of Preparation":34,"Juzu Bracelet":80,"Incense Burner":122,"Boot":42,"Burning Blood":0,"Sozu":88,"Nunchaku":69,"Centennial Puzzle":69,"Toolbox":75,"InkBottle":75,"Paper Frog":75,"Potion Belt":38,"Happy Flower":34,"Oddly Smooth Stone":42,"The Courier":42,"PreservedInsect":122,"MawBank":34,"keyreminder:keyreminder":117,"Anchor":80,"Shuriken":38,"Pandora\u0027s Box":53,"Black Star":0,"Unceasing Top":99,"Meat on the Bone":75}],"InkBottle":[34],"Unceasing Top":[3],"Meat on the Bone":120},"card_choices":[{"not_picked":["Heavy Blade","Clothesline"],"picked":"Shockwave","floor":1.0},{"not_picked":["Clash","Searing Blow","Bloodletting"],"picked":"SKIP","floor":2.0},{"not_picked":["Headbutt","Flex"],"picked":"Shrug It Off","floor":3.0},{"not_picked":["Infernal Blade","Flex"],"picked":"Shrug It Off","floor":4.0},{"not_picked":["Iron Wave","Double Tap"],"picked":"Perfected Strike","floor":8.0},{"not_picked":["Body Slam","Heavy Blade"],"picked":"Reckless Charge","floor":10.0},{"not_picked":["Clothesline","Juggernaut"],"picked":"Pummel","floor":12.0},{"not_picked":["Reckless Charge","Flame Barrier"],"picked":"Evolve","floor":14.0},{"not_picked":["Fiend Fire","Berserk"],"picked":"Demon Form","floor":16.0},{"not_picked":["Cleave","Heavy Blade"],"picked":"Dropkick+1","floor":18.0},{"not_picked":["Sever Soul","Rage"],"picked":"Carnage","floor":22.0},{"not_picked":["Anger","Pommel Strike"],"picked":"Shrug It Off+1","floor":23.0},{"not_picked":["Bludgeon","Anger"],"picked":"Pommel Strike+1","floor":25.0},{"not_picked":["Pommel Strike","Anger"],"picked":"Second Wind","floor":28.0},{"not_picked":["Brutality","Feed"],"picked":"Offering","floor":33.0},{"not_picked":["Wild Strike","Clothesline"],"picked":"True Grit+1","floor":35.0},{"not_picked":["Power Through","Flame Barrier"],"picked":"Sentinel+1","floor":36.0},{"not_picked":["Perfected Strike","Infernal Blade"],"picked":"Pummel","floor":39.0},{"not_picked":["Twin Strike","Offering"],"picked":"Feel No Pain","floor":40.0},{"not_picked":["Fire Breathing+1","Cleave+1"],"picked":"Rage+1","floor":42.0},{"not_picked":["Immolate","Heavy Blade","Anger"],"picked":"SKIP","floor":44.0},{"not_picked":["Clash+1","Rage"],"picked":"Ghostly Armor","floor":45.0},{"not_picked":["Warcry","Havoc"],"picked":"Disarm","floor":48.0}],"player_experience":829213,"relics_obtained":[{"floor":8.0,"key":"Bag of Preparation"},{"floor":8.0,"key":"MawBank"},{"floor":9.0,"key":"Happy Flower"},{"floor":10.0,"key":"Potion Belt"},{"floor":10.0,"key":"Shuriken"},{"floor":12.0,"key":"The Courier"},{"floor":12.0,"key":"Boot"},{"floor":13.0,"key":"Oddly Smooth Stone"},{"floor":23.0,"key":"Nunchaku"},{"floor":23.0,"key":"Centennial Puzzle"},{"floor":26.0,"key":"InkBottle"},{"floor":28.0,"key":"Anchor"},{"floor":28.0,"key":"Juzu Bracelet"},{"floor":38.0,"key":"Unceasing Top"},{"floor":39.0,"key":"StoneCalendar"},{"floor":40.0,"key":"Darkstone Periapt"},{"floor":40.0,"key":"Lantern"},{"floor":44.0,"key":"Incense Burner"},{"floor":44.0,"key":"PreservedInsect"}],"event_choices":[{"damage_healed":0.0,"max_hp_gain":0.0,"max_hp_loss":0.0,"gold_gain":0.0,"event_name":"Shining Light","player_choice":"Ignored","floor":5.0,"gold_loss":0.0,"damage_taken":0.0},{"damage_healed":0.0,"max_hp_gain":0.0,"max_hp_loss":0.0,"gold_gain":30.0,"event_name":"Dead Adventurer","player_choice":"Searched \u00273\u0027 times","floor":7.0,"gold_loss":0.0,"damage_taken":0.0,"relics_obtained":["Vajra"]},{"damage_healed":0.0,"max_hp_gain":0.0,"max_hp_loss":0.0,"gold_gain":0.0,"event_name":"Nest","player_choice":"Joined the Cult","floor":20.0,"gold_loss":0.0,"damage_taken":6.0,"cards_obtained":["RitualDagger"]},{"damage_healed":0.0,"max_hp_gain":0.0,"max_hp_loss":0.0,"gold_gain":0.0,"event_name":"Vampires","player_choice":"Ignored","floor":21.0,"gold_loss":0.0,"damage_taken":0.0},{"damage_healed":15.0,"max_hp_gain":0.0,"max_hp_loss":0.0,"gold_gain":0.0,"event_name":"The Library","player_choice":"Heal","floor":31.0,"gold_loss":0.0,"damage_taken":0.0},{"cards_removed":["Infernal Blade"],"damage_healed":14.0,"max_hp_gain":0.0,"max_hp_loss":0.0,"gold_gain":0.0,"event_name":"Bonfire Elementals","player_choice":"Offered Uncommon","floor":37.0,"gold_loss":0.0,"damage_taken":0.0},{"damage_healed":0.0,"max_hp_gain":0.0,"max_hp_loss":0.0,"gold_gain":0.0,"event_name":"Mysterious Sphere","player_choice":"Fight","floor":38.0,"gold_loss":0.0,"damage_taken":0.0},{"damage_healed":0.0,"max_hp_gain":0.0,"max_hp_loss":0.0,"gold_gain":0.0,"event_name":"MindBloom","player_choice":"Fight","floor":39.0,"gold_loss":0.0,"damage_taken":0.0},{"damage_healed":0.0,"max_hp_gain":0.0,"max_hp_loss":0.0,"gold_gain":0.0,"event_name":"The Woman in Blue","player_choice":"Bought 0 Potions","floor":46.0,"gold_loss":0.0,"damage_taken":0.0}],"is_beta":false,"boss_relics":[{"not_picked":["Empty Cage","Runic Dome"],"picked":"Pandora\u0027s Box"},{"not_picked":["Philosopher\u0027s Stone","Velvet Choker"],"picked":"Sozu"}],"items_purged_floors":[27,30],"is_endless":false,"potions_floor_spawned":[8,10,12,18,25,28,39,44,45,48],"killed_by":"Shield and Spear","ascension_level":20}}