{"host":"0o4jkshs65tojivq","time":1612560809,"event":{"mods":["BaseMod","Downfall","Minty Spire (QoL Compilation)","Quick Restart","StSLib"],"gold_per_floor":[99,99,99,99,99,125,125,125,136,136,136,69,88,117,127,222,222,122,135,150,60,72,72,72,99,99,99,113,131,144,215,232,232,232,232],"floor_reached":33,"language":"ENG","playtime":2408,"items_purged":["Slimebound:BestDefense+1"],"score":303,"play_id":"d54f9217-d3c1-4e7d-b441-4d65562e9aed","local_time":"20210205133329","is_ascension_mode":true,"campfire_choices":[{"data":"Slimebound:Split","floor":1.0,"key":"SMITH"},{"floor":8,"key":"RECALL"},{"data":"Slimebound:SlimeBarrage","floor":18,"key":"SMITH"}],"circlet_count":0,"master_deck":["Slimebound:Strike_Slimebound","Slimebound:Strike_Slimebound","Slimebound:Strike_Slimebound","Slimebound:Defend_Slimebound","Slimebound:Defend_Slimebound","Slimebound:Defend_Slimebound","Slimebound:Defend_Slimebound","Slimebound:Split+1","Slimebound:CorrosiveSpit","Slimebound:FinishingTackle","Slimebound:SplitAcid","Slimebound:SplitSpecialist","Slimebound:SelfFormingGoo+1","Slimebound:SplitBruiser","Slimebound:Teamwork+1","Slimebound:SplitAcid","Slimebound:LivingWall","Slimebound:SlimeBarrage+1","Slimebound:DuplicatedForm+1","Slimebound:SplitLeeching","Slimebound:PressTheAttack+1","Slimebound:ProtectTheBoss+1","Slimebound:FirmFortitude","Slimebound:LivingWall+1"],"relics":["Slimebound:AbsorbEndCombat","downfall:HeartsMalice","Frozen Egg 2","Tiny Chest","GremlinMask","MealTicket","Velvet Choker","downfall:HeartBlessingRed","HornCleat","Gremlin Horn","Pen Nib","Toxic Egg 2"],"acts_visited":["Exordium","TheCity"],"potions_floor_usage":[15,25,25,33,33],"damage_taken":[{"damage":0.0,"enemies":"Cultist","floor":2.0,"turns":1.0},{"damage":0.0,"enemies":"Jaw Worm","floor":3.0,"turns":1.0},{"damage":0.0,"enemies":"2 Louse","floor":5.0,"turns":1.0},{"damage":23,"enemies":"Lagavulin","floor":6,"turns":5},{"damage":19,"enemies":"Exordium Thugs","floor":9,"turns":4},{"damage":0,"enemies":"downfall:FleeingMerchant","floor":12,"turns":4},{"damage":0,"enemies":"Large Slime","floor":13,"turns":5},{"damage":29,"enemies":"Gremlin Nob","floor":14,"turns":5},{"damage":0,"enemies":"Gremlin Gang","floor":15,"turns":4},{"damage":6,"enemies":"SI_SHIV_ARCHETYPE","floor":16,"turns":10},{"damage":7,"enemies":"Chosen","floor":19,"turns":4},{"damage":40,"enemies":"Centurion and Healer","floor":20,"turns":6},{"damage":22,"enemies":"downfall:FleeingMerchant","floor":21,"turns":4},{"damage":15,"enemies":"Snecko","floor":22,"turns":4},{"damage":37,"enemies":"Slavers","floor":25,"turns":4},{"damage":3,"enemies":"3 Cultists","floor":28,"turns":4},{"damage":16,"enemies":"Snake Plant","floor":29,"turns":3},{"damage":23,"enemies":"Shelled Parasite and Fungi","floor":30,"turns":5},{"damage":0,"enemies":"3 Cultists","floor":32,"turns":5},{"damage":42,"enemies":"WA_ARCHETYPE_CALM","floor":33,"turns":5}],"seed_played":"-1115586325618228720","potions_obtained":[{"floor":9,"key":"champ:CounterPotion"},{"floor":13,"key":"ColorlessPotion"},{"floor":14,"key":"Guardian:BlockOnCardUsePotion"},{"floor":15,"key":"hexamod:SoulburnPotion"},{"floor":16,"key":"Energy Potion"},{"floor":29,"key":"LiquidMemories"},{"floor":32,"key":"EssenceOfSteel"}],"is_trial":false,"path_per_floor":["R","M","M","?","M","E","T","R","M","?","?","$","M","E","M","B",null,"R","M","M","$","M","T","T","E","?","?","M","M","M","T","M","B"],"character_chosen":"SLIMEBOUND","items_purchased":["Slimebound:SplitAcid"],"campfire_rested":0,"item_purchase_floors":[12],"current_hp_per_floor":[65,65,65,65,65,49,49,49,34,34,34,38,38,9,13,11,65,65,60,39,53,57,57,57,22,43,43,44,30,26,26,32,0,0,0],"gold":232,"neow_bonus":"THREE_ENEMY_KILL","is_daily":false,"chose_seed":false,"campfire_upgraded":2,"win_rate":0.0,"timestamp":1612560809,"path_taken":["R","M","M","?","M","E","T","R","M","?","?","$","?","E","M","BOSS","R","M","M","$","M","?","T","E","?","?","M","?","M","?","M","BOSS"],"items_purchased_type":["Card"],"build_version":"2020-12-22","purchased_purges":1,"victory":false,"max_hp_per_floor":[65,65,65,65,65,65,65,65,65,65,65,65,65,65,65,65,65,65,65,65,65,65,65,65,65,65,65,65,65,65,65,65,65,65,65],"card_choices":[{"not_picked":["Slimebound:Schlurp","Slimebound:LivingWall"],"picked":"Slimebound:FinishingTackle","floor":2.0},{"not_picked":["Slimebound:ItLooksTasty","Slimebound:ProtectTheBoss"],"picked":"Slimebound:SplitAcid","floor":3.0},{"not_picked":["Slimebound:GoopSpray","Slimebound:Schlurp"],"picked":"Slimebound:SplitSpecialist","floor":5.0},{"not_picked":["Slimebound:Grow+1","Slimebound:SplitBruiser"],"picked":"Slimebound:SelfFormingGoo+1","floor":6},{"not_picked":["Slimebound:AcidTongue+1","Slimebound:FinishingTackle"],"picked":"Slimebound:SplitBruiser","floor":9},{"not_picked":["Slimebound:LeechingTouch","Slimebound:LeechLife"],"picked":"Slimebound:Teamwork","floor":12},{"not_picked":["Slimebound:ViciousTackle","Slimebound:LeechEnergy"],"picked":"Slimebound:BestDefense+1","floor":13},{"not_picked":["Slimebound:PressTheAttack","Slimebound:LeechingTouch"],"picked":"Slimebound:LivingWall","floor":14},{"not_picked":["Slimebound:RejuvenatingLick","Slimebound:Chomp"],"picked":"Slimebound:SlimeBarrage","floor":15},{"not_picked":["Slimebound:Teamwork","Slimebound:PrepareCrush"],"picked":"Slimebound:DuplicatedForm+1","floor":16},{"not_picked":["Slimebound:RollThrough","Slimebound:ViciousTackle"],"picked":"Slimebound:SplitLeeching","floor":19},{"not_picked":["Slimebound:SplitAcid","Slimebound:Equalize"],"picked":"Slimebound:PressTheAttack+1","floor":20},{"not_picked":["Slimebound:FinishingTackle+1","Slimebound:PressTheAttack"],"picked":"Slimebound:ProtectTheBoss+1","floor":21},{"not_picked":["Slimebound:DivideAndConquer","Slimebound:HauntingLick+1","Slimebound:LeechingTouch"],"picked":"SKIP","floor":22},{"not_picked":["Slimebound:GoopTackle+1","Slimebound:TongueLash","Slimebound:OozeBath"],"picked":"SKIP","floor":25},{"not_picked":["Slimebound:Equalize","Slimebound:RollThrough","Slimebound:Replication"],"picked":"SKIP","floor":28},{"not_picked":["Slimebound:FinishingTackle+1","Slimebound:SlimeSpikes","Slimebound:ServeAndProtect+1"],"picked":"SKIP","floor":29},{"not_picked":["Slimebound:SplitLeeching","Slimebound:Nibble"],"picked":"Slimebound:FirmFortitude","floor":30},{"not_picked":["Slimebound:GoopSpray+1","Slimebound:SamplingLick+1"],"picked":"Slimebound:LivingWall+1","floor":32}],"player_experience":1196106,"relics_obtained":[{"floor":6,"key":"Frozen Egg 2"},{"floor":7,"key":"Tiny Chest"},{"floor":14,"key":"MealTicket"},{"floor":23,"key":"HornCleat"},{"floor":24,"key":"Gremlin Horn"},{"floor":25,"key":"Pen Nib"},{"floor":31,"key":"Toxic Egg 2"}],"event_choices":[{"cards_removed":["Slimebound:Tackle"],"damage_healed":0,"gold_gain":0,"player_choice":"Card Removal","damage_taken":0,"max_hp_gain":0,"max_hp_loss":0,"event_name":"The Cleric","floor":10,"gold_loss":0},{"damage_healed":0,"gold_gain":0,"player_choice":"Trade","damage_taken":0,"relics_obtained":["GremlinMask"],"max_hp_gain":0,"max_hp_loss":0,"event_name":"FaceTrader","floor":11,"gold_loss":0},{"damage_healed":21,"gold_gain":0,"player_choice":"Heal","damage_taken":0,"max_hp_gain":0,"max_hp_loss":0,"event_name":"The Library","floor":26,"gold_loss":0},{"damage_healed":0,"gold_gain":0,"player_choice":"Forge","damage_taken":0,"max_hp_gain":0,"max_hp_loss":0,"event_name":"Accursed Blacksmith","floor":27,"gold_loss":0,"cards_upgraded":["Slimebound:Teamwork"]}],"is_beta":false,"boss_relics":[{"not_picked":["Calling Bell","Slimebound:AbsorbEndCombatUpgraded"],"picked":"Velvet Choker"}],"items_purged_floors":[21],"is_endless":false,"potions_floor_spawned":[9,13,14,15,16,20,22,29,32],"killed_by":"WA_ARCHETYPE_CALM","ascension_level":2}}