{"host":"0cnf9zf1gia27zti","time":1612489212,"event":{"mods":["BaseMod","Better Third Choice","BetterRewards","Card Forge","ChefMod","Colored Map","Colored Powertips","Conspire","Downfall","Googly Eyes","Infinite Spire","Minty Spire (QoL Compilation)","Practice Mode","Quick Restart","Replay The Spire","Shade Mod","Spicy Shops","StSLib","The Marked"],"gold_per_floor":[119,139,159,172,39,39,39,70,70,101,126,154,173,29,48,59,59,130,130,147,147,16,31,45,45,64,64,90,110,60,71,83,101,101,177,177,192,206,225,244,153,184,184,184,184,184,164,174,191,211,211,211],"floor_reached":53,"language":"ENG","playtime":3121,"items_purged":["Strike_G","Strike_G","Strike_G","Strike_G","Strike_G","Defend_G","Defend_G","Defend_G"],"score":1680,"play_id":"2eeb9c06-3c00-4a20-8381-3550b4ddbd86","local_time":"20210205014012","is_ascension_mode":true,"campfire_choices":[{"data":"Noxious Fumes","floor":9,"key":"SMITH"},{"floor":25,"key":"REST"},{"data":"Backflip","floor":34,"key":"SMITH"},{"data":"Neutralize","floor":43,"key":"SMITH"},{"floor":51,"key":"REST"}],"circlet_count":0,"master_deck":["AscendersBane","Survivor","Neutralize+1","Noxious Fumes+1","Skewer","Dramatic Entrance","Prepared+1","Footwork+1","Footwork+1","Crippling Poison","Backflip+1","Backflip","Footwork+1","Tools of the Trade","Calculated Gamble","Noxious Fumes+1","Noxious Fumes","Sneak Up","Noxious Fumes+1","Footwork+1","infinitespire:Starlight+1","infinitespire:Fortify+1","infinitespire:NeuralNetwork+1"],"relics":["Ring of the Snake","Hammer of Thor","Seething Fire","Anvil of the Gods","BargainBundle","sneckomod:BlankCard","Torii","Bottled Tornado","Replay:Wax Seal","Counterbalance","Smiling Mask","ReplayTheSpireMod:TigerMarble","Blue Doll","DollysMirror","conspire:SpecialSausage","Empty Cage","Mirror","Replay:Baseball","sneckomod:SneckoTalon","Strawberry","Orichalcum","SlaversCollar","StoneCalendar"],"acts_visited":["Exordium","TheCity","TheBeyond"],"potions_floor_usage":[4,8,10,16,16,17,18,24,24,42,48,52],"damage_taken":[{"damage":0,"enemies":"2 Louse","floor":1,"turns":2},{"damage":0,"enemies":"Cultist","floor":2,"turns":4},{"damage":0,"enemies":"Jaw Worm","floor":3,"turns":5},{"damage":1,"enemies":"Exordium Wildlife","floor":4,"turns":5},{"damage":8,"enemies":"3 Sentries","floor":8,"turns":5},{"damage":0,"enemies":"Lagavulin","floor":10,"turns":6},{"damage":1,"enemies":"3 Sentries","floor":12,"turns":5},{"damage":1,"enemies":"Red Slaver","floor":13,"turns":4},{"damage":0,"enemies":"2 Fungi Beasts","floor":15,"turns":3},{"damage":1,"enemies":"Gremlin Gang","floor":16,"turns":3},{"damage":7,"enemies":"Hexaghost","floor":18,"turns":7},{"damage":0,"enemies":"Spheric Guardian","floor":20,"turns":5},{"damage":0,"enemies":"Shell Parasite","floor":23,"turns":5},{"damage":25,"enemies":"Snake Plant","floor":24,"turns":3},{"damage":1,"enemies":"3 Cultists","floor":26,"turns":4},{"damage":2,"enemies":"Cultist and Chosen","floor":29,"turns":5},{"damage":0,"enemies":"Chosen and Byrds","floor":31,"turns":5},{"damage":0,"enemies":"3 Cultists","floor":32,"turns":3},{"damage":2,"enemies":"Centurion and Healer","floor":33,"turns":5},{"damage":1,"enemies":"Automaton","floor":35,"turns":11},{"damage":5,"enemies":"3 Shapes","floor":37,"turns":4},{"damage":0,"enemies":"3 Darklings","floor":38,"turns":5},{"damage":6,"enemies":"4 Shapes","floor":39,"turns":4},{"damage":0,"enemies":"Spire Growth","floor":40,"turns":6},{"damage":8,"enemies":"Reptomancer","floor":42,"turns":6},{"damage":25,"enemies":"Jaw Worm Horde","floor":48,"turns":3},{"damage":23,"enemies":"Sphere and 2 Shapes","floor":49,"turns":4},{"damage":0,"enemies":"3 Darklings","floor":50,"turns":4},{"damage":0,"enemies":"Awakened One","floor":52,"turns":12}],"seed_played":"-425180192140729903","potions_obtained":[{"floor":1,"key":"Swift Potion"},{"floor":2,"key":"CunningPotion"},{"floor":8,"key":"Regen Potion"},{"floor":10,"key":"EssenceOfSteel"},{"floor":15,"key":"LiquidBronze"},{"floor":17,"key":"Doom Potion"},{"floor":17,"key":"Fruit Juice"},{"floor":20,"key":"Fire Potion"},{"floor":23,"key":"LiquidBronze"},{"floor":35,"key":"SkillPotion"},{"floor":38,"key":"BlessingOfTheForge"},{"floor":47,"key":"Weak Potion"},{"floor":48,"key":"Elixir"}],"is_trial":false,"path_per_floor":["M","M","M","M","$","PTL","PTL","E","R","E","T","E","M","$","M","M","R_BF","B",null,"M","?","$","M","M","R","M","AVR","T","M","$","M","M","M","R","B",null,"M","M","M","M","$","E","R","?","T","AVR","?","M","M","M","R","B",null],"character_chosen":"THE_SILENT","items_purchased":["BargainBundle","Noxious Fumes","Skewer","Dramatic Entrance","Prepared+1","sneckomod:BlankCard","Torii","Bottled Tornado","Footwork+1","Replay:Wax Seal","Backflip","DollysMirror","Noxious Fumes","Footwork+1"],"campfire_rested":2,"item_purchase_floors":[0,0,0,0,0,0,0,0,0,5,5,14,22,41],"current_hp_per_floor":[59,59,59,58,58,58,58,50,50,65,65,64,63,63,63,62,67,60,68,68,68,68,68,44,65,64,64,64,62,62,62,62,60,60,59,69,64,64,58,58,58,57,57,38,38,38,38,23,10,20,43,73],"gold":211,"neow_bonus":"","is_daily":false,"chose_seed":false,"campfire_upgraded":3,"win_rate":0.0,"timestamp":1612489212,"path_taken":["M","M","M","M","$","PTL","PTL","E","R","E","T","E","M","$","M","M","R_BF","BOSS","M","?","$","M","M","R","?","AVR","T","M","$","?","M","M","R","BOSS","M","M","M","M","$","E","R","?","T","AVR","?","M","M","?","R","BOSS"],"items_purchased_type":["Relic","Card","Card","Card","Card","Relic","Relic","Relic","Card","Relic","Card","Relic","Card","Card"],"build_version":"2020-12-22","purchased_purges":8,"victory":true,"max_hp_per_floor":[66,66,66,66,66,66,66,66,66,66,66,66,66,66,66,66,71,71,71,71,71,71,71,72,72,72,72,72,72,72,72,72,72,72,72,72,72,72,72,72,72,79,79,79,79,79,79,79,79,79,79,79],"card_choices":[{"not_picked":["Caltrops","Dagger Spray"],"picked":"Footwork","floor":1},{"not_picked":["Sucker Punch","Quick Slash"],"picked":"Crippling Poison","floor":2},{"not_picked":["Sneak Up","Dodge and Roll"],"picked":"Backflip","floor":3},{"not_picked":["Hidden Blade","Deadly Poison","Blade Dance"],"picked":"SKIP","floor":4},{"not_picked":["PiercingWail","Underhanded Strike"],"picked":"Footwork","floor":8},{"not_picked":["Outmaneuver","Sneak Up"],"picked":"Tools of the Trade","floor":10},{"not_picked":["Sucker Punch","Dodge and Roll","Dagger Throw"],"picked":"SKIP","floor":12},{"not_picked":["Sucker Punch","Dodge and Roll","Dagger Throw"],"picked":"SKIP","floor":12},{"not_picked":["Sucker Punch","Bane"],"picked":"Calculated Gamble","floor":13},{"not_picked":["Hidden Blade","Predator","Deflect"],"picked":"SKIP","floor":15},{"not_picked":["Deflect","Slice","ReplayTheSpireMod:The Works"],"picked":"SKIP","floor":16},{"not_picked":["Dagger Throw","Setup","Deadly Poison"],"picked":"SKIP","floor":20},{"not_picked":["Slice","PiercingWail+1"],"picked":"Prepared","floor":23},{"not_picked":["Infinite Blades","Dagger Spray+1"],"picked":"Sneak Up","floor":24},{"not_picked":["Outmaneuver","Dagger Throw","Setup"],"picked":"SKIP","floor":26},{"not_picked":["Terror","Hidden Blade","Quick Slash"],"picked":"SKIP","floor":29},{"not_picked":["Outmaneuver","Distraction","Infinite Blades"],"picked":"SKIP","floor":31},{"not_picked":["Prepared","Deflect","Blade Dance"],"picked":"SKIP","floor":32},{"not_picked":["Acrobatics+1","Finisher","ReplayTheSpireMod:Exploit Weakness+1"],"picked":"SKIP","floor":33},{"not_picked":["Dagger Spray+1","Underhanded Strike","Cloak And Dagger"],"picked":"SKIP","floor":37},{"not_picked":["Dodge and Roll+1","Sucker Punch","Poisoned Stab"],"picked":"SKIP","floor":38},{"not_picked":["Deadly Poison","Tactician","Underhanded Strike"],"picked":"SKIP","floor":39},{"not_picked":["Flechettes","Prepared"],"picked":"Noxious Fumes+1","floor":40},{"not_picked":["Prepared","Expertise","ReplayTheSpireMod:Scrap Shanks"],"picked":"SKIP","floor":42},{"not_picked":["infinitespire:Execution","infinitespire:Menacing"],"picked":"infinitespire:Starlight","floor":44},{"not_picked":["PiercingWail","Deflect","Predator+1"],"picked":"SKIP","floor":48},{"not_picked":["Wraith Form v2","Poisoned Stab","Cloak And Dagger"],"picked":"SKIP","floor":49},{"not_picked":["Dagger Throw+1","Quick Slash","Backstab"],"picked":"SKIP","floor":50}],"player_experience":3576090,"relics_obtained":[{"floor":8,"key":"Counterbalance"},{"floor":10,"key":"Smiling Mask"},{"floor":11,"key":"ReplayTheSpireMod:TigerMarble"},{"floor":12,"key":"Blue Doll"},{"floor":28,"key":"Replay:Baseball"},{"floor":42,"key":"Strawberry"},{"floor":45,"key":"Orichalcum"}],"event_choices":[{"damage_healed":0,"gold_gain":0,"player_choice":"Forge","damage_taken":0,"max_hp_gain":0,"max_hp_loss":0,"event_name":"Accursed Blacksmith","floor":21,"gold_loss":0,"cards_upgraded":["Footwork"]},{"damage_healed":0,"gold_gain":0,"player_choice":"Bought 1 Potion","damage_taken":0,"max_hp_gain":0,"max_hp_loss":0,"event_name":"The Woman in Blue","floor":47,"gold_loss":0}],"is_beta":false,"boss_relics":[{"not_picked":["Replay:Wanted Poster","infinitespire:Cupcake"],"picked":"conspire:SpecialSausage"},{"not_picked":["ReplayTheSpireMod:SealedPack","Snecko Eye"],"picked":"sneckomod:SneckoTalon"}],"items_purged_floors":[0,0,0,22,27,30,41,46],"is_endless":false,"potions_floor_spawned":[1,2,8,10,15,20,23,35,38,40,48,49],"ascension_level":14}}