{"host":"rxqgn04mcfja67mv","time":1612539201,"event":{"mods":["AchievementEnabler","BaseMod","BetterRewards","Grow up Mod","Hermit","Hubris","Minty Spire (QoL Compilation)","Replay The Spire","Shop Mod","StSLib","The Bug Knight"],"gold_per_floor":[109,109,125,139,187,225,247,259,294,306,318,340,370,416,428,536,548,579,791,823,835,58,87,87,87,87,117,117,137,153,153,93,106,106,210,210,226,529,529,548,562,590,590,590,590],"floor_reached":44,"language":"ENG","playtime":7079,"items_purged":["Spreading Infection"],"score":662,"play_id":"03ef377d-033f-4008-ad07-fcffab5632d3","local_time":"20210205153321","is_ascension_mode":true,"campfire_choices":[{"floor":8,"key":"REST"},{"floor":11,"key":"RECALL"},{"data":"Judgement","floor":15,"key":"SMITH"},{"floor":24,"key":"REST"},{"data":"Judgement","floor":31,"key":"SMITH"},{"data":"TalkToTheHand","floor":31,"key":"SMITH"},{"floor":34,"key":"REST"}],"circlet_count":0,"master_deck":["Eruption","Vigilance","Protect","DevaForm","Judgement+1","Tantrum","Judgement+1","ConjureBlade","SpiritShield","FollowUp","Prostrate","TalkToTheHand+1","ReplayTheSpireMod:Splinters","SandsOfTime","FollowUp","Prostrate","FollowUp","InnerPeace","Brilliance","CurseOfTheBell","Replay:LoomingThreat","PathToVictory","Pray+1","SignatureMove","Ragnarok","LikeWater","Replay:DivineShield","EmptyBody+1","FollowUp","Prostrate","Collect","Collect+1","DevaForm+1","PathToVictory+1","WheelKick+1","Replay:ManipulateFuture+1","Replay:ManipulateFuture+1","Madness","Madness","Weave+1","Replay:Vibes","Conclude+1"],"relics":["Pantograph","hubris:SlimyHat","Singing Bowl","Bag of Marbles","Matryoshka","Replay:Arrowhead","Ring of Hypnosis","ReplayTheSpireMod:Ring of Exchange","Blue Doll","MerchantsRug","Orrery","Replay:Bottled Flurry","hubris:SphereOfDissonance","Golden Egg","Dream Catcher","Damaru"],"acts_visited":["Exordium","TheCity","TheBeyond"],"potions_floor_usage":[29,35,35,35,44,44],"damage_taken":[{"damage":12,"enemies":"Jaw Worm","floor":1,"turns":2},{"damage":0,"enemies":"Cultist","floor":3,"turns":1},{"damage":0,"enemies":"Small Slimes","floor":4,"turns":3},{"damage":16,"enemies":"Lagavulin","floor":6,"turns":6},{"damage":18,"enemies":"Blue Slaver","floor":7,"turns":3},{"damage":24,"enemies":"Lots of Slimes","floor":12,"turns":2},{"damage":13,"enemies":"Looter","floor":13,"turns":2},{"damage":62,"enemies":"3 Sentries","floor":14,"turns":7},{"damage":91,"enemies":"Hexaghost","floor":16,"turns":9},{"damage":24,"enemies":"Chosen","floor":18,"turns":3},{"damage":21,"enemies":"Spheric Guardian","floor":20,"turns":4},{"damage":52,"enemies":"Book of Stabbing","floor":23,"turns":6},{"damage":25,"enemies":"HollowMod:Nosk","floor":27,"turns":6},{"damage":31,"enemies":"Centurion and Healer","floor":29,"turns":4},{"damage":38,"enemies":"Cultist and Chosen","floor":30,"turns":4},{"damage":63,"enemies":"Sentry and Sphere","floor":33,"turns":4},{"damage":142,"enemies":"Automaton","floor":35,"turns":8},{"damage":42,"enemies":"Orb Walker","floor":37,"turns":4},{"damage":80,"enemies":"3 Darklings","floor":40,"turns":6},{"damage":69,"enemies":"Maw","floor":41,"turns":7},{"damage":181,"enemies":"Reptomancer","floor":42,"turns":8},{"damage":90,"enemies":"4 Shapes","floor":44,"turns":6}],"seed_played":"-3812680628452966533","potions_obtained":[{"floor":1,"key":"Doom Potion"},{"floor":5,"key":"SkillPotion"},{"floor":5,"key":"GamblersBrew"},{"floor":7,"key":"Ancient Potion"},{"floor":12,"key":"BlessingOfTheForge"},{"floor":33,"key":"Ambrosia"},{"floor":37,"key":"Elixir"},{"floor":40,"key":"DuplicationPotion"}],"is_trial":false,"path_per_floor":["M","?","M","M","?","E","M","R","T","?","R","M","M","E","R","B",null,"M","?","M","?","$","E","R","PTL","PTL","E","T","M","M","R","?","M","R","B",null,"M","$","?","M","M","E","?","M"],"character_chosen":"WATCHER","items_purchased":["Blue Doll","MerchantsRug","Orrery","Replay:Bottled Flurry","WheelKick+1","Replay:ManipulateFuture"],"campfire_rested":3,"item_purchase_floors":[22,22,22,22,38,38],"current_hp_per_floor":[80,90,100,110,120,114,106,161,171,181,191,177,174,122,132,76,252,238,248,237,247,259,217,321,331,341,326,336,315,287,297,307,254,388,281,444,412,422,374,304,245,74,84,0,0],"gold":590,"neow_bonus":"BOSS_RELIC","is_daily":false,"chose_seed":false,"campfire_upgraded":3,"win_rate":0.0,"timestamp":1612539201,"path_taken":["M","?","M","?","?","E","M","R","T","?","R","?","M","E","R","BOSS","M","?","?","?","?","E","R","PTL","PTL","E","T","M","M","R","?","M","R","BOSS","M","$","?","M","M","E","?","M"],"items_purchased_type":["Relic","Relic","Relic","Relic","Card","Card"],"build_version":"2020-12-22","purchased_purges":1,"victory":false,"max_hp_per_floor":[92,102,112,122,132,142,152,162,172,182,192,202,212,222,232,242,252,262,272,282,292,304,314,324,334,344,354,364,374,384,394,404,414,424,434,444,454,464,474,484,494,504,514,514,514],"card_choices":[{"not_picked":["FlyingSleeves","Halt"],"picked":"FollowUp","floor":1},{"not_picked":["Tantrum","Fasting2"],"picked":"Prostrate","floor":3},{"not_picked":["Crescendo","FlurryOfBlows"],"picked":"TalkToTheHand","floor":4},{"not_picked":["ClearTheMind","Fasting2"],"picked":"SandsOfTime","floor":5},{"not_picked":["Indignation","EmptyFist"],"picked":"FollowUp","floor":6},{"not_picked":["CutThroughFate","Study"],"picked":"Prostrate","floor":7},{"not_picked":["ThirdEye","Evaluate","ClearTheMind"],"picked":"SKIP","floor":12},{"not_picked":["Wish","Evaluate"],"picked":"FollowUp","floor":13},{"not_picked":["Replay:ManipulateFuture","Study"],"picked":"InnerPeace","floor":14},{"not_picked":["Omniscience","Judgement"],"picked":"Brilliance","floor":16},{"not_picked":["Perseverance","FlurryOfBlows"],"picked":"Replay:LoomingThreat","floor":18},{"not_picked":["Replay:BluntJabs+1","Halt"],"picked":"PathToVictory","floor":20},{"not_picked":["SashWhip","FlyingSleeves+1"],"picked":"Pray+1","floor":22},{"not_picked":["Tantrum","Consecrate"],"picked":"SignatureMove","floor":22},{"not_picked":["Evaluate","Indignation"],"picked":"Ragnarok","floor":22},{"not_picked":["SignatureMove","ThirdEye","Fasting2"],"picked":"Singing Bowl","floor":22},{"not_picked":["ThirdEye+1","SandsOfTime+1"],"picked":"LikeWater","floor":22},{"not_picked":["Wallop","Evaluate+1"],"picked":"Replay:DivineShield","floor":23},{"not_picked":["Nirvana","Sanctity"],"picked":"EmptyBody+1","floor":27},{"not_picked":["Omniscience","Replay:ManipulateFuture"],"picked":"FollowUp","floor":29},{"not_picked":["Study+1","WheelKick"],"picked":"Prostrate","floor":30},{"not_picked":["Weave+1","CutThroughFate+1"],"picked":"Collect","floor":33},{"not_picked":["Evaluate","Wireheading"],"picked":"Collect+1","floor":34},{"not_picked":["Establishment","Devotion"],"picked":"DevaForm","floor":35},{"not_picked":["SashWhip+1","ClearTheMind+1"],"picked":"PathToVictory+1","floor":37},{"not_picked":["WheelKick","Wireheading"],"picked":"Weave+1","floor":40},{"not_picked":["Wallop","EmptyBody"],"picked":"Replay:Vibes","floor":41},{"not_picked":["FlurryOfBlows+1","CutThroughFate+1"],"picked":"Conclude+1","floor":42}],"player_experience":406328,"relics_obtained":[{"floor":5,"key":"MawBank"},{"floor":6,"key":"hubris:SlimyHat"},{"floor":14,"key":"Singing Bowl"},{"floor":17,"key":"Bag of Marbles"},{"floor":17,"key":"Matryoshka"},{"floor":17,"key":"Replay:Arrowhead"},{"floor":21,"key":"Ring of Hypnosis"},{"floor":21,"key":"ReplayTheSpireMod:Ring of Exchange"},{"floor":23,"key":"hubris:SphereOfDissonance"},{"floor":27,"key":"Chameleon Ring"},{"floor":28,"key":"Golden Egg"},{"floor":28,"key":"Dream Catcher"},{"floor":42,"key":"Damaru"}],"event_choices":[{"cards_removed":["WheelKick"],"damage_healed":0,"gold_gain":0,"player_choice":"Gave Card","damage_taken":0,"relics_obtained":["Pantograph"],"max_hp_gain":0,"max_hp_loss":0,"event_name":"WeMeetAgain","floor":2,"gold_loss":0},{"damage_healed":0,"gold_gain":0,"player_choice":"Bought 0 Potions","damage_taken":0,"max_hp_gain":0,"max_hp_loss":0,"event_name":"The Woman in Blue","floor":10,"gold_loss":0},{"damage_healed":0,"gold_gain":200,"player_choice":"Gold","damage_taken":0,"max_hp_gain":0,"max_hp_loss":0,"event_name":"Wheel of Change","floor":19,"gold_loss":0},{"damage_healed":0,"gold_gain":0,"player_choice":"Embrace Madness","damage_taken":58,"max_hp_gain":0,"max_hp_loss":0,"event_name":"Winding Halls","floor":39,"gold_loss":0,"cards_obtained":["Madness","Madness"]},{"damage_healed":0,"gold_gain":0,"player_choice":"Ignored","damage_taken":0,"max_hp_gain":0,"max_hp_loss":0,"event_name":"Purifier","floor":43,"gold_loss":0}],"is_beta":false,"boss_relics":[{"not_picked":["Replay:Drink Me","Replay:Wanted Poster"],"picked":"Calling Bell"},{"not_picked":["Black Star","hubris:Stopwatch"],"picked":"Fusion Hammer"}],"items_purged_floors":[22],"is_endless":false,"potions_floor_spawned":[1,7,12,13,18,20,23,33,37,40],"killed_by":"4 Shapes","ascension_level":2}}