{"host":"6p0attdrtjqaih7v","time":1612532703,"event":{"mods":["2.2 Compatiblity","AchievementEnabler","Bard","BaseMod","Better Skull","Better Third Choice","Colored Powertips","Hermit","Highlight Path","Key Reminder","Minty Spire (QoL Compilation)","Permanent Neow","Quick Restart","Random Character Button","Relic Stats","Reliquary","Replay The Spire","Robot Space Explorer","StSLib","The Witch"],"gold_per_floor":[114,114,125,125,187,218,268,33,58,58,108,145,145,163,163],"floor_reached":14,"language":"ENG","playtime":519,"items_purged":["Strike_G"],"score":176,"play_id":"008d9604-2eb0-4411-bdfb-439c4561a1d5","local_time":"20210205084503","is_ascension_mode":true,"campfire_choices":[{"data":"Toxin Wave","floor":10,"key":"SMITH"},{"floor":13,"key":"REST"}],"circlet_count":0,"master_deck":["AscendersBane","Strike_G","Strike_G","Strike_G","Defend_G","Defend_G","Defend_G","Defend_G","Survivor","Neutralize","Toxin Wave+1","Blade Dance","Crippling Poison","After Image+1","Corpse Explosion","Acrobatics"],"relics":["Ring of the Snake","SsserpentHead","Replay:Baseball","Replay:Bandana","Replay:WaspNest"],"acts_visited":["Exordium"],"potions_floor_usage":[6,6],"damage_taken":[{"damage":0,"enemies":"Small Slimes","floor":1,"turns":4},{"damage":1,"enemies":"Cultist","floor":3,"turns":4},{"damage":7,"enemies":"Jaw Worm","floor":5,"turns":4},{"damage":19,"enemies":"3 Sentries","floor":6,"turns":9},{"damage":2,"enemies":"2 Fungi Beasts","floor":12,"turns":2},{"damage":49,"enemies":"Gremlin Nob","floor":14,"turns":4}],"seed_played":"4288845555861604757","potions_obtained":[{"floor":0,"key":"EntropicBrew"},{"floor":0,"key":"Toxic Potion"},{"floor":0,"key":"DistilledChaos"}],"is_trial":false,"path_per_floor":["M","?","M","?","M","E","?","$","T","R","?","M","R","E"],"character_chosen":"THE_SILENT","items_purchased":["Corpse Explosion"],"campfire_rested":1,"item_purchase_floors":[8],"current_hp_per_floor":[59,59,58,58,51,32,32,32,32,32,32,30,49,0,0],"gold":163,"neow_bonus":"THREE_SMALL_POTIONS","is_daily":false,"chose_seed":false,"campfire_upgraded":1,"win_rate":0.0,"timestamp":1612532703,"path_taken":["M","?","M","?","?","E","?","$","T","R","?","M","R","E"],"items_purchased_type":["Card"],"build_version":"2020-12-22","purchased_purges":1,"victory":false,"max_hp_per_floor":[66,66,66,66,66,66,66,66,66,66,66,66,66,66,66],"relic_stats":{"SsserpentHead":150,"counters":[6,27],"obtain_stats":[{"SsserpentHead":4,"Replay:Baseball":6,"Replay:Bandana":9,"Replay:WaspNest":11,"Ring of the Snake":0},{"SsserpentHead":2,"Replay:Baseball":4,"Replay:Bandana":4,"Replay:WaspNest":4,"Ring of the Snake":0},{"SsserpentHead":8,"Replay:Baseball":21,"Replay:Bandana":21,"Replay:WaspNest":21,"Ring of the Snake":0}],"Ring of the Snake":[12]},"card_choices":[{"not_picked":["Dodge and Roll","Bane"],"picked":"Toxin Wave","floor":1},{"not_picked":["Outmaneuver","Bane"],"picked":"Slice","floor":3},{"not_picked":["Bane","Dagger Spray"],"picked":"Blade Dance","floor":5},{"not_picked":["Sucker Punch","Concentrate"],"picked":"Crippling Poison","floor":6},{"not_picked":["Cloak And Dagger","Predator"],"picked":"Acrobatics","floor":12}],"player_experience":1007233,"relics_obtained":[{"floor":6,"key":"Replay:Baseball"},{"floor":9,"key":"Replay:Bandana"}],"event_choices":[{"damage_healed":0,"gold_gain":0,"player_choice":"Trade","damage_taken":0,"relics_obtained":["SsserpentHead"],"max_hp_gain":0,"max_hp_loss":0,"event_name":"FaceTrader","floor":4,"gold_loss":0},{"cards_removed":["Slice"],"damage_healed":0,"gold_gain":0,"player_choice":"Gave Card","damage_taken":0,"relics_obtained":["Replay:WaspNest"],"max_hp_gain":0,"max_hp_loss":0,"event_name":"WeMeetAgain","floor":11,"gold_loss":0}],"is_beta":false,"boss_relics":[],"items_purged_floors":[8],"is_endless":false,"potions_floor_spawned":[1,5],"killed_by":"Gremlin Nob","ascension_level":20}}