{"host":"qc8p2flj7wsy3zpg","time":1612499518,"event":{"mods":["BaseMod","Highlight Path","Minty Spire (QoL Compilation)","Monster List Patch","Relic Stats","StSLib"],"gold_per_floor":[110,110,126,144,161,191,203,237,237,277,277,352,379,392,392,493,493,540,303,303,41,41,74,90,138,163,163,197,239,251,299,299,374,374,452,529,599,674,684,684,748,794,817,817,887,202,202,202,202,202,202,202,202,33,65,65],"floor_reached":57,"language":"ENG","playtime":4774,"items_purged":["Strike_P"],"score":2725,"play_id":"44870bab-c5b4-4fcb-97fb-134479036c86","local_time":"20210204223158","is_ascension_mode":true,"campfire_choices":[{"floor":11.0,"key":"REST"},{"data":"Wish","floor":15.0,"key":"SMITH"},{"data":"Ghostly","floor":27,"key":"SMITH"},{"floor":32,"key":"REST"},{"floor":40,"key":"RECALL"},{"floor":44,"key":"REST"},{"floor":47,"key":"REST"},{"floor":49,"key":"REST"},{"floor":53,"key":"REST"}],"circlet_count":0,"master_deck":["AscendersBane","Strike_P+1","Defend_P","Defend_P","Defend_P+1","Eruption","Vigilance","DeceiveReality","FearNoEvil","BowlingBash","EmptyBody","Consecrate","Wish+1","JustLucky","TalkToTheHand","Wireheading+1","Consecrate+1","Ragnarok+1","SpiritShield","Ghostly","Ghostly","Ghostly+1","Halt+1","WaveOfTheHand+1","Halt+1","Wish+1","FlurryOfBlows+1","Tantrum","LessonLearned","Meditate+1"],"relics":["Runic Pyramid","Gremlin Horn","Singing Bowl","Letter Opener","Vajra","Astrolabe","Toxic Egg 2","StoneCalendar","Bag of Preparation","Unceasing Top","Fusion Hammer","Du-Vu Doll","Ice Cream","Bronze Scales","Orrery","Anchor","Akabeko"],"acts_visited":["Exordium","TheCity","TheBeyond","TheEnding"],"potions_floor_usage":[33,33,56],"damage_taken":[{"damage":3.0,"enemies":"2 Louse","floor":1.0,"turns":3.0},{"damage":1.0,"enemies":"Cultist","floor":3.0,"turns":4.0},{"damage":7.0,"enemies":"Small Slimes","floor":4.0,"turns":3.0},{"damage":0.0,"enemies":"Blue Slaver","floor":5.0,"turns":6.0},{"damage":2.0,"enemies":"3 Sentries","floor":6.0,"turns":5.0},{"damage":1.0,"enemies":"Looter","floor":7.0,"turns":2.0},{"damage":3.0,"enemies":"Gremlin Nob","floor":8.0,"turns":3.0},{"damage":12.0,"enemies":"Lots of Slimes","floor":10.0,"turns":2.0},{"damage":0.0,"enemies":"Lagavulin","floor":13.0,"turns":5.0},{"damage":0.0,"enemies":"Exordium Wildlife","floor":14.0,"turns":3.0},{"damage":12.0,"enemies":"Slime Boss","floor":16.0,"turns":8.0},{"damage":21,"enemies":"3 Byrds","floor":18,"turns":6},{"damage":10,"enemies":"Book of Stabbing","floor":23,"turns":6},{"damage":0,"enemies":"Chosen","floor":24,"turns":6},{"damage":0,"enemies":"Snecko","floor":25,"turns":3},{"damage":6,"enemies":"Gremlin Leader","floor":28,"turns":6},{"damage":0,"enemies":"Shelled Parasite and Fungi","floor":29,"turns":6},{"damage":10,"enemies":"Snake Plant","floor":30,"turns":4},{"damage":0,"enemies":"Centurion and Healer","floor":31,"turns":7},{"damage":12,"enemies":"Collector","floor":33,"turns":6},{"damage":0,"enemies":"Orb Walker","floor":35,"turns":6},{"damage":3,"enemies":"3 Darklings","floor":36,"turns":4},{"damage":0,"enemies":"Transient","floor":37,"turns":6},{"damage":0,"enemies":"Jaw Worm Horde","floor":38,"turns":5},{"damage":2,"enemies":"Spire Growth","floor":39,"turns":5},{"damage":0,"enemies":"Nemesis","floor":41,"turns":6},{"damage":0,"enemies":"Transient","floor":42,"turns":6},{"damage":5,"enemies":"Jaw Worm Horde","floor":45,"turns":6},{"damage":36,"enemies":"Time Eater","floor":50,"turns":7},{"damage":33,"enemies":"Donu and Deca","floor":51,"turns":7},{"damage":6,"enemies":"Shield and Spear","floor":55,"turns":5},{"damage":92,"enemies":"The Heart","floor":56,"turns":8}],"seed_played":"8432751607742170733","potions_obtained":[{"floor":1.0,"key":"Fire Potion"},{"floor":3.0,"key":"BlessingOfTheForge"},{"floor":7.0,"key":"SteroidPotion"},{"floor":10.0,"key":"Regen Potion"},{"floor":13.0,"key":"LiquidBronze"},{"floor":14.0,"key":"CultistPotion"},{"floor":23,"key":"AttackPotion"},{"floor":33,"key":"Explosive Potion"},{"floor":35,"key":"Weak Potion"},{"floor":37,"key":"FairyPotion"},{"floor":41,"key":"LiquidBronze"}],"is_trial":false,"path_per_floor":["M","?","M","M","M","E","M","E","T","M","R","?","E","M","R","B",null,"M","$","?","$","?","E","M","M","T","R","E","M","M","M","R","B",null,"M","M","M","M","M","R","E","M","T","R","M","$","R","$","R","B","B",null,"R","$","E","B",null],"character_chosen":"WATCHER","items_purchased":["SpiritShield","Toxic Egg 2","Ice Cream","Bronze Scales","Orrery","Anchor"],"campfire_rested":6,"item_purchase_floors":[19,21,46,46,46,54],"current_hp_per_floor":[58,58,57,50,50,48,47,44,44,32,52,41,53,55,55,43,63,44,44,36,36,46,36,36,38,38,38,34,36,26,28,44,32,49,49,46,48,50,50,50,52,52,52,62,59,67,72,72,72,36,3,55,72,72,68,22],"gold":65,"neow_bonus":"BOSS_RELIC","is_daily":false,"chose_seed":false,"campfire_upgraded":2,"win_rate":0.0,"timestamp":1612499518,"path_taken":["M","?","M","M","M","E","?","E","T","M","R","?","E","M","R","BOSS","M","$","?","$","?","E","M","M","T","R","E","M","M","M","R","BOSS","M","M","M","M","M","R","E","M","T","R","M","$","R","$","R","BOSS","BOSS","R","$","E","BOSS"],"items_purchased_type":["Card","Relic","Relic","Relic","Relic","Relic"],"build_version":"2020-12-22","purchased_purges":1,"victory":true,"max_hp_per_floor":[68,68,68,68,68,68,68,68,68,68,68,68,68,70,70,70,70,72,72,36,36,46,46,46,48,48,48,50,52,52,54,54,54,54,54,54,56,58,60,60,62,62,62,62,64,72,72,72,72,72,72,72,72,72,74,74],"relic_stats":{"Gremlin Horn":[26,26],"Singing Bowl":32,"counters":[32,165],"Astrolabe":["Wireheading","Consecrate","Ragnarok"],"Bronze Scales":[165],"StoneCalendar":[52],"Bag of Preparation":[34],"Letter Opener":[191],"obtain_stats":[{"Ice Cream":46,"Gremlin Horn":6,"Singing Bowl":8,"Astrolabe":17,"Vajra":13,"StoneCalendar":23,"Bag of Preparation":26,"Letter Opener":9,"Akabeko":55,"Du-Vu Doll":41,"Anchor":54,"Bronze Scales":46,"Orrery":46,"Fusion Hammer":34,"PureWater":0,"Toxic Egg 2":21,"Unceasing Top":28,"Runic Pyramid":0},{"Ice Cream":28,"Gremlin Horn":5,"Singing Bowl":7,"Astrolabe":11,"Vajra":9,"StoneCalendar":13,"Bag of Preparation":15,"Letter Opener":7,"Akabeko":31,"Du-Vu Doll":26,"Anchor":30,"Bronze Scales":28,"Orrery":28,"Fusion Hammer":20,"PureWater":0,"Toxic Egg 2":12,"Unceasing Top":16,"Runic Pyramid":0},{"Ice Cream":138,"Gremlin Horn":21,"Singing Bowl":26,"Astrolabe":44,"Vajra":33,"StoneCalendar":56,"Bag of Preparation":65,"Letter Opener":26,"Akabeko":157,"Du-Vu Doll":126,"Anchor":152,"Bronze Scales":138,"Orrery":138,"Fusion Hammer":94,"PureWater":0,"Toxic Egg 2":50,"Unceasing Top":71,"Runic Pyramid":0}],"Unceasing Top":[0]},"card_choices":[{"not_picked":["SignatureMove","Evaluate"],"picked":"DeceiveReality","floor":1.0},{"not_picked":["Sanctity","WindmillStrike"],"picked":"BowlingBash","floor":3.0},{"not_picked":["ThirdEye","Pray"],"picked":"EmptyBody","floor":5.0},{"not_picked":["Brilliance","Halt"],"picked":"Consecrate","floor":6.0},{"not_picked":["LikeWater","CutThroughFate"],"picked":"Wish","floor":8.0},{"not_picked":["EmptyFist","FollowUp"],"picked":"JustLucky","floor":10.0},{"not_picked":["FlyingSleeves","MasterReality"],"picked":"TalkToTheHand","floor":13.0},{"not_picked":["WindmillStrike","SashWhip","Halt"],"picked":"Singing Bowl","floor":14.0},{"not_picked":["Brilliance","DeusExMachina"],"picked":"Alpha","floor":16.0},{"not_picked":["Consecrate","PathToVictory","BowlingBash"],"picked":"Singing Bowl","floor":18},{"not_picked":["FlyingSleeves","CrushJoints"],"picked":"Halt+1","floor":23},{"not_picked":["Consecrate","Sanctity+1"],"picked":"WaveOfTheHand+1","floor":24},{"not_picked":["InnerPeace+1","ThirdEye+1","JustLucky+1"],"picked":"Singing Bowl","floor":25},{"not_picked":["Pray+1","FollowUp","Protect+1"],"picked":"Singing Bowl","floor":28},{"not_picked":["Establishment","Nirvana+1","CrushJoints"],"picked":"Singing Bowl","floor":29},{"not_picked":["Swivel+1","SignatureMove+1"],"picked":"Halt+1","floor":30},{"not_picked":["EmptyFist","DeceiveReality+1","Evaluate+1"],"picked":"Singing Bowl","floor":31},{"not_picked":["Devotion","Scrawl+1"],"picked":"Wish+1","floor":33},{"not_picked":["EmptyBody+1","BattleHymn+1"],"picked":"FlurryOfBlows+1","floor":35},{"not_picked":["Crescendo+1","FollowUp+1"],"picked":"Tantrum","floor":36},{"not_picked":["Adaptation","ThirdEye+1","Halt+1"],"picked":"Singing Bowl","floor":37},{"not_picked":["EmptyBody+1","Crescendo+1","PathToVictory+1"],"picked":"Singing Bowl","floor":38},{"not_picked":["Prostrate+1","FlyingSleeves+1","FlurryOfBlows"],"picked":"Singing Bowl","floor":39},{"not_picked":["Halt+1","FlyingSleeves","FlurryOfBlows"],"picked":"Singing Bowl","floor":41},{"not_picked":["WaveOfTheHand+1","SashWhip+1"],"picked":"LessonLearned","floor":42},{"not_picked":["Weave","FlurryOfBlows","FlyingSleeves"],"picked":"Singing Bowl","floor":45},{"not_picked":["FearNoEvil+1","Brilliance","FlyingSleeves"],"picked":"Singing Bowl","floor":46},{"not_picked":["Consecrate","SignatureMove","EmptyFist"],"picked":"Singing Bowl","floor":46},{"not_picked":["DeceiveReality+1","FearNoEvil","CutThroughFate+1"],"picked":"Singing Bowl","floor":46},{"not_picked":["Sanctity+1","Judgement+1"],"picked":"Meditate+1","floor":46},{"not_picked":["Wallop","CrushJoints","ThirdEye+1"],"picked":"Singing Bowl","floor":46},{"not_picked":["Protect+1","Pray+1","Crescendo+1"],"picked":"Singing Bowl","floor":55}],"player_experience":2315869,"relics_obtained":[{"floor":6.0,"key":"Gremlin Horn"},{"floor":8.0,"key":"Singing Bowl"},{"floor":9.0,"key":"Letter Opener"},{"floor":13.0,"key":"Vajra"},{"floor":23,"key":"StoneCalendar"},{"floor":26,"key":"Bag of Preparation"},{"floor":28,"key":"Unceasing Top"},{"floor":41,"key":"Du-Vu Doll"},{"floor":55,"key":"Akabeko"}],"event_choices":[{"damage_healed":0.0,"max_hp_gain":0.0,"max_hp_loss":0.0,"gold_gain":0.0,"event_name":"Match and Keep!","player_choice":"1 cards matched","floor":2.0,"gold_loss":0.0,"damage_taken":0.0,"cards_obtained":["FearNoEvil"]},{"damage_healed":0.0,"max_hp_gain":0.0,"max_hp_loss":0.0,"gold_gain":75.0,"event_name":"World of Goop","player_choice":"Gather Gold","floor":12.0,"gold_loss":0.0,"damage_taken":11.0},{"damage_healed":0,"gold_gain":0,"player_choice":"Became a Ghost","damage_taken":0,"max_hp_gain":0,"max_hp_loss":36,"event_name":"Ghosts","floor":20,"gold_loss":0,"cards_obtained":["Ghostly","Ghostly","Ghostly"]},{"cards_removed":["Alpha"],"damage_healed":0,"gold_gain":0,"player_choice":"Offered Rare","damage_taken":0,"max_hp_gain":10,"max_hp_loss":0,"event_name":"Bonfire Elementals","floor":22,"gold_loss":0}],"is_beta":false,"boss_relics":[{"not_picked":["Black Star","Calling Bell"],"picked":"Astrolabe"},{"not_picked":["Pandora\u0027s Box","Empty Cage"],"picked":"Fusion Hammer"}],"items_purged_floors":[19],"is_endless":false,"potions_floor_spawned":[1,3,7,10,13,14,23,25,29,31,33,35,37,41,42,45],"ascension_level":20}}