{"host":"640uue19m79c7wbt","time":1612490265,"event":{"mods":["BaseMod","Colored Map","Googly Eyes","Highlight Path","Minty Spire (QoL Compilation)","Quick Restart","StSLib"],"gold_per_floor":[112,112,112,128,143,143,162,195,195,195,228,228,261,261,261,340,340,359,369,22,39,39,39,59,59,85,85,85,95,19,36,36,36,36],"floor_reached":33,"language":"ENG","playtime":1343,"items_purged":["Defend_G"],"score":504,"play_id":"bd10f884-f63f-456b-861d-6d28f6a4ea37","local_time":"20210204205745","is_ascension_mode":true,"campfire_choices":[{"data":"Dagger Spray","floor":6.0,"key":"SMITH"},{"data":"Dash","floor":10.0,"key":"SMITH"},{"data":"Caltrops","floor":12.0,"key":"SMITH"},{"floor":15.0,"key":"REST"},{"floor":23.0,"key":"REST"},{"floor":25.0,"key":"REST"},{"data":"Storm of Steel","floor":27.0,"key":"SMITH"},{"floor":32.0,"key":"REST"}],"circlet_count":0,"master_deck":["AscendersBane","Strike_G","Strike_G","Defend_G","Defend_G","Defend_G","Survivor","Neutralize","Caltrops+1","Leg Sweep","Dagger Spray+1","Riddle With Holes","Cloak And Dagger","Dash+1","Underhanded Strike","Crippling Poison","Storm of Steel+1","PiercingWail","Endless Agony","Blur","Shame","Blade Dance","Die Die Die","Footwork","Acrobatics"],"relics":["Ring of the Snake","NeowsBlessing","Toy Ornithopter","Eternal Feather","StoneCalendar","Ice Cream","Empty Cage","Shuriken","Ornamental Fan","Tiny Chest"],"acts_visited":["Exordium","TheCity"],"potions_floor_usage":[33],"damage_taken":[{"damage":0.0,"enemies":"Small Slimes","floor":1.0,"turns":1.0},{"damage":0.0,"enemies":"Cultist","floor":4.0,"turns":1.0},{"damage":0.0,"enemies":"2 Louse","floor":5.0,"turns":1.0},{"damage":8.0,"enemies":"Looter","floor":7.0,"turns":3.0},{"damage":7.0,"enemies":"Lagavulin","floor":8.0,"turns":7.0},{"damage":19.0,"enemies":"3 Sentries","floor":11.0,"turns":8.0},{"damage":47.0,"enemies":"Gremlin Nob","floor":13.0,"turns":5.0},{"damage":25.0,"enemies":"Hexaghost","floor":16.0,"turns":10.0},{"damage":20.0,"enemies":"2 Thieves","floor":18.0,"turns":5.0},{"damage":9.0,"enemies":"Chosen","floor":19.0,"turns":6.0},{"damage":15.0,"enemies":"3 Cultists","floor":21.0,"turns":5.0},{"damage":29.0,"enemies":"Centurion and Healer","floor":24.0,"turns":5.0},{"damage":30.0,"enemies":"Sentry and Sphere","floor":29.0,"turns":7.0},{"damage":16.0,"enemies":"Snecko","floor":31.0,"turns":7.0},{"damage":65,"enemies":"Champ","floor":33,"turns":9}],"seed_played":"1632165684231202318","potions_obtained":[{"floor":1.0,"key":"SteroidPotion"},{"floor":8.0,"key":"Energy Potion"},{"floor":11.0,"key":"Regen Potion"},{"floor":18.0,"key":"Swift Potion"},{"floor":19.0,"key":"FearPotion"},{"floor":31.0,"key":"BlessingOfTheForge"}],"is_trial":false,"path_per_floor":["M","?","?","M","M","R","M","E","T","R","E","R","E","?","R","B",null,"M","M","$","M","?","R","M","R","T","R","?","M","$","M","R","B"],"character_chosen":"THE_SILENT","items_purchased":["Shuriken","Footwork"],"campfire_rested":4,"item_purchase_floors":[20,30],"current_hp_per_floor":[59,59,59,59,59,59,51,44,44,53,34,43,20,11,39,14,53,33,29,29,14,14,45,21,52,52,64,64,34,34,18,52,0,0],"gold":36,"neow_bonus":"THREE_ENEMY_KILL","is_daily":false,"chose_seed":false,"campfire_upgraded":4,"win_rate":0.0,"timestamp":1612490265,"path_taken":["M","?","?","?","M","R","M","E","T","R","E","R","E","?","R","BOSS","M","M","$","M","?","R","M","R","T","R","?","M","$","M","R","BOSS"],"items_purchased_type":["Relic","Card"],"build_version":"2020-12-22","purchased_purges":1,"victory":false,"max_hp_per_floor":[66,66,66,66,66,66,66,66,66,66,66,66,66,66,66,66,66,66,66,66,66,66,66,66,66,66,66,66,66,66,66,66,66,66],"card_choices":[{"not_picked":["Backflip","Dodge and Roll"],"picked":"Caltrops","floor":1.0},{"not_picked":["Dagger Throw","Choke"],"picked":"Dagger Spray","floor":4.0},{"not_picked":["Outmaneuver","Distraction"],"picked":"Riddle With Holes","floor":5.0},{"not_picked":["Quick Slash","Deflect"],"picked":"Cloak And Dagger","floor":7.0},{"not_picked":["Masterful Stab","Flying Knee"],"picked":"Dash","floor":8.0},{"not_picked":["Cloak And Dagger","Eviscerate"],"picked":"Underhanded Strike","floor":11.0},{"not_picked":["Deadly Poison","PiercingWail"],"picked":"Crippling Poison","floor":13.0},{"not_picked":["Venomology","Doppelganger"],"picked":"Storm of Steel","floor":16.0},{"not_picked":["Outmaneuver","Skewer"],"picked":"PiercingWail","floor":18.0},{"not_picked":["Dodge and Roll","Leg Sweep"],"picked":"Endless Agony","floor":19.0},{"not_picked":["Dagger Spray","Quick Slash"],"picked":"Blur","floor":21.0},{"not_picked":["PiercingWail","Catalyst"],"picked":"Blade Dance","floor":24.0},{"not_picked":["Blade Dance","Tactician"],"picked":"Die Die Die","floor":29.0},{"not_picked":["Sucker Punch","Dagger Spray"],"picked":"Acrobatics","floor":31.0}],"player_experience":659194,"relics_obtained":[{"floor":8.0,"key":"Toy Ornithopter"},{"floor":9.0,"key":"Eternal Feather"},{"floor":11.0,"key":"StoneCalendar"},{"floor":13.0,"key":"Ice Cream"},{"floor":26.0,"key":"Tiny Chest"}],"event_choices":[{"damage_healed":0.0,"max_hp_gain":0.0,"max_hp_loss":0.0,"gold_gain":0.0,"cards_transformed":["Strike_G"],"event_name":"Living Wall","player_choice":"Change","floor":2.0,"gold_loss":0.0,"damage_taken":0.0,"cards_obtained":["Leg Sweep"]},{"cards_removed":["Strike_G"],"damage_healed":0.0,"max_hp_gain":0.0,"max_hp_loss":0.0,"gold_gain":0.0,"event_name":"Bonfire Elementals","player_choice":"Offered Basic","floor":3.0,"gold_loss":0.0,"damage_taken":0.0},{"damage_healed":0.0,"max_hp_gain":0.0,"max_hp_loss":0.0,"gold_gain":0.0,"event_name":"Wheel of Change","player_choice":"Damaged","floor":14.0,"gold_loss":0.0,"damage_taken":9.0},{"damage_healed":0.0,"max_hp_gain":0.0,"max_hp_loss":0.0,"gold_gain":0.0,"event_name":"Addict","player_choice":"Stole Relic","floor":22.0,"gold_loss":0.0,"damage_taken":0.0,"relics_obtained":["Ornamental Fan"],"cards_obtained":["Shame"]},{"damage_healed":0.0,"max_hp_gain":0.0,"max_hp_loss":0.0,"gold_gain":0.0,"event_name":"Vampires","player_choice":"Ignored","floor":28.0,"gold_loss":0.0,"damage_taken":0.0}],"is_beta":false,"boss_relics":[{"not_picked":["SacredBark","Velvet Choker"],"picked":"Empty Cage"}],"items_purged_floors":[20],"is_endless":false,"potions_floor_spawned":[1,8,11,18,19,31],"killed_by":"Champ","ascension_level":18}}