{"host":"3y2rtlgteqp2nuo3","time":1612536109,"event":{"mods":["2.2 Compatiblity","AchievementEnabler","BaseMod","Colored Map","DeckTracker","Highlight Path","Keyboard Shortcuts","Minty Spire (QoL Compilation)","Permanent Neow","Quick Restart","StSLib","SuperFastMode","everything is the same but u backflip on backflip"],"gold_per_floor":[366,441,459,129,145,145,45,72,141,106,106,6,6,21,21,95,95,106,106,125,125,125],"floor_reached":21,"language":"KOR","playtime":397,"items_purged":["Writhe","Strike_B","Strike_B"],"score":309,"play_id":"3d8af881-1dfb-4abb-b33a-e80148216131","local_time":"20210205234149","is_ascension_mode":true,"campfire_choices":[{"data":"Rip and Tear","floor":6.0,"key":"SMITH"},{"data":"Zap","floor":11.0,"key":"SMITH"},{"data":"Defragment","floor":15.0,"key":"SMITH"}],"circlet_count":0,"master_deck":["AscendersBane","Strike_B","Strike_B","Defend_B","Defend_B","Defend_B","Defend_B","Zap+1","Dualcast","Rip and Tear+1","Defragment+1","Panacea","Glacier","Defragment","Core Surge","Sunder","Turbo"],"relics":["Cracked Core","OrangePellets","Odd Mushroom","The Courier","Sozu"],"acts_visited":["Exordium","TheCity"],"potions_floor_usage":[],"damage_taken":[{"damage":6.0,"enemies":"2 Louse","floor":1.0,"turns":3.0},{"damage":12.0,"enemies":"Small Slimes","floor":3.0,"turns":3.0},{"damage":4.0,"enemies":"Jaw Worm","floor":5.0,"turns":3.0},{"damage":17.0,"enemies":"The Mushroom Lair","floor":8.0,"turns":5.0},{"damage":0.0,"enemies":"Large Slime","floor":14.0,"turns":5.0},{"damage":56.0,"enemies":"Hexaghost","floor":16.0,"turns":15.0},{"damage":24.0,"enemies":"2 Thieves","floor":18.0,"turns":4.0},{"damage":18,"enemies":"3 Byrds","floor":20,"turns":7},{"damage":30,"enemies":"Cultist and Chosen","floor":21,"turns":3}],"seed_played":"2943728130818060907","potions_obtained":[{"floor":3.0,"key":"Energy Potion"},{"floor":5.0,"key":"SteroidPotion"}],"is_trial":false,"path_per_floor":["M","?","M","$","M","R","$","?","T","?","R","$","?","M","R","B",null,"M","?","M","M"],"character_chosen":"DEFECT","items_purchased":["OrangePellets","Panacea"],"campfire_rested":0,"item_purchase_floors":[4,4],"current_hp_per_floor":[58,47,35,35,31,31,31,14,14,31,31,31,71,71,71,15,57,33,33,15,0,0],"gold":125,"neow_bonus":"TWO_FIFTY_GOLD","is_daily":false,"chose_seed":false,"campfire_upgraded":3,"win_rate":0.0,"timestamp":1612536109,"path_taken":["M","?","M","$","M","R","$","?","T","?","R","?","?","?","R","BOSS","M","?","M","?"],"items_purchased_type":["Relic","Card"],"build_version":"2020-12-22","purchased_purges":3,"victory":false,"max_hp_per_floor":[71,71,71,71,71,71,71,71,71,71,71,71,71,71,71,71,71,71,71,71,71,71],"card_choices":[{"not_picked":["Turbo","Streamline"],"picked":"Rip and Tear","floor":1.0},{"not_picked":["White Noise","Gash"],"picked":"Defragment","floor":3.0},{"not_picked":["White Noise","Rebound"],"picked":"Glacier","floor":5.0},{"not_picked":["Compile Driver","Hologram"],"picked":"Defragment","floor":8.0},{"not_picked":["Steam","Hologram","Stack"],"picked":"SKIP","floor":14.0},{"not_picked":["Fission","Seek"],"picked":"Core Surge","floor":16.0},{"not_picked":["Hologram","Stack+1"],"picked":"Sunder","floor":18.0},{"not_picked":["Go for the Eyes","Beam Cell"],"picked":"Turbo","floor":20}],"player_experience":760203,"relics_obtained":[{"floor":8.0,"key":"Odd Mushroom"},{"floor":9.0,"key":"The Courier"}],"event_choices":[{"damage_healed":0.0,"max_hp_gain":0.0,"max_hp_loss":0.0,"gold_gain":75.0,"event_name":"World of Goop","player_choice":"Gather Gold","floor":2.0,"gold_loss":0.0,"damage_taken":11.0},{"damage_healed":0.0,"max_hp_gain":0.0,"max_hp_loss":0.0,"gold_gain":0.0,"event_name":"Mushrooms","player_choice":"Fought Mushrooms","floor":8.0,"gold_loss":0.0,"damage_taken":0.0},{"damage_healed":17.0,"max_hp_gain":0.0,"max_hp_loss":0.0,"gold_gain":0.0,"event_name":"The Cleric","player_choice":"Healed","floor":10.0,"gold_loss":35.0,"damage_taken":0.0},{"damage_healed":40.0,"max_hp_gain":0.0,"max_hp_loss":0.0,"gold_gain":0.0,"event_name":"Wheel of Change","player_choice":"Full Heal","floor":13.0,"gold_loss":0.0,"damage_taken":0.0},{"damage_healed":0.0,"max_hp_gain":0.0,"max_hp_loss":0.0,"gold_gain":0.0,"event_name":"Lab","player_choice":"Got Potions","floor":19.0,"gold_loss":0.0,"damage_taken":0.0}],"is_beta":false,"boss_relics":[{"not_picked":["Fusion Hammer","Coffee Dripper"],"picked":"Sozu"}],"items_purged_floors":[4,7,12],"is_endless":false,"potions_floor_spawned":[3,5,8,18],"killed_by":"Cultist and Chosen","ascension_level":17}}