{"host":"bpnwh7vpv9k3tssc","time":1612512580,"event":{"mods":["BaseMod","Colored Map","Colored Powertips","Curses Come First","Highlight Path","Minty Spire (QoL Compilation)","Quick Restart","Random Character Button","Relic Sorter","StSLib"],"gold_per_floor":[114,114,132,149,167,167,184,184,184,184,184,36,69,69,69,69,69],"floor_reached":16,"language":"ENG","playtime":511,"items_purged":[],"score":175,"play_id":"a668b924-208a-4480-a7cb-0714022afd5f","local_time":"20210205090940","is_ascension_mode":true,"campfire_choices":[{"data":"Searing Blow","floor":6,"key":"SMITH"},{"data":"Searing Blow+1","floor":8,"key":"SMITH"},{"data":"Searing Blow+2","floor":11,"key":"SMITH"},{"data":"Searing Blow+3","floor":15,"key":"SMITH"}],"circlet_count":0,"master_deck":["AscendersBane","Strike_R","Strike_R","Strike_R","Strike_R","Strike_R","Defend_R","Defend_R","Defend_R","Defend_R","Bash","Searing Blow+4","Shrug It Off","Armaments","Shrug It Off","Thunderclap","Parasite"],"relics":["Burning Blood","Bag of Preparation","Magic Flower","Kunai","Blood Vial","Meat on the Bone"],"acts_visited":["Exordium"],"potions_floor_usage":[5,13,16],"damage_taken":[{"damage":6,"enemies":"2 Louse","floor":1,"turns":3},{"damage":1,"enemies":"Cultist","floor":3,"turns":3},{"damage":15,"enemies":"Small Slimes","floor":4,"turns":3},{"damage":21,"enemies":"Exordium Thugs","floor":5,"turns":4},{"damage":13,"enemies":"2 Fungi Beasts","floor":7,"turns":5},{"damage":34,"enemies":"Lagavulin","floor":13,"turns":9},{"damage":58,"enemies":"Slime Boss","floor":16,"turns":8}],"seed_played":"2373480439274875467","potions_obtained":[{"floor":1,"key":"Fire Potion"},{"floor":4,"key":"SneckoOil"},{"floor":10,"key":"Explosive Potion"},{"floor":10,"key":"EssenceOfSteel"}],"is_trial":false,"path_per_floor":["M","?","M","M","M","R","M","R","T","?","R","$","E","?","R","B"],"character_chosen":"IRONCLAD","items_purchased":["Blood Vial"],"campfire_rested":0,"item_purchase_floors":[12],"current_hp_per_floor":[68,68,75,69,57,57,53,53,53,53,53,53,31,49,49,0,0],"gold":69,"neow_bonus":"RANDOM_COMMON_RELIC","is_daily":false,"chose_seed":false,"campfire_upgraded":4,"win_rate":0.0,"timestamp":1612512580,"path_taken":["M","?","M","?","?","R","M","R","T","?","R","?","E","?","R","BOSS"],"items_purchased_type":["Relic"],"build_version":"2020-12-22","purchased_purges":0,"victory":false,"max_hp_per_floor":[75,75,75,75,75,75,75,75,75,75,75,75,75,75,75,75,75],"card_choices":[{"not_picked":["Dual Wield","Body Slam"],"picked":"Searing Blow","floor":1},{"not_picked":["True Grit","Perfected Strike"],"picked":"Shrug It Off","floor":3},{"not_picked":["Clothesline","Cleave"],"picked":"Armaments","floor":4},{"not_picked":["Carnage","Evolve"],"picked":"Shrug It Off","floor":5},{"not_picked":["Anger","Heavy Blade"],"picked":"Thunderclap","floor":7},{"not_picked":["Pommel Strike","Metallicize","Second Wind"],"picked":"SKIP","floor":13}],"player_experience":352851,"relics_obtained":[{"floor":9,"key":"Kunai"},{"floor":13,"key":"Meat on the Bone"}],"event_choices":[{"damage_healed":0,"gold_gain":0,"player_choice":"Gave Potion","damage_taken":0,"relics_obtained":["Magic Flower"],"max_hp_gain":0,"max_hp_loss":0,"event_name":"WeMeetAgain","floor":2,"gold_loss":0},{"damage_healed":0,"gold_gain":0,"player_choice":"Got Potions","damage_taken":0,"max_hp_gain":0,"max_hp_loss":0,"event_name":"Lab","floor":10,"gold_loss":0},{"damage_healed":18,"gold_gain":0,"player_choice":"Healed and dodged fight","damage_taken":0,"max_hp_gain":0,"max_hp_loss":0,"event_name":"Mushrooms","floor":14,"gold_loss":0,"cards_obtained":["Parasite"]}],"is_beta":false,"boss_relics":[],"items_purged_floors":[],"is_endless":false,"potions_floor_spawned":[1,4],"killed_by":"Slime Boss","ascension_level":15}}