{"host":"2kfsro7skzomnm41","time":1612552802,"event":{"mods":["AchievementEnabler","BaseMod","Googly Eyes","Highlight Path","Minty Spire (QoL Compilation)","StSLib"],"gold_per_floor":[115,1,16,33,52,52,80,98,98,98,125,125,140,156,156,281,281,281,281,281,281,281,281,76,76,76,76,76,76,76,76,76,76,76,76,76,76,76,76,76,76,76,76,76,76,76,76,76,76,76,76,76,25,25,25],"floor_reached":56,"language":"ENG","playtime":4036,"items_purged":["Strike_G"],"score":1826,"play_id":"60bc6185-5f17-4e9c-a34b-6dab7b1da1ae","local_time":"20210205142002","is_ascension_mode":true,"campfire_choices":[{"data":"Neutralize","floor":6,"key":"SMITH"},{"data":"After Image","floor":10,"key":"SMITH"},{"data":"Glass Knife","floor":15,"key":"SMITH"},{"data":"Wraith Form v2","floor":23,"key":"SMITH"},{"data":"Noxious Fumes","floor":27,"key":"SMITH"},{"data":"Catalyst","floor":30,"key":"SMITH"},{"data":"Catalyst","floor":32,"key":"SMITH"},{"data":"Dodge and Roll","floor":40,"key":"SMITH"},{"data":"Noxious Fumes","floor":46,"key":"SMITH"},{"floor":49,"key":"RECALL"},{"data":"Acrobatics","floor":52,"key":"SMITH"}],"circlet_count":0,"master_deck":["Strike_G","Defend_G","Defend_G","Defend_G","Defend_G","Defend_G","Survivor","Neutralize+1","Endless Agony","Deadly Poison","Sucker Punch","Catalyst+1","Dodge and Roll+1","After Image+1","Noxious Fumes+1","Glass Knife+1","Wraith Form v2+1","Acrobatics+1","PiercingWail+1","Prepared+1","Catalyst+1","Noxious Fumes+1","PiercingWail","Cloak And Dagger","Caltrops+1","Crippling Poison","Noxious Fumes+1","Backflip","Backflip+1"],"relics":["SacredBark","Vajra","Letter Opener","Torii","Mango","Golden Idol","Ectoplasm","Old Coin","Happy Flower","WingedGreaves","Art of War","SlaversCollar","CaptainsWheel","Prayer Wheel","Darkstone Periapt","Potion Belt","Shuriken"],"acts_visited":["Exordium","TheCity","TheBeyond","TheEnding"],"potions_floor_usage":[5,7,11,16,31,31,33,44,45,50,50,55,55],"damage_taken":[{"damage":16,"enemies":"Jaw Worm","floor":1,"turns":7},{"damage":0,"enemies":"Cultist","floor":3,"turns":3},{"damage":0,"enemies":"Small Slimes","floor":4,"turns":3},{"damage":0,"enemies":"Exordium Wildlife","floor":5,"turns":3},{"damage":6,"enemies":"Gremlin Nob","floor":7,"turns":4},{"damage":12,"enemies":"Large Slime","floor":8,"turns":6},{"damage":3,"enemies":"3 Sentries","floor":11,"turns":9},{"damage":1,"enemies":"Red Slaver","floor":13,"turns":4},{"damage":0,"enemies":"Blue Slaver","floor":14,"turns":2},{"damage":13,"enemies":"The Guardian","floor":16,"turns":9},{"damage":1,"enemies":"Spheric Guardian","floor":18,"turns":5},{"damage":3,"enemies":"Shell Parasite","floor":19,"turns":5},{"damage":1,"enemies":"3 Cultists","floor":21,"turns":5},{"damage":9,"enemies":"Gremlin Leader","floor":25,"turns":6},{"damage":17,"enemies":"Slavers","floor":28,"turns":7},{"damage":1,"enemies":"Snecko","floor":29,"turns":7},{"damage":2,"enemies":"Book of Stabbing","floor":31,"turns":6},{"damage":13,"enemies":"Collector","floor":33,"turns":7},{"damage":1,"enemies":"Orb Walker","floor":35,"turns":5},{"damage":0,"enemies":"3 Shapes","floor":37,"turns":4},{"damage":29,"enemies":"Writhing Mass","floor":38,"turns":7},{"damage":9,"enemies":"Giant Head","floor":41,"turns":7},{"damage":2,"enemies":"3 Darklings","floor":42,"turns":7},{"damage":0,"enemies":"Nemesis","floor":44,"turns":5},{"damage":2,"enemies":"Reptomancer","floor":45,"turns":6},{"damage":2,"enemies":"Nemesis","floor":47,"turns":5},{"damage":0,"enemies":"4 Shapes","floor":48,"turns":4},{"damage":9,"enemies":"Time Eater","floor":50,"turns":11},{"damage":0,"enemies":"Shield and Spear","floor":54,"turns":7},{"damage":33,"enemies":"The Heart","floor":55,"turns":8}],"seed_played":"5815794454180035287","potions_obtained":[{"floor":1,"key":"Fire Potion"},{"floor":3,"key":"Block Potion"},{"floor":8,"key":"SteroidPotion"},{"floor":14,"key":"LiquidMemories"},{"floor":16,"key":"Block Potion"},{"floor":18,"key":"Block Potion"},{"floor":29,"key":"Fire Potion"},{"floor":33,"key":"Poison Potion"},{"floor":38,"key":"Ancient Potion"},{"floor":39,"key":"GhostInAJar"},{"floor":41,"key":"Fire Potion"},{"floor":44,"key":"FearPotion"},{"floor":47,"key":"FearPotion"}],"is_trial":false,"path_per_floor":["M","?","M","M","M","R","E","M","T","R","E","?","M","M","R","B",null,"M","M","?","M","?","R","$","E","T","R","E","M","R","E","R","B",null,"M","?","M","M","?","R","E","M","T","E","E","R","E","M","R","B",null,"R","$","E","B",null],"character_chosen":"THE_SILENT","items_purchased":["Noxious Fumes","PiercingWail","Dexterity Potion"],"campfire_rested":0,"item_purchase_floors":[24,24,53],"current_hp_per_floor":[47,47,47,47,47,47,41,29,29,29,40,40,39,39,39,26,65,64,61,61,60,60,60,60,51,51,51,34,33,33,31,31,18,63,62,62,62,33,33,33,24,22,22,22,20,20,18,18,18,9,61,61,61,61,28],"gold":25,"neow_bonus":"BOSS_RELIC","is_daily":false,"chose_seed":false,"campfire_upgraded":10,"win_rate":0.0,"timestamp":1612552802,"path_taken":["M","?","M","M","?","R","E","M","T","R","E","?","M","M","R","BOSS","M","M","?","M","?","R","$","E","T","R","E","?","R","E","R","BOSS","M","?","?","M","?","R","E","M","T","E","E","R","E","M","R","BOSS","R","$","E","BOSS"],"items_purchased_type":["Card","Card","Potion"],"build_version":"2020-12-22","purchased_purges":1,"victory":true,"max_hp_per_floor":[70,70,70,70,70,70,70,70,70,70,84,78,78,78,78,78,78,78,78,78,78,78,78,78,78,78,78,78,78,78,78,78,78,78,78,78,78,78,78,78,78,78,78,78,78,78,78,78,78,78,78,78,78,78,78],"card_choices":[{"not_picked":["Masterful Stab","Infinite Blades"],"picked":"Endless Agony","floor":1},{"not_picked":["Deflect","Underhanded Strike"],"picked":"Deadly Poison","floor":3},{"not_picked":["PiercingWail","Quick Slash"],"picked":"Sucker Punch","floor":4},{"not_picked":["Tactician","Flying Knee"],"picked":"Catalyst","floor":5},{"not_picked":["Underhanded Strike","Choke"],"picked":"Dodge and Roll","floor":7},{"not_picked":["Underhanded Strike","Dagger Spray"],"picked":"After Image","floor":8},{"not_picked":["Acrobatics","Tactician"],"picked":"Noxious Fumes","floor":11},{"not_picked":["Dodge and Roll","All Out Attack"],"picked":"Glass Knife","floor":13},{"not_picked":["Slice","Quick Slash","Sucker Punch"],"picked":"SKIP","floor":14},{"not_picked":["Grand Finale","Doppelganger"],"picked":"Wraith Form v2","floor":16},{"not_picked":["Dodge and Roll","Terror"],"picked":"Acrobatics","floor":18},{"not_picked":["Blade Dance","Underhanded Strike"],"picked":"PiercingWail+1","floor":19},{"not_picked":["Dagger Throw+1","Underhanded Strike"],"picked":"Prepared+1","floor":21},{"not_picked":["Die Die Die","Dodge and Roll","Prepared"],"picked":"SKIP","floor":25},{"not_picked":["Quick Slash","Caltrops"],"picked":"Cloak And Dagger","floor":28},{"not_picked":["Eviscerate","Dagger Spray+1","Dagger Throw"],"picked":"SKIP","floor":29},{"not_picked":["Dodge and Roll","All Out Attack+1"],"picked":"Caltrops+1","floor":31},{"not_picked":["Underhanded Strike+1","Backflip+1"],"picked":"Crippling Poison","floor":35},{"not_picked":["Deflect","Leg Sweep","Dagger Throw+1"],"picked":"SKIP","floor":37},{"not_picked":["Flying Knee+1","Predator+1"],"picked":"Noxious Fumes+1","floor":38},{"not_picked":["Riddle With Holes","Poisoned Stab","Tactician"],"picked":"SKIP","floor":41},{"not_picked":["Deflect","Dagger Throw+1"],"picked":"Backflip","floor":42},{"not_picked":["Tactician","Doppelganger","Setup+1"],"picked":"SKIP","floor":44},{"not_picked":["Endless Agony+1","Caltrops+1","Poisoned Stab"],"picked":"SKIP","floor":45},{"not_picked":["Flying Knee","Outmaneuver","Slice+1"],"picked":"SKIP","floor":47},{"not_picked":["Dagger Throw","Bane+1","Dodge and Roll"],"picked":"SKIP","floor":48},{"not_picked":["Reflex+1","Cloak And Dagger+1","Accuracy"],"picked":"SKIP","floor":48},{"not_picked":["Quick Slash+1","All Out Attack+1"],"picked":"Backflip+1","floor":54}],"player_experience":274950,"relics_obtained":[{"floor":7,"key":"Letter Opener"},{"floor":9,"key":"Torii"},{"floor":11,"key":"Mango"},{"floor":25,"key":"Old Coin"},{"floor":26,"key":"Happy Flower"},{"floor":28,"key":"WingedGreaves"},{"floor":31,"key":"Art of War"},{"floor":41,"key":"CaptainsWheel"},{"floor":44,"key":"Prayer Wheel"},{"floor":45,"key":"Darkstone Periapt"},{"floor":47,"key":"Potion Belt"},{"floor":54,"key":"Shuriken"}],"event_choices":[{"damage_healed":0,"gold_gain":0,"player_choice":"Paid Gold","damage_taken":0,"relics_obtained":["Vajra"],"max_hp_gain":0,"max_hp_loss":0,"event_name":"WeMeetAgain","floor":2,"gold_loss":114},{"damage_healed":0,"gold_gain":0,"player_choice":"Lose Max HP","damage_taken":0,"relics_obtained":["Golden Idol"],"max_hp_gain":0,"max_hp_loss":6,"event_name":"Golden Idol","floor":12,"gold_loss":0},{"cards_removed":["Strike_G"],"damage_healed":0,"gold_gain":0,"player_choice":"Elegance","damage_taken":0,"max_hp_gain":0,"max_hp_loss":0,"event_name":"Back to Basics","floor":20,"gold_loss":0},{"damage_healed":0,"gold_gain":0,"cards_transformed":["Strike_G"],"player_choice":"Transformed","damage_taken":0,"max_hp_gain":0,"max_hp_loss":0,"event_name":"Transmorgrifier","floor":22,"gold_loss":0,"cards_obtained":["Catalyst"]},{"cards_removed":["Strike_G"],"damage_healed":0,"gold_gain":0,"player_choice":"Purged","damage_taken":0,"max_hp_gain":0,"max_hp_loss":0,"event_name":"Purifier","floor":36,"gold_loss":0},{"damage_healed":0,"gold_gain":0,"player_choice":"Got Potions","damage_taken":0,"max_hp_gain":0,"max_hp_loss":0,"event_name":"Lab","floor":39,"gold_loss":0}],"is_beta":false,"boss_relics":[{"not_picked":["Runic Dome","Busted Crown"],"picked":"Ectoplasm"},{"not_picked":["Philosopher\u0027s Stone","Sozu"],"picked":"SlaversCollar"}],"items_purged_floors":[24],"is_endless":false,"potions_floor_spawned":[1,3,8,14,16,18,29,33,38,41,42,44,47],"ascension_level":9}}