{"host":"2wp95sdfrgw3k439","time":1612486301,"event":{"mods":["BaseMod","Better Altar","Better Skull","Better Third Choice","Curses Come First","Minty Spire (QoL Compilation)","Permanent Neow","StSLib"],"gold_per_floor":[111,121,133,133,154,154,189,189,213,237,255,430,430,430,430,549,549,549,229,169,169,169,169,169,169,169,169,169,169,169,169,169,169,169],"floor_reached":33,"language":"ENG","playtime":1797,"items_purged":["Doubt"],"score":387,"play_id":"96b3f1dd-976f-4f21-8134-1e09cedcb2d6","local_time":"20210204175141","is_ascension_mode":true,"campfire_choices":[{"data":"Pommel Strike","floor":6,"key":"SMITH"},{"data":"Bash","floor":13,"key":"SMITH"},{"floor":15,"key":"REST"},{"floor":23,"key":"REST"},{"floor":25,"key":"REST"},{"data":"Thunderclap","floor":27,"key":"SMITH"},{"data":"Strike_R","floor":32,"key":"PURGE"}],"circlet_count":0,"master_deck":["Strike_R","Strike_R","Strike_R","Defend_R","Defend_R","Defend_R","Defend_R","Bash+1","Flame Barrier+1","Pommel Strike+1","Headbutt","Thunderclap+1","Double Tap+1","Rampage+1","Metallicize+1","RitualDagger","Metallicize+1"],"relics":["Burning Blood","Thread and Needle","Golden Idol","Juzu Bracelet","Anchor","Ectoplasm","Kunai","Potion Belt","War Paint","Peace Pipe"],"acts_visited":["Exordium","TheCity"],"potions_floor_usage":[7,7,16,22,33],"damage_taken":[{"damage":6,"enemies":"Cultist","floor":1,"turns":4},{"damage":0,"enemies":"Small Slimes","floor":2,"turns":4},{"damage":0,"enemies":"2 Louse","floor":3,"turns":3},{"damage":2,"enemies":"Looter","floor":5,"turns":3},{"damage":6,"enemies":"3 Sentries","floor":7,"turns":8},{"damage":0,"enemies":"Large Slime","floor":10,"turns":4},{"damage":11,"enemies":"Lots of Slimes","floor":11,"turns":4},{"damage":70,"enemies":"The Guardian","floor":16,"turns":14},{"damage":37,"enemies":"Shell Parasite","floor":18,"turns":7},{"damage":3,"enemies":"2 Thieves","floor":20,"turns":5},{"damage":15,"enemies":"Centurion and Healer","floor":22,"turns":6},{"damage":44,"enemies":"Slavers","floor":24,"turns":7},{"damage":4,"enemies":"3 Cultists","floor":30,"turns":4},{"damage":0,"enemies":"Chosen and Byrds","floor":31,"turns":3},{"damage":56,"enemies":"Collector","floor":33,"turns":7}],"seed_played":"4337179882294029157","potions_obtained":[{"floor":1,"key":"Fire Potion"},{"floor":2,"key":"Dexterity Potion"},{"floor":5,"key":"FearPotion"},{"floor":11,"key":"LiquidBronze"},{"floor":18,"key":"Swift Potion"},{"floor":24,"key":"LiquidBronze"}],"is_trial":false,"path_per_floor":["M","M","M","?","M","R","E","?","T","M","M","?","R","?","R","B",null,"M","$","M","?","M","R","E","R","T","R","?","T","M","M","R","B"],"character_chosen":"IRONCLAD","items_purchased":["Kunai"],"campfire_rested":3,"item_purchase_floors":[19],"current_hp_per_floor":[72,72,72,54,58,58,58,51,51,57,52,52,52,52,72,8,56,25,25,28,52,43,64,26,47,47,47,41,41,43,49,49,0,0],"gold":169,"neow_bonus":"ONE_RARE_RELIC","is_daily":false,"chose_seed":false,"campfire_upgraded":3,"win_rate":0.0,"timestamp":1612486301,"path_taken":["M","M","?","?","M","R","E","?","T","M","M","?","R","?","R","BOSS","M","$","M","?","M","R","E","R","T","R","?","?","M","M","R","BOSS"],"items_purchased_type":["Relic"],"build_version":"2020-12-22","purchased_purges":1,"victory":false,"max_hp_per_floor":[72,72,72,72,72,72,72,72,72,72,72,72,72,72,72,72,72,72,72,72,72,72,72,72,72,72,72,72,72,72,72,72,72,72],"card_choices":[{"not_picked":["Iron Wave","Rage"],"picked":"Flame Barrier","floor":1},{"not_picked":["Warcry","Heavy Blade"],"picked":"Pommel Strike","floor":2},{"not_picked":["Shrug It Off","Heavy Blade"],"picked":"Headbutt","floor":3},{"not_picked":["Iron Wave","Armaments","Pommel Strike"],"picked":"SKIP","floor":5},{"not_picked":["Wild Strike","Headbutt"],"picked":"Thunderclap","floor":7},{"not_picked":["True Grit","Demon Form","Pommel Strike"],"picked":"SKIP","floor":10},{"not_picked":["Sword Boomerang","Flex","Searing Blow"],"picked":"SKIP","floor":11},{"not_picked":["Impervious","Juggernaut"],"picked":"Double Tap","floor":16},{"not_picked":["Wild Strike","Sword Boomerang","Havoc"],"picked":"SKIP","floor":18},{"not_picked":["Rupture+1","Cleave","Clothesline"],"picked":"SKIP","floor":20},{"not_picked":["Clash","Twin Strike"],"picked":"Rampage+1","floor":22},{"not_picked":["Perfected Strike","Headbutt"],"picked":"Metallicize+1","floor":24},{"not_picked":["Clash","Whirlwind","Headbutt"],"picked":"SKIP","floor":30},{"not_picked":["Shrug It Off+1","Clothesline+1"],"picked":"Metallicize+1","floor":31}],"player_experience":537456,"relics_obtained":[{"floor":7,"key":"Juzu Bracelet"},{"floor":9,"key":"Anchor"},{"floor":24,"key":"Potion Belt"},{"floor":26,"key":"War Paint"},{"floor":29,"key":"Peace Pipe"}],"event_choices":[{"damage_healed":0,"gold_gain":0,"player_choice":"Take Damage","damage_taken":18,"relics_obtained":["Golden Idol"],"max_hp_gain":0,"max_hp_loss":0,"event_name":"Golden Idol","floor":4,"gold_loss":0},{"cards_removed":["Strike_R"],"damage_healed":0,"gold_gain":0,"player_choice":"Card Removal","damage_taken":7,"max_hp_gain":0,"max_hp_loss":0,"event_name":"Golden Wing","floor":8,"gold_loss":0},{"damage_healed":0,"gold_gain":175,"player_choice":"AGREE","damage_taken":255,"max_hp_gain":0,"max_hp_loss":0,"event_name":"betterThird:BetterSerpent","floor":12,"gold_loss":0},{"damage_healed":0,"gold_gain":0,"player_choice":"Bought 0 Potions","damage_taken":0,"max_hp_gain":0,"max_hp_loss":0,"event_name":"The Woman in Blue","floor":14,"gold_loss":0},{"damage_healed":24,"gold_gain":0,"player_choice":"Heal","damage_taken":0,"max_hp_gain":0,"max_hp_loss":0,"event_name":"The Library","floor":21,"gold_loss":0},{"damage_healed":0,"gold_gain":0,"player_choice":"Dagger","damage_taken":6,"max_hp_gain":0,"max_hp_loss":0,"event_name":"betterThird:BetterNest","floor":28,"gold_loss":0,"cards_obtained":["RitualDagger"]}],"is_beta":false,"boss_relics":[{"not_picked":["Black Blood","Empty Cage"],"picked":"Ectoplasm"}],"items_purged_floors":[19],"is_endless":false,"potions_floor_spawned":[1,2,5,11,18,24],"killed_by":"Collector","ascension_level":9}}