{"host":"bf5upntvbdompq33","time":1612569504,"event":{"mods":["BaseMod","Colored Map","Colored Powertips","Curses Come First","Minty Spire (QoL Compilation)","StSLib","The Dragon Tamer","The Hierophant","The Marked","The Mystic","The Servant 0.9.4"],"gold_per_floor":[116,132,27,43,54,54,87,100,182,200,200,200,1,36,36,135,135,152,5,5,5,5,55,55,55],"floor_reached":24,"language":"ENG","playtime":931,"items_purged":[],"score":306,"play_id":"8b9fe2d8-02d7-449d-87f7-c05eac50dea1","local_time":"20210205165824","is_ascension_mode":true,"campfire_choices":[{"data":"Sunder","floor":6,"key":"SMITH"},{"floor":12,"key":"REST"},{"data":"Coolheaded","floor":15,"key":"SMITH"}],"circlet_count":0,"master_deck":["AscendersBane","Strike_B","Strike_B","Strike_B","Defend_B","Defend_B","Defend_B","Defend_B","Zap","Dualcast","Sunder+1","Capacitor","Conserve Battery","Ball Lightning","Coolheaded+1","Darkness","Auto Shields","White Noise","Ball Lightning","Cold Snap","Creative AI","Doom and Gloom"],"relics":["Cracked Core","Smiling Mask","CaptainsWheel","White Beast Statue","Runic Capacitor","StoneCalendar","Runic Pyramid","Membership Card","CeramicFish"],"acts_visited":["Exordium","TheCity"],"potions_floor_usage":[5],"damage_taken":[{"damage":0,"enemies":"2 Louse","floor":1,"turns":3},{"damage":1,"enemies":"Cultist","floor":2,"turns":4},{"damage":7,"enemies":"Jaw Worm","floor":4,"turns":2},{"damage":2,"enemies":"3 Louse","floor":5,"turns":2},{"damage":25,"enemies":"Gremlin Nob","floor":7,"turns":4},{"damage":16,"enemies":"Exordium Wildlife","floor":8,"turns":3},{"damage":4,"enemies":"Gremlin Gang","floor":10,"turns":4},{"damage":15,"enemies":"Lagavulin","floor":14,"turns":5},{"damage":40,"enemies":"Slime Boss","floor":16,"turns":7},{"damage":31,"enemies":"2 Thieves","floor":18,"turns":4},{"damage":31,"enemies":"Book of Stabbing","floor":24,"turns":4}],"seed_played":"-1491946169763189609","potions_obtained":[{"floor":1,"key":"FairyPotion"},{"floor":4,"key":"Fire Potion"},{"floor":5,"key":"FocusPotion"},{"floor":10,"key":"SmokeBomb"},{"floor":14,"key":"BlessingOfTheForge"},{"floor":16,"key":"SpeedPotion"}],"is_trial":false,"path_per_floor":["M","M","$","M","M","R","E","M","T","M","?","R","$","E","R","B",null,"M","$","?","?","$","T","E"],"character_chosen":"DEFECT","items_purchased":["Capacitor","Conserve Battery","Runic Capacitor","Ball Lightning","Membership Card"],"campfire_rested":1,"item_purchase_floors":[3,3,13,13,19],"current_hp_per_floor":[68,67,67,60,58,58,33,17,17,13,13,35,35,20,20,4,57,26,26,26,26,26,26,0,0],"gold":55,"neow_bonus":"RANDOM_COMMON_RELIC","is_daily":false,"chose_seed":false,"campfire_upgraded":2,"win_rate":0.0,"timestamp":1612569504,"path_taken":["M","M","$","M","M","R","E","M","T","M","?","R","$","E","R","BOSS","M","$","?","?","$","?","E"],"items_purchased_type":["Card","Card","Relic","Card","Relic"],"build_version":"2020-12-22","purchased_purges":0,"victory":false,"max_hp_per_floor":[75,75,75,75,75,75,75,75,75,75,75,75,75,75,75,75,75,75,75,75,75,75,75,75,75],"card_choices":[{"not_picked":["Blizzard","Barrage"],"picked":"Sunder","floor":1},{"not_picked":["Tempest","Self Repair","Steam Power"],"picked":"SKIP","floor":2},{"not_picked":["Reprogram","Reinforced Body"],"picked":"Ball Lightning","floor":4},{"not_picked":["Turbo","Melter"],"picked":"Coolheaded","floor":5},{"not_picked":["Double Energy","Static Discharge"],"picked":"Darkness","floor":7},{"not_picked":["Steam Power","Steam"],"picked":"Auto Shields","floor":8},{"not_picked":["BootSequence","Stack"],"picked":"White Noise","floor":10},{"not_picked":["Turbo","Barrage"],"picked":"Cold Snap","floor":14},{"not_picked":["Hyperbeam","All For One"],"picked":"Creative AI","floor":16},{"not_picked":["Streamline","Leap"],"picked":"Doom and Gloom","floor":18}],"player_experience":1433012,"relics_obtained":[{"floor":7,"key":"CaptainsWheel"},{"floor":9,"key":"White Beast Statue"},{"floor":14,"key":"StoneCalendar"},{"floor":23,"key":"CeramicFish"}],"event_choices":[{"damage_healed":0,"gold_gain":0,"player_choice":"Bought 0 Potions","damage_taken":0,"max_hp_gain":0,"max_hp_loss":0,"event_name":"The Woman in Blue","floor":11,"gold_loss":0},{"cards_removed":["Strike_B"],"damage_healed":0,"gold_gain":0,"player_choice":"Elegance","damage_taken":0,"max_hp_gain":0,"max_hp_loss":0,"event_name":"Back to Basics","floor":20,"gold_loss":0},{"damage_healed":0,"gold_gain":0,"player_choice":"Ignored","damage_taken":0,"max_hp_gain":0,"max_hp_loss":0,"event_name":"Ghosts","floor":21,"gold_loss":0}],"is_beta":false,"boss_relics":[{"not_picked":["Tiny House","Coffee Dripper"],"picked":"Runic Pyramid"}],"items_purged_floors":[],"is_endless":false,"potions_floor_spawned":[1,4,5,10,14,16,18],"killed_by":"Book of Stabbing","ascension_level":10}}