{"host":"1te4apcktyw9778t","time":1612558471,"event":{"mods":["BaseMod","Colored Powertips","Minty Spire (QoL Compilation)","Relic Stats"],"gold_per_floor":[117,136,154,168,187,220,240,240,265,293,293,318,318,44,44,115,115,132,152,63,81,6,6,6],"floor_reached":23,"language":"ENG","playtime":3362,"items_purged":["Strike_R"],"score":472,"play_id":"f449f07b-f2f9-4abb-a263-d1d9f2021178","local_time":"20210205155431","is_ascension_mode":true,"campfire_choices":[{"floor":8.0,"key":"REST"},{"floor":11,"key":"REST"},{"data":"Metallicize","floor":13,"key":"SMITH"},{"data":"True Grit","floor":15,"key":"SMITH"}],"circlet_count":0,"master_deck":["AscendersBane","Strike_R","Defend_R","Defend_R","Defend_R","Defend_R","Bash+1","Twin Strike","Clothesline","Carnage","Metallicize+1","Inflame","Power Through","Shrug It Off","Offering","Dual Wield","True Grit+1","Reaper","Shrug It Off","Feel No Pain","Heavy Blade"],"relics":["Burning Blood","Strawberry","Odd Mushroom","Ancient Tea Set","Anchor","Red Skull","Medical Kit","Empty Cage"],"acts_visited":["Exordium","TheCity"],"potions_floor_usage":[23],"damage_taken":[{"damage":10.0,"enemies":"Small Slimes","floor":1.0,"turns":3.0},{"damage":7.0,"enemies":"Jaw Worm","floor":2.0,"turns":3.0},{"damage":3.0,"enemies":"2 Louse","floor":3.0,"turns":2.0},{"damage":9.0,"enemies":"Looter","floor":4.0,"turns":4.0},{"damage":31.0,"enemies":"Exordium Thugs","floor":5.0,"turns":7.0},{"damage":52.0,"enemies":"Lagavulin","floor":6.0,"turns":8.0},{"damage":5.0,"enemies":"The Mushroom Lair","floor":7.0,"turns":5.0},{"damage":28,"enemies":"3 Sentries","floor":10,"turns":10},{"damage":6,"enemies":"Gremlin Nob","floor":12,"turns":3},{"damage":10,"enemies":"The Guardian","floor":16,"turns":13},{"damage":9,"enemies":"Shell Parasite","floor":18,"turns":9},{"damage":47,"enemies":"Spheric Guardian","floor":19,"turns":13},{"damage":28,"enemies":"Centurion and Healer","floor":21,"turns":11},{"damage":30,"enemies":"Book of Stabbing","floor":23,"turns":5}],"seed_played":"8743003063710669139","potions_obtained":[{"floor":4.0,"key":"Regen Potion"},{"floor":5.0,"key":"ColorlessPotion"},{"floor":6.0,"key":"BlessingOfTheForge"},{"floor":12,"key":"Energy Potion"},{"floor":19,"key":"Ancient Potion"}],"is_trial":false,"path_per_floor":["M","M","M","M","M","E","?","R","T","E","R","E","R","$","R","B",null,"M","M","$","M","?","E"],"character_chosen":"IRONCLAD","items_purchased":["Medical Kit","True Grit","Feel No Pain"],"campfire_rested":2,"item_purchase_floors":[14,14,20],"current_hp_per_floor":[64,63,66,63,53,14,15,39,39,17,41,41,41,41,41,37,71,68,33,33,29,29,0,0],"gold":6,"neow_bonus":"UPGRADE_CARD","is_daily":false,"chose_seed":false,"campfire_upgraded":2,"win_rate":0.0,"timestamp":1612558471,"path_taken":["M","M","M","M","M","E","?","R","T","E","R","E","R","$","R","BOSS","M","M","$","M","?","E"],"items_purchased_type":["Relic","Card","Card"],"build_version":"2020-12-22","purchased_purges":1,"victory":false,"max_hp_per_floor":[75,75,75,75,75,82,82,82,82,82,82,82,82,82,82,82,82,82,82,82,82,82,82,82],"relic_stats":{"counters":[14,96],"Medical Kit":[20],"obtain_stats":[{"Anchor":10,"Strawberry":6,"Odd Mushroom":7,"Ancient Tea Set":9,"Medical Kit":14,"Empty Cage":17,"Burning Blood":0,"Red Skull":12},{"Anchor":8,"Strawberry":6,"Odd Mushroom":7,"Ancient Tea Set":7,"Medical Kit":9,"Empty Cage":10,"Burning Blood":0,"Red Skull":9},{"Anchor":42,"Strawberry":27,"Odd Mushroom":32,"Ancient Tea Set":32,"Medical Kit":45,"Empty Cage":58,"Burning Blood":0,"Red Skull":45}],"Burning Blood":78},"card_choices":[{"not_picked":["Perfected Strike","Body Slam"],"picked":"Twin Strike","floor":1.0},{"not_picked":["Metallicize","Seeing Red"],"picked":"Clothesline","floor":2.0},{"not_picked":["Thunderclap","Armaments"],"picked":"Carnage","floor":3.0},{"not_picked":["True Grit","Rupture"],"picked":"Metallicize","floor":4.0},{"not_picked":["Bloodletting","Rage"],"picked":"Inflame","floor":5.0},{"not_picked":["Wild Strike","Cleave"],"picked":"Power Through","floor":6.0},{"not_picked":["Dual Wield","Armaments"],"picked":"Shrug It Off","floor":7.0},{"not_picked":["Perfected Strike","Metallicize"],"picked":"Offering","floor":10},{"not_picked":["Cleave","Sword Boomerang"],"picked":"Dual Wield","floor":12},{"not_picked":["Fiend Fire","Juggernaut"],"picked":"Reaper","floor":16},{"not_picked":["Anger","Dark Embrace","Headbutt"],"picked":"SKIP","floor":18},{"not_picked":["Anger","Dark Embrace","Headbutt"],"picked":"SKIP","floor":18},{"not_picked":["Anger","Dark Embrace","Headbutt"],"picked":"SKIP","floor":18},{"not_picked":["Pommel Strike","Hemokinesis"],"picked":"Shrug It Off","floor":19},{"not_picked":["Twin Strike","Clash"],"picked":"Heavy Blade","floor":21}],"player_experience":1097762,"relics_obtained":[{"floor":6.0,"key":"Strawberry"},{"floor":7.0,"key":"Odd Mushroom"},{"floor":9.0,"key":"Ancient Tea Set"},{"floor":10,"key":"Anchor"},{"floor":12,"key":"Red Skull"}],"event_choices":[{"damage_healed":0.0,"max_hp_gain":0.0,"max_hp_loss":0.0,"gold_gain":0.0,"event_name":"Mushrooms","player_choice":"Fought Mushrooms","floor":7.0,"gold_loss":0.0,"damage_taken":0.0},{"cards_removed":["Strike_R"],"damage_healed":0,"gold_gain":0,"player_choice":"Gave Gold","damage_taken":0,"max_hp_gain":0,"max_hp_loss":0,"event_name":"Beggar","floor":22,"gold_loss":75}],"is_beta":false,"boss_relics":[{"not_picked":["Tiny House","Runic Cube"],"picked":"Empty Cage"}],"items_purged_floors":[14],"is_endless":false,"potions_floor_spawned":[4,5,6,12,19],"killed_by":"Book of Stabbing","ascension_level":20}}