{"host":"3ovdp3kj1t94ivgi","time":1612557599,"event":{"mods":["BaseMod","Downfall","Luminous","Minty Spire (QoL Compilation)","Shade Mod","StSLib","The Necromancer"],"gold_per_floor":[111,171,188,198,18,89,89,125,125,125,125,144,181,50,50,178,178,197,217,26,101,101,101,156,167,167,190,229,229,40,40,40,164,164,183,224,237,248,147,147,207,207,207,242,242,256,256,295,295,295],"floor_reached":51,"language":"ENG","playtime":4710,"items_purged":[],"score":777,"play_id":"572f60f0-6717-49f3-a71d-828ad8ad899e","local_time":"20210206043959","is_ascension_mode":false,"campfire_choices":[{"data":"HandOfGreed","floor":7,"key":"SMITH"},{"data":"Luminous:Light_Glare","floor":10,"key":"SMITH"},{"floor":15,"key":"REST"},{"floor":23,"key":"REST"},{"data":"Luminous:Erosion_Luminous","floor":29,"key":"SMITH"},{"floor":32,"key":"REST"},{"data":"Luminous:Dark_Crescendo_Luminous","floor":40,"key":"SMITH"},{"data":"Luminous:Arcane_Rage_Luminous","floor":42,"key":"SMITH"},{"data":"Luminous:Light_Track","floor":45,"key":"SMITH"},{"data":"Luminous:Freud_Wisdom1_Luminous","floor":47,"key":"SMITH"},{"data":"Luminous:Freud_Wisdom1_Luminous+1","floor":49,"key":"SMITH"}],"circlet_count":0,"master_deck":["Luminous:Light_Flash_Shower","Luminous:Light_Flash_Shower","Luminous:Light_Flash_Shower","Luminous:Dark_Abyssal_Drop","Luminous:Dark_Abyssal_Drop","Luminous:Dark_Abyssal_Drop","Luminous:Defend_Luminous+1","Luminous:Defend_Luminous","Luminous:Defend_Luminous","Luminous:Switch_Luminous+1","Luminous:Dark_Dim_Erosion","Luminous:Light_Glare+1","Luminous:Dark_Raid","HandOfGreed+1","Luminous:Light_Disperse","Luminous:Mana_Well_Luminous","Luminous:Erosion_Luminous+1","Luminous:Dark_Arcane_Pitch","Luminous:Light_Track+1","Bandage Up","Luminous:Freud_Wisdom1_Luminous+2","Luminous:Dark_Dim_Erosion","Luminous:Dark_Extract","Luminous:Dark_Moonlight_Spear","HandOfGreed+1","Luminous:Concentrate_Luminous+1","downfall:Bewildered","Luminous:Photic_Meditation_Luminous","Luminous:Light_Glare","Luminous:Lania_Blessing_Luminous","Luminous:Photic_Meditation_Luminous","downfall:Haunted","downfall:Haunted","Writhe","Luminous:Arcane_Rage_Luminous+1","Luminous:Dark_Crescendo_Luminous+1","Luminous:Dark_Morning_Star+1","Luminous:Light_Wash_Luminous+1","Luminous:Flash_Blink_Luminous+1","Luminous:Balance_Death_Scythe+1","Luminous:Light_Disperse","Luminous:Dark_Morning_Star","Luminous:Dark_Dim_Erosion+1","Luminous:Light_Sylvan_Lance+1","Luminous:Lania_Blessing_Luminous","Luminous:Light_Glare+1","Luminous:Shadow_Shell_Luminous","Luminous:Light_Gather+1"],"relics":["Luminous:MirrorRelic","NeowsBlessing","Toy Ornithopter","InkBottle","Black Star","DollysMirror","Red Mask","sneckomod:BabySnecko","Ginger","Eternal Feather","Matryoshka","Bag of Preparation","Pen Nib","Lantern","Du-Vu Doll","Philosopher\u0027s Stone","Boot","Prayer Wheel","War Paint","White Beast Statue","Molten Egg 2","Unceasing Top"],"acts_visited":["Exordium","TheCity","TheBeyond"],"potions_floor_usage":[21,24,28,28,37,50,50],"damage_taken":[{"damage":0,"enemies":"Small Slimes","floor":1,"turns":1},{"damage":0,"enemies":"Cultist","floor":3,"turns":1},{"damage":0,"enemies":"2 Louse","floor":4,"turns":2},{"damage":34,"enemies":"3 Sentries","floor":6,"turns":7},{"damage":6,"enemies":"Blue Slaver","floor":8,"turns":2},{"damage":7,"enemies":"Looter","floor":12,"turns":2},{"damage":10,"enemies":"3 Louse","floor":13,"turns":3},{"damage":9,"enemies":"Hexaghost","floor":16,"turns":8},{"damage":24,"enemies":"Chosen","floor":18,"turns":7},{"damage":30,"enemies":"Spheric Guardian","floor":19,"turns":4},{"damage":39,"enemies":"Masked Bandits","floor":21,"turns":5},{"damage":11,"enemies":"Slavers","floor":24,"turns":5},{"damage":11,"enemies":"Snecko","floor":25,"turns":4},{"damage":32,"enemies":"Sentry and Sphere","floor":28,"turns":5},{"damage":52,"enemies":"Collector","floor":33,"turns":10},{"damage":32,"enemies":"3 Darklings","floor":35,"turns":7},{"damage":12,"enemies":"Orb Walker","floor":36,"turns":2},{"damage":18,"enemies":"Transient","floor":37,"turns":5},{"damage":12,"enemies":"Spire Growth","floor":38,"turns":4},{"damage":19,"enemies":"Reptomancer","floor":41,"turns":5},{"damage":0,"enemies":"Giant Head","floor":44,"turns":5},{"damage":38,"enemies":"Sphere and 2 Shapes","floor":46,"turns":4},{"damage":28,"enemies":"Jaw Worm Horde","floor":48,"turns":5},{"damage":57,"enemies":"Awakened One","floor":50,"turns":9}],"seed_played":"-5584971230509654434","potions_obtained":[{"floor":3,"key":"Swift Potion"},{"floor":4,"key":"Fruit Juice"},{"floor":24,"key":"Weak Potion"},{"floor":25,"key":"SpeedPotion"},{"floor":33,"key":"PowerPotion"},{"floor":35,"key":"EssenceOfSteel"},{"floor":36,"key":"Guardian:BlockOnCardUsePotion"},{"floor":44,"key":"Strength Potion"},{"floor":46,"key":"SneckoOil"}],"is_trial":false,"path_per_floor":["M","?","M","M","$","E","R","M","T","R","?","M","M","$","R","B",null,"M","M","$","?","?","R","E","M","T","T","M","R","$","?","R","B",null,"M","M","M","M","$","R","E","R","T","E","R","M","R","M","R","B",null],"character_chosen":"LuminousClass","items_purchased":["HandOfGreed","Luminous:Light_Track","Bandage Up","Luminous:Dark_Moonlight_Spear","DollysMirror","Luminous:Photic_Meditation_Luminous","Lantern","Luminous:Light_Disperse","Luminous:Dark_Morning_Star"],"campfire_rested":3,"item_purchase_floors":[5,14,14,20,20,30,30,39,39],"current_hp_per_floor":[75,75,75,75,75,41,41,35,35,35,35,28,18,18,40,35,75,55,33,33,8,8,32,30,23,23,23,4,22,22,22,67,56,80,67,58,67,59,59,80,70,80,80,80,80,56,80,61,80,41],"gold":295,"neow_bonus":"THREE_ENEMY_KILL","is_daily":false,"chose_seed":false,"campfire_upgraded":8,"win_rate":0.0,"timestamp":1612557599,"path_taken":["M","?","M","M","$","E","R","M","T","R","?","?","M","$","R","BOSS","M","M","$","?","?","R","E","M","T","?","M","R","$","?","R","BOSS","M","M","M","M","$","R","E","R","T","E","R","M","R","M","R","BOSS"],"items_purchased_type":["Card","Card","Card","Card","Relic","Card","Relic","Card","Card"],"build_version":"2020-12-13","purchased_purges":0,"victory":true,"max_hp_per_floor":[75,75,75,75,75,75,75,75,75,75,75,75,75,75,75,75,75,75,75,75,80,80,80,80,80,80,80,80,80,80,80,80,80,80,80,80,80,80,80,80,80,80,80,80,80,80,80,80,80,80],"card_choices":[{"not_picked":["Luminous:Chase_Spell_Luminous","Luminous:Blinding_Pillar_Luminous"],"picked":"Luminous:Dark_Dim_Erosion","floor":1},{"not_picked":["Luminous:Phantom_Treasure_Luminous","Luminous:Dark_Pressure_Void"],"picked":"Luminous:Light_Glare","floor":3},{"not_picked":["Luminous:Concentrate_Luminous","Luminous:Shadow_Shell_Luminous"],"picked":"Luminous:Dark_Raid","floor":4},{"not_picked":["Luminous:Dark_Pressure_Void","Luminous:Dark_Raid"],"picked":"Luminous:Light_Disperse","floor":6},{"not_picked":["Luminous:Dark_Pressure_Void","Luminous:Blinding_Pillar_Luminous"],"picked":"Luminous:Mana_Well_Luminous","floor":8},{"not_picked":["Luminous:Light_Disperse","Luminous:Shadow_Shell_Luminous"],"picked":"Luminous:Erosion_Luminous","floor":12},{"not_picked":["Luminous:Light_Gather","Luminous:Light_Disperse"],"picked":"Luminous:Dark_Arcane_Pitch","floor":13},{"not_picked":["Luminous:Erosion_Luminous","Luminous:Equalize_Luminous"],"picked":"Luminous:Freud_Wisdom1_Luminous","floor":16},{"not_picked":["Luminous:Concentrate_Luminous+1","Luminous:Light_Sylvan_Lance"],"picked":"Luminous:Dark_Dim_Erosion","floor":18},{"not_picked":["Luminous:Concentrate_Luminous","Luminous:Dark_Pressure_Void+1"],"picked":"Luminous:Dark_Extract","floor":19},{"not_picked":["Luminous:Lights_Protection_Luminous+1","Luminous:Blinding_Pillar_Luminous"],"picked":"Luminous:Concentrate_Luminous+1","floor":21},{"not_picked":["Luminous:Blinding_Pillar_Luminous","Luminous:Light_Gather+1"],"picked":"Luminous:Photic_Meditation_Luminous","floor":24},{"not_picked":["Luminous:Blinding_Pillar_Luminous","Luminous:Dark_Pressure_Void"],"picked":"Luminous:Light_Glare","floor":25},{"not_picked":["Luminous:Light_Gather","Luminous:Magic_Accelerate_Luminous"],"picked":"Luminous:Lania_Blessing_Luminous","floor":28},{"not_picked":["Luminous:Erosion_Luminous","Luminous:Freud_Wisdom1_Luminous"],"picked":"Luminous:Dark_Crescendo_Luminous","floor":33},{"not_picked":["Luminous:Light_Glare","Luminous:Shadow_Shell_Luminous+1"],"picked":"Luminous:Dark_Morning_Star+1","floor":35},{"not_picked":["Luminous:Dark_Raid+1","Luminous:Phantom_Treasure_Luminous+1"],"picked":"Luminous:Light_Wash_Luminous+1","floor":36},{"not_picked":["Luminous:Tune_Luminous","Luminous:Light_Wash_Luminous+1"],"picked":"Luminous:Flash_Blink_Luminous+1","floor":37},{"not_picked":["Luminous:Reverse_Spell_Luminous","Luminous:Accumulation_Luminous+1"],"picked":"Luminous:Balance_Death_Scythe+1","floor":38},{"not_picked":["Luminous:Light_Wash_Luminous+1","Luminous:Dark_Raid+1"],"picked":"Luminous:Dark_Dim_Erosion+1","floor":41},{"not_picked":["Luminous:Lights_Protection_Luminous","Luminous:Blinding_Pillar_Luminous+1"],"picked":"Luminous:Light_Sylvan_Lance+1","floor":44},{"not_picked":["Luminous:Light_Gather+1","Luminous:Reverse_Spell_Luminous+1"],"picked":"Luminous:Lania_Blessing_Luminous","floor":46},{"not_picked":["Luminous:Light_Wash_Luminous","Luminous:Dark_Morning_Star+1"],"picked":"Luminous:Light_Glare+1","floor":46},{"not_picked":["Luminous:Chase_Spell_Luminous+1","Luminous:Magic_Guard_Luminous+1"],"picked":"Luminous:Shadow_Shell_Luminous","floor":48},{"not_picked":["Luminous:Light_Reflection+1","Luminous:Mana_Well_Luminous"],"picked":"Luminous:Light_Gather+1","floor":48}],"player_experience":42110,"relics_obtained":[{"floor":6,"key":"Toy Ornithopter"},{"floor":9,"key":"InkBottle"},{"floor":21,"key":"Red Mask"},{"floor":24,"key":"Ginger"},{"floor":24,"key":"Eternal Feather"},{"floor":26,"key":"Matryoshka"},{"floor":27,"key":"Bag of Preparation"},{"floor":27,"key":"Pen Nib"},{"floor":41,"key":"Boot"},{"floor":41,"key":"Prayer Wheel"},{"floor":43,"key":"War Paint"},{"floor":43,"key":"White Beast Statue"},{"floor":44,"key":"Molten Egg 2"},{"floor":44,"key":"Unceasing Top"}],"event_choices":[{"damage_healed":0,"gold_gain":60,"player_choice":"Gained Gold","damage_taken":0,"max_hp_gain":0,"max_hp_loss":0,"event_name":"Golden Wing","floor":2,"gold_loss":0},{"cards_removed":["Luminous:Defend_Luminous"],"damage_healed":0,"gold_gain":0,"player_choice":"Offered Basic","damage_taken":0,"max_hp_gain":0,"max_hp_loss":0,"event_name":"Bonfire Elementals","floor":11,"gold_loss":0},{"damage_healed":0,"gold_gain":0,"player_choice":"Fought Bandits","damage_taken":0,"max_hp_gain":0,"max_hp_loss":0,"event_name":"Masked Bandits","floor":21,"gold_loss":0}],"is_beta":false,"boss_relics":[{"not_picked":["Cursed Key","Empty Cage"],"picked":"Black Star"},{"not_picked":["Coffee Dripper","Busted Crown"],"picked":"Philosopher\u0027s Stone"}],"items_purged_floors":[],"is_endless":false,"potions_floor_spawned":[3,4,24,25,33,35,36,44,46,48],"ascension_level":0}}