{"host":"ormi09wwzv7sq47a","time":1612493710,"event":{"mods":["2.2 Compatiblity","AchievementEnabler","Act Like it!","BaseMod","Bestiary","Better Altar","Better Note","Better Sensory Stone","Better Silent Start","Better Skull","Better Third Choice","Better Vampires","BetterRewards","Block Reminder","Card Forge","Colored Map","Colored Powertips","Curses Come First","DeckTracker","Downfall","Highlight Path","Minty Spire (QoL Compilation)","Permanent Neow","Quick Restart","Rare Cards Sparkle","Relic Stats","Shop Mod","StSLib","The Jungle"],"gold_per_floor":[118,68,80,80,80,80,110,123,199,199,219,235,235,249,249,350,350,361,361,376,376,56,56,87,87,87,87,87,105,118,132,132,232,232,244,244,264,139,139,139,149,194,194,220,232,250,276,16,16,16,16,16,16,44,44],"floor_reached":56,"language":"ENG","playtime":4262,"items_purged":["bronze:Strike","bronze:Strike","bronze:Strike"],"score":1302,"play_id":"da0a0b49-3cd0-4d67-90ae-5fa26fd0d7d8","local_time":"20210205005510","is_ascension_mode":false,"campfire_choices":[{"data":"bronze:MaxOutput","floor":6.0,"key":"SMITH"},{"data":"bronze:Defend","floor":10.0,"key":"PURGE"},{"data":"bronze:Goto","floor":13.0,"key":"SMITH"},{"data":"bronze:Shell","floor":15.0,"key":"SMITH"},{"data":"bronze:ThunderWave","floor":23.0,"key":"SMITH"},{"data":"bronze:FollowUp","floor":25.0,"key":"SMITH"},{"data":"bronze:Verify","floor":27.0,"key":"SMITH"},{"data":"bronze:Defend","floor":32,"key":"PURGE"},{"data":"bronze:Defend","floor":40,"key":"PURGE"},{"floor":49,"key":"RECALL"},{"data":"bronze:Overload","floor":52,"key":"PURGE"}],"circlet_count":0,"master_deck":["bronze:Replicate+1","bronze:Goto+1","bronze:FollowUp+1","bronze:ItsAFeature","bronze:MaxOutput+1","bronze:Frontload+1","bronze:Shell+1","bronze:ItsAFeature","bronze:ThunderWave+1","bronze:Verify+1","bronze:DarkDash+1","bronze:Shell+1","bronze:Turbo","bronze:Refactor","bronze:Frontload+1","bronze:BuggyMess+1","bronze:Assembly+1","bronze:Flail+1","bronze:Allocate+1"],"relics":["bronze:BronzeCore","Hammer of Thor","Seething Fire","Anvil of the Gods","Peace Pipe","Orichalcum","Boot","hexamod:BolsterEngine","bronze:BronzeIdol","Eternal Feather","Sozu","Bag of Marbles","Bird Faced Urn","Toxic Egg 2","Busted Crown","Blue Candle","Pocketwatch","Oddly Smooth Stone","Slimebound:StickyStick","InkBottle","bronze:SilverBullet"],"acts_visited":["Exordium","TheCity","TheBeyond","TheEnding"],"potions_floor_usage":[29],"damage_taken":[{"damage":2.0,"enemies":"Cultist","floor":1.0,"turns":3.0},{"damage":7.0,"enemies":"Jaw Worm","floor":3.0,"turns":3.0},{"damage":9.0,"enemies":"Gremlin Nob","floor":7.0,"turns":3.0},{"damage":5.0,"enemies":"Small Slimes","floor":8.0,"turns":4.0},{"damage":0.0,"enemies":"2 Fungi Beasts","floor":11.0,"turns":4.0},{"damage":0.0,"enemies":"Large Slime","floor":12.0,"turns":7.0},{"damage":0.0,"enemies":"Looter","floor":14.0,"turns":4.0},{"damage":0.0,"enemies":"The Guardian","floor":16.0,"turns":8.0},{"damage":0.0,"enemies":"Chosen","floor":18.0,"turns":5.0},{"damage":6.0,"enemies":"Shell Parasite","floor":20.0,"turns":5.0},{"damage":0.0,"enemies":"Gremlin Leader","floor":24.0,"turns":7.0},{"damage":10,"enemies":"Shelled Parasite and Fungi","floor":29,"turns":5},{"damage":0,"enemies":"Snake Plant","floor":30,"turns":5},{"damage":9,"enemies":"Snecko","floor":31,"turns":6},{"damage":19,"enemies":"Collector","floor":33,"turns":11},{"damage":0,"enemies":"3 Darklings","floor":35,"turns":5},{"damage":0,"enemies":"3 Shapes","floor":37,"turns":5},{"damage":0,"enemies":"Maw","floor":41,"turns":7},{"damage":1,"enemies":"2 Orb Walkers","floor":42,"turns":5},{"damage":0,"enemies":"Giant Head","floor":44,"turns":5},{"damage":0,"enemies":"Sphere and 2 Shapes","floor":45,"turns":3},{"damage":0,"enemies":"3 Darklings","floor":46,"turns":3},{"damage":0,"enemies":"Reptomancer","floor":47,"turns":5},{"damage":34,"enemies":"Awakened One","floor":50,"turns":7},{"damage":0,"enemies":"Shield and Spear","floor":54,"turns":6},{"damage":6,"enemies":"The Heart","floor":55,"turns":6}],"seed_played":"5199678693738609773","potions_obtained":[{"floor":1.0,"key":"Explosive Potion"},{"floor":7.0,"key":"Swift Potion"},{"floor":11.0,"key":"bronze:BurnAndBuffPotion"},{"floor":16.0,"key":"FearPotion"}],"is_trial":false,"path_per_floor":["M","?","M","T","?","R","E","M","T","R","M","M","R","M","R","B",null,"M","?","M","?","$","R","E","R","T","R","?","M","M","M","R","B",null,"M","?","M","$","?","R","M","?","T","E","M","M","E","$","R","B",null,"R","$","E","B",null],"character_chosen":"THE_AUTOMATON","items_purchased":["bronze:FollowUp","Orichalcum","Boot","bronze:Refactor","Bag of Marbles","InkBottle"],"campfire_rested":0,"item_purchase_floors":[0,0,0,22,22,48],"current_hp_per_floor":[54,54,47,47,47,47,38,33,33,39,39,39,45,45,51,51,70,70,70,64,64,64,70,70,70,70,70,70,62,68,65,70,53,70,70,70,70,70,65,70,70,69,69,70,70,70,70,70,70,40,70,70,70,70,64],"gold":44,"neow_bonus":"","is_daily":false,"chose_seed":false,"campfire_upgraded":6,"win_rate":0.0,"timestamp":1612493710,"path_taken":["M","?","M","?","?","R","E","M","T","R","?","M","R","M","R","BOSS","M","?","M","?","$","R","E","R","T","R","?","M","M","M","R","BOSS","M","?","M","$","?","R","M","?","T","E","M","M","E","?","R","BOSS","R","$","E","BOSS"],"items_purchased_type":["Card","Relic","Relic","Card","Relic","Relic"],"build_version":"2020-12-22","purchased_purges":3,"victory":true,"max_hp_per_floor":[70,70,70,70,70,70,70,70,70,70,70,70,70,70,70,70,70,70,70,70,70,70,70,70,70,70,70,70,70,70,70,70,70,70,70,70,70,70,70,70,70,70,70,70,70,70,70,70,70,70,70,70,70,70,70],"relic_stats":{"Peace Pipe":5,"Sozu":7,"Busted Crown":22,"counters":[97,461],"Bird Faced Urn":[21],"Blue Candle":[0],"Eternal Feather":34,"Orichalcum":[24],"Boot":[28],"obtain_stats":[{"Gremlin Horn":8,"Vajra":27,"Hammer of Thor":0,"Runic Capacitor":0,"Boot":0,"Old Coin":24,"Blood Vial":17,"Sozu":17,"Sundial":42,"Strawberry":9,"MealTicket":2,"Philosopher\u0027s Stone":34,"Toxic Egg 2":26,"Girya":40,"MerchantsRug":0,"Pear":17,"Blue Candle":38,"Oddly Smooth Stone":36,"Eternal Feather":26,"Letter Opener":25,"Cables":54,"Anvil of the Gods":0,"Shuriken":43,"Bronze Scales":26,"Bird Faced Urn":24,"Nloth\u0027s Gift":21,"Symbiotic Virus":36,"bronze:SilverBullet":54,"Unceasing Top":0,"Meat on the Bone":17,"Pocketwatch":42,"Darkstone Periapt":45,"Lantern":13,"bronze:BronzeCore":0,"SacredBark":34,"Incense Burner":0,"Bag of Preparation":7,"Smiling Mask":25,"ClockworkSouvenir":48,"SsserpentHead":2,"Shovel":17,"Mummified Hand":48,"Slimebound:StickyStick":9,"Gambling Chip":0,"Pantograph":17,"Cracked Core":0,"InkBottle":9,"Lee\u0027s Waffle":0,"hexamod:Sixitude":0,"Omamori":23,"Seething Fire":0,"Frozen Egg 2":0,"Orichalcum":17,"Medical Kit":38,"bronze:BronzeIdol":7,"Calling Bell":17,"Peace Pipe":0,"Anchor":27,"CaptainsWheel":0,"Busted Crown":34,"Turnip":17,"Bag of Marbles":22,"Membership Card":0,"Bottled Lightning":40,"hexamod:BolsterEngine":49,"Toy Ornithopter":31},{"Gremlin Horn":35,"Vajra":45,"Hammer of Thor":0,"Runic Capacitor":0,"Boot":71,"Old Coin":44,"Blood Vial":8,"Sozu":79,"Sundial":21,"Strawberry":5,"MealTicket":1,"Philosopher\u0027s Stone":17,"Toxic Egg 2":82,"Girya":20,"MerchantsRug":30,"Pear":66,"Blue Candle":50,"Oddly Smooth Stone":18,"Eternal Feather":13,"Letter Opener":44,"Cables":24,"Anvil of the Gods":0,"Shuriken":53,"Bronze Scales":44,"Bird Faced Urn":82,"Nloth\u0027s Gift":11,"Symbiotic Virus":18,"bronze:SilverBullet":96,"Unceasing Top":30,"Meat on the Bone":40,"Pocketwatch":90,"Darkstone Periapt":54,"Lantern":6,"bronze:BronzeCore":0,"SacredBark":48,"Incense Burner":0,"Bag of Preparation":34,"Smiling Mask":13,"ClockworkSouvenir":22,"SsserpentHead":26,"Shovel":40,"Mummified Hand":22,"Slimebound:StickyStick":62,"Gambling Chip":0,"Pantograph":8,"Cracked Core":0,"InkBottle":35,"Lee\u0027s Waffle":30,"hexamod:Sixitude":57,"Omamori":43,"Seething Fire":0,"Frozen Egg 2":25,"Orichalcum":66,"Medical Kit":18,"bronze:BronzeIdol":74,"Calling Bell":8,"Peace Pipe":25,"Anchor":14,"CaptainsWheel":30,"Busted Crown":86,"Turnip":8,"Bag of Marbles":81,"Membership Card":0,"Bottled Lightning":51,"hexamod:BolsterEngine":56,"Toy Ornithopter":16},{"Gremlin Horn":180,"Vajra":221,"Hammer of Thor":0,"Runic Capacitor":0,"Boot":324,"Old Coin":217,"Blood Vial":26,"Sozu":360,"Sundial":106,"Strawberry":12,"MealTicket":3,"Philosopher\u0027s Stone":78,"Toxic Egg 2":377,"Girya":97,"MerchantsRug":166,"Pear":298,"Blue Candle":242,"Oddly Smooth Stone":82,"Eternal Feather":51,"Letter Opener":217,"Cables":135,"Anvil of the Gods":0,"Shuriken":253,"Bronze Scales":217,"Bird Faced Urn":377,"Nloth\u0027s Gift":38,"Symbiotic Virus":82,"bronze:SilverBullet":455,"Unceasing Top":166,"Meat on the Bone":200,"Pocketwatch":426,"Darkstone Periapt":256,"Lantern":18,"bronze:BronzeCore":0,"SacredBark":238,"Incense Burner":0,"Bag of Preparation":176,"Smiling Mask":51,"ClockworkSouvenir":113,"SsserpentHead":148,"Shovel":200,"Mummified Hand":113,"Slimebound:StickyStick":286,"Gambling Chip":0,"Pantograph":26,"Cracked Core":0,"InkBottle":180,"Lee\u0027s Waffle":166,"hexamod:Sixitude":271,"Omamori":211,"Seething Fire":0,"Frozen Egg 2":145,"Orichalcum":298,"Medical Kit":82,"bronze:BronzeIdol":333,"Calling Bell":26,"Peace Pipe":145,"Anchor":57,"CaptainsWheel":166,"Busted Crown":404,"Turnip":26,"Bag of Marbles":370,"Membership Card":0,"Bottled Lightning":247,"hexamod:BolsterEngine":260,"Toy Ornithopter":68}],"InkBottle":[10],"Pocketwatch":[9]},"card_choices":[{"not_picked":["bronze:Overheat","bronze:BitShift"],"picked":"bronze:ItsAFeature","floor":1.0},{"not_picked":["bronze:Overload","bronze:Iterate"],"picked":"bronze:MaxOutput","floor":3.0},{"not_picked":["bronze:Iterate","bronze:Separator"],"picked":"bronze:Overload","floor":7.0},{"not_picked":["bronze:ForLoop","bronze:Backtrace"],"picked":"bronze:Frontload","floor":8.0},{"not_picked":["bronze:DelayedGuard","bronze:Frontload"],"picked":"bronze:Shell","floor":11.0},{"not_picked":["bronze:OilSpill","bronze:BuggyMess"],"picked":"bronze:ItsAFeature","floor":12.0},{"not_picked":["bronze:Iterate","bronze:DelayedSlice"],"picked":"bronze:ThunderWave","floor":14.0},{"not_picked":["bronze:Hardcode","bronze:SpaghettiCode"],"picked":"bronze:Verify","floor":16.0},{"not_picked":["bronze:MaxOutput","bronze:Philosophize+1"],"picked":"bronze:DarkDash","floor":18.0},{"not_picked":["bronze:ItsAFeature","bronze:Safeguard"],"picked":"bronze:Turbo","floor":20.0},{"not_picked":["bronze:BitShift","bronze:FollowUp","bronze:Separator"],"picked":"SKIP","floor":24.0},{"not_picked":["bronze:Backtrace","bronze:ForLoop+1"],"picked":"bronze:Frontload+1","floor":29},{"not_picked":["bronze:ClassDefault","bronze:NullPointer"],"picked":"bronze:BuggyMess+1","floor":30},{"not_picked":["bronze:BronzeOrb","bronze:Branch","bronze:OilSpill"],"picked":"SKIP","floor":31},{"not_picked":["bronze:Library","bronze:ShipIt"],"picked":"bronze:Assembly+1","floor":33},{"not_picked":["bronze:Overheat+1"],"picked":"SKIP","floor":35},{"not_picked":["bronze:ChosenStrike"],"picked":"SKIP","floor":37},{"not_picked":[],"picked":"bronze:Flail+1","floor":41},{"not_picked":["bronze:Turbo+1"],"picked":"SKIP","floor":44},{"not_picked":["bronze:DelayedGuard+1"],"picked":"SKIP","floor":45},{"not_picked":["bronze:CutThrough+1"],"picked":"SKIP","floor":46},{"not_picked":["bronze:Repulsor"],"picked":"SKIP","floor":47},{"not_picked":[],"picked":"bronze:Allocate+1","floor":54}],"player_experience":1002815,"relics_obtained":[{"floor":4.0,"key":"hexamod:BolsterEngine"},{"floor":7.0,"key":"bronze:BronzeIdol"},{"floor":9.0,"key":"Eternal Feather"},{"floor":24.0,"key":"Bird Faced Urn"},{"floor":26.0,"key":"Toxic Egg 2"},{"floor":42,"key":"Pocketwatch"},{"floor":44,"key":"Oddly Smooth Stone"},{"floor":47,"key":"Slimebound:StickyStick"},{"floor":54,"key":"bronze:SilverBullet"}],"event_choices":[{"cards_removed":["bronze:Strike"],"damage_healed":0.0,"max_hp_gain":0.0,"max_hp_loss":0.0,"gold_gain":0.0,"event_name":"The Cleric","player_choice":"Card Removal","floor":2.0,"gold_loss":50.0,"damage_taken":0.0},{"cards_removed":["bronze:Defend"],"damage_healed":0.0,"max_hp_gain":0.0,"max_hp_loss":0.0,"gold_gain":0.0,"event_name":"Living Wall","player_choice":"Forget","floor":5.0,"gold_loss":0.0,"damage_taken":0.0},{"damage_healed":0.0,"max_hp_gain":0.0,"max_hp_loss":0.0,"gold_gain":0.0,"event_name":"Duplicator","player_choice":"Copied","floor":19.0,"gold_loss":0.0,"damage_taken":0.0,"cards_obtained":["bronze:Shell"]},{"damage_healed":0.0,"max_hp_gain":0.0,"max_hp_loss":0.0,"gold_gain":0.0,"event_name":"betterNote:BetterNote","player_choice":"Ignored","floor":28.0,"gold_loss":0.0,"damage_taken":0.0,"cards_obtained":["Slimebound:MassFeed"]},{"damage_healed":0,"gold_gain":3,"player_choice":"1","damage_taken":0,"max_hp_gain":0,"max_hp_loss":0,"event_name":"betterStone:BetterStone","floor":36,"gold_loss":0},{"damage_healed":0,"gold_gain":0,"player_choice":"Fight","damage_taken":0,"max_hp_gain":0,"max_hp_loss":0,"event_name":"Mysterious Sphere","floor":42,"gold_loss":0}],"is_beta":false,"boss_relics":[{"not_picked":["Velvet Choker","SacredBark"],"picked":"Sozu"},{"not_picked":["Calling Bell","Fusion Hammer"],"picked":"Busted Crown"}],"items_purged_floors":[0,22,38],"is_endless":false,"potions_floor_spawned":[1,7,11,16,20,30,33,41,42,44,45],"ascension_level":0}}