{"host":"xi8yg1ddhptuxb9d","time":1612486305,"event":{"mods":["AchievementEnabler","BaseMod","Block Reminder","Minty Spire (QoL Compilation)","Relic Sorter","StSLib"],"gold_per_floor":[114,114,126,91,111,140,140,153,176,176,215,238,238,258,258,342,405,431,450,495,495,495],"floor_reached":21,"language":"ENG","playtime":1205,"items_purged":[],"score":407,"play_id":"d1ba1915-fe92-4037-b1aa-14ef6735f060","local_time":"20210204195145","is_ascension_mode":true,"campfire_choices":[{"floor":7,"key":"REST"},{"floor":10,"key":"REST"},{"floor":13,"key":"REST"},{"data":"Eruption","floor":15,"key":"SMITH"}],"circlet_count":0,"master_deck":["AscendersBane","Eruption+1","Vigilance","CutThroughFate","Evaluate","Wireheading","CutThroughFate","Consecrate","Meditate","MentalFortress","ClearTheMind","DeusExMachina","Fasting2","InnerPeace","ClearTheMind","FlyingSleeves","LikeWater","Brilliance","ForeignInfluence","JustLucky+1","Bite","Bite","Bite","Bite","Bite"],"relics":["PureWater","Potion Belt","CeramicFish","Orichalcum","Pandora\u0027s Box"],"acts_visited":["Exordium","TheCity"],"potions_floor_usage":[8,11,14],"damage_taken":[{"damage":6,"enemies":"Small Slimes","floor":1,"turns":3},{"damage":1,"enemies":"2 Louse","floor":3,"turns":4},{"damage":1,"enemies":"Cultist","floor":5,"turns":3},{"damage":52,"enemies":"3 Sentries","floor":6,"turns":13},{"damage":12,"enemies":"2 Fungi Beasts","floor":8,"turns":4},{"damage":31,"enemies":"Gremlin Nob","floor":11,"turns":4},{"damage":0,"enemies":"Red Slaver","floor":12,"turns":5},{"damage":0,"enemies":"Large Slime","floor":14,"turns":2},{"damage":25,"enemies":"The Guardian","floor":16,"turns":14},{"damage":21,"enemies":"Shell Parasite","floor":18,"turns":4},{"damage":18,"enemies":"2 Thieves","floor":19,"turns":4},{"damage":41,"enemies":"Centurion and Healer","floor":21,"turns":4}],"seed_played":"-4198136830686505345","potions_obtained":[{"floor":5,"key":"PowerPotion"},{"floor":6,"key":"ColorlessPotion"},{"floor":12,"key":"LiquidMemories"},{"floor":19,"key":"LiquidBronze"}],"is_trial":false,"path_per_floor":["M","?","M","?","M","E","R","M","T","R","E","M","R","M","R","B",null,"M","M","?","M"],"character_chosen":"WATCHER","items_purchased":[],"campfire_rested":3,"item_purchase_floors":[],"current_hp_per_floor":[61,54,53,71,70,18,40,28,28,50,19,19,41,41,41,16,60,39,21,21,0,0],"gold":495,"neow_bonus":"TEN_PERCENT_HP_BONUS","is_daily":false,"chose_seed":false,"campfire_upgraded":1,"win_rate":0.0,"timestamp":1612486305,"path_taken":["M","?","M","?","M","E","R","M","T","R","E","M","R","M","R","BOSS","M","M","?","M"],"items_purchased_type":[],"build_version":"2020-12-22","purchased_purges":0,"victory":false,"max_hp_per_floor":[74,74,74,74,74,74,74,74,74,74,74,74,74,74,74,74,74,74,74,51,51,51],"card_choices":[{"not_picked":["PathToVictory","Protect"],"picked":"CutThroughFate","floor":1},{"not_picked":["LikeWater","SignatureMove"],"picked":"Evaluate","floor":3},{"not_picked":["PathToVictory","SashWhip"],"picked":"Wireheading","floor":5},{"not_picked":["CrushJoints","Prostrate"],"picked":"CutThroughFate","floor":6},{"not_picked":["Crescendo","Wish"],"picked":"Consecrate","floor":8},{"not_picked":["Consecrate","Evaluate"],"picked":"Meditate","floor":11},{"not_picked":["ThirdEye","Crescendo"],"picked":"MentalFortress","floor":12},{"not_picked":["ThirdEye","SashWhip"],"picked":"ClearTheMind","floor":14},{"not_picked":["Ragnarok","Omniscience"],"picked":"DeusExMachina","floor":16},{"not_picked":["CrushJoints","CutThroughFate"],"picked":"JustLucky+1","floor":18},{"not_picked":["WaveOfTheHand","ClearTheMind","Consecrate"],"picked":"SKIP","floor":19}],"player_experience":702833,"relics_obtained":[{"floor":6,"key":"Potion Belt"},{"floor":9,"key":"CeramicFish"},{"floor":11,"key":"Orichalcum"}],"event_choices":[{"cards_removed":["Strike_P"],"damage_healed":0,"gold_gain":0,"player_choice":"Card Removal","damage_taken":7,"max_hp_gain":0,"max_hp_loss":0,"event_name":"Golden Wing","floor":2,"gold_loss":0},{"damage_healed":18,"gold_gain":0,"player_choice":"Healed","damage_taken":0,"max_hp_gain":0,"max_hp_loss":0,"event_name":"The Cleric","floor":4,"gold_loss":35},{"damage_healed":0,"gold_gain":0,"player_choice":"Became a vampire","damage_taken":0,"max_hp_gain":0,"max_hp_loss":23,"event_name":"Vampires","floor":20,"gold_loss":0,"cards_obtained":["Bite","Bite","Bite","Bite","Bite"]}],"is_beta":false,"boss_relics":[{"not_picked":["Snecko Eye","Empty Cage"],"picked":"Pandora\u0027s Box"}],"items_purged_floors":[],"is_endless":false,"potions_floor_spawned":[5,6,12,19],"killed_by":"Centurion and Healer","ascension_level":20}}