{"host":"ig3ferjl2vi2q99g","time":1612564471,"event":{"mods":["AchievementEnabler","BaseMod","Colored Map","Colored Powertips","Hermit","Minty Spire (QoL Compilation)","Permanent Neow","Quick Restart","SacredBarkPlus","StSLib"],"gold_per_floor":[114,114,133,151,165,165,199,219,219,104,179,45,345,364,364,468,468,490,117,139,54,79,79,116,116,116,116,116,139,173,198,198,308,308,344,365,365,365,389,422,422,455,507,507,507],"floor_reached":44,"language":"ENG","playtime":4234,"items_purged":["hermit:Defend_Hermit","hermit:Defend_Hermit"],"score":556,"play_id":"4583f89e-499c-4566-a4a2-56fddb0193ee","local_time":"20210205233431","is_ascension_mode":true,"campfire_choices":[{"data":"hermit:Desperado","floor":6.0,"key":"SMITH"},{"data":"hermit:Dive","floor":15.0,"key":"SMITH"},{"data":"hermit:RoundhouseKick","floor":23.0,"key":"SMITH"},{"data":"hermit:FlashPowder","floor":25.0,"key":"SMITH"},{"floor":27.0,"key":"REST"},{"data":"hermit:Dive","floor":32.0,"key":"SMITH"},{"floor":41,"key":"RECALL"}],"circlet_count":0,"master_deck":["hermit:Strike_Hermit","hermit:Strike_Hermit","hermit:Strike_Hermit","hermit:Defend_Hermit","hermit:Defend_Hermit","hermit:Snapshot","hermit:Covet","hermit:Misfire","hermit:SprayPray","hermit:Dive+1","hermit:Desperado+1","hermit:Scavenge+1","hermit:WideOpen","hermit:Determination","hermit:Determination","hermit:HoleUp","hermit:Snipe+1","hermit:HoleUp","hermit:NoHoldsBarred","hermit:Desperado+1","hermit:FlashPowder+1","hermit:Dive+1","hermit:SprayPray","hermit:Glare+1","hermit:HeroicBravado+1","hermit:SprayPray+1","hermit:Quickdraw+1"],"relics":["hermit:Momento","Incense Burner","Gremlin Horn","Old Coin","Philosopher\u0027s Stone","Orichalcum","Dead Branch","Unceasing Top","Calipers","Toxic Egg 2","Red Mask","SlaversCollar","Pocketwatch","Kunai","War Paint"],"acts_visited":["Exordium","TheCity","TheBeyond"],"potions_floor_usage":[35,40,40,40,42],"damage_taken":[{"damage":0.0,"enemies":"Cultist","floor":1.0,"turns":4.0},{"damage":0.0,"enemies":"Small Slimes","floor":3.0,"turns":3.0},{"damage":0.0,"enemies":"Jaw Worm","floor":4.0,"turns":2.0},{"damage":6.0,"enemies":"Large Slime","floor":5.0,"turns":4.0},{"damage":5.0,"enemies":"3 Sentries","floor":7.0,"turns":7.0},{"damage":0.0,"enemies":"Looter","floor":8.0,"turns":3.0},{"damage":0.0,"enemies":"3 Louse","floor":14.0,"turns":3.0},{"damage":2.0,"enemies":"Hexaghost","floor":16.0,"turns":9.0},{"damage":0.0,"enemies":"Chosen","floor":18.0,"turns":4.0},{"damage":4.0,"enemies":"Shell Parasite","floor":20.0,"turns":6.0},{"damage":0.0,"enemies":"Snake Plant","floor":22.0,"turns":4.0},{"damage":40.0,"enemies":"Gremlin Leader","floor":24.0,"turns":6.0},{"damage":6.0,"enemies":"Shelled Parasite and Fungi","floor":29.0,"turns":4.0},{"damage":12.0,"enemies":"Slavers","floor":30.0,"turns":3.0},{"damage":0.0,"enemies":"Masked Bandits","floor":31.0,"turns":2.0},{"damage":55,"enemies":"Automaton","floor":33,"turns":8},{"damage":5,"enemies":"3 Darklings","floor":35,"turns":6},{"damage":4,"enemies":"Orb Walker","floor":36,"turns":4},{"damage":8,"enemies":"3 Darklings","floor":39,"turns":7},{"damage":20,"enemies":"Giant Head","floor":40,"turns":10},{"damage":46,"enemies":"Nemesis","floor":42,"turns":7},{"damage":14,"enemies":"Spire Growth","floor":44,"turns":3}],"seed_played":"-6707179859509290782","potions_obtained":[{"floor":1.0,"key":"FearPotion"},{"floor":3.0,"key":"FairyPotion"},{"floor":14.0,"key":"Dexterity Potion"},{"floor":33,"key":"SteroidPotion"},{"floor":36,"key":"SpeedPotion"},{"floor":39,"key":"Dexterity Potion"},{"floor":40,"key":"Regen Potion"},{"floor":42,"key":"LiquidBronze"}],"is_trial":false,"path_per_floor":["M","?","M","M","M","R","E","M","T","$","?","$","?","M","R","B",null,"M","$","M","?","M","R","E","R","T","R","?","M","E","?","R","B",null,"M","M","?","?","M","E","R","E","T","M"],"character_chosen":"HERMIT","items_purchased":["hermit:Determination","Fruit Juice","hermit:Determination","Orichalcum","hermit:HoleUp","hermit:NoHoldsBarred"],"campfire_rested":1,"item_purchase_floors":[10,12,12,19,19,19],"current_hp_per_floor":[54,54,54,54,48,48,43,43,43,43,32,32,29,34,34,32,80,80,80,76,76,76,76,36,36,36,60,60,54,42,42,42,24,80,75,71,71,71,63,43,43,12,12,0,0],"gold":507,"neow_bonus":"ONE_RARE_RELIC","is_daily":false,"chose_seed":false,"campfire_upgraded":5,"win_rate":0.0,"timestamp":1612564471,"path_taken":["M","?","?","M","M","R","E","M","T","?","?","$","?","M","R","BOSS","M","$","M","?","M","R","E","R","T","R","?","M","E","?","R","BOSS","M","M","?","?","M","E","R","E","T","M"],"items_purchased_type":["Card","Potion","Card","Relic","Card","Card"],"build_version":"2020-12-22","purchased_purges":2,"victory":false,"max_hp_per_floor":[75,75,75,75,75,75,75,75,75,75,75,75,75,80,80,80,80,80,80,80,80,80,80,80,80,80,80,80,80,80,80,80,80,80,80,80,80,80,80,80,80,80,80,80,80],"card_choices":[{"not_picked":["hermit:EyeOfTheStorm","hermit:BodyArmor"],"picked":"hermit:Misfire","floor":1.0},{"not_picked":["hermit:CalledShot","hermit:Glare"],"picked":"hermit:Dive","floor":3.0},{"not_picked":["hermit:Coalescence","hermit:TakeCover"],"picked":"hermit:Desperado","floor":4.0},{"not_picked":["hermit:LowProfile","hermit:Misfire"],"picked":"hermit:Scavenge","floor":5.0},{"not_picked":["hermit:BodyArmor","hermit:Snipe"],"picked":"hermit:WideOpen","floor":7.0},{"not_picked":["hermit:Ricochet","hermit:TrackingShot","hermit:Roulette"],"picked":"SKIP","floor":8.0},{"not_picked":["hermit:Combo","hermit:EyeOfTheStorm"],"picked":"hermit:HoleUp","floor":14.0},{"not_picked":["hermit:Dissolve","hermit:FromBeyond"],"picked":"hermit:RoundhouseKick","floor":16.0},{"not_picked":["hermit:WideOpen","hermit:EyeOfTheStorm+1"],"picked":"hermit:Snipe","floor":18.0},{"not_picked":["hermit:Vantage","hermit:BodyArmor"],"picked":"hermit:Desperado+1","floor":20.0},{"not_picked":["hermit:HoleUp","hermit:BodyArmor"],"picked":"hermit:FlashPowder","floor":22.0},{"not_picked":["hermit:PistolWhip","hermit:FromBeyond"],"picked":"hermit:Dive","floor":24.0},{"not_picked":["hermit:CalledShot","hermit:Ricochet","hermit:DeadMansHand+1"],"picked":"SKIP","floor":29.0},{"not_picked":["hermit:Midnight+1","hermit:CalledShot"],"picked":"hermit:Glare+1","floor":30.0},{"not_picked":["hermit:Magnum","hermit:Adapt"],"picked":"hermit:HeroicBravado+1","floor":33},{"not_picked":["hermit:Vantage+1","hermit:Misfire","hermit:Ricochet+1"],"picked":"SKIP","floor":35},{"not_picked":["hermit:Vantage+1","hermit:WideOpen","hermit:Glare+1"],"picked":"SKIP","floor":36},{"not_picked":["hermit:Roulette+1","hermit:SprayPray+1","hermit:Snipe+1"],"picked":"SKIP","floor":39},{"not_picked":["hermit:Ricochet+1","hermit:Midnight+1"],"picked":"hermit:SprayPray+1","floor":40},{"not_picked":["hermit:CalledShot","hermit:Manifest+1"],"picked":"hermit:Quickdraw+1","floor":42}],"player_experience":310491,"relics_obtained":[{"floor":7.0,"key":"Gremlin Horn"},{"floor":24.0,"key":"Unceasing Top"},{"floor":26.0,"key":"Calipers"},{"floor":30.0,"key":"Toxic Egg 2"},{"floor":31.0,"key":"Red Mask"},{"floor":40,"key":"Pocketwatch"},{"floor":42,"key":"Kunai"},{"floor":43,"key":"War Paint"}],"event_choices":[{"damage_healed":0.0,"max_hp_gain":0.0,"max_hp_loss":0.0,"gold_gain":0.0,"cards_transformed":["hermit:Strike_Hermit"],"event_name":"Transmorgrifier","player_choice":"Transformed","floor":2.0,"gold_loss":0.0,"damage_taken":0.0,"cards_obtained":["hermit:SprayPray"]},{"damage_healed":0.0,"max_hp_gain":0.0,"max_hp_loss":0.0,"gold_gain":75.0,"event_name":"World of Goop","player_choice":"Gather Gold","floor":11.0,"gold_loss":0.0,"damage_taken":11.0},{"damage_healed":0.0,"max_hp_gain":0.0,"max_hp_loss":0.0,"gold_gain":0.0,"event_name":"Scrap Ooze","player_choice":"Success","floor":13.0,"gold_loss":0.0,"damage_taken":3.0,"relics_obtained":["Old Coin"]},{"damage_healed":0.0,"max_hp_gain":0.0,"max_hp_loss":0.0,"gold_gain":0.0,"event_name":"Addict","player_choice":"Obtained Relic","floor":21.0,"gold_loss":85.0,"damage_taken":0.0,"relics_obtained":["Dead Branch"]},{"damage_healed":0.0,"max_hp_gain":0.0,"max_hp_loss":0.0,"gold_gain":0.0,"event_name":"The Library","player_choice":"Read","floor":28.0,"gold_loss":0.0,"damage_taken":0.0,"cards_obtained":["hermit:SprayPray"]},{"damage_healed":0.0,"max_hp_gain":0.0,"max_hp_loss":0.0,"gold_gain":0.0,"event_name":"Masked Bandits","player_choice":"Fought Bandits","floor":31.0,"gold_loss":0.0,"damage_taken":0.0},{"damage_healed":0,"gold_gain":0,"player_choice":"Ignored","damage_taken":0,"max_hp_gain":0,"max_hp_loss":0,"event_name":"Mysterious Sphere","floor":37,"gold_loss":0},{"cards_removed":["hermit:RoundhouseKick"],"damage_healed":0,"gold_gain":0,"player_choice":"Removed Attack","damage_taken":0,"max_hp_gain":0,"max_hp_loss":0,"event_name":"Falling","floor":38,"gold_loss":0}],"is_beta":false,"boss_relics":[{"not_picked":["Cursed Key","SacredBark"],"picked":"Philosopher\u0027s Stone"},{"not_picked":["Fusion Hammer","hermit:BartenderGlass"],"picked":"SlaversCollar"}],"items_purged_floors":[10,19],"is_endless":false,"potions_floor_spawned":[1,3,14,16,18,20,29,33,36,39,40,42],"killed_by":"Spire Growth","ascension_level":1}}