{"host":"yd2pjkbo7craqw2u","time":1612524856,"event":{"mods":["Aspiration","BaseMod","Colored Powertips","Conspire","Downfall","Highlight Path","Marisa£®ÏF”Í°°ƒß¿Ì…≥£©","Minty Spire (QoL Compilation)","Practice Mode","Quick Restart","Replay The Spire","Shop Mod","StSLib","SuperFastMode"],"gold_per_floor":[110,110,110,135,154,154,154,154,154,168,168,179,196,226,226,324,324,340,340,356,371,371,371,321,321,345,345,345,345,363,403,403,505,605,616,655,655,655,527,527,565,565,565,565,622,633,633,15,15,30],"floor_reached":51,"language":"ZHS","playtime":2347,"items_purged":["Amnesia","Strike_B"],"score":882,"play_id":"04bd5795-5c00-4736-8cfb-31e6e7dc8148","local_time":"20210205193416","is_ascension_mode":true,"campfire_choices":[{"data":"Zap","floor":6,"key":"SMITH"},{"data":"Dualcast","floor":8,"key":"SMITH"},{"data":"Redo","floor":11,"key":"SMITH"},{"floor":15,"key":"DIG"},{"floor":23,"key":"DIG"},{"floor":25,"key":"DIG"},{"floor":32,"key":"DIG"},{"floor":40,"key":"DIG"}],"circlet_count":0,"master_deck":["Strike_B","Strike_B","Strike_B","Defend_B","Defend_B","Zap+1","Dualcast+1","Redo+1","Reinforced Body+1","Coolheaded+1","Doom and Gloom","Stack+1","Melter","Creative AI+1","Hologram+1","Chill+1","PanicButton+1","Turbo+1","Conserve Battery+1","Electrodynamics","Beam Cell","conspire:SpireCoStock+1","Go for the Eyes","Panic Button+1","Lockon","Core Surge","Capacitor","Beam Cell","Turbo+1","FTL","Defragment","Zap+1","Go for the Eyes","Defragment","ReplayGash"],"relics":["Cracked Core","NeowsBlessing","Toxic Egg 2","Eternal Feather","Mercury Hourglass","Shovel","aspiration:FaultyCoupler","Coffee Dripper","SlaversCollar","Runic Pyramid","Prayer Wheel","Replay:PocketPolymizer","MealTicket","sneckomod:BabySnecko","Juzu Bracelet","PreservedInsect","ReplayTheSpireMod:Ring of Challenge","Ring of Peace","aspiration:ArtOfWarUpgrade","The Courier","MerchantsRug","Membership Card","Replay:Multitool","conspire:InfiniteJournal","Counterbalance","Ornamental Fan","Quantum Egg","Strawberry"],"acts_visited":["Exordium","TheCity","TheBeyond"],"potions_floor_usage":[21,21,50,50],"damage_taken":[{"damage":0,"enemies":"Small Slimes","floor":1,"turns":1},{"damage":0,"enemies":"conspire:MimicChest","floor":4,"turns":1},{"damage":0,"enemies":"Jaw Worm","floor":5,"turns":1},{"damage":0,"enemies":"conspire:RoseBush","floor":10,"turns":2},{"damage":2,"enemies":"Looter","floor":12,"turns":2},{"damage":9,"enemies":"Red Slaver","floor":13,"turns":2},{"damage":18,"enemies":"Replay:BlueRogue","floor":14,"turns":5},{"damage":28,"enemies":"Fading Forest","floor":16,"turns":11},{"damage":48,"enemies":"2 Thieves","floor":18,"turns":4},{"damage":0,"enemies":"Chosen","floor":20,"turns":4},{"damage":7,"enemies":"Snake Plant","floor":21,"turns":6},{"damage":0,"enemies":"conspire:HollyBat","floor":30,"turns":7},{"damage":3,"enemies":"Chosen and Byrds","floor":31,"turns":5},{"damage":0,"enemies":"Champ","floor":33,"turns":9},{"damage":0,"enemies":"3 Darklings","floor":35,"turns":2},{"damage":4,"enemies":"3 Shapes","floor":36,"turns":3},{"damage":11,"enemies":"Spire Growth","floor":41,"turns":5},{"damage":0,"enemies":"Sphere and 2 Shapes","floor":46,"turns":3},{"damage":58,"enemies":"Donu and Deca","floor":50,"turns":8}],"seed_played":"-2217334974056759585","potions_obtained":[{"floor":10,"key":"SteroidPotion"},{"floor":12,"key":"conspire:TimeTravelPotion"},{"floor":13,"key":"Swift Potion"},{"floor":16,"key":"Block Potion"},{"floor":18,"key":"PotionOfCapacity"},{"floor":30,"key":"Fire Potion"},{"floor":31,"key":"AttackPotion"}],"is_trial":false,"path_per_floor":["M","?","?","?","M","R","?","R","T","M","R","M","M","E","R","B",null,"M","?","M","M","T","R","?","R","T","?","T","?","M","M","R","B",null,"M","M","?","?","$","R","M","?","T","R","$","M","?","$","R","B",null],"character_chosen":"DEFECT","items_purchased":["Turbo+1","MerchantsRug","Membership Card","Replay:Multitool","Defragment","conspire:InfiniteJournal","Counterbalance","Ornamental Fan","Quantum Egg","Strawberry"],"campfire_rested":0,"item_purchase_floors":[39,45,48,48,48,48,48,48,48,48],"current_hp_per_floor":[75,75,75,75,75,75,75,75,75,75,75,73,64,46,55,45,75,27,27,27,20,20,35,35,50,50,50,50,50,50,47,62,62,75,75,71,66,66,75,75,64,64,64,75,75,75,75,82,82,24],"gold":30,"neow_bonus":"THREE_ENEMY_KILL","is_daily":false,"chose_seed":false,"campfire_upgraded":3,"win_rate":0.0,"timestamp":1612524856,"path_taken":["M","?","?","?","?","R","?","R","T","M","R","M","M","E","R","BOSS","M","?","?","M","?","R","?","R","T","?","?","?","M","M","R","BOSS","M","M","?","?","?","R","M","?","T","R","$","M","?","?","R","BOSS"],"items_purchased_type":["Card","Relic","Relic","Relic","Card","Relic","Relic","Relic","Relic","Relic"],"build_version":"2020-12-22","purchased_purges":2,"victory":true,"max_hp_per_floor":[75,75,75,75,75,75,75,75,75,75,75,75,75,75,75,75,75,75,75,75,75,75,75,75,75,75,75,75,75,75,75,75,75,75,75,75,75,75,75,75,75,75,75,75,75,75,75,82,82,82],"card_choices":[{"not_picked":["Steam","ReplayTheSpireMod:Dual Polarity"],"picked":"Redo","floor":1},{"not_picked":["BasicCrystalCard+1","Conserve Battery+1"],"picked":"Coolheaded+1","floor":4},{"not_picked":["Fusion+1","Sweeping Beam"],"picked":"Doom and Gloom","floor":5},{"not_picked":["Streamline","Cold Snap"],"picked":"Stack+1","floor":10},{"not_picked":["Steam Power+1","Rebound"],"picked":"Melter","floor":12},{"not_picked":["ReplayTheSpireMod:Repulse+1","Sweeping Beam"],"picked":"Creative AI","floor":13},{"not_picked":["Leap+1","Consume+1"],"picked":"Hologram+1","floor":14},{"not_picked":["Machine Learning","Rainbow+1"],"picked":"ReplayTheSpireMod:Fabricate Wheel+1","floor":16},{"not_picked":["Ball Lightning","Leap+1"],"picked":"Chill+1","floor":18},{"not_picked":["Skim+1","Coolheaded+1","Go for the Eyes"],"picked":"SKIP","floor":18},{"not_picked":["Chaos+1","Steam+1"],"picked":"Turbo+1","floor":20},{"not_picked":["Rebound","Chill+1"],"picked":"Conserve Battery+1","floor":20},{"not_picked":["Darkness+1","Compile Driver"],"picked":"Electrodynamics","floor":21},{"not_picked":["Compile Driver","Rebound"],"picked":"Beam Cell","floor":21},{"not_picked":["Streamline","Rebound"],"picked":"Go for the Eyes","floor":30},{"not_picked":["Undo+1","ReplaySolidLightProjector+1","Static Discharge"],"picked":"SKIP","floor":30},{"not_picked":["Heatsinks","BasicCrystalCard+1"],"picked":"Panic Button+1","floor":31},{"not_picked":["Leap+1","Ball Lightning","Tempest+1"],"picked":"SKIP","floor":31},{"not_picked":["Echo Form","Amplify+1"],"picked":"Core Surge","floor":33},{"not_picked":["Ball Lightning+1","Compile Driver+1"],"picked":"Capacitor","floor":35},{"not_picked":["Blizzard+1","Melter+1","Tempest+1"],"picked":"SKIP","floor":35},{"not_picked":["Barrage","ReplayGash"],"picked":"Beam Cell","floor":36},{"not_picked":["Cold Snap+1","Leap+1","Reinforced Body+1"],"picked":"SKIP","floor":36},{"not_picked":["Rebound","Leap+1"],"picked":"Defragment","floor":41},{"not_picked":["Consume+1","Sweeping Beam+1","Ball Lightning"],"picked":"SKIP","floor":41},{"not_picked":["Cold Snap","Static Discharge"],"picked":"Go for the Eyes","floor":46},{"not_picked":["Steam Power+1","Mirror Shield+1","Leap+1"],"picked":"SKIP","floor":46}],"player_experience":289270,"relics_obtained":[{"floor":4,"key":"Eternal Feather"},{"floor":9,"key":"Mercury Hourglass"},{"floor":14,"key":"Shovel"},{"floor":15,"key":"aspiration:FaultyCoupler"},{"floor":23,"key":"InkBottle"},{"floor":25,"key":"Replay:PocketPolymizer"},{"floor":26,"key":"MealTicket"},{"floor":28,"key":"Juzu Bracelet"},{"floor":32,"key":"PreservedInsect"},{"floor":38,"key":"ReplayTheSpireMod:Ring of Challenge"},{"floor":38,"key":"Ring of Peace"},{"floor":40,"key":"Art of War"},{"floor":43,"key":"The Courier"}],"event_choices":[{"cards_removed":["Injury"],"damage_healed":0,"gold_gain":0,"player_choice":"Card Removal","damage_taken":0,"max_hp_gain":0,"max_hp_loss":0,"event_name":"Wheel of Change","floor":7,"gold_loss":0},{"damage_healed":0,"gold_gain":0,"player_choice":"2 cards matched","damage_taken":0,"max_hp_gain":0,"max_hp_loss":0,"event_name":"Match and Keep!","floor":19,"gold_loss":0,"cards_obtained":["Hello World","PanicButton"]},{"damage_healed":0,"gold_gain":0,"player_choice":"Invest 1","damage_taken":0,"max_hp_gain":0,"max_hp_loss":0,"event_name":"conspire:Investor","floor":24,"gold_loss":0},{"cards_removed":["downfall:Bewildered"],"damage_healed":0,"gold_gain":0,"player_choice":"Elegance","damage_taken":0,"max_hp_gain":0,"max_hp_loss":0,"event_name":"Back to Basics","floor":29,"gold_loss":0},{"damage_healed":0,"gold_gain":0,"player_choice":"1 cards matched","damage_taken":0,"max_hp_gain":0,"max_hp_loss":0,"event_name":"Match and Keep!","floor":42,"gold_loss":0,"cards_obtained":["Zap"]},{"damage_healed":0,"gold_gain":0,"player_choice":"Forge","damage_taken":0,"max_hp_gain":0,"max_hp_loss":0,"event_name":"Accursed Blacksmith","floor":47,"gold_loss":0,"cards_upgraded":["Creative AI"]}],"is_beta":false,"boss_relics":[{"not_picked":["Black Star","aspiration:IroncladSkillbook"],"picked":"Replay:Grab Bag"},{"not_picked":["Sozu","Runic Dome"],"picked":"Coffee Dripper"},{"not_picked":["Busted Crown","ChewingGum"],"picked":"SlaversCollar"},{"not_picked":["aspiration:PoetsPen_weak","Nuclear Battery"],"picked":"Runic Pyramid"},{"not_picked":["conspire:SlowCooker","SacredBark"],"picked":"Replay:Wanted Poster"}],"items_purged_floors":[39,45],"is_endless":false,"potions_floor_spawned":[10,12,13,16,18,30,31,35,46],"ascension_level":2}}