{"host":"nptej036rrbiurf5","time":1612487943,"event":{"mods":["BaseMod","Colored Map","Colored Powertips","DeckTracker","Minty Spire (QoL Compilation)","StSLib","SuperFastMode"],"gold_per_floor":[113,131,144,144,32,64,64,91,91,101,116,116,9,25,25,99,99,118,136,36,36,47,47,47],"floor_reached":23,"language":"KOR","playtime":874,"items_purged":["Defend_P","Strike_P+1"],"score":406,"play_id":"ba5735fa-7736-4787-b2c8-65ab420e7610","local_time":"20210205101903","is_ascension_mode":true,"campfire_choices":[{"floor":7.0,"key":"REST"},{"data":"ForeignInfluence","floor":12.0,"key":"SMITH"},{"floor":15.0,"key":"RECALL"}],"circlet_count":0,"master_deck":["AscendersBane","Strike_P+1","Defend_P+1","Defend_P","Eruption+1","Vigilance+1","LessonLearned","BowlingBash+1","EmptyMind","Wallop+1","EmptyFist","Omniscience+1","ForeignInfluence+1","Prostrate","Bandage Up+1","Scrawl","EmptyBody+1","BattleHymn+1"],"relics":["PureWater","Turnip","Torii","Empty Cage"],"acts_visited":["Exordium","TheCity"],"potions_floor_usage":[23],"damage_taken":[{"damage":2.0,"enemies":"Jaw Worm","floor":1.0,"turns":5.0},{"damage":0.0,"enemies":"Cultist","floor":2.0,"turns":2.0},{"damage":3.0,"enemies":"Small Slimes","floor":3.0,"turns":5.0},{"damage":29.0,"enemies":"3 Sentries","floor":6.0,"turns":10.0},{"damage":20.0,"enemies":"Lagavulin","floor":8.0,"turns":5.0},{"damage":1.0,"enemies":"2 Fungi Beasts","floor":10.0,"turns":3.0},{"damage":1.0,"enemies":"Red Slaver","floor":11.0,"turns":3.0},{"damage":2.0,"enemies":"Blue Slaver","floor":14.0,"turns":3.0},{"damage":19.0,"enemies":"Hexaghost","floor":16.0,"turns":9.0},{"damage":14.0,"enemies":"2 Thieves","floor":18.0,"turns":4.0},{"damage":0.0,"enemies":"Chosen","floor":19.0,"turns":4.0},{"damage":0.0,"enemies":"Snecko","floor":22.0,"turns":2.0},{"damage":71,"enemies":"Book of Stabbing","floor":23,"turns":5}],"seed_played":"-8149956276051238148","potions_obtained":[{"floor":3.0,"key":"CultistPotion"},{"floor":8.0,"key":"SteroidPotion"},{"floor":10.0,"key":"PowerPotion"},{"floor":14.0,"key":"FairyPotion"},{"floor":19.0,"key":"AttackPotion"}],"is_trial":false,"path_per_floor":["M","M","M","?","$","E","R","E","T","M","M","R","$","M","R","B",null,"M","M","$","?","M","E"],"character_chosen":"WATCHER","items_purchased":["Wallop","Bandage Up"],"campfire_rested":1,"item_purchase_floors":[5,13],"current_hp_per_floor":[59,59,56,56,56,27,47,27,27,26,25,25,25,27,27,14,55,47,53,53,34,40,0,0],"gold":47,"neow_bonus":"ONE_RANDOM_RARE_CARD","is_daily":false,"chose_seed":false,"campfire_upgraded":1,"win_rate":0.0,"timestamp":1612487943,"path_taken":["M","M","M","?","$","E","R","E","T","?","M","R","?","?","R","BOSS","M","M","$","?","M","E"],"items_purchased_type":["Card","Card"],"build_version":"2020-12-22","purchased_purges":2,"victory":false,"max_hp_per_floor":[68,68,68,68,68,68,68,68,68,68,68,68,68,68,68,68,68,68,68,68,73,73,73,73],"card_choices":[{"not_picked":["ThirdEye","Collect","ReachHeaven"],"picked":"SKIP","floor":1.0},{"not_picked":["FollowUp","WaveOfTheHand"],"picked":"BowlingBash","floor":2.0},{"not_picked":["ThirdEye","Consecrate"],"picked":"EmptyMind","floor":3.0},{"not_picked":["ThirdEye","PathToVictory"],"picked":"EmptyFist","floor":6.0},{"not_picked":["WaveOfTheHand","Prostrate"],"picked":"Omniscience","floor":8.0},{"not_picked":["SashWhip","Prostrate"],"picked":"ForeignInfluence","floor":10.0},{"not_picked":["Sanctity","Protect"],"picked":"Prostrate","floor":11.0},{"not_picked":["DeceiveReality","WreathOfFlame","SashWhip"],"picked":"SKIP","floor":14.0},{"not_picked":["Establishment","ConjureBlade"],"picked":"Scrawl","floor":16.0},{"not_picked":["CutThroughFate","ClearTheMind"],"picked":"EmptyBody+1","floor":18.0},{"not_picked":["CrushJoints","Prostrate"],"picked":"BattleHymn+1","floor":19.0},{"not_picked":["Nirvana","Halt","EmptyBody"],"picked":"SKIP","floor":22.0}],"player_experience":903650,"relics_obtained":[{"floor":6.0,"key":"Turnip"},{"floor":8.0,"key":"Torii"}],"event_choices":[{"cards_removed":["Strike_P"],"damage_healed":0.0,"max_hp_gain":0.0,"max_hp_loss":0.0,"gold_gain":0.0,"event_name":"Purifier","player_choice":"Purged","floor":4.0,"gold_loss":0.0,"damage_taken":0.0},{"damage_healed":0.0,"max_hp_gain":5.0,"max_hp_loss":0.0,"gold_gain":0.0,"event_name":"Forgotten Altar","player_choice":"Shed Blood","floor":21.0,"gold_loss":0.0,"damage_taken":24.0}],"is_beta":false,"boss_relics":[{"not_picked":["Runic Dome","Philosopher\u0027s Stone"],"picked":"Empty Cage"}],"items_purged_floors":[5,20],"is_endless":false,"potions_floor_spawned":[3,8,10,14,19],"killed_by":"Book of Stabbing","ascension_level":20}}