{"host":"312klq0911jlgvh2","time":1612487644,"event":{"mods":["100% Spire Juice","2.2 Compatiblity","AchievementEnabler","Act Like it!","Ascension Unlocker","Aspiration","Astrologer","BaseMod","Beaked The Cultist","Block Reminder","Chen","Clockwork Mod","Colored Powertips","Conspire","Custom Start","Downfall","Energized Spire","Evolution","Friendly Minions","Gensokyo","GifTheSpireLib","Gold Saver","GungeonMod","Halation","Hermit","HololiveMod","Hubris","Infinite Spire","Jedi Mod","Koishi","Marisa????????","Mimic Mod","Minty Spire (QoL Compilation)","Prisma Mod","Random Character Button","Reimu??????","Relic Sorter","Reliquary","Remilia??????","Replay The Spire","Retaliation","RumiaBox-????????","Spikes Relics","StS++","StSLib","Stuff the Spire","Synergy Search","The Animator","The Blue Laboratory","The Bug Knight","The Poker Player","TheVacant","Trackpad","Uncapped","UnlockEverythingMod","yUi"],"gold_per_floor":[213,59,59,59,79,110,130,30,55,55,88,88,88,121,121,121,121],"floor_reached":16,"language":"ENG","playtime":385,"items_purged":[],"score":166,"play_id":"8ff35746-b6b9-427b-b9fc-7ba6283c65f5","local_time":"20210204201404","is_ascension_mode":false,"campfire_choices":[{"data":"ClearTheMind","floor":13,"key":"SMITH"},{"data":"Eruption","floor":15,"key":"SMITH"}],"circlet_count":0,"master_deck":["Strike_P","Strike_P","Strike_P","Strike_P","Defend_P","Defend_P","Defend_P","Defend_P","Eruption+1","Vigilance","FlyingSleeves","FollowUp","Perseverance","ClearTheMind+1","Ghostly+1"],"relics":["PureWater","EVO:Axolotl","NeowsBlessing","Sling","MiniBlackHole","Singing Bowl","StuffTheSpire:Gunfinga"],"acts_visited":["Exordium"],"potions_floor_usage":[16],"damage_taken":[{"damage":0,"enemies":"Jaw Worm","floor":1,"turns":1},{"damage":0,"enemies":"Cultist","floor":5,"turns":1},{"damage":0,"enemies":"Gremlin Nob","floor":6,"turns":1},{"damage":0,"enemies":"Small Slimes","floor":7,"turns":3},{"damage":14,"enemies":"Lagavulin","floor":11,"turns":5},{"damage":0,"enemies":"Gremlin Nob","floor":14,"turns":2},{"damage":72,"enemies":"The Guardian","floor":16,"turns":5}],"seed_played":"-1817190381537631442","potions_obtained":[{"floor":7,"key":"blueLaboratory:PyrophylliteBrew"}],"is_trial":false,"path_per_floor":["M","$","?","$","M","E","M","?","T","?","E","?","R","E","R","B"],"character_chosen":"WATCHER","items_purchased":["Sling"],"campfire_rested":0,"item_purchase_floors":[2],"current_hp_per_floor":[72,72,72,72,72,72,72,72,72,72,60,60,60,62,62,0,0],"gold":121,"neow_bonus":"THREE_ENEMY_KILL","is_daily":false,"chose_seed":false,"campfire_upgraded":2,"win_rate":0.0,"timestamp":1612487644,"path_taken":["M","$","?","$","M","E","?","?","T","?","E","?","R","E","R","BOSS"],"items_purchased_type":["Relic"],"build_version":"2020-12-22","purchased_purges":0,"victory":false,"max_hp_per_floor":[72,72,72,72,72,72,72,72,72,72,74,74,74,76,76,76,76],"card_choices":[{"not_picked":["CrushJoints","StSpp:LatentStrike"],"picked":"FlyingSleeves","floor":1},{"not_picked":["Protect","ThirdEye"],"picked":"FollowUp","floor":5},{"not_picked":["StSpp:LatentStrike","Sanctity"],"picked":"Perseverance","floor":6},{"not_picked":["ConjureBlade","Collect"],"picked":"ClearTheMind","floor":7},{"not_picked":["StSpp:LatentStrike","StSpp:Purify","Adaptation"],"picked":"Singing Bowl","floor":11},{"not_picked":["Nirvana","Replay:ManipulateFuture","WindmillStrike"],"picked":"Singing Bowl","floor":14}],"player_experience":560144,"relics_obtained":[{"floor":6,"key":"MiniBlackHole"},{"floor":11,"key":"Singing Bowl"},{"floor":14,"key":"StuffTheSpire:Gunfinga"}],"event_choices":[{"damage_healed":0,"gold_gain":0,"player_choice":"Ignored","damage_taken":0,"max_hp_gain":0,"max_hp_loss":0,"event_name":"NoteForYourself","floor":3,"gold_loss":0},{"damage_healed":0,"gold_gain":0,"player_choice":"Argue","damage_taken":0,"max_hp_gain":0,"max_hp_loss":0,"event_name":"conspire:LoneGhost","floor":8,"gold_loss":0},{"damage_healed":0,"gold_gain":0,"player_choice":"Ignored","damage_taken":0,"max_hp_gain":0,"max_hp_loss":0,"event_name":"Golden Wing","floor":10,"gold_loss":0},{"damage_healed":0,"gold_gain":0,"player_choice":"Upgraded","damage_taken":0,"max_hp_gain":0,"max_hp_loss":0,"event_name":"Upgrade Shrine","floor":12,"gold_loss":0,"cards_upgraded":["Ghostly"]}],"is_beta":false,"boss_relics":[],"items_purged_floors":[],"is_endless":false,"potions_floor_spawned":[7],"killed_by":"The Guardian","ascension_level":0}}