{"host":"qnw6fh3z6mhgqap2","time":1612552126,"event":{"mods":["BaseMod","Downfall","Minty Spire (QoL Compilation)","Quick Restart","Replay The Spire","StSLib","SuperFastMode"],"gold_per_floor":[113,123,123,133,146,177,193,193,193,227,227,242,259,291,291,394,394,376,388,402,96,110,110,110],"floor_reached":23,"language":"ENG","playtime":1817,"items_purged":["Strike_G"],"score":267,"play_id":"412f0fda-27df-4ab4-b450-af6948673821","local_time":"20210205200846","is_ascension_mode":false,"campfire_choices":[{"data":"Setup","floor":8,"key":"SMITH"},{"data":"Bane","floor":15,"key":"SMITH"}],"circlet_count":0,"master_deck":["Strike_G","Strike_G","Strike_G","Defend_G","Defend_G","Defend_G","Survivor","Neutralize","Setup+1","Backflip","Good Instincts","Neutralize","Toxin Wave","Bane+1","PiercingWail","Eviscerate","Infinite Blades+1","Blade Dance","Deadly Poison","Backstab","Burst","PiercingWail+1","Outmaneuver+1","ReplayTheSpireMod:Shiv Toss+1","Deadly Poison+1","Toxin Wave","Blur+1","Catalyst","Poisoned Stab+1"],"relics":["Philosopher\u0027s Stone","Mercury Hourglass","Matryoshka","Mirror","MealTicket","Astrolabe","Blue Doll"],"acts_visited":["Exordium","TheCity"],"potions_floor_usage":[14,16,16,20,23],"damage_taken":[{"damage":0,"enemies":"Jaw Worm","floor":1,"turns":4},{"damage":5,"enemies":"Cultist","floor":2,"turns":5},{"damage":0,"enemies":"2 Louse","floor":4,"turns":5},{"damage":9,"enemies":"Lots of Slimes","floor":5,"turns":4},{"damage":16,"enemies":"3 Sentries","floor":6,"turns":10},{"damage":1,"enemies":"Exordium Wildlife","floor":7,"turns":2},{"damage":1,"enemies":"Replay:BlueRogue","floor":10,"turns":5},{"damage":0,"enemies":"3 Louse","floor":12,"turns":3},{"damage":0,"enemies":"Red Slaver","floor":13,"turns":2},{"damage":8,"enemies":"Lagavulin","floor":14,"turns":5},{"damage":0,"enemies":"Slime Boss","floor":16,"turns":8},{"damage":0,"enemies":"2 Thieves","floor":18,"turns":4},{"damage":8,"enemies":"Spheric Guardian","floor":19,"turns":4},{"damage":12,"enemies":"Snecko","floor":20,"turns":4},{"damage":35,"enemies":"Shelled Parasite and Fungi","floor":22,"turns":7},{"damage":36,"enemies":"Book of Stabbing","floor":23,"turns":5}],"seed_played":"437253255572715121","potions_obtained":[{"floor":1,"key":"SteroidPotion"},{"floor":7,"key":"hexamod:SoulburnPotion"},{"floor":13,"key":"Dexterity Potion"},{"floor":14,"key":"Reflective Coating"},{"floor":18,"key":"ColorlessPotion"}],"is_trial":false,"path_per_floor":["M","M","?","M","M","E","M","R","T","E","?","M","M","E","R","B",null,"M","M","M","$","M","E"],"character_chosen":"THE_SILENT","items_purchased":["Blue Doll","Catalyst"],"campfire_rested":0,"item_purchase_floors":[21,21],"current_hp_per_floor":[70,65,65,65,56,40,39,39,39,38,38,38,38,30,30,30,70,70,62,50,65,30,0,0],"gold":110,"neow_bonus":"BOSS_RELIC","is_daily":false,"chose_seed":false,"campfire_upgraded":2,"win_rate":0.0,"timestamp":1612552126,"path_taken":["M","M","?","M","?","E","?","R","T","E","?","M","M","E","R","BOSS","M","M","M","?","M","E"],"items_purchased_type":["Relic","Card"],"build_version":"2020-12-22","purchased_purges":1,"victory":false,"max_hp_per_floor":[70,70,70,70,70,70,70,70,70,70,70,70,70,70,70,70,70,70,70,70,70,70,70,70],"card_choices":[{"not_picked":["Acrobatics","Outmaneuver"],"picked":"Setup","floor":1},{"not_picked":["Flechettes","Flying Knee"],"picked":"Backflip","floor":2},{"not_picked":["Setup","ReplayTheSpireMod:The Works"],"picked":"Toxin Wave","floor":4},{"not_picked":["Backflip","Dodge and Roll"],"picked":"Bane","floor":5},{"not_picked":["ReplayTheSpireMod:Exploit Weakness","Dodge and Roll"],"picked":"PiercingWail","floor":6},{"not_picked":["Hidden Blade","Dagger Spray"],"picked":"Eviscerate","floor":7},{"not_picked":["Sucker Punch","Grand Finale"],"picked":"Infinite Blades","floor":10},{"not_picked":["Hidden Blade","Catalyst"],"picked":"Blade Dance","floor":12},{"not_picked":["Quick Slash","Infinite Blades"],"picked":"Deadly Poison","floor":13},{"not_picked":["Dagger Spray","Deflect"],"picked":"Backstab","floor":14},{"not_picked":["Bullet Time","Unload"],"picked":"Burst","floor":16},{"not_picked":["Dagger Throw","Backflip+1"],"picked":"Deadly Poison+1","floor":18},{"not_picked":["Outmaneuver+1","Endless Agony"],"picked":"Toxin Wave","floor":19},{"not_picked":["Deadly Poison","Endless Agony"],"picked":"Blur+1","floor":20},{"not_picked":["Quick Slash","Hidden Blade+1"],"picked":"Poisoned Stab+1","floor":22}],"player_experience":178390,"relics_obtained":[{"floor":6,"key":"Mercury Hourglass"},{"floor":9,"key":"Matryoshka"},{"floor":10,"key":"Mirror"},{"floor":14,"key":"MealTicket"}],"event_choices":[{"damage_healed":0,"gold_gain":0,"player_choice":"2 cards matched","damage_taken":0,"max_hp_gain":0,"max_hp_loss":0,"event_name":"Match and Keep!","floor":3,"gold_loss":0,"cards_obtained":["Good Instincts","Neutralize"]},{"damage_healed":0,"gold_gain":0,"player_choice":"Forge","damage_taken":0,"max_hp_gain":0,"max_hp_loss":0,"event_name":"Accursed Blacksmith","floor":11,"gold_loss":0,"cards_upgraded":["Infinite Blades"]}],"is_beta":false,"boss_relics":[{"not_picked":["bronze:MakeshiftBattery","Replay:Wanted Poster"],"picked":"Astrolabe"}],"items_purged_floors":[21],"is_endless":false,"potions_floor_spawned":[1,7,13,14,18],"killed_by":"Book of Stabbing","ascension_level":0}}