{"host":"qheym18ww6mhskxf","time":1612545711,"event":{"mods":["100% Spire Juice","BaseMod","CapriCore","Friendly Minions","GungeonMod","KOR Keyword Fix","Kiyohime£¨?ýï£©","Minty Spire (QoL Compilation)","Prisma Mod","Quick Restart","RRrroohrrRGHHhhh!!","Rare Cards Sparkle","Shop Mod","Spicy Shops","StSLib","Td1madao Mod","The Dragon Tamer","Username Fix"],"gold_per_floor":[112,37,37,49,49,49,68,86,86,86,86,210,17,140,140,235,235,245,256,281,394,94,199,199,332,332,43,43,56,56,157,157,257,257,275,71,87,87,101,703,703,1303,1303,1965,1538,2186,2198,2217,2217,2322,2322,2339,2350,1733,1961,1979,1979,2235,2235,2235,2457,2515,1978,1998,2066,2066,2163,2163,2178,2253,2272,1453,1473,1697,1941,1960,2174,1482,1732,1984,1997,2016,2016,2120,2120,2136,2136,1579,1549,673,875,875,1113,1341,826,844,844,1086,1136,1136,1232,1232,1247,1262,1001,937,937,937,997,1257,1511,1511,1729,1729,1741,2005,2005,2110,2110,2126,1947,1962,1877,1889,1889],"floor_reached":124,"language":"KOR","playtime":2784,"items_purged":["Strike_R","Bash","Strike_R","Strike_R","Strike_R","Strike_R","Defend_R","Defend_R","Decay","Writhe","Defend_R","Defend_R+1"],"score":5681,"play_id":"c2d46250-e63e-463b-9985-aae75613a910","local_time":"20210206022151","daily_mods":["Time Dilation","DeadlyEvents","Elite Swarm"],"is_ascension_mode":true,"campfire_choices":[{"data":"PrismaMod:ChloeCaladbolg","floor":6.0,"key":"SMITH"},{"data":"PrismaMod:ChloeCaladbolg","floor":10.0,"key":"SMITH"},{"data":"Flex","floor":15.0,"key":"SMITH"},{"data":"Pommel Strike","floor":24.0,"key":"SMITH"},{"floor":28.0,"key":"DIG"},{"data":"Defend_R","floor":30.0,"key":"SMITH"},{"floor":32.0,"key":"DIG"},{"data":"Limit Break","floor":49.0,"key":"SMITH"},{"data":"Barricade","floor":57.0,"key":"SMITH"},{"data":"PrismaMod:ChloeCaladbolg","floor":59.0,"key":"SMITH"},{"data":"Trip","floor":66.0,"key":"SMITH"},{"data":"Double Tap","floor":83.0,"key":"SMITH"},{"data":"Panacea","floor":92,"key":"SMITH"},{"data":"PrismaMod:ChloeCarnivalDefend","floor":97,"key":"SMITH"},{"data":"PrismaMod:ChloeCarnivalDefend","floor":100,"key":"SMITH"},{"data":"1","floor":108,"key":"LIFT"},{"data":"PrismaMod:ChloeCarnivalDefend","floor":112,"key":"SMITH"},{"data":"PrismaMod:ChloeCarnivalDefend","floor":117,"key":"SMITH"}],"circlet_count":0,"master_deck":["Flex+1","PrismaMod:ChloeCaladbolg+1","Pommel Strike+1","PrismaMod:ChloeCaladbolg+1","Flex+1","Metallicize+1","PrismaMod:ChloeRhongomyniad+1","Limit Break+1","Flex+1","Trip+1","PrismaMod:ChloeCaladbolg+1","Barricade+1","Double Tap+1","Panacea+1","PrismaMod:ChloeCarnivalDefend+1","Body Slam+1","PrismaMod:ChloeCarnivalDefend+1","Shrug It Off+1","PrismaMod:ChloeCarnivalDefend+1","PrismaMod:ChloeCarnivalDefend+1","Panache+1"],"relics":["Black Blood","rorgmod:Ceramic Fish","InkBottle","DemoMod:NanoMachines","MerchantsRug","Lantern","SacredBark","Toy Ornithopter","Bottled Flame","Sling","Gremlin Horn","Calipers","Shuriken","Shovel","Happy Flower","Champion Belt","Eternal Feather","rorgmod:Black Star","Bag of Marbles","Letter Opener","DemoMod:PinkGuonStone","Question Card","Kunai","Self Forming Clay","DemoMod:BlueGuonStone","DemoMod:SevenLeafClover","DemoMod:WhiteGuonStone","Vajra","DemoMod:ClearGuonStone","Smiling Mask","Ancient Tea Set","Singing Bowl","Strange Spoon","Girya","Peace Pipe","DemoMod:RiddleOfLead","Bag of Preparation","TungstenRod","DemoMod:GlassGuonStoneRelic","Anchor","Ornamental Fan","DemoMod:MeltedRock","Torii","HandDrill","HornCleat","TheAbacus","Bottled Tornado","Molten Egg 2","Medical Kit","Unceasing Top","Bottled Lightning","Coffee Dripper","Ice Cream","OrangePellets","Blood Vial","Mercury Hourglass","Frozen Eye","DemoMod:MeatBun","Potion Belt","Membership Card","Omamori","DemoMod:GundromedaStrain","Akabeko","Centennial Puzzle","FossilizedHelix","Runic Cube","ClockworkSouvenir","Frozen Egg 2","Pen Nib","Oddly Smooth Stone","DemoMod:SerJunkan","Black Star","Lee\u0027s Waffle","Orichalcum","MawBank"],"acts_visited":["Exordium","TheCity","TheBeyond","Exordium","TheCity","TheBeyond","Exordium","TheCity"],"potions_floor_usage":[88],"damage_taken":[{"damage":6.0,"enemies":"Cultist","floor":1.0,"turns":4.0},{"damage":9.0,"enemies":"Small Slimes","floor":4.0,"turns":4.0},{"damage":0.0,"enemies":"2 Louse","floor":7.0,"turns":1.0},{"damage":0.0,"enemies":"Large Slime","floor":8.0,"turns":3.0},{"damage":19.0,"enemies":"Lagavulin","floor":12.0,"turns":3.0},{"damage":0.0,"enemies":"Gremlin Nob","floor":14.0,"turns":2.0},{"damage":29.0,"enemies":"The Guardian","floor":16.0,"turns":8.0},{"damage":0.0,"enemies":"Chosen","floor":18.0,"turns":3.0},{"damage":0.0,"enemies":"3 Byrds","floor":19.0,"turns":1.0},{"damage":0.0,"enemies":"Gremlin Leader","floor":21.0,"turns":4.0},{"damage":21.0,"enemies":"Slavers","floor":23.0,"turns":2.0},{"damage":30.0,"enemies":"Book of Stabbing","floor":25.0,"turns":4.0},{"damage":0.0,"enemies":"Sentry and Sphere","floor":29.0,"turns":1.0},{"damage":0.0,"enemies":"Gremlin Leader","floor":31.0,"turns":3.0},{"damage":0.0,"enemies":"Collector","floor":33.0,"turns":4.0},{"damage":4.0,"enemies":"Orb Walker","floor":35.0,"turns":3.0},{"damage":0.0,"enemies":"3 Shapes","floor":37.0,"turns":1.0},{"damage":19.0,"enemies":"Sphere and 2 Shapes","floor":39.0,"turns":1.0},{"damage":0.0,"enemies":"Reptomancer","floor":40.0,"turns":1.0},{"damage":0.0,"enemies":"Nemesis","floor":42.0,"turns":4.0},{"damage":0.0,"enemies":"Giant Head","floor":44.0,"turns":4.0},{"damage":26.0,"enemies":"Nemesis","floor":46.0,"turns":3.0},{"damage":0.0,"enemies":"4 Shapes","floor":47.0,"turns":1.0},{"damage":0.0,"enemies":"Writhing Mass","floor":48.0,"turns":1.0},{"damage":18.0,"enemies":"Time Eater","floor":50.0,"turns":8.0},{"damage":0.0,"enemies":"Small Slimes","floor":52.0,"turns":1.0},{"damage":0.0,"enemies":"2 Louse","floor":53.0,"turns":1.0},{"damage":0.0,"enemies":"3 Sentries","floor":55.0,"turns":1.0},{"damage":0.0,"enemies":"Jaw Worm","floor":56.0,"turns":1.0},{"damage":0.0,"enemies":"Gremlin Nob","floor":58.0,"turns":1.0},{"damage":0.0,"enemies":"3 Sentries","floor":61.0,"turns":1.0},{"damage":0.0,"enemies":"Gremlin Nob","floor":62.0,"turns":1.0},{"damage":0.0,"enemies":"Looter","floor":64.0,"turns":1.0},{"damage":0.0,"enemies":"Slime Boss","floor":67.0,"turns":2.0},{"damage":0.0,"enemies":"2 Thieves","floor":69.0,"turns":1.0},{"damage":0.0,"enemies":"Shell Parasite","floor":71.0,"turns":2.0},{"damage":0.0,"enemies":"Snake Plant","floor":73.0,"turns":1.0},{"damage":0.0,"enemies":"Gremlin Leader","floor":74.0,"turns":1.0},{"damage":0.0,"enemies":"Book of Stabbing","floor":75.0,"turns":3.0},{"damage":0.0,"enemies":"Cultist and Chosen","floor":76.0,"turns":1.0},{"damage":0.0,"enemies":"Gremlin Leader","floor":77.0,"turns":1.0},{"damage":0.0,"enemies":"Book of Stabbing","floor":79.0,"turns":2.0},{"damage":0.0,"enemies":"Slavers","floor":80.0,"turns":3.0},{"damage":0.0,"enemies":"Snecko","floor":81.0,"turns":3.0},{"damage":0.0,"enemies":"Shelled Parasite and Fungi","floor":82.0,"turns":2.0},{"damage":0.0,"enemies":"Champ","floor":84.0,"turns":2.0},{"damage":0.0,"enemies":"3 Darklings","floor":86.0,"turns":1.0},{"damage":0,"enemies":"Nemesis","floor":91,"turns":1},{"damage":0,"enemies":"Reptomancer","floor":93,"turns":1},{"damage":0,"enemies":"Nemesis","floor":94,"turns":1},{"damage":0,"enemies":"3 Shapes","floor":96,"turns":1},{"damage":0,"enemies":"Giant Head","floor":98,"turns":1},{"damage":0,"enemies":"Mind Bloom Boss Battle","floor":99,"turns":2},{"damage":0,"enemies":"Donu and Deca","floor":101,"turns":2},{"damage":0,"enemies":"2 Louse","floor":103,"turns":1},{"damage":0,"enemies":"Small Slimes","floor":104,"turns":1},{"damage":0,"enemies":"3 Sentries","floor":110,"turns":1},{"damage":0,"enemies":"Gremlin Nob","floor":111,"turns":1},{"damage":0,"enemies":"Lagavulin","floor":113,"turns":1},{"damage":0,"enemies":"Jaw Worm","floor":115,"turns":1},{"damage":0,"enemies":"3 Sentries","floor":116,"turns":1},{"damage":0,"enemies":"The Guardian","floor":118,"turns":1},{"damage":0,"enemies":"Shell Parasite","floor":120,"turns":1},{"damage":0,"enemies":"Chosen","floor":122,"turns":1},{"damage":0,"enemies":"Snecko","floor":124,"turns":1}],"seed_played":"-5682428037000768672","potions_obtained":[{"floor":7.0,"key":"Block Potion"},{"floor":11.0,"key":"LiquidMemories"},{"floor":11.0,"key":"PowerPotion"},{"floor":14.0,"key":"Ancient Potion"},{"floor":16.0,"key":"Strength Potion"},{"floor":21.0,"key":"BlessingOfTheForge"},{"floor":22.0,"key":"DistilledChaos"},{"floor":22.0,"key":"DuplicationPotion"},{"floor":22.0,"key":"ElixirPotion"},{"floor":22.0,"key":"Fruit Juice"},{"floor":22.0,"key":"ColorlessPotion"},{"floor":25.0,"key":"SteroidPotion"},{"floor":29.0,"key":"EntropicBrew"},{"floor":31.0,"key":"FearPotion"},{"floor":33.0,"key":"Regen Potion"},{"floor":37.0,"key":"FearPotion"},{"floor":39.0,"key":"FearPotion"},{"floor":48.0,"key":"Dexterity Potion"},{"floor":50.0,"key":"DemoMod:LeadSkinPotion"},{"floor":56.0,"key":"SpeedPotion"},{"floor":62.0,"key":"AttackPotion"},{"floor":71.0,"key":"Dexterity Potion"},{"floor":81.0,"key":"GamblersBrew"},{"floor":88,"key":"Fruit Juice"},{"floor":88,"key":"Ancient Potion"},{"floor":88,"key":"DemoMod:LeadSkinPotion"},{"floor":88,"key":"Weak Potion"},{"floor":88,"key":"Energy Potion"},{"floor":89,"key":"LiquidMemories"},{"floor":89,"key":"Energy Potion"},{"floor":96,"key":"FearPotion"},{"floor":99,"key":"SpeedPotion"},{"floor":103,"key":"Strength Potion"},{"floor":106,"key":"SteroidPotion"},{"floor":106,"key":"SkillPotion"},{"floor":106,"key":"GamblersBrew"},{"floor":106,"key":"ColorlessPotion"},{"floor":106,"key":"Ancient Potion"},{"floor":115,"key":"LiquidMemories"}],"is_trial":true,"path_per_floor":["M","$","?","M","?","R","M","M","T","R","?","E","$","E","R","B",null,"M","M","T","E","$","E","R","E","T","$","R","M","R","E","R","B",null,"M","$","M","?","M","E","?","E","T","E","$","E","M","M","R","B",null,"M","M","$","E","M","R","E","R","T","E","?","$","M","?","R","B",null,"M","?","M","$","M","E","E","M","E","$","E","E","M","M","R","B",null,"M","?","$","?","$","E","R","E","E","$","M","R","E","?","R","B",null,"M","M","$","$","?","R","$","E","E","R","E","?","M","E","R","B",null,"M","$","M","?","M"],"character_chosen":"IRONCLAD","items_purchased":["MerchantsRug","Cauldron","Sling","Shovel","Happy Flower","Bag of Marbles","Ancient Tea Set","Singing Bowl","Strange Spoon","Trip","PrismaMod:ChloeCaladbolg","DemoMod:WeirdEgg","TungstenRod","Pear","DemoMod:MeltedRock","Torii","HandDrill","HornCleat","TheAbacus","Bottled Tornado","Molten Egg 2","Panacea","Medical Kit","Unceasing Top","Bottled Lightning","Ice Cream","OrangePellets","WingedGreaves","Cauldron","Blood Vial","Mercury Hourglass","Frozen Eye","DemoMod:MeatBun","Potion Belt","Strawberry","Membership Card","Omamori","DemoMod:GundromedaStrain","Akabeko","Centennial Puzzle","DollysMirror","ClockworkSouvenir","Frozen Egg 2","Strawberry","Pen Nib","Cauldron","StrikeDummy","Oddly Smooth Stone","DemoMod:SerJunkan","Panache+1","Lee\u0027s Waffle","Orichalcum"],"campfire_rested":0,"item_purchase_floors":[13,22,22,27,27,36,45,45,45,54,54,54,54,54,63,63,63,72,72,72,72,72,78,78,78,88,88,88,88,90,90,90,90,90,90,95,95,95,95,95,95,105,105,105,105,106,106,109,109,121,121,121],"current_hp_per_floor":[72,72,72,69,66,66,72,78,78,78,78,65,65,71,71,48,72,78,80,80,80,90,75,75,51,51,51,51,62,62,68,68,84,89,90,90,90,90,77,90,90,96,96,97,97,91,97,105,111,101,125,127,129,139,139,141,141,143,143,145,147,149,149,151,151,151,151,151,153,139,153,153,157,159,161,163,165,165,165,167,167,169,169,171,171,173,173,183,183,190,192,192,194,196,196,198,198,200,200,200,202,202,204,206,213,213,193,202,202,213,215,215,217,217,219,219,219,221,221,223,230,232,232,232,232],"gold":1889,"neow_bonus":"","is_daily":false,"chose_seed":false,"campfire_upgraded":15,"win_rate":0.0,"timestamp":1612545711,"path_taken":["M","$","?","M","?","R","M","M","T","R","?","E","$","E","R","BOSS","M","M","?","?","$","E","R","E","T","$","R","M","R","E","R","BOSS","M","$","M","?","M","E","?","E","T","E","$","E","M","M","R","BOSS","M","?","$","?","M","R","E","R","T","E","?","?","?","?","R","BOSS","M","?","M","$","M","E","?","?","E","$","?","E","M","M","R","BOSS","M","?","$","?","$","E","R","?","E","$","?","R","E","?","R","BOSS","M","M","$","$","?","R","$","E","E","R","E","?","M","?","R","BOSS","M","$","M","?","M"],"items_purchased_type":["Relic","Relic","Relic","Relic","Relic","Relic","Relic","Relic","Relic","Card","Card","Relic","Relic","Relic","Relic","Relic","Relic","Relic","Relic","Relic","Relic","Card","Relic","Relic","Relic","Relic","Relic","Relic","Relic","Relic","Relic","Relic","Relic","Relic","Relic","Relic","Relic","Relic","Relic","Relic","Relic","Relic","Relic","Relic","Relic","Relic","Relic","Relic","Relic","Card","Relic","Relic"],"build_version":"2020-12-22","purchased_purges":12,"victory":false,"max_hp_per_floor":[80,80,80,80,80,80,80,80,80,80,80,80,80,80,80,80,80,80,80,80,80,90,90,90,90,90,90,90,90,90,90,90,90,90,90,90,90,90,90,97,97,97,97,97,97,111,111,113,113,115,125,127,129,139,139,141,141,143,143,145,147,149,149,151,151,151,151,151,153,153,155,155,157,159,161,163,165,165,165,167,167,169,169,171,171,173,173,183,183,190,192,192,194,196,196,198,198,200,200,200,202,202,204,206,213,213,213,213,213,213,215,215,217,217,219,219,219,221,221,223,230,232,232,232,232],"card_choices":[{"not_picked":["Havoc","True Grit"],"picked":"Flex","floor":1.0},{"not_picked":["Sever Soul","Iron Wave"],"picked":"PrismaMod:ChloeCaladbolg","floor":4.0},{"not_picked":["Blood for Blood","Whirlwind"],"picked":"Pommel Strike","floor":7.0},{"not_picked":["Havoc","PrismaMod:ChloeCheapAttackTwo"],"picked":"PrismaMod:ChloeCaladbolg","floor":8.0},{"not_picked":["Brutality","PrismaMod:ChloeAnyUncommonTrace","Demon Form"],"picked":"SKIP","floor":12.0},{"not_picked":["Berserk","Demon Form","Brutality"],"picked":"SKIP","floor":14.0},{"not_picked":["PrismaMod:ChloeCommonAOEAttack","Wild Strike","rorgmod:Searing Blow"],"picked":"SKIP","floor":18.0},{"not_picked":["Heavy Blade","Entrench+1","Pommel Strike"],"picked":"SKIP","floor":19.0},{"not_picked":["PrismaMod:ChloeGreatTracePools","Feed","Juggernaut"],"picked":"SKIP","floor":21.0},{"not_picked":["PrismaMod:ChloeCarnivalAOEAttack","PrismaMod:ChloeAnyRareTrace","PrismaMod:ChloeGreatTracePools"],"picked":"SKIP","floor":23.0},{"not_picked":["Bludgeon","Reaper","PrismaMod:ChloeAnyCommonTrace"],"picked":"SKIP","floor":25.0},{"not_picked":["Blood for Blood","PrismaMod:ChloeCommonAOEAttack"],"picked":"Flex+1","floor":29.0},{"not_picked":["PrismaMod:ChloeAnyRareTrace","Exhume","Demon Form"],"picked":"SKIP","floor":31.0},{"not_picked":["Shrug It Off","Clothesline"],"picked":"Metallicize+1","floor":35.0},{"not_picked":["PrismaMod:ChloeRuleBreaker+1","PrismaMod:ChloeCheapAttackTwo+1","Twin Strike"],"picked":"SKIP","floor":37.0},{"not_picked":["Pommel Strike","Dual Wield"],"picked":"PrismaMod:ChloeRhongomyniad+1","floor":39.0},{"not_picked":["PrismaMod:ChloeGreatTracePools","Juggernaut","Feed"],"picked":"SKIP","floor":40.0},{"not_picked":["Bludgeon","Demon Form","Berserk","Impervious"],"picked":"SKIP","floor":42.0},{"not_picked":["PrismaMod:ChloeGreatTracePools","PrismaMod:ChloeAnyPowerTrace","PrismaMod:ChloeDevil","PrismaMod:ChloeCarnivalAOEAttack"],"picked":"SKIP","floor":44.0},{"not_picked":["Corruption","Bludgeon","PrismaMod:ChloeAnyRareTrace"],"picked":"Limit Break","floor":46.0},{"not_picked":["rorgmod:Searing Blow","PrismaMod:ChloeUncommonAttack+1","Dual Wield"],"picked":"Flex+1","floor":47.0},{"not_picked":["Pummel+1","PrismaMod:ChloeCheapDefendTwo+1","Intimidate","Combust+1"],"picked":"Singing Bowl","floor":48.0},{"not_picked":["Feed","PrismaMod:ChloeHalloween","PrismaMod:ChloeAnySkillTrace","PrismaMod:ChloeExhaustThree"],"picked":"Singing Bowl","floor":50.0},{"not_picked":["PrismaMod:ChloeDemonicTutor","Heavy Blade","Metallicize","Flex"],"picked":"Singing Bowl","floor":52.0},{"not_picked":["PrismaMod:ChloeDiscardRecovery","Thunderclap","Heavy Blade","Disarm"],"picked":"Singing Bowl","floor":53.0},{"not_picked":["PrismaMod:ChloeReshuffleDiscard","PrismaMod:ChloeCarnivalAttack","PrismaMod:ChloeAnyCommonTrace"],"picked":"Barricade","floor":55.0},{"not_picked":["Carnage","PrismaMod:ChloeCheapDefend","Wild Strike","Headbutt"],"picked":"Singing Bowl","floor":56.0},{"not_picked":["Corruption","Limit Break","Double Tap","Impervious"],"picked":"Singing Bowl","floor":58.0},{"not_picked":["PrismaMod:ChloeHalloween","Demon Form","Brutality"],"picked":"Singing Bowl","floor":60.0},{"not_picked":["PrismaMod:ChloeGreatTracePools","PrismaMod:ChloeExhaustThree","Reaper","PrismaMod:ChloeAnyUncommonTrace"],"picked":"Singing Bowl","floor":61.0},{"not_picked":["Feel No Pain","PrismaMod:ChloeExhaustTwo","Flex","PrismaMod:ChloeBetterTracePools"],"picked":"Singing Bowl","floor":62.0},{"not_picked":["PrismaMod:ChloeExhaustOne","PrismaMod:ChloeDiscardRecovery","PrismaMod:ChloeDemonicTutor","Dark Embrace"],"picked":"Singing Bowl","floor":64.0},{"not_picked":["Corruption","rorgmod:Immolate","Limit Break"],"picked":"Double Tap","floor":67.0},{"not_picked":["Metallicize","PrismaMod:ChloeCheapAttack","PrismaMod:ChloeCommonAOEAttack","Intimidate"],"picked":"Singing Bowl","floor":69.0},{"not_picked":["Shockwave","Wild Strike","Iron Wave","Cleave"],"picked":"Singing Bowl","floor":71.0},{"not_picked":["rorgmod:Searing Blow+1","Heavy Blade+1","Second Wind","Flex"],"picked":"Singing Bowl","floor":73.0},{"not_picked":["PrismaMod:ChloeAnyUncommonTrace","Fiend Fire+1","Feed+1","Bludgeon+1"],"picked":"Singing Bowl","floor":74.0},{"not_picked":["PrismaMod:ChloeDevil+","PrismaMod:ChloeCarnivalAOEAttack+1","PrismaMod:ChloeAnyCommonTrace","Demon Form"],"picked":"Singing Bowl","floor":75.0},{"not_picked":["Combust+1","PrismaMod:ChloeDiscardRecovery","Hemokinesis+1","PrismaMod:ChloeRuleBreaker+1"],"picked":"Singing Bowl","floor":76.0},{"not_picked":["Reaper+1","Impervious","PrismaMod:ChloeAnyAttackTrace","PrismaMod:ChloeCarnivalAttack+1"],"picked":"Singing Bowl","floor":77.0},{"not_picked":["PrismaMod:ChloeAnyUncommonTrace","Barricade","PrismaMod:ChloeAnySkillTrace"],"picked":"PrismaMod:ChloeCarnivalDefend","floor":79.0},{"not_picked":["Berserk","PrismaMod:ChloeAnyCommonTrace","PrismaMod:ChloeCarnivalAttack+1","Exhume"],"picked":"Singing Bowl","floor":80.0},{"not_picked":["Iron Wave+1","Shrug It Off","Inflame"],"picked":"Body Slam+1","floor":81.0},{"not_picked":["Havoc","Feed+1","Reckless Charge+1","Intimidate"],"picked":"Singing Bowl","floor":82.0},{"not_picked":["PrismaMod:ChloeAnyCommonTrace","PrismaMod:ChloeAnyAttackTrace","Corruption","Fiend Fire+1"],"picked":"Singing Bowl","floor":84.0},{"not_picked":["PrismaMod:ChloeUncommonAttack+1","Clothesline+1","Shrug It Off","PrismaMod:ChloeDemonicTutor"],"picked":"Singing Bowl","floor":86.0},{"not_picked":["Corruption","Reaper+1","Double Tap","PrismaMod:ChloeDevil+"],"picked":"Singing Bowl","floor":91},{"not_picked":["Berserk","rorgmod:Immolate+1","PrismaMod:ChloeDevil+","PrismaMod:ChloeCarnivalAttack+1"],"picked":"Singing Bowl","floor":93},{"not_picked":["Offering","PrismaMod:ChloeExhaustThree","Exhume","PrismaMod:ChloeAnyPowerTrace"],"picked":"Singing Bowl","floor":94},{"not_picked":["PrismaMod:ChloeCheapAttack+1","Body Slam+1","rorgmod:Sentinel+1","Thunderclap+1"],"picked":"Singing Bowl","floor":96},{"not_picked":["Berserk","Offering","PrismaMod:ChloeGreatTracePools","Brutality"],"picked":"Singing Bowl","floor":98},{"not_picked":["PrismaMod:ChloeCheapAttackTwo+1","PrismaMod:ChloeBetterTracePools+1","Clothesline+1"],"picked":"Shrug It Off+1","floor":99},{"not_picked":["Feed+1","Fiend Fire+1","PrismaMod:ChloeAnyRareTrace","PrismaMod:ChloeAnyCommonTrace"],"picked":"Singing Bowl","floor":101},{"not_picked":["Whirlwind+1","Second Wind","Burning Pact","PrismaMod:ChloeExhaustTwo"],"picked":"Singing Bowl","floor":103},{"not_picked":["PrismaMod:ChloeCheapAttackTwo+1","PrismaMod:ChloeCheapDefend","Power Through","Heavy Blade+1"],"picked":"Singing Bowl","floor":104},{"not_picked":["PrismaMod:ChloeCarnivalAttack+1","PrismaMod:ChloeDevil+","Demon Form+1"],"picked":"PrismaMod:ChloeCarnivalDefend","floor":110},{"not_picked":["Corruption+1","PrismaMod:ChloeDoubleRelicSpeed+1","PrismaMod:ChloeAnyAttackTrace","Feed+1"],"picked":"Singing Bowl","floor":111},{"not_picked":["Bludgeon+1","PrismaMod:ChloeDevil+","PrismaMod:ChloeAnyAttackTrace","PrismaMod:ChloeCarnivalAttack+1"],"picked":"Singing Bowl","floor":113},{"not_picked":["DemoMod:WhiteBlade+1","PrismaMod:ChloeDemonicTutor","Iron Wave+1","PrismaMod:ChloeRitsuka"],"picked":"Singing Bowl","floor":115},{"not_picked":["Reaper+1","PrismaMod:ChloeCarnivalAOEAttack+1","Bludgeon+1"],"picked":"PrismaMod:ChloeCarnivalDefend","floor":116},{"not_picked":["PrismaMod:ChloeUnlimitedBladeWorks","Feed+1","Reaper+1","PrismaMod:ChloeAnySkillTrace"],"picked":"Singing Bowl","floor":118},{"not_picked":["PrismaMod:ChloeCheapAttack+1","Dark Embrace+1","Armaments","PrismaMod:ChloeUncommonAttack+1"],"picked":"Singing Bowl","floor":120},{"not_picked":["Twin Strike+1","Rage","Reaper+1","Armaments"],"picked":"Singing Bowl","floor":122}],"player_experience":474335,"relics_obtained":[{"floor":9.0,"key":"InkBottle"},{"floor":12.0,"key":"DemoMod:NanoMachines"},{"floor":14.0,"key":"DemoMod:WeirdEgg"},{"floor":20.0,"key":"Toy Ornithopter"},{"floor":21.0,"key":"Bottled Flame"},{"floor":23.0,"key":"Gremlin Horn"},{"floor":25.0,"key":"Calipers"},{"floor":26.0,"key":"Shuriken"},{"floor":28.0,"key":"Champion Belt"},{"floor":31.0,"key":"DemoMod:DecoyRelic"},{"floor":32.0,"key":"Eternal Feather"},{"floor":40.0,"key":"Letter Opener"},{"floor":40.0,"key":"DemoMod:PinkGuonStone"},{"floor":40.0,"key":"DemoMod:ChaffGrenade"},{"floor":40.0,"key":"Bottled Tornado"},{"floor":42.0,"key":"Kunai"},{"floor":42.0,"key":"Pantograph"},{"floor":42.0,"key":"Self Forming Clay"},{"floor":42.0,"key":"DemoMod:BlueGuonStone"},{"floor":43.0,"key":"DemoMod:SevenLeafClover"},{"floor":44.0,"key":"DemoMod:WhiteGuonStone"},{"floor":44.0,"key":"Vajra"},{"floor":44.0,"key":"DemoMod:ClearGuonStone"},{"floor":44.0,"key":"Smiling Mask"},{"floor":46.0,"key":"Girya"},{"floor":46.0,"key":"DemoMod:Relodestone"},{"floor":46.0,"key":"Peace Pipe"},{"floor":46.0,"key":"Mango"},{"floor":60.0,"key":"Lizard Tail"},{"floor":60.0,"key":"Anchor"},{"floor":62.0,"key":"Ornamental Fan"},{"floor":99,"key":"FossilizedHelix"}],"event_choices":[{"damage_healed":0.0,"max_hp_gain":0.0,"max_hp_loss":0.0,"gold_gain":0.0,"event_name":"Liars Game","player_choice":"Ignored","floor":3.0,"gold_loss":0.0,"damage_taken":0.0},{"damage_healed":0.0,"max_hp_gain":0.0,"max_hp_loss":0.0,"gold_gain":0.0,"event_name":"Scrap Ooze","player_choice":"Success","floor":5.0,"gold_loss":0.0,"damage_taken":3.0,"relics_obtained":["rorgmod:Ceramic Fish"]},{"damage_healed":0.0,"max_hp_gain":0.0,"max_hp_loss":0.0,"gold_gain":0.0,"event_name":"Lab","player_choice":"Got Potions","floor":11.0,"gold_loss":0.0,"damage_taken":0.0},{"damage_healed":0.0,"max_hp_gain":0.0,"max_hp_loss":0.0,"gold_gain":0.0,"event_name":"Tomb of Lord Red Mask","player_choice":"Ignored","floor":38.0,"gold_loss":0.0,"damage_taken":0.0},{"damage_healed":0.0,"max_hp_gain":0.0,"max_hp_loss":0.0,"gold_gain":0.0,"event_name":"WeMeetAgain","player_choice":"Gave Potion","floor":41.0,"gold_loss":0.0,"damage_taken":0.0,"relics_obtained":["Question Card"]},{"damage_healed":0.0,"max_hp_gain":0.0,"max_hp_loss":0.0,"gold_gain":30.0,"event_name":"Dead Adventurer","player_choice":"Searched \u00273\u0027 times","floor":62.0,"gold_loss":0.0,"damage_taken":0.0},{"damage_healed":0.0,"max_hp_gain":0.0,"max_hp_loss":0.0,"gold_gain":68.0,"event_name":"Golden Wing","player_choice":"Gained Gold","floor":65.0,"gold_loss":0.0,"damage_taken":0.0},{"damage_healed":0.0,"max_hp_gain":0.0,"max_hp_loss":0.0,"gold_gain":75.0,"event_name":"FaceTrader","player_choice":"Touch","floor":70.0,"gold_loss":0.0,"damage_taken":15.0},{"damage_healed":0,"gold_gain":0,"player_choice":"Bought 2 Potions","damage_taken":0,"max_hp_gain":0,"max_hp_loss":0,"event_name":"The Woman in Blue","floor":89,"gold_loss":0},{"damage_healed":0,"gold_gain":0,"player_choice":"Fight","damage_taken":0,"max_hp_gain":0,"max_hp_loss":0,"event_name":"MindBloom","floor":99,"gold_loss":0},{"damage_healed":0,"gold_gain":0,"player_choice":"Success","damage_taken":25,"relics_obtained":["DemoMod:PoisonVial"],"max_hp_gain":0,"max_hp_loss":0,"event_name":"Scrap Ooze","floor":107,"gold_loss":0},{"damage_healed":0,"gold_gain":0,"player_choice":"Ignored","damage_taken":0,"max_hp_gain":0,"max_hp_loss":0,"event_name":"Upgrade Shrine","floor":114,"gold_loss":0},{"damage_healed":0,"gold_gain":0,"player_choice":"Obtained Relic","damage_taken":0,"relics_obtained":["MawBank"],"max_hp_gain":0,"max_hp_loss":0,"event_name":"Addict","floor":123,"gold_loss":85}],"is_beta":false,"boss_relics":[{"not_picked":["Coffee Dripper","Runic Cube"],"picked":"SacredBark"},{"not_picked":["SlaversCollar","Calling Bell"],"picked":"rorgmod:Black Star"},{"not_picked":["Snecko Eye","Philosopher\u0027s Stone"],"picked":"DemoMod:RiddleOfLead"},{"not_picked":["Calling Bell","Cursed Key"],"picked":"Black Blood"},{"not_picked":["Philosopher\u0027s Stone","Sozu"],"picked":"Coffee Dripper"},{"not_picked":["Fusion Hammer","Pandora\u0027s Box"],"picked":"Runic Cube"},{"not_picked":["Pandora\u0027s Box","Cursed Key"],"picked":"Black Star"}],"items_purged_floors":[2,13,22,36,45,45,54,54,63,88,95,95],"is_endless":true,"potions_floor_spawned":[7,14,16,21,25,29,31,33,37,39,42,46,48,50,52,56,58,62,71,75,77,79,81,94,96,99,103,104,113,115],"killed_by":"Snecko","ascension_level":9}}