{"host":"klqcd4cqxrk2p1u3","time":1612501878,"event":{"mods":["BaseMod","Downfall","Minty Spire (QoL Compilation)","StSLib"],"gold_per_floor":[99,119,131,131,231,284,284,284,302,302,312,112,145,0,11,108,108,8,21,35,45,45,55,55,55,0,10,10,37,37,137,157,255,255,255,270,270,284,297,297,297,363,382,382,382,382,395,495,508,508,508],"floor_reached":50,"language":"ENG","playtime":7189,"items_purged":[],"score":544,"play_id":"6674baea-6659-4e0f-9942-8a40ebf08ec8","local_time":"20210205001118","is_ascension_mode":false,"campfire_choices":[{"floor":1,"key":"RECALL"},{"data":"bronze:Goto","floor":12,"key":"SMITH"},{"data":"bronze:FindAndReplace","floor":18,"key":"SMITH"},{"data":"bronze:BuggyMess","floor":28,"key":"SMITH"},{"data":"bronze:InfiniteBeams","floor":30,"key":"SMITH"},{"data":"bronze:Library","floor":35,"key":"SMITH"},{"data":"bronze:Constructor","floor":40,"key":"SMITH"},{"data":"Mayhem","floor":45,"key":"SMITH"}],"circlet_count":0,"master_deck":["bronze:Strike","bronze:Strike","bronze:Defend","bronze:Defend","bronze:Replicate","bronze:Goto+1","bronze:Frontload","bronze:Branch","bronze:DelayedSlice","bronze:Repair+1","bronze:Overload","bronze:Separator","bronze:ChosenStrike","bronze:FindAndReplace+1","bronze:InfiniteLoop","bronze:CutThrough","bronze:Boost","bronze:BugBarrage","bronze:RecursiveStrike","bronze:Frontload+1","bronze:Philosophize+1","bronze:Assembly+1","bronze:ClassDefault+1","bronze:ItsAFeature+1","bronze:Optimize","bronze:Constructor+1","bronze:RecursiveStrike","bronze:WhirlingStrike","bronze:ForLoop+1","bronze:Terminator+1","bronze:BronzeOrb","bronze:FollowUp","bronze:BuggyMess+1","bronze:Branch","bronze:InfiniteBeams+1","bronze:Backtrace","bronze:WhirlingStrike","bronze:ItsAFeature","bronze:Library+1","bronze:InfiniteBeams+1","bronze:Shell+1","bronze:ItsAFeature+1","bronze:GetLatest+1","bronze:InfiniteBeams+1","bronze:Frontload","bronze:CloningBeam","bronze:ClassDefault","Mayhem+1","bronze:Shell","bronze:ForceShield","bronze:Repair+1","bronze:Frontload+1","bronze:Overheat+1","bronze:WildBeam"],"relics":["bronze:BronzeCore","Centennial Puzzle","Prayer Wheel","downfall:HeartBlessingRed","downfall:HeartBlessingBlue","bronze:Mallet","Astrolabe","downfall:HeartBlessingGreen","Matryoshka","Happy Flower","Mercury Hourglass","Red Mask","White Beast Statue","Philosopher\u0027s Stone","InkBottle","Vajra","Shuriken","Toxic Egg 2","downfall:GremlinWheel"],"acts_visited":["Exordium","TheCity","TheBeyond"],"potions_floor_usage":[23,32,42,47,47,48,50,50],"damage_taken":[{"damage":0,"enemies":"Small Slimes","floor":2,"turns":3},{"damage":10,"enemies":"Jaw Worm","floor":3,"turns":5},{"damage":0,"enemies":"2 Louse","floor":9,"turns":2},{"damage":7,"enemies":"Exordium Wildlife","floor":11,"turns":3},{"damage":2,"enemies":"3 Sentries","floor":13,"turns":9},{"damage":0,"enemies":"downfall:FleeingMerchant","floor":14,"turns":4},{"damage":0,"enemies":"Blue Slaver","floor":15,"turns":2},{"damage":16,"enemies":"IC_STATUS_ARCHETYPE","floor":16,"turns":7},{"damage":0,"enemies":"Spheric Guardian","floor":19,"turns":3},{"damage":18,"enemies":"Shell Parasite","floor":20,"turns":8},{"damage":10,"enemies":"Shelled Parasite and Fungi","floor":21,"turns":3},{"damage":9,"enemies":"Snake Plant","floor":23,"turns":5},{"damage":9,"enemies":"downfall:FleeingMerchant","floor":26,"turns":4},{"damage":0,"enemies":"3 Cultists","floor":27,"turns":3},{"damage":10,"enemies":"Masked Bandits","floor":29,"turns":2},{"damage":0,"enemies":"downfall:LadyInBlue","floor":31,"turns":9},{"damage":4,"enemies":"Snecko","floor":32,"turns":4},{"damage":56,"enemies":"DF_ARCHETYPE_CLAW","floor":33,"turns":10},{"damage":3,"enemies":"Orb Walker","floor":36,"turns":3},{"damage":0,"enemies":"3 Darklings","floor":38,"turns":3},{"damage":1,"enemies":"Transient","floor":39,"turns":5},{"damage":31,"enemies":"downfall:FleeingMerchant","floor":42,"turns":4},{"damage":0,"enemies":"Sphere and 2 Shapes","floor":43,"turns":4},{"damage":15,"enemies":"4 Shapes","floor":47,"turns":4},{"damage":0,"enemies":"4 Shapes","floor":48,"turns":3},{"damage":18,"enemies":"Jaw Worm Horde","floor":49,"turns":6},{"damage":78,"enemies":"WA_ARCHETYPE_DIVINITY","floor":50,"turns":3}],"seed_played":"7257445522324087273","potions_obtained":[{"floor":3,"key":"Fire Potion"},{"floor":13,"key":"FearPotion"},{"floor":16,"key":"Swift Potion"},{"floor":21,"key":"DistilledChaos"},{"floor":27,"key":"Ancient Potion"},{"floor":31,"key":"ColorlessPotion"},{"floor":31,"key":"BlessingOfTheForge"},{"floor":32,"key":"DuplicationPotion"},{"floor":39,"key":"Regen Potion"},{"floor":42,"key":"sneckomod:MuddlingPotion"},{"floor":43,"key":"AttackPotion"},{"floor":47,"key":"SkillPotion"},{"floor":48,"key":"PowerPotion"},{"floor":49,"key":"PowerPotion"}],"is_trial":false,"path_per_floor":["R","M","M","?","?","T","T","?","M","?","M","R","E","$","M","B",null,"R","M","M","M","?","M","T","?","$","M","R","?","R","?","M","B",null,"R","M","T","M","M","R","T","$","M","?","R","?","M","?","M","B"],"character_chosen":"THE_AUTOMATON","items_purchased":["bronze:CutThrough","bronze:ItsAFeature","bronze:FollowUp","bronze:ClassDefault","Mayhem"],"campfire_rested":0,"item_purchase_floors":[14,14,26,42,42],"current_hp_per_floor":[70,70,60,60,60,60,60,60,60,60,63,73,78,80,80,71,80,80,80,72,72,72,73,73,73,71,80,80,70,70,80,76,24,80,80,80,80,80,80,80,80,59,59,59,59,59,56,66,60,0,0,0],"gold":508,"neow_bonus":"RANDOM_COMMON_RELIC","is_daily":false,"chose_seed":false,"campfire_upgraded":7,"win_rate":0.0,"timestamp":1612501878,"path_taken":["R","M","M","?","?","?","T","?","M","?","M","R","E","$","M","BOSS","R","M","M","M","?","M","T","?","$","M","R","?","R","?","M","BOSS","R","M","?","M","M","R","T","$","?","?","R","?","M","?","M","BOSS"],"items_purchased_type":["Card","Card","Card","Card","Card"],"build_version":"2020-12-22","purchased_purges":0,"victory":false,"max_hp_per_floor":[70,70,70,70,70,70,70,70,70,70,70,80,80,80,80,80,80,80,80,80,80,80,80,80,80,80,80,80,80,80,80,80,80,80,80,80,80,80,80,80,80,80,80,80,80,80,80,80,80,80,80,80],"card_choices":[{"not_picked":["bronze:Shield","bronze:WildBeam"],"picked":"bronze:Frontload","floor":2},{"not_picked":["bronze:BitShift","bronze:Overload"],"picked":"bronze:Branch","floor":3},{"not_picked":["bronze:BugBarrage","bronze:FollowUp"],"picked":"bronze:Repair","floor":9},{"not_picked":["bronze:DelayedGuard","bronze:OilSpill"],"picked":"bronze:Overload","floor":9},{"not_picked":["bronze:Backtrace","bronze:WildBeam"],"picked":"bronze:Separator","floor":11},{"not_picked":["bronze:Separator","bronze:DarkDash"],"picked":"bronze:ChosenStrike","floor":11},{"not_picked":["bronze:Flail","bronze:BugBarrage"],"picked":"bronze:FindAndReplace","floor":13},{"not_picked":["bronze:NullPointer","bronze:OilSpill"],"picked":"bronze:InfiniteLoop","floor":14},{"not_picked":["bronze:Overload","bronze:BronzeArmor"],"picked":"bronze:Boost","floor":15},{"not_picked":["bronze:Deprecate","bronze:OilSpill"],"picked":"bronze:BugBarrage","floor":15},{"not_picked":["bronze:InfiniteLoop","bronze:HyperBeam"],"picked":"bronze:RecursiveStrike","floor":16},{"not_picked":["bronze:Iterate","bronze:Overheat"],"picked":"bronze:ClassDefault+1","floor":19},{"not_picked":["bronze:Shield","bronze:Separator"],"picked":"bronze:ItsAFeature+1","floor":19},{"not_picked":["bronze:Deprecate","bronze:Frontload+1"],"picked":"bronze:Optimize","floor":20},{"not_picked":["bronze:Separator","bronze:Return+1"],"picked":"bronze:Constructor","floor":20},{"not_picked":["bronze:DelayedSlice","bronze:Overheat"],"picked":"bronze:RecursiveStrike","floor":21},{"not_picked":["bronze:NullPointer","bronze:Invalidate"],"picked":"bronze:WhirlingStrike","floor":21},{"not_picked":["bronze:BitShift+1","bronze:WhirlingStrike+1"],"picked":"bronze:ForLoop+1","floor":23},{"not_picked":["bronze:Backtrace+1","bronze:Iterate"],"picked":"bronze:Terminator+1","floor":23},{"not_picked":["bronze:Shield","bronze:Format"],"picked":"bronze:BronzeOrb","floor":26},{"not_picked":["bronze:FineTuning","bronze:Separator+1"],"picked":"bronze:BuggyMess","floor":27},{"not_picked":["bronze:DelayedSlice+1","bronze:Backtrace"],"picked":"bronze:Branch","floor":27},{"not_picked":["bronze:Deprecate+1","bronze:WildBeam"],"picked":"bronze:InfiniteBeams","floor":29},{"not_picked":["bronze:Hardcode","bronze:BronzeArmor"],"picked":"bronze:Backtrace","floor":31},{"not_picked":["bronze:DelayedGuard","bronze:OilSpill"],"picked":"bronze:WhirlingStrike","floor":32},{"not_picked":["bronze:Invalidate","bronze:Separator"],"picked":"bronze:ItsAFeature","floor":32},{"not_picked":["bronze:Break","bronze:RecursiveStrike"],"picked":"bronze:Library","floor":33},{"not_picked":["bronze:DelayedGuard","bronze:CloningBeam"],"picked":"bronze:InfiniteBeams+1","floor":36},{"not_picked":["bronze:Backtrace","bronze:Flail+1"],"picked":"bronze:Shell+1","floor":36},{"not_picked":["bronze:BugBarrage","bronze:WildBeam"],"picked":"bronze:ItsAFeature+1","floor":38},{"not_picked":["bronze:Refactor+1","bronze:Deprecate"],"picked":"bronze:GetLatest+1","floor":38},{"not_picked":["bronze:BronzeArmor+1","bronze:WhirlingStrike+1"],"picked":"bronze:InfiniteBeams+1","floor":39},{"not_picked":["bronze:BronzeArmor","bronze:DelayedSlice+1"],"picked":"bronze:Frontload","floor":39},{"not_picked":["bronze:BronzeArmor+1","bronze:Fortify+1"],"picked":"bronze:CloningBeam","floor":42},{"not_picked":["bronze:DigitalCarnage+1","bronze:Safeguard+1"],"picked":"bronze:Shell","floor":43},{"not_picked":["bronze:InfiniteBeams+1","bronze:BitShift"],"picked":"bronze:ForceShield","floor":43},{"not_picked":["bronze:Overheat","bronze:Constructor+1"],"picked":"bronze:Repair+1","floor":47},{"not_picked":["bronze:DarkDash","bronze:BronzeArmor+1"],"picked":"bronze:Frontload+1","floor":47},{"not_picked":["bronze:Safeguard+1","bronze:Shield+1"],"picked":"bronze:Overheat+1","floor":49},{"not_picked":["bronze:Deprecate+1","bronze:Invalidate+1"],"picked":"bronze:WildBeam","floor":49}],"player_experience":1428448,"relics_obtained":[{"floor":7,"key":"Prayer Wheel"},{"floor":13,"key":"bronze:Mallet"},{"floor":24,"key":"Happy Flower"},{"floor":24,"key":"Mercury Hourglass"},{"floor":29,"key":"Red Mask"},{"floor":31,"key":"White Beast Statue"},{"floor":37,"key":"InkBottle"},{"floor":37,"key":"Vajra"},{"floor":41,"key":"Shuriken"},{"floor":46,"key":"Toxic Egg 2"},{"floor":48,"key":"downfall:GremlinWheel"}],"event_choices":[{"damage_healed":0,"gold_gain":0,"player_choice":"Grow","damage_taken":0,"max_hp_gain":0,"max_hp_loss":0,"event_name":"Living Wall","floor":10,"gold_loss":0,"cards_upgraded":["bronze:Repair"]},{"damage_healed":0,"gold_gain":0,"player_choice":"Stole Relic","damage_taken":0,"relics_obtained":["Matryoshka"],"max_hp_gain":0,"max_hp_loss":0,"event_name":"Addict","floor":22,"gold_loss":0,"cards_obtained":["Pride"]},{"damage_healed":0,"gold_gain":0,"player_choice":"Fought Bandits","damage_taken":0,"max_hp_gain":0,"max_hp_loss":0,"event_name":"Masked Bandits","floor":29,"gold_loss":0},{"cards_removed":["bronze:ItsAFeature"],"damage_healed":0,"gold_gain":0,"player_choice":"Removed Power","damage_taken":0,"max_hp_gain":0,"max_hp_loss":0,"event_name":"Falling","floor":44,"gold_loss":0}],"is_beta":false,"boss_relics":[{"not_picked":["SlaversCollar","Black Star"],"picked":"Astrolabe"},{"not_picked":["Empty Cage","Sozu"],"picked":"Philosopher\u0027s Stone"}],"items_purged_floors":[],"is_endless":false,"potions_floor_spawned":[3,13,16,21,27,32,33,36,38,39,42,43,47,48,49],"killed_by":"WA_ARCHETYPE_DIVINITY","ascension_level":0}}