{"host":"ufl0k2so27eic2iy","time":1612545267,"event":{"mods":["BaseMod","Downfall","Minty Spire (QoL Compilation)","StSLib","The Animator"],"gold_per_floor":[99,113,131,131,131,17,40,59,59,77,108,121,21,6,18,117,117,117,132,57,74,84,84,84,110,126,126,154,54,66,157,168,268,268,168,185,198,11,111,122,122,138,138,13,45,58,58,58,68,68,68,68],"floor_reached":50,"language":"ENG","playtime":3139,"items_purged":["sneckomod:Strike","sneckomod:Strike","Parasite"],"score":643,"play_id":"cd1cbc6b-e12f-4b0f-8198-28017ca9057e","local_time":"20210205171427","is_ascension_mode":true,"campfire_choices":[{"data":"sneckomod:SnekBite","floor":1.0,"key":"SMITH"},{"data":"sneckomod:UnknownRarePower","floor":13.0,"key":"SMITH"},{"data":"sneckomod:UnknownBoss","floor":18.0,"key":"SMITH"},{"floor":23.0,"key":"RECALL"},{"floor":29.0,"key":"REST"},{"data":"sneckomod:UnknownUncommonSkill","floor":35.0,"key":"SMITH"},{"data":"sneckomod:UnknownX","floor":43,"key":"SMITH"}],"circlet_count":0,"master_deck":["sneckomod:Defend","sneckomod:Defend","sneckomod:Defend","sneckomod:TailWhip","sneckomod:SnekBite+1","sneckomod:Unknown","sneckomod:Unknown","sneckomod:Restock+1","sneckomod:CheapStock","sneckomod:Unknown2Cost","sneckomod:QuickMove","sneckomod:WideSting","sneckomod:UnknownWeak","sneckomod:UnknownDexterity","sneckomod:UnknownRarePower+1","sneckomod:UnendingSupply","sneckomod:UnknownClassGUARDIAN","sneckomod:PureSnecko","sneckomod:UnknownBoss+1","sneckomod:UnknownClassRED","sneckomod:ImprovisedAttack+1","expansioncontent:Chronoboost","sneckomod:MasterEye","sneckomod:UnknownColorless+1","sneckomod:CheapStock","sneckomod:UnknownClassBLUE","sneckomod:UnknownUncommonSkill+1","sneckomod:SlitherStrike+1","sneckomod:UnknownBoss","sneckomod:QuickMove+1","expansioncontent:DashGenerateEvil","sneckomod:UnknownX+1","sneckomod:UnknownDexterity+1","sneckomod:SoulExchange","expansioncontent:YouAreMine","sneckomod:SoulRoll+1"],"relics":["sneckomod:SneckoSoul","downfall:ExtraCursedKey","Ancient Tea Set","Guardian:PocketSentry","downfall:HeartBlessingGreen","Snecko Eye","Nunchaku","downfall:HeartBlessingRed","sneckomod:SleevedAce","Coffee Dripper","downfall:HeartBlessingBlue","Toy Ornithopter","Letter Opener"],"acts_visited":["Exordium","TheCity","TheBeyond"],"potions_floor_usage":[],"damage_taken":[{"damage":5.0,"enemies":"Cultist","floor":2.0,"turns":4.0},{"damage":7.0,"enemies":"2 Louse","floor":3.0,"turns":3.0},{"damage":0.0,"enemies":"downfall:FleeingMerchant","floor":6.0,"turns":4.0},{"damage":12.0,"enemies":"Jaw Worm","floor":8.0,"turns":4.0},{"damage":3.0,"enemies":"Exordium Wildlife","floor":10.0,"turns":3.0},{"damage":9.0,"enemies":"Lagavulin","floor":11.0,"turns":10.0},{"damage":5.0,"enemies":"2 Fungi Beasts","floor":12.0,"turns":4.0},{"damage":0.0,"enemies":"downfall:FleeingMerchant","floor":14.0,"turns":4.0},{"damage":3.0,"enemies":"Gremlin Gang","floor":15.0,"turns":3.0},{"damage":19.0,"enemies":"WA_ARCHETYPE_RETAIN","floor":16.0,"turns":7.0},{"damage":13.0,"enemies":"Spheric Guardian","floor":19.0,"turns":4.0},{"damage":0.0,"enemies":"downfall:FleeingMerchant","floor":20.0,"turns":4.0},{"damage":0.0,"enemies":"3 Cultists","floor":21.0,"turns":4.0},{"damage":28.0,"enemies":"Snecko","floor":22.0,"turns":5.0},{"damage":19.0,"enemies":"Gremlin Leader","floor":25.0,"turns":7.0},{"damage":11.0,"enemies":"Cultist and Chosen","floor":26.0,"turns":5.0},{"damage":22.0,"enemies":"Book of Stabbing","floor":28.0,"turns":6.0},{"damage":10.0,"enemies":"3 Cultists","floor":30.0,"turns":3.0},{"damage":3.0,"enemies":"downfall:FleeingMerchant","floor":31.0,"turns":4.0},{"damage":6.0,"enemies":"Snake Plant","floor":32.0,"turns":3.0},{"damage":17.0,"enemies":"SI_MIRROR_ARCHETYPE","floor":33.0,"turns":7.0},{"damage":11.0,"enemies":"3 Shapes","floor":36.0,"turns":3.0},{"damage":0.0,"enemies":"Orb Walker","floor":37.0,"turns":3.0},{"damage":19,"enemies":"downfall:LadyInBlue","floor":39,"turns":10},{"damage":0,"enemies":"3 Darklings","floor":40,"turns":3},{"damage":16,"enemies":"Sphere and 2 Shapes","floor":42,"turns":4},{"damage":3,"enemies":"Nemesis","floor":45,"turns":9},{"damage":17,"enemies":"Maw","floor":46,"turns":6},{"damage":0,"enemies":"Transient","floor":49,"turns":5},{"damage":37,"enemies":"DF_ARCHETYPE_ORBS","floor":50,"turns":5}],"seed_played":"8102782769648869484","potions_obtained":[{"floor":3.0,"key":"sneckomod:MuddlingPotion"},{"floor":10.0,"key":"PowerPotion"},{"floor":11.0,"key":"bronze:BurnAndBuffPotion"},{"floor":15.0,"key":"Weak Potion"},{"floor":16.0,"key":"Guardian:BlockOnCardUsePotion"},{"floor":21.0,"key":"Ancient Potion"},{"floor":28.0,"key":"LiquidMemories"}],"is_trial":false,"path_per_floor":["R","M","M","?","?","$","T","M","?","M","E","M","R","$","M","B",null,"R","M","$","M","M","R","T","E","M","?","E","R","M","$","M","B",null,"R","M","M","?","?","M","T","M","R","$","E","M","?","$","M","B"],"character_chosen":"THE_SNECKO","items_purchased":["sneckomod:WideSting","expansioncontent:Chronoboost","sneckomod:SleevedAce","expansioncontent:DashGenerateEvil"],"campfire_rested":1,"item_purchase_floors":[6,20,31,38],"current_hp_per_floor":[90,85,78,78,75,75,75,63,63,60,51,46,46,49,46,42,90,90,77,77,82,69,69,69,65,54,54,39,66,66,63,57,40,90,100,89,89,89,70,70,70,54,54,54,51,34,34,34,34,0,0,0],"gold":68,"neow_bonus":"ONE_RANDOM_RARE_CARD","is_daily":false,"chose_seed":false,"campfire_upgraded":5,"win_rate":0.0,"timestamp":1612545267,"path_taken":["R","M","M","?","?","$","T","M","?","M","E","?","R","?","M","BOSS","R","M","$","M","M","R","T","E","M","?","E","R","M","$","M","BOSS","R","M","M","?","?","M","T","M","R","$","E","?","?","$","M","BOSS"],"items_purchased_type":["Card","Card","Relic","Card"],"build_version":"2020-12-22","purchased_purges":3,"victory":false,"max_hp_per_floor":[90,90,90,90,90,90,90,90,90,90,90,90,90,90,90,90,90,90,90,90,90,90,90,90,90,90,90,90,90,90,90,90,90,90,100,100,100,100,100,100,100,100,100,97,97,97,97,97,97,97,97,97],"card_choices":[{"not_picked":["sneckomod:SoulDraw","sneckomod:UnknownX"],"picked":"sneckomod:CheapStock","floor":2.0},{"not_picked":["sneckomod:UnknownClassPURPLE","sneckomod:UnknownClassTHE_ANIMATOR"],"picked":"sneckomod:Unknown2Cost","floor":3.0},{"not_picked":["sneckomod:DiceCrush","sneckomod:UnknownClassBLUE"],"picked":"sneckomod:QuickMove","floor":6.0},{"not_picked":["sneckomod:IronFang","sneckomod:UnknownClassSLIMEBOUND"],"picked":"sneckomod:UnknownWeak","floor":8.0},{"not_picked":["sneckomod:UnknownBlock","sneckomod:UnknownClassRED"],"picked":"sneckomod:UnknownDexterity","floor":10.0},{"not_picked":["sneckomod:UnknownUncommonSkill","sneckomod:DefensiveFlair"],"picked":"sneckomod:UnknownRarePower","floor":11.0},{"not_picked":["sneckomod:IronFang","sneckomod:UnknownClassSLIMEBOUND"],"picked":"sneckomod:UnendingSupply","floor":12.0},{"not_picked":["sneckomod:UnknownCommonSkill","sneckomod:UnknownClassTHE_UNNAMED"],"picked":"sneckomod:UnknownClassGUARDIAN","floor":14.0},{"not_picked":["sneckomod:UnknownClassSLIMEBOUND","sneckomod:UnknownWeak"],"picked":"sneckomod:PureSnecko","floor":15.0},{"not_picked":["sneckomod:UnlimitedRolls","sneckomod:UnknownRareAttack"],"picked":"sneckomod:UnknownBoss","floor":16.0},{"not_picked":["sneckomod:UnknownClassTHE_CHAMP_GRAY","sneckomod:DiceBlock"],"picked":"sneckomod:UnknownClassRED","floor":19.0},{"not_picked":["sneckomod:UnknownClassSLIMEBOUND","sneckomod:Nope"],"picked":"sneckomod:ImprovisedAttack+1","floor":20.0},{"not_picked":["sneckomod:UnknownClassSLIMEBOUND","sneckomod:GlitteringGambit"],"picked":"sneckomod:MasterEye","floor":21.0},{"not_picked":["sneckomod:UnknownClassPURPLE","sneckomod:TrashToTreasure","sneckomod:UnknownDraw"],"picked":"SKIP","floor":22.0},{"not_picked":["sneckomod:UnknownBlock","sneckomod:MasterEye+1"],"picked":"sneckomod:UnknownColorless+1","floor":25.0},{"not_picked":["sneckomod:UnknownUncommonAttack","sneckomod:SoulRoll","sneckomod:UnknownClassTHE_UNNAMED"],"picked":"SKIP","floor":26.0},{"not_picked":["sneckomod:UnknownClassSLIMEBOUND+1","sneckomod:UnknownDexterity"],"picked":"sneckomod:CheapStock","floor":28.0},{"not_picked":["sneckomod:SlitherStrike","sneckomod:UnknownClassGUARDIAN"],"picked":"sneckomod:UnknownClassBLUE","floor":30.0},{"not_picked":["sneckomod:TrashToTreasure","sneckomod:SoulDraw"],"picked":"sneckomod:UnknownUncommonSkill","floor":31.0},{"not_picked":["sneckomod:UnknownUncommonAttack","sneckomod:RainOfDice"],"picked":"sneckomod:SlitherStrike+1","floor":32.0},{"not_picked":["sneckomod:SerpentMind","sneckomod:MorePower"],"picked":"sneckomod:UnknownBoss","floor":33.0},{"not_picked":["sneckomod:UnknownCommonSkill+1","sneckomod:MixItUp"],"picked":"sneckomod:QuickMove+1","floor":36.0},{"not_picked":["sneckomod:SlitherStrike+1","sneckomod:UnknownCommonSkill","sneckomod:SnakeSap+1"],"picked":"SKIP","floor":37.0},{"not_picked":["sneckomod:UnknownClassBLUE","sneckomod:TrashToTreasure+1","sneckomod:RainOfDice+1"],"picked":"SKIP","floor":40},{"not_picked":["sneckomod:SlitherStrike","sneckomod:ImprovisedGuard+1"],"picked":"sneckomod:UnknownX","floor":42},{"not_picked":["sneckomod:SoulCleanse","sneckomod:DefensiveFlair+1"],"picked":"sneckomod:UnknownDexterity+1","floor":45},{"not_picked":["sneckomod:UnknownClassTHE_BRONZE_AUTOMATON","sneckomod:UnknownCommonSkill+1"],"picked":"sneckomod:SoulExchange","floor":46},{"not_picked":["expansioncontent:PolyBeam","expansioncontent:HyperBeam"],"picked":"expansioncontent:YouAreMine","floor":47},{"not_picked":["sneckomod:UnknownClassBLUE+1","sneckomod:Unknown0Cost"],"picked":"sneckomod:SoulRoll+1","floor":49}],"player_experience":2791302,"relics_obtained":[{"floor":11.0,"key":"Guardian:PocketSentry"},{"floor":25.0,"key":"Nunchaku"},{"floor":39,"key":"Toy Ornithopter"},{"floor":45,"key":"Letter Opener"}],"event_choices":[{"damage_healed":0.0,"max_hp_gain":0.0,"max_hp_loss":0.0,"gold_gain":0.0,"event_name":"Scrap Ooze","player_choice":"Success","floor":5.0,"gold_loss":0.0,"damage_taken":3.0,"relics_obtained":["Ancient Tea Set"]}],"is_beta":false,"boss_relics":[{"not_picked":["Velvet Choker","SacredBark"],"picked":"Snecko Eye"},{"not_picked":["Runic Dome","Runic Pyramid"],"picked":"Coffee Dripper"}],"items_purged_floors":[6,31,44],"is_endless":false,"potions_floor_spawned":[3,10,11,15,16,21,26,28,30,33,42,45,49],"killed_by":"DF_ARCHETYPE_ORBS","ascension_level":3}}