{"host":"08yfhu6uhosdn245","time":1612560963,"event":{"mods":["2.2 Compatiblity","BaseMod","Bestiary","Colored Map","Colored Powertips","Curses Come First","Highlight Path","Minty Spire (QoL Compilation)","Quick Restart","Relic Stats","StSLib"],"gold_per_floor":[109,284,297,311,326,353,365,394,462,497,497,471,471,488,488,593,593,609,621,403,403,403,403],"floor_reached":22,"language":"ENG","playtime":1082,"items_purged":["Parasite"],"score":289,"play_id":"fb99cb4f-312f-4f5f-afb3-389504ed3b85","local_time":"20210205163603","is_ascension_mode":true,"campfire_choices":[{"floor":15,"key":"REST"}],"circlet_count":0,"master_deck":["Strike_P","Strike_P","Strike_P","Defend_P","Defend_P","Defend_P","Defend_P","Eruption","Vigilance","DeusExMachina","BowlingBash","FlurryOfBlows","Tantrum","FlyingSleeves","ConjureBlade","CutThroughFate","DeusExMachina","DevaForm","Swivel","Ragnarok","FlurryOfBlows+1","JustLucky"],"relics":["PureWater","Girya","StrikeDummy","Pantograph","GoldenEye","Philosopher\u0027s Stone","Oddly Smooth Stone"],"acts_visited":["Exordium","TheCity"],"potions_floor_usage":[6,14,16,16],"damage_taken":[{"damage":1,"enemies":"Cultist","floor":1,"turns":4},{"damage":0,"enemies":"Small Slimes","floor":3,"turns":3},{"damage":12,"enemies":"Jaw Worm","floor":4,"turns":4},{"damage":18,"enemies":"Lots of Slimes","floor":5,"turns":4},{"damage":12,"enemies":"Gremlin Nob","floor":6,"turns":3},{"damage":7,"enemies":"Exordium Wildlife","floor":7,"turns":3},{"damage":7,"enemies":"Lagavulin","floor":8,"turns":5},{"damage":0,"enemies":"Gremlin Nob","floor":10,"turns":2},{"damage":9,"enemies":"Exordium Thugs","floor":14,"turns":3},{"damage":58,"enemies":"The Guardian","floor":16,"turns":9},{"damage":11,"enemies":"Shell Parasite","floor":18,"turns":4},{"damage":24,"enemies":"3 Byrds","floor":19,"turns":4},{"damage":22,"enemies":"Cultist and Chosen","floor":22,"turns":1}],"seed_played":"7425635963116036996","potions_obtained":[{"floor":5,"key":"DuplicationPotion"},{"floor":8,"key":"Fire Potion"},{"floor":10,"key":"Energy Potion"},{"floor":14,"key":"SkillPotion"}],"is_trial":false,"path_per_floor":["M","?","M","M","M","E","M","E","T","E","?","?","?","M","R","B",null,"M","M","$","?","M"],"character_chosen":"WATCHER","items_purchased":["Oddly Smooth Stone"],"campfire_rested":1,"item_purchase_floors":[20],"current_hp_per_floor":[71,71,71,59,41,29,22,15,15,15,33,33,26,17,38,5,55,44,20,20,20,0,0],"gold":403,"neow_bonus":"ONE_RANDOM_RARE_CARD","is_daily":false,"chose_seed":false,"campfire_upgraded":0,"win_rate":0.0,"timestamp":1612560963,"path_taken":["M","?","M","M","M","E","M","E","T","E","?","?","?","?","R","BOSS","M","?","$","?","?"],"items_purchased_type":["Relic"],"build_version":"2020-12-22","purchased_purges":1,"victory":false,"max_hp_per_floor":[72,72,72,72,72,72,72,72,72,72,72,72,72,72,72,72,72,72,72,69,69,69,69],"relic_stats":{"counters":[13,49],"Pantograph":25,"GoldenEye":[10],"obtain_stats":[{"Girya":6,"Pantograph":9,"Oddly Smooth Stone":20,"Philosopher\u0027s Stone":17,"PureWater":0,"StrikeDummy":8,"GoldenEye":10},{"Girya":5,"Pantograph":7,"Oddly Smooth Stone":12,"Philosopher\u0027s Stone":10,"PureWater":0,"StrikeDummy":7,"GoldenEye":8},{"Girya":18,"Pantograph":26,"Oddly Smooth Stone":48,"Philosopher\u0027s Stone":40,"PureWater":0,"StrikeDummy":26,"GoldenEye":28}]},"card_choices":[{"not_picked":["PathToVictory","Crescendo"],"picked":"BowlingBash","floor":1},{"not_picked":["FollowUp","WindmillStrike"],"picked":"FlurryOfBlows","floor":3},{"not_picked":["ClearTheMind","PathToVictory"],"picked":"Tantrum","floor":4},{"not_picked":["ReachHeaven","Judgement"],"picked":"FlyingSleeves","floor":5},{"not_picked":["Prostrate","EmptyFist"],"picked":"ConjureBlade","floor":6},{"not_picked":["ClearTheMind","Consecrate"],"picked":"CutThroughFate","floor":7},{"not_picked":["Adaptation","WaveOfTheHand"],"picked":"DeusExMachina","floor":8},{"not_picked":["EmptyFist","ClearTheMind"],"picked":"DevaForm","floor":10},{"not_picked":["WindmillStrike","Vengeance"],"picked":"Swivel","floor":14},{"not_picked":["ConjureBlade","Vault"],"picked":"Ragnarok","floor":16},{"not_picked":["EmptyBody","FlyingSleeves+1"],"picked":"FlurryOfBlows+1","floor":18},{"not_picked":["ForeignInfluence+1","Nirvana"],"picked":"JustLucky","floor":19}],"player_experience":360033,"relics_obtained":[{"floor":6,"key":"Girya"},{"floor":8,"key":"StrikeDummy"},{"floor":9,"key":"Pantograph"},{"floor":10,"key":"GoldenEye"}],"event_choices":[{"damage_healed":0,"gold_gain":175,"player_choice":"AGREE","damage_taken":0,"max_hp_gain":0,"max_hp_loss":0,"event_name":"Liars Game","floor":2,"gold_loss":0,"cards_obtained":["Doubt"]},{"damage_healed":18,"gold_gain":0,"player_choice":"Healed and dodged fight","damage_taken":0,"max_hp_gain":0,"max_hp_loss":0,"event_name":"Mushrooms","floor":11,"gold_loss":0,"cards_obtained":["Parasite"]},{"damage_healed":0,"gold_gain":0,"player_choice":"Left Gold","damage_taken":0,"max_hp_gain":0,"max_hp_loss":0,"event_name":"World of Goop","floor":12,"gold_loss":26},{"cards_removed":["Doubt"],"damage_healed":0,"gold_gain":0,"player_choice":"Card Removal","damage_taken":7,"max_hp_gain":0,"max_hp_loss":0,"event_name":"Golden Wing","floor":13,"gold_loss":0},{"cards_removed":["Strike_P"],"damage_healed":0,"gold_gain":0,"player_choice":"Card Removal","damage_taken":0,"max_hp_gain":0,"max_hp_loss":0,"event_name":"Wheel of Change","floor":21,"gold_loss":0}],"is_beta":false,"boss_relics":[{"not_picked":["Tiny House","Empty Cage"],"picked":"Philosopher\u0027s Stone"}],"items_purged_floors":[20],"is_endless":false,"potions_floor_spawned":[5,8,10,14],"killed_by":"Cultist and Chosen","ascension_level":5}}