{"host":"3fd6e6c5cltq175f","time":1612550476,"event":{"mods":["AchievementEnabler","BaseMod","Colored Map","Colored Powertips","DeckTracker","Minty Spire (QoL Compilation)"],"gold_per_floor":[112,187,202,222,222,222,251,251,251,266,12,44,63,77,77,179,179,189,189,0,13,13,13,38,38,38,38,38],"floor_reached":27,"language":"ENG","playtime":975,"items_purged":[],"score":302,"play_id":"fd516dda-88fe-4429-8f16-7965d78276a3","local_time":"20210205194116","is_ascension_mode":true,"campfire_choices":[{"data":"Blur","floor":6,"key":"SMITH"},{"data":"Poisoned Stab","floor":8,"key":"SMITH"},{"floor":15,"key":"REST"},{"data":"Bouncing Flask","floor":23,"key":"SMITH"},{"data":"Footwork","floor":25,"key":"SMITH"}],"circlet_count":0,"master_deck":["Defend_G","Defend_G","Defend_G","Defend_G","Defend_G","Survivor+1","Neutralize","Flying Knee","Poisoned Stab+1","Blur+1","Backflip","Bouncing Flask+1","Prepared","Footwork+1","Grand Finale","Bite","Bite","Bite","Bite","Bite","Outmaneuver","Poisoned Stab+1"],"relics":["Ring of the Snake","Lizard Tail","Torii","Art of War","Letter Opener","Sozu","Ornamental Fan"],"acts_visited":["Exordium","TheCity"],"potions_floor_usage":[12,12,12,16,21,24,27],"damage_taken":[{"damage":6,"enemies":"Jaw Worm","floor":1,"turns":6},{"damage":0,"enemies":"Small Slimes","floor":3,"turns":3},{"damage":0,"enemies":"Cultist","floor":4,"turns":4},{"damage":23,"enemies":"Gremlin Nob","floor":7,"turns":6},{"damage":0,"enemies":"Looter","floor":10,"turns":3},{"damage":7,"enemies":"Lagavulin","floor":12,"turns":5},{"damage":1,"enemies":"Blue Slaver","floor":13,"turns":4},{"damage":0,"enemies":"2 Fungi Beasts","floor":14,"turns":3},{"damage":2,"enemies":"The Guardian","floor":16,"turns":10},{"damage":8,"enemies":"Shell Parasite","floor":18,"turns":6},{"damage":1,"enemies":"Spheric Guardian","floor":21,"turns":5},{"damage":64,"enemies":"Slavers","floor":24,"turns":7},{"damage":14,"enemies":"Colosseum Slavers","floor":27,"turns":5},{"damage":25,"enemies":"Colosseum Nobs","floor":27,"turns":2}],"seed_played":"-5080669120545337933","potions_obtained":[{"floor":4,"key":"Ancient Potion"},{"floor":14,"key":"Block Potion"},{"floor":16,"key":"SkillPotion"}],"is_trial":false,"path_per_floor":["M","?","M","M","?","R","E","R","T","M","$","E","M","M","R","B",null,"M","?","?","M","$","R","E","R","T","?"],"character_chosen":"THE_SILENT","items_purchased":["EntropicBrew","Art of War"],"campfire_rested":1,"item_purchase_floors":[11,11],"current_hp_per_floor":[64,53,53,53,46,46,23,23,23,23,23,16,15,15,36,34,70,62,49,49,48,48,48,27,27,27,0,0],"gold":38,"neow_bonus":"UPGRADE_CARD","is_daily":false,"chose_seed":false,"campfire_upgraded":4,"win_rate":0.0,"timestamp":1612550476,"path_taken":["M","?","M","M","?","R","E","R","T","M","$","E","M","M","R","BOSS","M","?","?","M","$","R","E","R","T","?"],"items_purchased_type":["Potion","Relic"],"build_version":"2020-12-22","purchased_purges":0,"victory":false,"max_hp_per_floor":[70,70,70,70,70,70,70,70,70,70,70,70,70,70,70,70,70,70,49,49,49,49,49,49,49,49,49,49],"card_choices":[{"not_picked":["Acrobatics","Well Laid Plans"],"picked":"Flying Knee","floor":1},{"not_picked":["Bane","Dagger Throw"],"picked":"Poisoned Stab","floor":3},{"not_picked":["Dagger Throw","Dagger Spray"],"picked":"Blur","floor":4},{"not_picked":["Deflect","Prepared"],"picked":"Backflip","floor":7},{"not_picked":["Tools of the Trade","Quick Slash"],"picked":"Bouncing Flask","floor":10},{"not_picked":["Leg Sweep","Finisher"],"picked":"Prepared","floor":12},{"not_picked":["Infinite Blades","Expertise"],"picked":"Footwork","floor":13},{"not_picked":["Flying Knee","Concentrate","Dagger Throw"],"picked":"SKIP","floor":14},{"not_picked":["Doppelganger","Die Die Die"],"picked":"Grand Finale","floor":16},{"not_picked":["All Out Attack+1","Underhanded Strike","Endless Agony"],"picked":"SKIP","floor":18},{"not_picked":["Slice","Flying Knee"],"picked":"Outmaneuver","floor":21},{"not_picked":["Calculated Gamble","Blur"],"picked":"Poisoned Stab+1","floor":24}],"player_experience":180258,"relics_obtained":[{"floor":7,"key":"Lizard Tail"},{"floor":9,"key":"Torii"},{"floor":12,"key":"Letter Opener"},{"floor":24,"key":"Ornamental Fan"}],"event_choices":[{"damage_healed":0,"gold_gain":75,"player_choice":"Gather Gold","damage_taken":11,"max_hp_gain":0,"max_hp_loss":0,"event_name":"World of Goop","floor":2,"gold_loss":0},{"cards_removed":["Strike_G"],"damage_healed":0,"gold_gain":0,"player_choice":"Card Removal","damage_taken":7,"max_hp_gain":0,"max_hp_loss":0,"event_name":"Golden Wing","floor":5,"gold_loss":0},{"damage_healed":0,"gold_gain":0,"player_choice":"Became a vampire","damage_taken":0,"max_hp_gain":0,"max_hp_loss":21,"event_name":"Vampires","floor":19,"gold_loss":0,"cards_obtained":["Bite","Bite","Bite","Bite","Bite"]},{"damage_healed":0,"gold_gain":0,"player_choice":"Paid Fearfully","damage_taken":0,"max_hp_gain":0,"max_hp_loss":0,"event_name":"Masked Bandits","floor":20,"gold_loss":189},{"damage_healed":0,"gold_gain":0,"player_choice":"Fight","damage_taken":0,"max_hp_gain":0,"max_hp_loss":0,"event_name":"Colosseum","floor":27,"gold_loss":0},{"damage_healed":0,"gold_gain":0,"player_choice":"Fought Nobs","damage_taken":0,"max_hp_gain":0,"max_hp_loss":0,"event_name":"Colosseum","floor":27,"gold_loss":0}],"is_beta":false,"boss_relics":[{"not_picked":["Tiny House","WristBlade"],"picked":"Sozu"}],"items_purged_floors":[],"is_endless":false,"potions_floor_spawned":[4,14,16,18,21],"killed_by":"Colosseum Nobs","ascension_level":3}}