{"host":"0s8kyghz8ihx2r41","time":1612489951,"event":{"mods":["100% Spire Juice","2.2 Compatiblity","Act Like it!","Bard","BaseMod","CapriCore","Chen","Conspire","Downfall","Friendly Minions","GungeonMod","Hermit","HololiveMod","Hubris","Koishi","Lobotomy","LobotomyExtend","Marisa（霧雨　魔理沙）","Minty Spire (QoL Compilation)","Monster B Gone","Morshu Shopkeeper","Prisma Mod","Reimu（博??梦）","Reliquary","Replay The Spire","Spire Birthday Party","StSLib","The Administrix","The Alterego","The Clintock","The Construct","The Cursed","The Disciple","The Edgeheg","The Gatherer","The Immortal","The Marked","The Mystic","The Servant 0.9.4","TheBandit","TheSwordswoman","TheVacant","Waifu the Spire","Yakumo Yukari mod","Yuyuko","everything is the same but u backflip on backflip","slay the spire mod where everything is the same but ironclad has a cowboy hat"],"gold_per_floor":[116,135,135,135,147,173,173,191,191,191,203,203,163,173,173,272,272,282,282,282,309,218,218,233,266,266,266,226,238,238,238,238],"floor_reached":31,"language":"ENG","playtime":1450,"items_purged":[],"score":253,"play_id":"339f783a-4685-43da-9d27-2104e6292f4b","local_time":"20210204205231","is_ascension_mode":false,"campfire_choices":[{"floor":7,"key":"REST"},{"floor":15,"key":"REST"},{"data":"FlawlessForm","floor":23,"key":"SMITH"}],"circlet_count":0,"master_deck":["Strike_S","Strike_S","Strike_S+1","Strike_S","Defend_S","Defend_S","Defend_S","Defend_S+1","KidneyShot","Exchange","FastForward","Ricochet+1","Contraction","FlawlessForm+1","SilverBlades","KidneyShot","Potential","TimeWarp+1","Spin","Replace+1","FanOfKnives+1","Contraction","Misdirection"],"relics":["Uniform","NeowsBlessing","LetterFromLob","Whetstone","hubris:MysteriousPyramids","PaintedHorse:ReiMu","construct:WeddingRing","ReplayTheSpireMod:Lightbulb","Art of War","hubris:Reverence"],"acts_visited":["Exordium","TheCity"],"potions_floor_usage":[16,31,31],"damage_taken":[{"damage":0,"enemies":"Small Slimes","floor":1,"turns":1},{"damage":0,"enemies":"Cultist","floor":2,"turns":1},{"damage":0,"enemies":"2 Louse","floor":5,"turns":1},{"damage":27,"enemies":"3 Sentries","floor":6,"turns":10},{"damage":5,"enemies":"Blue Slaver","floor":8,"turns":5},{"damage":6,"enemies":"Exordium Wildlife","floor":11,"turns":5},{"damage":15,"enemies":"Lots of Slimes","floor":14,"turns":4},{"damage":27,"enemies":"The Guardian","floor":16,"turns":16},{"damage":9,"enemies":"3 Byrds","floor":18,"turns":6},{"damage":21,"enemies":"2 Thieves","floor":24,"turns":2},{"damage":13,"enemies":"Gremlin Leader","floor":25,"turns":9},{"damage":0,"enemies":"conspire:HollyBat","floor":29,"turns":11},{"damage":26,"enemies":"Sentry and Sphere","floor":31,"turns":7}],"seed_played":"-6963267655865154838","potions_obtained":[{"floor":1,"key":"Adrenaline Potion"},{"floor":6,"key":"construct:ShiftPotion"},{"floor":25,"key":"PowerPotion"},{"floor":29,"key":"BlessingOfTheForge"}],"is_trial":false,"path_per_floor":["M","M","$","?","M","E","R","M","T","?","M","M","?","M","R","B",null,"M","?","?","T","$","R","M","E","T","?","?","M","?","M"],"character_chosen":"THE_SERVANT","items_purchased":["Spin","Replace+1"],"campfire_rested":2,"item_purchase_floors":[22,22],"current_hp_per_floor":[65,65,65,65,65,38,57,52,52,52,46,46,46,31,50,23,65,56,56,56,56,56,56,35,22,22,22,22,22,22,0,0],"gold":238,"neow_bonus":"THREE_ENEMY_KILL","is_daily":false,"chose_seed":false,"campfire_upgraded":1,"win_rate":0.0,"timestamp":1612489951,"path_taken":["M","M","$","?","M","E","R","M","T","?","?","M","?","M","R","BOSS","M","?","?","?","$","R","?","E","T","?","?","?","?","M"],"items_purchased_type":["Card","Card"],"build_version":"2020-12-22","purchased_purges":0,"victory":false,"max_hp_per_floor":[65,65,65,65,65,65,65,65,65,65,65,65,65,65,65,65,65,65,65,65,65,65,65,65,65,65,65,65,65,65,65,65],"card_choices":[{"not_picked":["Shuttle","ReturningBlade"],"picked":"FastForward","floor":1},{"not_picked":["Reset","Rearm"],"picked":"Ricochet","floor":2},{"not_picked":["Potential","FastForward"],"picked":"Contraction","floor":5},{"not_picked":["BottledTime","Revamp"],"picked":"FlawlessForm","floor":6},{"not_picked":["Spin","Desolation"],"picked":"SilverBlades","floor":8},{"not_picked":["Alleviate","Defy"],"picked":"Potential","floor":11},{"not_picked":["FloweringNight","SilverBlades","Revamp"],"picked":"SKIP","floor":14},{"not_picked":["FastForward+1","Advance+1"],"picked":"TimeWarp+1","floor":18},{"not_picked":["Spin+1","Revamp"],"picked":"FanOfKnives","floor":24},{"not_picked":["Desolation","BottledTime"],"picked":"Contraction","floor":25},{"not_picked":["Defy+1","Reset+1"],"picked":"Misdirection","floor":29}],"player_experience":348790,"relics_obtained":[{"floor":1,"key":"LetterFromLob"},{"floor":6,"key":"Whetstone"},{"floor":9,"key":"hubris:MysteriousPyramids"},{"floor":21,"key":"ReplayTheSpireMod:Lightbulb"},{"floor":25,"key":"Art of War"},{"floor":26,"key":"hubris:Reverence"}],"event_choices":[{"damage_healed":0,"gold_gain":0,"player_choice":"1 cards matched","damage_taken":0,"max_hp_gain":0,"max_hp_loss":0,"event_name":"Match and Keep!","floor":10,"gold_loss":0,"cards_obtained":["KidneyShot"]},{"damage_healed":0,"gold_gain":0,"player_choice":"Donate","damage_taken":0,"relics_obtained":["PaintedHorse:ReiMu"],"max_hp_gain":0,"max_hp_loss":0,"event_name":"yidonshenshe","floor":13,"gold_loss":40},{"damage_healed":0,"gold_gain":0,"player_choice":"Ignored","damage_taken":0,"max_hp_gain":0,"max_hp_loss":0,"event_name":"Vampires","floor":27,"gold_loss":0},{"damage_healed":0,"gold_gain":0,"player_choice":"Upgraded Two","damage_taken":0,"max_hp_gain":0,"max_hp_loss":0,"event_name":"Designer","floor":28,"gold_loss":40,"cards_upgraded":["Defend_S","FanOfKnives"]},{"damage_healed":0,"gold_gain":0,"player_choice":"Ignored","damage_taken":0,"max_hp_gain":0,"max_hp_loss":0,"event_name":"Ghosts","floor":30,"gold_loss":0}],"is_beta":false,"boss_relics":[{"not_picked":["reliquary:RedCape","ReplayTheSpireMod:DimensionalGlitch"],"picked":"construct:WeddingRing"}],"items_purged_floors":[],"is_endless":false,"potions_floor_spawned":[1,6,25,29],"killed_by":"Sentry and Sphere","ascension_level":0}}