{"host":"bcxgpd1eu8czocm9","time":1612535096,"event":{"mods":["BaseMod","Downfall","Minty Spire (QoL Compilation)","Quick Restart","Replay The Spire","Spicy Shops","StSLib","¡¾ÒÅÎï¿¨ÅÆ¡¿REMEMod"],"gold_per_floor":[109,123,140,156,65,95,106,54,78,96,96,114,114,133,133,238,238,238,238],"floor_reached":18,"language":"ZHS","playtime":836,"items_purged":[],"score":166,"play_id":"cd19e1dd-bc6b-4e03-b6b3-c21ad668eda7","local_time":"20210205222456","is_ascension_mode":false,"campfire_choices":[{"floor":11.0,"key":"REST"},{"floor":15,"key":"REST"}],"circlet_count":0,"master_deck":["Strike_G","Strike_G","Defend_G","Defend_G","Defend_G","Survivor","Neutralize","Dark Embrace","ReplayTheSpireMod:The Works","ReplayTheSpireMod:The Works","Dagger Spray","Replay:Parry","Skewer","Infinite Blades+1","Calculated Gamble","Storm of Steel","Languid","downfall:Bewildered"],"relics":["Ring of the Snake","REME_ComplimentaryCards","Boot","bronze:BronzeIdol","Kintsugi"],"acts_visited":["Exordium","TheCity"],"potions_floor_usage":[],"damage_taken":[{"damage":2.0,"enemies":"Cultist","floor":1.0,"turns":4.0},{"damage":9.0,"enemies":"2 Louse","floor":2.0,"turns":3.0},{"damage":6.0,"enemies":"Jaw Worm","floor":3.0,"turns":5.0},{"damage":14.0,"enemies":"Exordium Thugs","floor":4.0,"turns":8.0},{"damage":30.0,"enemies":"Lagavulin","floor":6.0,"turns":8.0},{"damage":2.0,"enemies":"Looter","floor":7.0,"turns":4.0},{"damage":1.0,"enemies":"2 Fungi Beasts","floor":10.0,"turns":3.0},{"damage":8.0,"enemies":"Exordium Wildlife","floor":12.0,"turns":3.0},{"damage":14,"enemies":"Red Slaver","floor":14,"turns":3},{"damage":39,"enemies":"Fading Forest","floor":16,"turns":11},{"damage":6,"enemies":"Chosen","floor":18,"turns":4}],"seed_played":"-5503454484580981461","potions_obtained":[{"floor":2.0,"key":"Venom Potion"},{"floor":3.0,"key":"Block Potion"},{"floor":6.0,"key":"Adrenaline Potion"},{"floor":10.0,"key":"SpeedPotion"},{"floor":13.0,"key":"Fire Potion"},{"floor":13.0,"key":"Fire Potion"},{"floor":13.0,"key":"PowerPotion"},{"floor":14,"key":"Fire Potion"}],"is_trial":false,"path_per_floor":["M","M","M","M","$","E","M","$","T","M","R","M","?","M","R","B",null,"M"],"character_chosen":"THE_SILENT","items_purchased":["Replay:Parry","Infinite Blades+1"],"campfire_rested":2,"item_purchase_floors":[5,8],"current_hp_per_floor":[75,66,60,46,46,16,14,14,14,13,36,28,28,14,37,8,77,71,71],"gold":238,"neow_bonus":"TEN_PERCENT_HP_BONUS","is_daily":false,"chose_seed":false,"campfire_upgraded":0,"win_rate":0.0,"timestamp":1612535096,"path_taken":["M","M","M","M","$","E","M","$","T","?","R","M","?","M","R","BOSS","M"],"items_purchased_type":["Card","Card"],"build_version":"2020-12-22","purchased_purges":0,"victory":false,"max_hp_per_floor":[77,77,77,77,77,77,77,77,77,77,77,77,77,77,77,77,77,77,77],"card_choices":[{"not_picked":["Blade Dance","Outmaneuver"],"picked":"ReplayTheSpireMod:The Works","floor":1.0},{"not_picked":["Replay:Poison Smokescreen","Footwork"],"picked":"ReplayTheSpireMod:The Works","floor":2.0},{"not_picked":["Outmaneuver","Bane"],"picked":"Dagger Spray","floor":3.0},{"not_picked":["Sneak Up","Deadly Poison","Skewer"],"picked":"SKIP","floor":4.0},{"not_picked":["Deflect","Quick Slash"],"picked":"Skewer","floor":6.0},{"not_picked":["Bane","Escape Plan","Sucker Punch"],"picked":"SKIP","floor":7.0},{"not_picked":["Deadly Poison","REME_SpectralBlade","Dodge and Roll"],"picked":"SKIP","floor":10.0},{"not_picked":["Deflect","Escape Plan"],"picked":"Calculated Gamble","floor":12.0},{"not_picked":["ReplayTheSpireMod:The Works","Slice","Flying Knee"],"picked":"SKIP","floor":14},{"not_picked":["Unload","Envenom"],"picked":"Storm of Steel","floor":16}],"player_experience":440809,"relics_obtained":[{"floor":6.0,"key":"Boot"},{"floor":9.0,"key":"bronze:BronzeIdol"}],"event_choices":[{"damage_healed":0.0,"max_hp_gain":0.0,"max_hp_loss":0.0,"gold_gain":0.0,"event_name":"Lab","player_choice":"Got Potions","floor":13.0,"gold_loss":0.0,"damage_taken":0.0}],"is_beta":false,"boss_relics":[{"not_picked":["Painkiller Herb","Fusion Hammer"],"picked":"Kintsugi"}],"items_purged_floors":[],"is_endless":false,"potions_floor_spawned":[2,3,6,10,14,16],"killed_by":"Chosen","ascension_level":0}}