{"host":"sav7uxregyirlf69","time":1612528597,"event":{"mods":["AchievementEnabler","BaseMod","Colored Map","DeckTracker","Keyboard Shortcuts","Minty Spire (QoL Compilation)","READ ME - Guardian Mod","StSLib","SuperFastMode"],"gold_per_floor":[112,112,112,125,142,172,182,152,175,175,188,198,198,210,210,210,210],"floor_reached":16,"language":"KOR","playtime":269,"items_purged":[],"score":212,"play_id":"ce089e55-9022-43f4-8b41-3d7c22c648d0","local_time":"20210205213637","is_ascension_mode":true,"campfire_choices":[{"floor":10,"key":"REST"},{"data":"Terror","floor":13,"key":"SMITH"},{"floor":15,"key":"REST"}],"circlet_count":0,"master_deck":["AscendersBane","Strike_G","Strike_G","Strike_G","Strike_G","Strike_G","Defend_G","Defend_G","Defend_G","Defend_G","Defend_G","Survivor","Neutralize","Flying Knee","Dash","Cloak And Dagger","After Image","Blade Dance","Dagger Spray","Terror+1","Accuracy"],"relics":["Ring of the Snake","NeowsBlessing","Question Card","Blood Vial","Orichalcum"],"acts_visited":["Exordium"],"potions_floor_usage":[6,16,16],"damage_taken":[{"damage":0,"enemies":"2 Louse","floor":1,"turns":1},{"damage":0,"enemies":"Jaw Worm","floor":4,"turns":1},{"damage":0,"enemies":"Cultist","floor":5,"turns":1},{"damage":50,"enemies":"Lagavulin","floor":6,"turns":11},{"damage":3,"enemies":"Blue Slaver","floor":7,"turns":6},{"damage":7,"enemies":"Exordium Thugs","floor":8,"turns":4},{"damage":11,"enemies":"Large Slime","floor":11,"turns":7},{"damage":0,"enemies":"2 Fungi Beasts","floor":12,"turns":3},{"damage":16,"enemies":"Exordium Thugs","floor":14,"turns":5},{"damage":31,"enemies":"Slime Boss","floor":16,"turns":5}],"seed_played":"6147553784491209895","potions_obtained":[{"floor":4,"key":"DistilledChaos"},{"floor":6,"key":"GamblersBrew"},{"floor":8,"key":"Poison Potion"}],"is_trial":false,"path_per_floor":["M","?","T","M","M","E","M","M","T","R","M","M","R","M","R","B"],"character_chosen":"THE_SILENT","items_purchased":[],"campfire_rested":2,"item_purchase_floors":[],"current_hp_per_floor":[59,64,64,64,64,14,13,8,8,29,20,22,22,8,29,0,0],"gold":210,"neow_bonus":"THREE_ENEMY_KILL","is_daily":false,"chose_seed":false,"campfire_upgraded":1,"win_rate":0.0,"timestamp":1612528597,"path_taken":["M","?","?","?","M","E","?","M","T","R","M","M","R","M","R","BOSS"],"items_purchased_type":[],"build_version":"2020-12-22","purchased_purges":0,"victory":false,"max_hp_per_floor":[66,71,71,71,71,71,71,71,71,71,71,71,71,71,71,71,71],"card_choices":[{"not_picked":["PiercingWail","Sucker Punch"],"picked":"Flying Knee","floor":1},{"not_picked":["Escape Plan","PiercingWail","Cloak And Dagger"],"picked":"Dash","floor":4},{"not_picked":["Dodge and Roll","Prepared","Choke"],"picked":"Cloak And Dagger","floor":5},{"not_picked":["Deadly Poison","Reflex","Dagger Throw"],"picked":"After Image","floor":6},{"not_picked":["Prepared","Flechettes","Dodge and Roll"],"picked":"Blade Dance","floor":7},{"not_picked":["Terror","Eviscerate","Dash"],"picked":"Dagger Spray","floor":8},{"not_picked":["Underhanded Strike","Outmaneuver","Finisher"],"picked":"Terror","floor":11},{"not_picked":["Catalyst","Quick Slash","Venomology","Acrobatics"],"picked":"SKIP","floor":12},{"not_picked":["Bouncing Flask","Quick Slash","Poisoned Stab"],"picked":"Accuracy","floor":14}],"player_experience":1495181,"relics_obtained":[{"floor":3,"key":"Question Card"},{"floor":6,"key":"Blood Vial"},{"floor":9,"key":"Orichalcum"}],"event_choices":[{"damage_healed":0,"gold_gain":0,"player_choice":"Donut","damage_taken":0,"max_hp_gain":5,"max_hp_loss":0,"event_name":"Big Fish","floor":2,"gold_loss":0}],"is_beta":false,"boss_relics":[],"items_purged_floors":[],"is_endless":false,"potions_floor_spawned":[4,6,8],"killed_by":"Slime Boss","ascension_level":20}}