{"host":"9bcvatsnbq1a3xq4","time":1612552227,"event":{"mods":["BaseMod","Bestiary","Block Reminder","Highlight Path","Minty Spire (QoL Compilation)","Relic Stats"],"gold_per_floor":[117,137,137,155,170,195,195,195,195],"floor_reached":8,"language":"ENG","playtime":530,"items_purged":[],"score":116,"play_id":"2447e3ed-eb6b-4844-8cde-d193ca622ee7","local_time":"20210205201027","is_ascension_mode":true,"campfire_choices":[{"floor":7,"key":"REST"}],"circlet_count":0,"master_deck":["AscendersBane","Strike_B","Strike_B","Strike_B","Strike_B","Defend_B","Defend_B","Defend_B","Defend_B","Zap","Dualcast","Biased Cognition","Gash","Compile Driver","Defragment","BootSequence","Gash","Cold Snap"],"relics":["Cracked Core","Darkstone Periapt"],"acts_visited":["Exordium"],"potions_floor_usage":[6,6,6,8,8],"damage_taken":[{"damage":7,"enemies":"Jaw Worm","floor":1,"turns":3},{"damage":0,"enemies":"Cultist","floor":2,"turns":2},{"damage":6,"enemies":"2 Louse","floor":4,"turns":3},{"damage":11,"enemies":"Large Slime","floor":5,"turns":5},{"damage":35,"enemies":"3 Sentries","floor":6,"turns":6},{"damage":25,"enemies":"Lagavulin","floor":8,"turns":3}],"seed_played":"-4891058952430536573","potions_obtained":[{"floor":2,"key":"FearPotion"},{"floor":4,"key":"DistilledChaos"},{"floor":5,"key":"EntropicBrew"},{"floor":6,"key":"Strength Potion"}],"is_trial":false,"path_per_floor":["M","M","?","M","M","E","R","E"],"character_chosen":"DEFECT","items_purchased":[],"campfire_rested":1,"item_purchase_floors":[],"current_hp_per_floor":[57,57,57,51,40,5,24,0,0],"gold":195,"neow_bonus":"THREE_RARE_CARDS","is_daily":false,"chose_seed":false,"campfire_upgraded":0,"win_rate":0.0,"timestamp":1612552227,"path_taken":["M","M","?","M","?","E","R","E"],"items_purchased_type":[],"build_version":"2020-12-22","purchased_purges":0,"victory":false,"max_hp_per_floor":[64,64,64,64,64,64,64,64,64],"relic_stats":{"Darkstone Periapt":0,"counters":[6,22],"obtain_stats":[{"Darkstone Periapt":6,"Cracked Core":0},{"Darkstone Periapt":5,"Cracked Core":0},{"Darkstone Periapt":19,"Cracked Core":0}]},"card_choices":[{"not_picked":["Fission","Buffer"],"picked":"Biased Cognition","floor":0},{"not_picked":["Stack","Reprogram"],"picked":"Gash","floor":1},{"not_picked":["Turbo","Reinforced Body"],"picked":"Compile Driver","floor":2},{"not_picked":["Melter","Compile Driver"],"picked":"BootSequence","floor":4},{"not_picked":["Rip and Tear","Tempest"],"picked":"Gash","floor":5},{"not_picked":["Chill","Genetic Algorithm"],"picked":"Cold Snap","floor":6}],"player_experience":778708,"relics_obtained":[{"floor":6,"key":"Darkstone Periapt"}],"event_choices":[{"damage_healed":0,"gold_gain":0,"player_choice":"1 cards matched","damage_taken":0,"max_hp_gain":0,"max_hp_loss":0,"event_name":"Match and Keep!","floor":3,"gold_loss":0,"cards_obtained":["Defragment"]}],"is_beta":false,"boss_relics":[],"items_purged_floors":[],"is_endless":false,"potions_floor_spawned":[2,4,5,6],"killed_by":"Lagavulin","ascension_level":20}}