{"host":"usru02jcpe2a942d","time":1612485030,"event":{"mods":["ATMod(°¢èªMod)","Act Like it!","BaseMod","Better Note","Better Vampires","Challenge The Spire","Colored Powertips","Friendly Minions","GifTheSpireLib","Highlight Path","Hubris","Infinite Spire","Jedi Mod","Minty Spire (QoL Compilation)","MostiFishMod","Pale of the Ancients","Quick Restart","Relic Stats","RumiaBox-Â¶Ã×æ«µÄÉñÃØºÐ×Ó","StSLib","The Hayseed","noobMod","¡¾ÒÅÎï¿¨ÅÆ¡¿REMEMod","óô»ðÖ¸ÄÏ"],"gold_per_floor":[116,116,116,116,133,133,58,68,123,123,123,133,33,59,59,164,164,182,232,246,258,277,308,308,327,403,105,105,105,124,144,19,122,122,141,191,202,52,52,86,86,119,145,145,184,202,228,228,52,52],"floor_reached":51,"language":"ZHS","playtime":2029,"items_purged":["TheSimpletonMod:Strike_TheSimpleton","TheSimpletonMod:Strike_TheSimpleton","TheSimpletonMod:Haymaker","TheSimpletonMod:Surplus","TheSimpletonMod:Defend_TheSimpleton"],"score":727,"play_id":"019f6ff2-3074-4b84-9d6c-2236b8143cac","local_time":"20210205083030","is_ascension_mode":false,"campfire_choices":[{"data":"AT_FamilyPortrait","floor":6.0,"key":"SMITH"},{"data":"REME_ShadowForm","floor":10.0,"key":"SMITH"},{"data":"TheSimpletonMod:Sunseed","floor":15.0,"key":"SMITH"},{"data":"TheSimpletonMod:SpiceUp","floor":24.0,"key":"SMITH"},{"data":"TheSimpletonMod:ReapAndSow","floor":29.0,"key":"SMITH"},{"data":"TheSimpletonMod:Ferment","floor":41.0,"key":"SMITH"}],"circlet_count":0,"master_deck":["TheSimpletonMod:Defend_TheSimpleton","TheSimpletonMod:Defend_TheSimpleton","TheSimpletonMod:Defend_TheSimpleton","TheSimpletonMod:ReapAndSow+1","REME_ShadowForm+1","AT_FamilyPortrait+1","TheSimpletonMod:RootDown","TheSimpletonMod:Sunseed+1","TheSimpletonMod:Photosynthesis+1","TheSimpletonMod:Pruning+1","TheSimpletonMod:RootDown+1","TheSimpletonMod:SpiceUp+1","TheSimpletonMod:RootDown","TheSimpletonMod:OnionBloom+1","TheSimpletonMod:SpiceUp+1","TheSimpletonMod:Ferment+1","TheSimpletonMod:OnionBloom+1","TheSimpletonMod:SeedCoat","TheSimpletonMod:Sunseed+1","MostiFishMod:Kaleido"],"relics":["TheSimpletonMod:SpudOfTheInnocent","TheSimpletonMod:NightSoil","TheSimpletonMod:TheHarvester","DaveBox","ice","REME_ComplimentaryCards","AT_ATBox","ShadowXiaoBlade","SynthV:TestCard","Vajra","hubris:Icosahedron","SynthV:C4","jedi:HeartOfTheCards","Nunchaku","TheSimpletonMod:OnionBelt","infinitespire:Lucky Rock","AT_DeathDance","Technique","Bag of Preparation","hubris:PeanutButter","Black Star","Ice Cream","Oddly Smooth Stone","MealTicket","TheSimpletonMod:CashCrop","hubris:SlimyHat","Happy Flower","Blood Vial"],"acts_visited":["Exordium","TheCity","TheBeyond"],"potions_floor_usage":[],"damage_taken":[{"damage":3.0,"enemies":"Jaw Worm","floor":1.0,"turns":3.0},{"damage":0.0,"enemies":"2 Louse","floor":5.0,"turns":1.0},{"damage":2.0,"enemies":"Small Slimes","floor":8.0,"turns":3.0},{"damage":0.0,"enemies":"Looter","floor":12.0,"turns":2.0},{"damage":15.0,"enemies":"Lagavulin","floor":14.0,"turns":4.0},{"damage":0.0,"enemies":"Slime Boss","floor":16.0,"turns":1.0},{"damage":10.0,"enemies":"3 Byrds","floor":18.0,"turns":2.0},{"damage":15.0,"enemies":"2 Thieves","floor":20.0,"turns":2.0},{"damage":14.0,"enemies":"Snake Plant","floor":21.0,"turns":2.0},{"damage":12.0,"enemies":"Centurion and Healer","floor":22.0,"turns":2.0},{"damage":18.0,"enemies":"Nightmare","floor":23.0,"turns":4.0},{"damage":8.0,"enemies":"Shelled Parasite and Fungi","floor":25.0,"turns":2.0},{"damage":0.0,"enemies":"Snecko","floor":30.0,"turns":2.0},{"damage":0.0,"enemies":"3 Cultists","floor":31.0,"turns":2.0},{"damage":3.0,"enemies":"Collector","floor":33.0,"turns":3.0},{"damage":0.0,"enemies":"Orb Walker","floor":35.0,"turns":2.0},{"damage":0.0,"enemies":"Mind Bloom Boss Battle","floor":36.0,"turns":3.0},{"damage":0.0,"enemies":"3 Darklings","floor":37.0,"turns":3.0},{"damage":34.0,"enemies":"Nightmare","floor":40.0,"turns":5.0},{"damage":0.0,"enemies":"Reptomancer","floor":42.0,"turns":2.0},{"damage":0.0,"enemies":"Transient","floor":45.0,"turns":5.0},{"damage":0.0,"enemies":"Sphere and 2 Shapes","floor":46.0,"turns":1.0},{"damage":0.0,"enemies":"Maw","floor":47.0,"turns":3.0},{"damage":0,"enemies":"infinitespire:MassOfShapes","floor":50,"turns":1}],"seed_played":"8312799313301492012","potions_obtained":[{"floor":1.0,"key":"AttackPotion"},{"floor":5.0,"key":"Block Potion"},{"floor":12.0,"key":"Block Potion"},{"floor":22.0,"key":"Fruit Juice"},{"floor":23.0,"key":"DuplicationPotion"},{"floor":30.0,"key":"ColorlessPotion"},{"floor":31.0,"key":"jedi:StrikingPotion"},{"floor":33.0,"key":"Explosive Potion"},{"floor":37.0,"key":"Swift Potion"},{"floor":45.0,"key":"Strength Potion"}],"is_trial":false,"path_per_floor":["M","?","?","?","M","R","$","M","T","R","?","M","$","E","R","B",null,"M","?","M","M","M","NM","R","M","T","R","?","R","M","M","R","B",null,"M","?","M","$","?","NM","R","E","T","AVR","M","M","M","?","R","B",null],"character_chosen":"THE_SIMPLETON","items_purchased":["Technique","Bag of Preparation","MostiFishMod:Kaleido"],"campfire_rested":0,"item_purchase_floors":[27,27,49],"current_hp_per_floor":[55,52,52,52,52,52,52,54,54,54,54,54,54,43,43,43,75,65,65,54,44,37,19,19,15,15,15,15,15,15,15,15,12,80,80,80,80,80,80,48,48,48,48,48,50,52,54,54,54,56],"gold":52,"neow_bonus":"REMOVE_TWO","is_daily":false,"chose_seed":false,"campfire_upgraded":6,"win_rate":0.0,"timestamp":1612485030,"path_taken":["M","?","?","?","M","R","?","M","T","R","?","M","$","E","R","BOSS","M","?","?","M","M","NM","R","?","T","R","?","R","?","M","R","BOSS","M","?","M","?","?","NM","R","E","T","AVR","M","M","?","?","R","BOSS"],"items_purchased_type":["Relic","Relic","Card"],"build_version":"2020-12-22","purchased_purges":5,"victory":true,"max_hp_per_floor":[75,75,75,75,75,75,75,75,75,75,75,75,75,75,75,75,75,75,75,75,75,80,80,80,80,80,80,80,80,80,80,80,80,80,80,80,80,80,80,82,82,82,82,82,82,82,82,82,82,82],"relic_stats":{"Blood Vial":8,"Nunchaku":[18],"Happy Flower":[3],"counters":[24,60],"MealTicket":0,"Bag of Preparation":[24],"Black Star":2,"obtain_stats":[{"Ice Cream":36,"AT_ATBox":0,"TheSimpletonMod:CashCrop":42,"DaveBox":0,"Vajra":2,"ice":0,"Bag of Preparation":27,"hubris:SlimyHat":42,"SynthV:C4":9,"TheSimpletonMod:TheHarvester":0,"Blood Vial":44,"Nunchaku":14,"TheSimpletonMod:OnionBelt":17,"hubris:Icosahedron":4,"MealTicket":40,"TheSimpletonMod:SpudOfTheInnocent":0,"TheSimpletonMod:NightSoil":0,"Happy Flower":43,"Oddly Smooth Stone":40,"ShadowXiaoBlade":0,"infinitespire:Lucky Rock":23,"jedi:HeartOfTheCards":11,"SynthV:TestCard":1,"hubris:PeanutButter":28,"Black Star":34,"Technique":27,"AT_DeathDance":26,"REME_ComplimentaryCards":0},{"Ice Cream":17,"AT_ATBox":0,"TheSimpletonMod:CashCrop":20,"DaveBox":0,"Vajra":1,"ice":0,"Bag of Preparation":12,"hubris:SlimyHat":20,"SynthV:C4":3,"TheSimpletonMod:TheHarvester":0,"Blood Vial":20,"Nunchaku":5,"TheSimpletonMod:OnionBelt":6,"hubris:Icosahedron":1,"MealTicket":19,"TheSimpletonMod:SpudOfTheInnocent":0,"TheSimpletonMod:NightSoil":0,"Happy Flower":20,"Oddly Smooth Stone":19,"ShadowXiaoBlade":0,"infinitespire:Lucky Rock":11,"jedi:HeartOfTheCards":3,"SynthV:TestCard":1,"hubris:PeanutButter":12,"Black Star":15,"Technique":12,"AT_DeathDance":12,"REME_ComplimentaryCards":0},{"Ice Cream":40,"AT_ATBox":0,"TheSimpletonMod:CashCrop":50,"DaveBox":0,"Vajra":3,"ice":0,"Bag of Preparation":28,"hubris:SlimyHat":50,"SynthV:C4":7,"TheSimpletonMod:TheHarvester":0,"Blood Vial":50,"Nunchaku":13,"TheSimpletonMod:OnionBelt":14,"hubris:Icosahedron":3,"MealTicket":48,"TheSimpletonMod:SpudOfTheInnocent":0,"TheSimpletonMod:NightSoil":0,"Happy Flower":50,"Oddly Smooth Stone":48,"ShadowXiaoBlade":0,"infinitespire:Lucky Rock":26,"jedi:HeartOfTheCards":7,"SynthV:TestCard":3,"hubris:PeanutButter":28,"Black Star":35,"Technique":28,"AT_DeathDance":28,"REME_ComplimentaryCards":0}]},"card_choices":[{"not_picked":["TheSimpletonMod:Aerate","TheSimpletonMod:Mulch"],"picked":"TheSimpletonMod:RootDown","floor":1.0},{"not_picked":["TheSimpletonMod:CloseScrape","TheSimpletonMod:Artichokes","TheSimpletonMod:Onions","TheSimpletonMod:Mulch","TheSimpletonMod:DoubleBarrel"],"picked":"SKIP","floor":5.0},{"not_picked":["TheSimpletonMod:SpiceUp","TheSimpletonMod:Germinate","TheSimpletonMod:DoubleBarrel","TheSimpletonMod:Onions"],"picked":"TheSimpletonMod:Sunseed","floor":8.0},{"not_picked":["TheSimpletonMod:BumperCrop","TheSimpletonMod:SeedCoat","TheSimpletonMod:Thresh","TheSimpletonMod:VineRipen","TheSimpletonMod:DigIn"],"picked":"SKIP","floor":12.0},{"not_picked":["TheSimpletonMod:Onions","TheSimpletonMod:SaladShooter","TheSimpletonMod:Mulch","TheSimpletonMod:Rake","TheSimpletonMod:Pruning"],"picked":"SKIP","floor":14.0},{"not_picked":["TheSimpletonMod:Spinach","TheSimpletonMod:DesperatePlunge","TheSimpletonMod:FlashPasteurize","TheSimpletonMod:ErosionControl"],"picked":"TheSimpletonMod:Photosynthesis","floor":16.0},{"not_picked":["TheSimpletonMod:CloseScrape+1","TheSimpletonMod:Rototilling","TheSimpletonMod:BumperCrop","TheSimpletonMod:BuzzBomb","TheSimpletonMod:PestManagement"],"picked":"SKIP","floor":18.0},{"not_picked":["TheSimpletonMod:Innovate+1","TheSimpletonMod:Onions","TheSimpletonMod:Aerate","TheSimpletonMod:Artichokes"],"picked":"TheSimpletonMod:Pruning","floor":20.0},{"not_picked":["TheSimpletonMod:StockTheCellar+1","TheSimpletonMod:Innovate","TheSimpletonMod:Artichokes","TheSimpletonMod:CropRotation"],"picked":"TheSimpletonMod:RootDown+1","floor":21.0},{"not_picked":["TheSimpletonMod:Onions","TheSimpletonMod:SaladShooter","TheSimpletonMod:Mulch","TheSimpletonMod:Rototilling","TheSimpletonMod:TakeHeart"],"picked":"SKIP","floor":22.0},{"not_picked":["TheSimpletonMod:CloseScrape","TheSimpletonMod:Mulch","TheSimpletonMod:Swelter","TheSimpletonMod:Onions"],"picked":"TheSimpletonMod:SpiceUp","floor":23.0},{"not_picked":["TheSimpletonMod:Fertilaser","TheSimpletonMod:Artichokes","TheSimpletonMod:Germinate","TheSimpletonMod:Onions","TheSimpletonMod:Rototilling+1"],"picked":"SKIP","floor":25.0},{"not_picked":["TheSimpletonMod:SeedCoat","TheSimpletonMod:StockTheCellar","TheSimpletonMod:Rototilling","TheSimpletonMod:Germinate"],"picked":"TheSimpletonMod:RootDown","floor":30.0},{"not_picked":["TheSimpletonMod:SaladShooter+1","TheSimpletonMod:Artichokes","TheSimpletonMod:Germinate","TheSimpletonMod:TakeHeart"],"picked":"TheSimpletonMod:OnionBloom+1","floor":31.0},{"not_picked":["TheSimpletonMod:Photosynthesis","TheSimpletonMod:ResearchGrant","TheSimpletonMod:SaltTheEarth","TheSimpletonMod:DesperatePlunge"],"picked":"TheSimpletonMod:Surplus","floor":33.0},{"not_picked":["TheSimpletonMod:Germinate+1","TheSimpletonMod:Artichokes","TheSimpletonMod:DoubleBarrel","TheSimpletonMod:SoilSample"],"picked":"TheSimpletonMod:SpiceUp+1","floor":35.0},{"not_picked":["TheSimpletonMod:Artichokes","TheSimpletonMod:SpiceUp+1","TheSimpletonMod:Swelter+1","TheSimpletonMod:SeedCoat+1"],"picked":"TheSimpletonMod:Ferment","floor":36.0},{"not_picked":["TheSimpletonMod:CrackOfDawn","TheSimpletonMod:DigIn+1","TheSimpletonMod:Mulch","TheSimpletonMod:PestManagement"],"picked":"TheSimpletonMod:OnionBloom+1","floor":37.0},{"not_picked":["TheSimpletonMod:SpiceUp","TheSimpletonMod:CullingStrike+1","TheSimpletonMod:Onions","TheSimpletonMod:Artichokes","TheSimpletonMod:OnionBloom+1"],"picked":"SKIP","floor":40.0},{"not_picked":["TheSimpletonMod:Onions+1","TheSimpletonMod:StockTheCellar+1","TheSimpletonMod:OnionBloom+1","TheSimpletonMod:Sunchoke+1"],"picked":"TheSimpletonMod:SeedCoat","floor":42.0},{"not_picked":["TheSimpletonMod:CullingStrike+1","TheSimpletonMod:SeedCoat","TheSimpletonMod:Mulch+1","TheSimpletonMod:ToughenUp","TheSimpletonMod:BuzzBomb"],"picked":"SKIP","floor":45.0},{"not_picked":["TheSimpletonMod:Ferment+1","TheSimpletonMod:KeenEdge+1","TheSimpletonMod:CloseScrape+1","TheSimpletonMod:Germinate+1","TheSimpletonMod:ToughenUp"],"picked":"SKIP","floor":46.0},{"not_picked":["TheSimpletonMod:DoubleBarrel","TheSimpletonMod:Rake","TheSimpletonMod:Artichokes","TheSimpletonMod:Germinate+1"],"picked":"TheSimpletonMod:Sunseed","floor":47.0}],"player_experience":247116,"relics_obtained":[{"floor":1.0,"key":"SynthV:TestCard"},{"floor":9.0,"key":"SynthV:C4"},{"floor":11.0,"key":"jedi:HeartOfTheCards"},{"floor":14.0,"key":"Nunchaku"},{"floor":23.0,"key":"infinitespire:Lucky Rock"},{"floor":26.0,"key":"AT_DeathDance"},{"floor":28.0,"key":"hubris:PeanutButter"},{"floor":36.0,"key":"Ice Cream"},{"floor":40.0,"key":"Oddly Smooth Stone"},{"floor":40.0,"key":"MealTicket"},{"floor":42.0,"key":"TheSimpletonMod:CashCrop"},{"floor":42.0,"key":"hubris:SlimyHat"},{"floor":43.0,"key":"Happy Flower"}],"event_choices":[{"damage_healed":0.0,"max_hp_gain":0.0,"max_hp_loss":0.0,"gold_gain":0.0,"event_name":"Scrap Ooze","player_choice":"Success","floor":2.0,"gold_loss":0.0,"damage_taken":3.0,"relics_obtained":["Vajra"]},{"damage_healed":0.0,"max_hp_gain":0.0,"max_hp_loss":0.0,"gold_gain":100.0,"event_name":"The Joust","player_choice":"Bet on Murderer","floor":19.0,"gold_loss":50.0,"damage_taken":0.0},{"damage_healed":0.0,"max_hp_gain":0.0,"max_hp_loss":0.0,"gold_gain":0.0,"event_name":"Wheel of Change","player_choice":"Relic","floor":28.0,"gold_loss":0.0,"damage_taken":0.0},{"damage_healed":0.0,"max_hp_gain":0.0,"max_hp_loss":0.0,"gold_gain":0.0,"event_name":"MindBloom","player_choice":"Fight","floor":36.0,"gold_loss":0.0,"damage_taken":0.0},{"damage_healed":0.0,"max_hp_gain":0.0,"max_hp_loss":0.0,"gold_gain":0.0,"event_name":"SecretPortal","player_choice":"Ignored","floor":39.0,"gold_loss":0.0,"damage_taken":0.0}],"is_beta":false,"boss_relics":[{"not_picked":["jedi:hotpepper","Cursed Key"],"picked":"TheSimpletonMod:OnionBelt"},{"not_picked":["Philosopher\u0027s Stone","EE1DDrone"],"picked":"Black Star"}],"items_purged_floors":[7,13,32,38,44],"is_endless":true,"potions_floor_spawned":[1,5,12,22,23,30,31,33,37,45],"ascension_level":0}}