{"host":"08ib58efwyqa9h2x","time":1612530303,"event":{"mods":["BaseMod","Minty Spire (QoL Compilation)","Relic Stats"],"gold_per_floor":[113,123,136,211,228,265,285,285,285],"floor_reached":8,"language":"ENG","playtime":402,"items_purged":[],"score":117,"play_id":"e1a7fac8-dc3c-433e-adf4-01c55f94b926","local_time":"20210205140503","is_ascension_mode":true,"campfire_choices":[],"circlet_count":0,"master_deck":["AscendersBane","Strike_R","Strike_R","Strike_R","Strike_R","Strike_R","Defend_R","Defend_R","Defend_R","Defend_R","Bash","Hemokinesis","Sword Boomerang","Armaments","Shockwave","Pommel Strike","Seeing Red"],"relics":["Burning Blood","CeramicFish"],"acts_visited":["Exordium"],"potions_floor_usage":[8],"damage_taken":[{"damage":14,"enemies":"Jaw Worm","floor":1,"turns":4},{"damage":8,"enemies":"2 Louse","floor":2,"turns":3},{"damage":3,"enemies":"Cultist","floor":3,"turns":3},{"damage":13,"enemies":"Looter","floor":5,"turns":3},{"damage":32,"enemies":"Lagavulin","floor":6,"turns":6},{"damage":9,"enemies":"Large Slime","floor":7,"turns":6},{"damage":30,"enemies":"3 Sentries","floor":8,"turns":4}],"seed_played":"3743357911331802178","potions_obtained":[{"floor":2,"key":"BlessingOfTheForge"},{"floor":3,"key":"PowerPotion"}],"is_trial":false,"path_per_floor":["M","M","M","?","M","E","M","E"],"character_chosen":"IRONCLAD","items_purchased":[],"campfire_rested":0,"item_purchase_floors":[],"current_hp_per_floor":[67,65,68,57,50,24,21,0,0],"gold":285,"neow_bonus":"TEN_PERCENT_HP_BONUS","is_daily":false,"chose_seed":false,"campfire_upgraded":0,"win_rate":0.0,"timestamp":1612530303,"path_taken":["M","M","M","?","M","E","M","E"],"items_purchased_type":[],"build_version":"2020-12-22","purchased_purges":0,"victory":false,"max_hp_per_floor":[82,82,82,82,82,82,82,82,82],"relic_stats":{"counters":[7,29],"CeramicFish":18,"obtain_stats":[{"CeramicFish":6,"Burning Blood":0},{"CeramicFish":5,"Burning Blood":0},{"CeramicFish":19,"Burning Blood":0}],"Burning Blood":36},"card_choices":[{"not_picked":["Body Slam","Dropkick"],"picked":"Hemokinesis","floor":1},{"not_picked":["Wild Strike","Clash"],"picked":"Sword Boomerang","floor":2},{"not_picked":["Havoc","Battle Trance"],"picked":"Armaments","floor":3},{"not_picked":["Carnage","Flame Barrier"],"picked":"Shockwave","floor":5},{"not_picked":["Heavy Blade","Brutality"],"picked":"Pommel Strike","floor":6},{"not_picked":["Havoc","Thunderclap"],"picked":"Seeing Red","floor":7}],"player_experience":622351,"relics_obtained":[{"floor":6,"key":"CeramicFish"}],"event_choices":[{"damage_healed":0,"gold_gain":75,"player_choice":"Gather Gold","damage_taken":11,"max_hp_gain":0,"max_hp_loss":0,"event_name":"World of Goop","floor":4,"gold_loss":0}],"is_beta":false,"boss_relics":[],"items_purged_floors":[],"is_endless":false,"potions_floor_spawned":[2,3,5],"killed_by":"3 Sentries","ascension_level":19}}