{"host":"prxrhpgaxnj4om9r","time":1612503841,"event":{"mods":["AchievementEnabler","BaseMod","Minty Spire (QoL Compilation)"],"gold_per_floor":[218,218,293,310,59,59,85,99,99,166,166,166,166,193,193,290,290,307,307,307,22,58,58,157,183,183,193,154,154,79,108,108,108,108],"floor_reached":33,"language":"KOR","playtime":1536,"items_purged":[],"score":353,"play_id":"a9d6b36e-0c85-407d-9316-a420e7b12ea4","local_time":"20210205144401","is_ascension_mode":true,"campfire_choices":[{"data":"ForeignInfluence","floor":6,"key":"SMITH"},{"data":"Vigilance","floor":12,"key":"SMITH"},{"floor":15,"key":"REST"},{"data":"BowlingBash","floor":23,"key":"SMITH"},{"floor":29,"key":"REST"},{"floor":32,"key":"REST"}],"circlet_count":0,"master_deck":["Defend_P+1","Defend_P+1","Defend_P+1","Eruption+1","Vigilance+1","ForeignInfluence+1","SignatureMove+1","BowlingBash+1","Wish","FlurryOfBlows+1","WheelKick+1","DeusExMachina","ClearTheMind+1","Bite+1","Bite+1","Bite+1","Bite+1","Bite+1","SignatureMove+1","BowlingBash+1","Prostrate","FlyingSleeves+1","SandsOfTime+1","BowlingBash+1","MentalFortress+1","Perseverance"],"relics":["HolyWater","Eternal Feather","Centennial Puzzle","Molten Egg 2","Dream Catcher","Matryoshka","Juzu Bracelet","Omamori","Whetstone","Darkstone Periapt","Pantograph"],"acts_visited":["Exordium","TheCity"],"potions_floor_usage":[7,13,14,16,16,18,25,27,31],"damage_taken":[{"damage":4,"enemies":"Jaw Worm","floor":1,"turns":3},{"damage":0,"enemies":"2 Louse","floor":4,"turns":3},{"damage":15,"enemies":"Lagavulin","floor":7,"turns":4},{"damage":2,"enemies":"Small Slimes","floor":8,"turns":2},{"damage":3,"enemies":"3 Sentries","floor":14,"turns":4},{"damage":54,"enemies":"Hexaghost","floor":16,"turns":6},{"damage":24,"enemies":"Shell Parasite","floor":18,"turns":2},{"damage":10,"enemies":"Chosen","floor":22,"turns":3},{"damage":0,"enemies":"Slavers","floor":25,"turns":2},{"damage":12,"enemies":"Snake Plant","floor":27,"turns":4},{"damage":37,"enemies":"Book of Stabbing","floor":31,"turns":6},{"damage":55,"enemies":"Collector","floor":33,"turns":5}],"seed_played":"-121309677074601698","potions_obtained":[{"floor":4,"key":"SteroidPotion"},{"floor":8,"key":"EntropicBrew"},{"floor":16,"key":"GamblersBrew"},{"floor":22,"key":"SpeedPotion"},{"floor":27,"key":"Fire Potion"},{"floor":31,"key":"StancePotion"}],"is_trial":false,"path_per_floor":["M","?","?","M","$","R","E","M","T","?","?","R","?","E","R","B",null,"M","?","?","$","M","R","?","E","T","M","$","R","?","E","R","B"],"character_chosen":"WATCHER","items_purchased":["Eternal Feather","Juzu Bracelet","SignatureMove+1","Explosive Potion","AttackPotion","SandsOfTime+1"],"campfire_rested":3,"item_purchase_floors":[5,21,21,21,21,28],"current_hp_per_floor":[68,68,57,57,57,63,48,46,46,46,46,52,34,31,61,7,72,48,48,48,48,46,50,50,50,50,41,41,50,50,19,49,0,0],"gold":108,"neow_bonus":"HUNDRED_GOLD","is_daily":false,"chose_seed":false,"campfire_upgraded":3,"win_rate":0.0,"timestamp":1612503841,"path_taken":["M","?","?","?","$","R","E","M","T","?","?","R","?","E","R","BOSS","M","?","?","$","M","R","?","E","T","M","$","R","?","E","R","BOSS"],"items_purchased_type":["Relic","Relic","Card","Potion","Potion","Card"],"build_version":"2020-12-22","purchased_purges":0,"victory":false,"max_hp_per_floor":[72,72,72,72,72,72,72,72,72,72,72,72,72,72,72,72,72,72,50,50,50,50,50,50,50,50,50,50,50,50,50,50,50,50],"card_choices":[{"not_picked":["SashWhip","Crescendo"],"picked":"ForeignInfluence","floor":1},{"not_picked":["EmptyFist","ThirdEye"],"picked":"SignatureMove","floor":4},{"not_picked":["Protect","Consecrate"],"picked":"BowlingBash","floor":7},{"not_picked":["JustLucky","BattleHymn"],"picked":"Wish","floor":8},{"not_picked":["Wish","Halt"],"picked":"FlurryOfBlows+1","floor":14},{"not_picked":["WreathOfFlame","FollowUp+1"],"picked":"WheelKick+1","floor":15},{"not_picked":["Scrawl","DevaForm"],"picked":"DeusExMachina","floor":16},{"not_picked":["EmptyBody","FlyingSleeves+1"],"picked":"ClearTheMind+1","floor":18},{"not_picked":["Protect","Indignation"],"picked":"BowlingBash+1","floor":22},{"not_picked":["Weave+1","Conclude+1"],"picked":"Prostrate","floor":25},{"not_picked":["Perseverance","Adaptation"],"picked":"FlyingSleeves+1","floor":27},{"not_picked":["Weave+1","CrushJoints+1"],"picked":"BowlingBash+1","floor":29},{"not_picked":["JustLucky+1","FearNoEvil+1"],"picked":"MentalFortress+1","floor":31},{"not_picked":["LikeWater","Establishment"],"picked":"Perseverance","floor":32}],"player_experience":260285,"relics_obtained":[{"floor":7,"key":"Centennial Puzzle"},{"floor":9,"key":"Molten Egg 2"},{"floor":14,"key":"Matryoshka"},{"floor":25,"key":"Omamori"},{"floor":26,"key":"Whetstone"},{"floor":26,"key":"Darkstone Periapt"},{"floor":31,"key":"Pantograph"}],"event_choices":[{"damage_healed":0,"gold_gain":0,"player_choice":"Grow","damage_taken":0,"max_hp_gain":0,"max_hp_loss":0,"event_name":"Living Wall","floor":2,"gold_loss":0,"cards_upgraded":["Eruption"]},{"damage_healed":0,"gold_gain":75,"player_choice":"Gather Gold","damage_taken":11,"max_hp_gain":0,"max_hp_loss":0,"event_name":"World of Goop","floor":3,"gold_loss":0},{"damage_healed":0,"gold_gain":67,"player_choice":"Gained Gold","damage_taken":0,"max_hp_gain":0,"max_hp_loss":0,"event_name":"Golden Wing","floor":10,"gold_loss":0},{"damage_healed":0,"gold_gain":0,"player_choice":"Ignored","damage_taken":0,"max_hp_gain":0,"max_hp_loss":0,"event_name":"Liars Game","floor":11,"gold_loss":0},{"damage_healed":0,"gold_gain":0,"player_choice":"Success","damage_taken":18,"relics_obtained":["Dream Catcher"],"max_hp_gain":0,"max_hp_loss":0,"event_name":"Scrap Ooze","floor":13,"gold_loss":0},{"damage_healed":0,"gold_gain":0,"player_choice":"Became a vampire","damage_taken":0,"max_hp_gain":0,"max_hp_loss":22,"event_name":"Vampires","floor":19,"gold_loss":0,"cards_obtained":["Bite","Bite","Bite","Bite","Bite"]},{"damage_healed":0,"gold_gain":0,"player_choice":"Simplicity","damage_taken":0,"max_hp_gain":0,"max_hp_loss":0,"event_name":"Back to Basics","floor":20,"gold_loss":0,"cards_upgraded":["Defend_P","Defend_P","Defend_P","Defend_P"]},{"damage_healed":0,"gold_gain":99,"player_choice":"Stole From Cult","damage_taken":0,"max_hp_gain":0,"max_hp_loss":0,"event_name":"Nest","floor":24,"gold_loss":0},{"cards_removed":["Defend_P"],"damage_healed":0,"gold_gain":0,"player_choice":"Gave Gold","damage_taken":0,"max_hp_gain":0,"max_hp_loss":0,"event_name":"Beggar","floor":30,"gold_loss":75}],"is_beta":false,"boss_relics":[{"not_picked":["Empty Cage","Coffee Dripper"],"picked":"HolyWater"}],"items_purged_floors":[],"is_endless":false,"potions_floor_spawned":[4,8,16,22,27,31],"killed_by":"Collector","ascension_level":1}}