{"host":"c3lc60y5x60jlt1y","time":1612486461,"event":{"mods":["AchievementEnabler","BaseMod","Bestiary","Colored Map","Minty Spire (QoL Compilation)","Quick Restart","StSLib","ojb\u0027s Info Mod"],"gold_per_floor":[113,113,113,113,163,204,204,15,15,33,33,33],"floor_reached":11,"language":"ENG","playtime":356,"items_purged":[],"score":138,"play_id":"48b0d33b-a9a1-4e42-bacd-d50053699aac","local_time":"20210205025421","is_ascension_mode":true,"campfire_choices":[{"data":"Eruption","floor":7,"key":"SMITH"}],"circlet_count":0,"master_deck":["AscendersBane","Strike_P","Strike_P","Strike_P","Strike_P","Defend_P","Defend_P","Defend_P","Defend_P","Eruption+1","Vigilance","FearNoEvil","BowlingBash","Apotheosis","Evaluate"],"relics":["Runic Pyramid","Golden Idol","Du-Vu Doll","Frozen Egg 2"],"acts_visited":["Exordium"],"potions_floor_usage":[11],"damage_taken":[{"damage":2,"enemies":"Jaw Worm","floor":1,"turns":3},{"damage":40,"enemies":"Lagavulin","floor":6,"turns":6},{"damage":0,"enemies":"2 Louse","floor":10,"turns":2},{"damage":35,"enemies":"Gremlin Nob","floor":11,"turns":3}],"seed_played":"-4573911382540471669","potions_obtained":[{"floor":1,"key":"Block Potion"},{"floor":10,"key":"Block Potion"}],"is_trial":false,"path_per_floor":["M","?","?","?","?","E","R","$","T","M","E"],"character_chosen":"WATCHER","items_purchased":["Apotheosis"],"campfire_rested":0,"item_purchase_floors":[8],"current_hp_per_floor":[59,59,64,64,58,18,18,18,18,18,0,0],"gold":33,"neow_bonus":"BOSS_RELIC","is_daily":false,"chose_seed":false,"campfire_upgraded":1,"win_rate":0.0,"timestamp":1612486461,"path_taken":["M","?","?","?","?","E","R","$","T","?","E"],"items_purchased_type":["Card"],"build_version":"2020-12-22","purchased_purges":0,"victory":false,"max_hp_per_floor":[68,68,73,66,66,66,66,66,66,66,66,66],"card_choices":[{"not_picked":["EmptyFist","PathToVictory"],"picked":"FearNoEvil","floor":1},{"not_picked":["Crescendo","Nirvana"],"picked":"BowlingBash","floor":6},{"not_picked":["Halt","DeceiveReality"],"picked":"Evaluate","floor":10}],"player_experience":9094451,"relics_obtained":[{"floor":6,"key":"Du-Vu Doll"},{"floor":9,"key":"Frozen Egg 2"}],"event_choices":[{"damage_healed":0,"gold_gain":0,"player_choice":"Ignored","damage_taken":0,"max_hp_gain":0,"max_hp_loss":0,"event_name":"Liars Game","floor":2,"gold_loss":0},{"damage_healed":0,"gold_gain":0,"player_choice":"Donut","damage_taken":0,"max_hp_gain":5,"max_hp_loss":0,"event_name":"Big Fish","floor":3,"gold_loss":0},{"damage_healed":0,"gold_gain":0,"player_choice":"Lose Max HP","damage_taken":0,"relics_obtained":["Golden Idol"],"max_hp_gain":0,"max_hp_loss":7,"event_name":"Golden Idol","floor":4,"gold_loss":0},{"damage_healed":0,"gold_gain":50,"player_choice":"Touch","damage_taken":6,"max_hp_gain":0,"max_hp_loss":0,"event_name":"FaceTrader","floor":5,"gold_loss":0}],"is_beta":false,"boss_relics":[],"items_purged_floors":[],"is_endless":false,"potions_floor_spawned":[1,10],"killed_by":"Gremlin Nob","ascension_level":20}}