{"host":"8a72fthmlk1o8pdb","time":1612488139,"event":{"mods":["AchievementEnabler","Aspiration","Astrologer","Bard","BaseMod","Beaked The Cultist","Better Sensory Stone","Better Skull","Better Third Choice","ChefMod","Colored Map","Colored Powertips","Dark Map","Downfall","Friendly Minions","GifTheSpireLib","Googly Eyes","Gremlin Mod","Hermit","JesterMod","Jorbs\u0027s Wanderer Trilogy","Marisa????????","Minty Spire (QoL Compilation)","Permanent Neow","Random Character Button","Rare Cards Sparkle","Relic Stats","Reliquary","Robot Space Explorer","Shade Mod","Shop Mod","Somnambulant","StSLib","The Alterego","The Animator","The Blue Laboratory","The Construct","The Cursed","The Disciple","The Hayseed","The Hierophant","The Marked","The Necromancer","The Poker Player","The Problem Sleuth","The Runesmith","thorton"],"gold_per_floor":[117,117,137,137,153,153,3,16,16,16,32,207,207,240,240,339,339,352,149,134,152,152,178,178,192,192,47,61,61,75,0,0,95,95,114,114,132,132,149,149,149],"floor_reached":40,"language":"ENG","playtime":3087,"items_purged":["Strike_G"],"score":433,"play_id":"c9142fd6-36c0-4f8c-9882-4280d2052bd2","local_time":"20210204172219","is_ascension_mode":false,"campfire_choices":[{"data":"Flechettes","floor":6,"key":"SMITH"},{"data":"After Image","floor":10,"key":"SMITH"},{"data":"Dodge and Roll","floor":13,"key":"SMITH"},{"data":"PiercingWail","floor":15,"key":"SMITH"},{"floor":24,"key":"REST"},{"data":"Leg Sweep","floor":29,"key":"SMITH"},{"floor":32,"key":"REST"}],"circlet_count":0,"master_deck":["Strike_G","Strike_G+1","Strike_G","Strike_G+1","Defend_G","Defend_G","Defend_G","Defend_G","Defend_G","Survivor","Neutralize","Flechettes+1","Blind","Dodge and Roll","Leg Sweep+1","After Image+1","Terror","Dodge and Roll+1","PiercingWail+1","Die Die Die","Acrobatics","Footwork","Acrobatics","Acrobatics+1","After Image","Backstab+1","Calculated Gamble+1","Skewer+1","Wraith Form v2","CurseOfTheBell","Wraith"],"relics":["Runic Pyramid","Whetstone","Philosopher\u0027s Stone","Centennial Puzzle","Meat on the Bone","Lantern","Calling Bell","Nunchaku","HornCleat","Bird Faced Urn"],"acts_visited":["Exordium","TheCity","TheBeyond"],"potions_floor_usage":[16,30,35,39],"damage_taken":[{"damage":0,"enemies":"Small Slimes","floor":1,"turns":4},{"damage":0,"enemies":"2 Louse","floor":3,"turns":3},{"damage":1,"enemies":"Cultist","floor":5,"turns":4},{"damage":0,"enemies":"2 Fungi Beasts","floor":8,"turns":3},{"damage":0,"enemies":"Exordium Thugs","floor":11,"turns":4},{"damage":0,"enemies":"Lagavulin","floor":14,"turns":5},{"damage":15,"enemies":"Slime Boss","floor":16,"turns":8},{"damage":0,"enemies":"Spheric Guardian","floor":18,"turns":5},{"damage":22,"enemies":"2 Thieves","floor":20,"turns":5},{"damage":17,"enemies":"Sentry and Sphere","floor":21,"turns":6},{"damage":16,"enemies":"Gremlin Leader","floor":23,"turns":8},{"damage":1,"enemies":"Cultist and Chosen","floor":25,"turns":10},{"damage":0,"enemies":"Centurion and Healer","floor":28,"turns":5},{"damage":10,"enemies":"Snake Plant","floor":30,"turns":4},{"damage":2,"enemies":"Champ","floor":33,"turns":15},{"damage":9,"enemies":"3 Shapes","floor":35,"turns":5},{"damage":10,"enemies":"Orb Walker","floor":37,"turns":4},{"damage":9,"enemies":"Jaw Worm Horde","floor":39,"turns":6},{"damage":98,"enemies":"Nemesis","floor":40,"turns":15}],"seed_played":"-7098181715380778384","potions_obtained":[{"floor":1,"key":"blueLaboratory:Virophage"},{"floor":3,"key":"FairyPotion"},{"floor":8,"key":"blueLaboratory:EnvenomedCoating"},{"floor":23,"key":"blueLaboratory:Moonshine"},{"floor":25,"key":"FearPotion"},{"floor":30,"key":"Block Potion"},{"floor":35,"key":"LiquidBronze"},{"floor":37,"key":"ColorlessPotion"}],"is_trial":false,"path_per_floor":["M","?","M","?","M","R","$","M","T","R","M","?","R","E","R","B",null,"M","$","M","M","?","E","R","M","T","$","M","R","M","?","R","B",null,"M","?","M","?","M","E"],"character_chosen":"THE_SILENT","items_purchased":["After Image","Footwork","Acrobatics","Lantern"],"campfire_rested":2,"item_purchase_floors":[7,19,19,27],"current_hp_per_floor":[70,70,70,70,69,69,69,69,69,69,69,69,69,69,69,54,70,70,70,48,31,31,15,36,35,35,35,47,47,37,37,58,56,70,65,70,62,62,59,0,0],"gold":149,"neow_bonus":"BOSS_RELIC","is_daily":false,"chose_seed":false,"campfire_upgraded":5,"win_rate":0.0,"timestamp":1612488139,"path_taken":["M","?","M","?","M","R","$","M","T","R","M","?","R","E","R","BOSS","M","$","M","M","?","E","R","M","T","$","M","R","M","?","R","BOSS","M","?","?","?","M","E"],"items_purchased_type":["Card","Card","Card","Relic"],"build_version":"2020-12-22","purchased_purges":1,"victory":false,"max_hp_per_floor":[70,70,70,70,70,70,70,70,70,70,70,70,70,70,70,70,70,70,70,70,70,70,70,70,70,70,70,70,70,70,70,70,70,70,70,70,70,70,70,70,70],"relic_stats":{"Centennial Puzzle":[21],"Nunchaku":[4],"counters":[19,119],"Bird Faced Urn":[20],"Whetstone":["Strike_G","Strike_G"],"obtain_stats":[{"Calling Bell":34,"Centennial Puzzle":23,"Lantern":27,"Nunchaku":34,"HornCleat":34,"Bird Faced Urn":34,"Philosopher\u0027s Stone":17,"Whetstone":14,"Ring of the Snake":0,"Runic Pyramid":0,"Meat on the Bone":26},{"Calling Bell":15,"Centennial Puzzle":11,"Lantern":12,"Nunchaku":15,"HornCleat":15,"Bird Faced Urn":15,"Philosopher\u0027s Stone":7,"Whetstone":6,"Ring of the Snake":0,"Runic Pyramid":0,"Meat on the Bone":12},{"Calling Bell":89,"Centennial Puzzle":55,"Lantern":65,"Nunchaku":89,"HornCleat":89,"Bird Faced Urn":89,"Philosopher\u0027s Stone":31,"Whetstone":23,"Ring of the Snake":0,"Runic Pyramid":0,"Meat on the Bone":65}],"Meat on the Bone":12},"card_choices":[{"not_picked":["Acrobatics","Poisoned Stab"],"picked":"Flechettes","floor":1},{"not_picked":["Magnetism","Discovery"],"picked":"Blind","floor":2},{"not_picked":["Skewer","Sucker Punch"],"picked":"Dodge and Roll","floor":3},{"not_picked":["Poisoned Stab","Deflect"],"picked":"Leg Sweep","floor":5},{"not_picked":["Blade Dance","Bane"],"picked":"Terror","floor":8},{"not_picked":["Escape Plan","Infinite Blades"],"picked":"Dodge and Roll","floor":11},{"not_picked":["Dodge and Roll","Glass Knife"],"picked":"PiercingWail","floor":14},{"not_picked":["Adrenaline","Tools of the Trade"],"picked":"Die Die Die","floor":16},{"not_picked":["Tactician","Finisher"],"picked":"Acrobatics","floor":18},{"not_picked":["Dagger Throw+1","Underhanded Strike"],"picked":"Acrobatics+1","floor":20},{"not_picked":["Slice","Flying Knee+1"],"picked":"After Image","floor":21},{"not_picked":["Prepared+1","Dodge and Roll"],"picked":"Backstab+1","floor":23},{"not_picked":["Bane+1","Blade Dance"],"picked":"Calculated Gamble+1","floor":25},{"not_picked":["Calculated Gamble","Slice"],"picked":"Skewer+1","floor":28},{"not_picked":["Poisoned Stab","All Out Attack+1","Masterful Stab+1"],"picked":"SKIP","floor":30},{"not_picked":["Venomology","aspiration:Lunge"],"picked":"Wraith Form v2","floor":33},{"not_picked":["Predator","Expertise+1","Underhanded Strike+1"],"picked":"SKIP","floor":35},{"not_picked":["Crippling Poison","Dagger Spray+1","Dagger Throw+1"],"picked":"SKIP","floor":37},{"not_picked":["Dagger Spray+1","Predator","Sucker Punch"],"picked":"SKIP","floor":39}],"player_experience":144646,"relics_obtained":[{"floor":14,"key":"Whetstone"},{"floor":23,"key":"Centennial Puzzle"},{"floor":26,"key":"Meat on the Bone"},{"floor":34,"key":"Nunchaku"},{"floor":34,"key":"HornCleat"},{"floor":34,"key":"Bird Faced Urn"}],"event_choices":[{"damage_healed":0,"gold_gain":1,"player_choice":"1","damage_taken":0,"max_hp_gain":0,"max_hp_loss":0,"event_name":"betterStone:BetterStone","floor":2,"gold_loss":0},{"damage_healed":0,"gold_gain":0,"player_choice":"Ignored","damage_taken":0,"max_hp_gain":0,"max_hp_loss":0,"event_name":"Golden Idol","floor":4,"gold_loss":0},{"damage_healed":0,"gold_gain":175,"player_choice":"AGREE","damage_taken":32,"max_hp_gain":0,"max_hp_loss":0,"event_name":"betterThird:BetterSerpent","floor":12,"gold_loss":0},{"damage_healed":0,"gold_gain":0,"player_choice":"Ignored","damage_taken":0,"max_hp_gain":0,"max_hp_loss":0,"event_name":"Vampires","floor":22,"gold_loss":0},{"cards_removed":["Doubt"],"damage_healed":0,"gold_gain":0,"player_choice":"Gave Gold","damage_taken":0,"max_hp_gain":0,"max_hp_loss":0,"event_name":"Beggar","floor":31,"gold_loss":75},{"damage_healed":5,"gold_gain":0,"player_choice":"Full Heal","damage_taken":0,"max_hp_gain":0,"max_hp_loss":0,"event_name":"Wheel of Change","floor":36,"gold_loss":0},{"damage_healed":0,"gold_gain":0,"player_choice":"Ignored","damage_taken":0,"max_hp_gain":0,"max_hp_loss":0,"event_name":"OrinTheCat","floor":38,"gold_loss":0}],"is_beta":false,"boss_relics":[{"not_picked":["reliquary:WritOfMandamus","theSleuth:AffinityCrow"],"picked":"Philosopher\u0027s Stone"},{"not_picked":["Sozu","reliquary:Craggleroot"],"picked":"Calling Bell"}],"items_purged_floors":[19],"is_endless":false,"potions_floor_spawned":[1,3,8,23,25,30,35,37],"killed_by":"Nemesis","ascension_level":0}}