{"host":"w6ebodudjlk2jwu4","time":1612485418,"event":{"mods":["Act Like it!","Bard","BaseMod","Beaked The Cultist","Colored Map","Glutton Mod","Hermit","Highlight Path","Infinite Spire","Jorbs\u0027s Wanderer Trilogy","Koishi","Mad Scientist","Marisa????????","Minty Spire (QoL Compilation)","Relic Stats","Replay The Spire","Robot Space Explorer","StSLib","The Administrix","The Blue Laboratory","The Bug Knight","The Construct","The Cursed","The Marked","The Mystic","The Servant 0.9.4","The Witch","Wandering Minibosses"],"gold_per_floor":[114,130,9,9,19,19,44,44,71,71,101,51,68,88,88,189,189,201,201,189,189,206,206,223,223,223,241,591,601,628,117,117,213,213,223,239,12,32,84,109,121,121,196,229,229,0,0,0,0,0,0,0],"floor_reached":53,"language":"ENG","playtime":5510,"items_purged":["Strike_B","Strike_B","ReplayTheSpireMod:Splinters"],"score":992,"play_id":"cc46b6f0-4d40-40f6-b6a9-694946fd88bd","local_time":"20210204163658","is_ascension_mode":true,"campfire_choices":[{"data":"Gash","floor":6,"key":"SMITH"},{"floor":8,"key":"REST"},{"data":"Machine Learning","floor":10,"key":"SMITH"},{"data":"Undo","floor":15,"key":"SMITH"},{"floor":23,"key":"REST"},{"floor":25,"key":"REST"},{"data":"Echo Form","floor":32,"key":"SMITH"},{"floor":42,"key":"REST"},{"floor":47,"key":"REST"},{"data":"infinitespire:SevenWalls","floor":51,"key":"SMITH"}],"circlet_count":0,"master_deck":["Strike_B+1","Defend_B","Defend_B+1","Defend_B","Defend_B","Zap+1","Dualcast","Gash+1","Chill+1","Sweeping Beam","Machine Learning+1","Steam+1","Sunder","Compile Driver","Undo+1","Electrodynamics","stsjorbsmod:Procrastination","ReplayTheSpireMod:Compounding Headache","Decay","Heatsinks","Replay:Fractal Strike","Cold Snap+1","Reinforced Body","Conserve Battery","Aggregate","Spreading Infection","Hallucinations","Barrage+1","Echo Form+1","Self Repair","Crow Ritual","stsjorbsmod:PollutedStrike","Seek","FTL","Consume+1","Gash+1","Wraith","Hologram","Gash+1","ReplayTheSpireMod:Calculation Training","infinitespire:SevenWalls+1"],"relics":["Cracked Core","Bag of Marbles","War Paint","Pet Ghost","Replay:Ancient Bell","Replay:Wax Seal","Darkstone Periapt","Durian","Counterbalance","Question Card","Ring of Greed","Ring of Peace","MealTicket","Old Coin","Replay:Towering Pillar of Hats","Replay:Mystery Machine","Nuclear Battery","Sling","infinitespire:FocusingShard","Meat on the Bone","Mirror","ReplayFunnel","Red Mask"],"acts_visited":["Exordium","TheCity","TheBeyond"],"potions_floor_usage":[16,30,33,40,44,52,52],"damage_taken":[{"damage":7,"enemies":"Small Slimes","floor":1,"turns":3},{"damage":4,"enemies":"2 Louse","floor":2,"turns":3},{"damage":7,"enemies":"Jaw Worm","floor":5,"turns":3},{"damage":10,"enemies":"Replay:BlueRogue","floor":7,"turns":5},{"damage":0,"enemies":"HollowMod:MossKnight","floor":11,"turns":7},{"damage":10,"enemies":"Large Slime","floor":13,"turns":5},{"damage":0,"enemies":"2 Fungi Beasts","floor":14,"turns":3},{"damage":30,"enemies":"Fading Forest","floor":16,"turns":11},{"damage":24,"enemies":"Chosen","floor":18,"turns":6},{"damage":20,"enemies":"2 Thieves","floor":20,"turns":4},{"damage":24,"enemies":"Centurion and Healer","floor":22,"turns":7},{"damage":19,"enemies":"Snake Plant","floor":24,"turns":5},{"damage":7,"enemies":"Cultist and Chosen","floor":27,"turns":7},{"damage":3,"enemies":"Shelled Parasite and Fungi","floor":29,"turns":10},{"damage":24,"enemies":"Book of Stabbing","floor":30,"turns":8},{"damage":3,"enemies":"Collector","floor":33,"turns":11},{"damage":0,"enemies":"3 Darklings","floor":35,"turns":6},{"damage":0,"enemies":"3 Shapes","floor":36,"turns":5},{"damage":0,"enemies":"Jaw Worm Horde","floor":38,"turns":5},{"damage":3,"enemies":"Reptomancer","floor":40,"turns":10},{"damage":27,"enemies":"Maw","floor":41,"turns":11},{"damage":47,"enemies":"Giant Head","floor":44,"turns":10},{"damage":18,"enemies":"Time Eater","floor":52,"turns":17}],"seed_played":"-3001924404316218555","potions_obtained":[{"floor":5,"key":"Block Potion"},{"floor":11,"key":"blueLaboratory:EnragingPotion"},{"floor":13,"key":"blueLaboratory:Moonshine"},{"floor":22,"key":"blueLaboratory:PlasmaFuel"},{"floor":29,"key":"Explosive Potion"},{"floor":33,"key":"blueLaboratory:BiasPotion"},{"floor":36,"key":"Block Potion"},{"floor":39,"key":"LiquidMemories"},{"floor":40,"key":"Strength Potion"},{"floor":44,"key":"Regen Potion"}],"is_trial":false,"path_per_floor":["M","M","$","?","M","R","E","R","T","R","E","?","M","M","R","B",null,"M","AVR","M","?","M","R","M","R","T","M","?","M","E","$","R","B",null,"M","M","$","M","?","E","M","R","T","E","?","?","R","PTL","PTL","AVR","R","B",null],"character_chosen":"DEFECT","items_purchased":["Sweeping Beam","Self Repair","Crow Ritual","Replay:Mystery Machine","Sling","FTL"],"campfire_rested":5,"item_purchase_floors":[3,31,31,31,37,37],"current_hp_per_floor":[68,64,64,49,42,42,32,54,54,54,54,54,44,44,44,24,98,74,74,54,54,30,59,40,69,69,62,80,77,53,68,68,72,116,116,116,116,116,87,97,77,113,113,73,73,73,107,107,107,107,107,105],"gold":0,"neow_bonus":"UPGRADE_CARD","is_daily":false,"chose_seed":false,"campfire_upgraded":5,"win_rate":0.0,"timestamp":1612485418,"path_taken":["M","M","$","?","M","R","E","R","T","R","E","?","M","M","R","BOSS","M","AVR","M","?","M","R","M","R","T","M","?","M","E","$","R","BOSS","M","M","$","M","?","E","M","R","T","E","?","?","R","PTL","PTL","AVR","R","BOSS"],"items_purchased_type":["Card","Card","Card","Relic","Relic","Card"],"build_version":"2020-12-22","purchased_purges":3,"victory":true,"max_hp_per_floor":[75,75,75,75,75,75,75,75,75,75,75,75,75,75,75,75,98,98,98,98,98,98,98,98,98,98,98,116,116,116,116,116,116,116,116,116,116,116,116,122,122,122,122,122,116,116,116,116,116,116,116,116],"relic_stats":{"Darkstone Periapt":42,"counters":[23,162],"MealTicket":15,"War Paint":["Steam","Chill"],"Question Card":17,"obtain_stats":[{"Darkstone Periapt":17,"ReplayFunnel":44,"Replay:Towering Pillar of Hats":30,"Counterbalance":19,"infinitespire:FocusingShard":39,"Replay:Ancient Bell":17,"Ring of Greed":28,"War Paint":9,"Replay:Mystery Machine":31,"Question Card":26,"Sling":37,"Pet Ghost":11,"Old Coin":28,"Nuclear Battery":34,"Ring of Peace":28,"MealTicket":28,"Bag of Marbles":7,"Durian":17,"Red Mask":46,"Replay:Wax Seal":17,"Cracked Core":0,"Mirror":43,"Meat on the Bone":40},{"Darkstone Periapt":8,"ReplayFunnel":22,"Replay:Towering Pillar of Hats":15,"Counterbalance":9,"infinitespire:FocusingShard":19,"Replay:Ancient Bell":8,"Ring of Greed":13,"War Paint":4,"Replay:Mystery Machine":15,"Question Card":12,"Sling":18,"Pet Ghost":5,"Old Coin":13,"Nuclear Battery":16,"Ring of Peace":13,"MealTicket":13,"Bag of Marbles":4,"Durian":8,"Red Mask":22,"Replay:Wax Seal":8,"Cracked Core":0,"Mirror":21,"Meat on the Bone":20},{"Darkstone Periapt":40,"ReplayFunnel":145,"Replay:Towering Pillar of Hats":87,"Counterbalance":46,"infinitespire:FocusingShard":114,"Replay:Ancient Bell":40,"Ring of Greed":69,"War Paint":14,"Replay:Mystery Machine":87,"Question Card":62,"Sling":109,"Pet Ghost":21,"Old Coin":69,"Nuclear Battery":98,"Ring of Peace":69,"MealTicket":69,"Bag of Marbles":14,"Durian":40,"Red Mask":145,"Replay:Wax Seal":40,"Cracked Core":0,"Mirror":135,"Meat on the Bone":124}],"Meat on the Bone":0},"card_choices":[{"not_picked":["Redo","ReplayTheSpireMod:Reroute Power"],"picked":"Gash","floor":1},{"not_picked":["Sweeping Beam","BasicCrystalCard"],"picked":"Chill","floor":2},{"not_picked":["Sweeping Beam","Steam Power"],"picked":"Machine Learning","floor":5},{"not_picked":["ReplaySort","Streamline"],"picked":"Steam","floor":7},{"not_picked":["Cold Snap","Go for the Eyes"],"picked":"Sunder","floor":11},{"not_picked":["Redo","Go for the Eyes"],"picked":"Compile Driver","floor":13},{"not_picked":["ReplayTheSpireMod:Repulse","Rebound"],"picked":"Undo","floor":14},{"not_picked":["ReplayRNGCard","ReplayTheSpireMod:Fabricate Wheel"],"picked":"Electrodynamics","floor":16},{"not_picked":["ReplayTheSpireMod:Faulty Equipment","Overencumbered"],"picked":"stsjorbsmod:Procrastination","floor":17},{"not_picked":["ReplayTheSpireMod:Faulty Equipment","stsjorbsmod:Amnesia"],"picked":"ReplayTheSpireMod:Compounding Headache","floor":17},{"not_picked":["Regret","Writhe"],"picked":"Decay","floor":17},{"not_picked":["Coolheaded","Streamline+1"],"picked":"Heatsinks","floor":18},{"not_picked":["Barrage+1","Hologram+1"],"picked":"Cold Snap+1","floor":20},{"not_picked":["Go for the Eyes","Blizzard"],"picked":"Reinforced Body","floor":22},{"not_picked":["Fusion+1","Coolheaded"],"picked":"Conserve Battery","floor":24},{"not_picked":["Chaos","Stack+1","Conserve Battery"],"picked":"Aggregate","floor":27},{"not_picked":["BasicCrystalCard","ReplayTheSpireMod:Calculation Training","Cold Snap"],"picked":"Barrage+1","floor":29},{"not_picked":["Sweeping Beam","Beam Cell+1","Chill+1"],"picked":"Echo Form","floor":30},{"not_picked":["Creative AI","ReplayRNGCard","Amplify"],"picked":"Seek","floor":33},{"not_picked":["Hologram+1","Time Bomb","Rebound+1","Cold Snap+1"],"picked":"SKIP","floor":35},{"not_picked":["Sweeping Beam+1","Cold Snap+1","BasicCrystalCard+1","Reprogram"],"picked":"SKIP","floor":36},{"not_picked":["Auto Shields","Steam+1","Creative AI"],"picked":"Consume+1","floor":38},{"not_picked":["Barrage+1","Force Field","Panic Button"],"picked":"Gash+1","floor":39},{"not_picked":["Tempest","Compile Driver","ReplayTheSpireMod:Calculation Training+1"],"picked":"Hologram","floor":40},{"not_picked":["Steam","Coolheaded+1","Stack"],"picked":"Gash+1","floor":41},{"not_picked":["Compile Driver","Static Discharge","Mirror Shield"],"picked":"ReplayTheSpireMod:Calculation Training","floor":44}],"player_experience":183238,"relics_obtained":[{"floor":7,"key":"Bag of Marbles"},{"floor":9,"key":"War Paint"},{"floor":11,"key":"Pet Ghost"},{"floor":26,"key":"Question Card"},{"floor":28,"key":"Ring of Greed"},{"floor":28,"key":"Ring of Peace"},{"floor":28,"key":"MealTicket"},{"floor":28,"key":"Old Coin"},{"floor":30,"key":"Replay:Towering Pillar of Hats"},{"floor":39,"key":"infinitespire:FocusingShard"},{"floor":40,"key":"Meat on the Bone"},{"floor":43,"key":"Mirror"},{"floor":44,"key":"ReplayFunnel"}],"event_choices":[{"damage_healed":0,"gold_gain":0,"player_choice":"Entered Light","damage_taken":15,"max_hp_gain":0,"max_hp_loss":0,"event_name":"Shining Light","floor":4,"gold_loss":0,"cards_upgraded":["Defend_B","Strike_B"]},{"cards_removed":["Strike_B"],"damage_healed":0,"gold_gain":0,"player_choice":"Card Removal","damage_taken":0,"max_hp_gain":0,"max_hp_loss":0,"event_name":"The Cleric","floor":12,"gold_loss":50},{"damage_healed":0,"gold_gain":0,"player_choice":"Max HP","damage_taken":0,"max_hp_gain":0,"max_hp_loss":6,"event_name":"Winding Halls","floor":45,"gold_loss":0},{"damage_healed":0,"gold_gain":0,"player_choice":"Paid","damage_taken":0,"relics_obtained":["Red Mask"],"max_hp_gain":0,"max_hp_loss":0,"event_name":"Tomb of Lord Red Mask","floor":46,"gold_loss":229}],"is_beta":false,"boss_relics":[{"not_picked":["Kintsugi","construct:ClawGrip"],"picked":"Replay:Ancient Bell"},{"not_picked":["Replay:Bandana","Happy Flower"],"picked":"Replay:Wax Seal"},{"not_picked":["infinitespire:Midas Blood","Snack Pack"],"picked":"Darkstone Periapt"},{"not_picked":["infinitespire:CursedDice","Replay:Kaleidoscope"],"picked":"Durian"},{"not_picked":["infinitespire:Cupcake","Replay:Drink Me"],"picked":"Nuclear Battery"}],"items_purged_floors":[3,19,31],"is_endless":false,"potions_floor_spawned":[5,11,13,22,29,33,36,40,44],"ascension_level":2}}