{"host":"qfukm2ph4038hnof","time":1612504293,"event":{"mods":["AchievementEnabler","Act Like it!","Aspiration","Bard","BaseMod","Challenge The Spire","Colored Map","Colored Powertips","Dota2Spire","Downfall","Friendly Minions","Gensokyo","GifTheSpireLib","Gremlin Mod","Hallownest","Hermit","Highlight Path","Hubris","Infinite Spire","Ironclad Rager","KinomotoSakuraMod(ƒæ÷Æ±æ”£)","Koishi","Lobotomy","LobotomyExtend","Marisa£®ÏF”Í°°ƒß¿Ì…≥£©","Mimic Mod","Minty Spire (QoL Compilation)","No Card Rewards","Prisma Mod","Quick Restart","Rare Cards Sparkle","Relic Stats","Remilia£®¿Ÿ√◊¿Ú—«£©","Replay The Spire","Spicy Shops","StSLib","The Administrix","The Animator","The Blackbeard","The Bladedancer","The Bug Knight","The Cursed","The Disciple","The Gatherer","The Hierophant","The IronCluck","The Mystic","The Poker Player","The Runesmith","The Senshi","The Servant 0.9.4","Voiceroid Mod","Yakumo Yukari mod","Youmu£®ªÍ∆«—˝√Œ£©","Yuyuko","°æπ¶ƒ‹Mod°øªÏ„Á÷Æª∑–ﬁ∏¥≤π∂°"],"gold_per_floor":[110,120,136,146,146,146,171,171,171,190,67,82,82,82,82],"floor_reached":14,"language":"ZHS","playtime":736,"items_purged":["Masterful Stab+1"],"score":92,"play_id":"87760320-8cb7-4ad0-b5a8-b57e56a65a13","local_time":"20210205135133","is_ascension_mode":false,"campfire_choices":[{"data":"ClowCardTheFly","floor":6,"key":"SMITH"}],"circlet_count":0,"master_deck":["SakuraCardTheArrow+","ClowCardTheSword","ClowCardTheSword","ClowCardTheSword","ClowCardTheShield","ClowCardTheShield","ClowCardTheShield","ClowCardTheShield","SpellCardSeal","SpellCardRelease","ClowCardTheFly+1","ClowCardTheEarthy","ClowCardTheChange","ClowCardTheRain","ClowCardTheArrow","Voices"],"relics":["KSMOD_SealedBook","KSMOD_SealedWand","aspiration:Nostalgia","m_SnakeCloak","LetterFromLob","Bag of Preparation","Dream Catcher","downfall:ExtraCursedKey"],"acts_visited":["Exordium"],"potions_floor_usage":[7,7,14,14],"damage_taken":[{"damage":13,"enemies":"infinitespire:Voidling","floor":1,"turns":2},{"damage":5,"enemies":"Jaw Worm","floor":2,"turns":4},{"damage":0,"enemies":"2 Louse","floor":3,"turns":2},{"damage":9,"enemies":"2 Fungi Beasts","floor":4,"turns":2},{"damage":28,"enemies":"HollowMod:MossKnight","floor":7,"turns":4},{"damage":0,"enemies":"Exordium Wildlife","floor":10,"turns":1},{"damage":16,"enemies":"Gremlin Gang","floor":12,"turns":2},{"damage":5,"enemies":"3 Sentries","floor":14,"turns":2}],"seed_played":"6051846090851496207","potions_obtained":[{"floor":1,"key":"Fire Potion"},{"floor":4,"key":"Swift Potion"},{"floor":7,"key":"Strength Potion"},{"floor":10,"key":"Doom Potion"}],"is_trial":false,"path_per_floor":["M","M","M","M","?","R","E","?","T","M","$","M","?","E"],"character_chosen":"KINOMOTOSAKURA","items_purchased":["ClowCardTheArrow"],"campfire_rested":0,"item_purchase_floors":[11],"current_hp_per_floor":[57,52,52,43,48,48,20,20,20,20,20,4,9,4,4],"gold":82,"neow_bonus":"NOSTALGIA","is_daily":false,"chose_seed":false,"campfire_upgraded":1,"win_rate":0.0,"timestamp":1612504293,"path_taken":["M","M","?","M","?","R","E","?","T","M","$","M","?","E"],"items_purchased_type":["Card"],"build_version":"2020-12-22","purchased_purges":1,"victory":false,"max_hp_per_floor":[70,70,70,70,75,75,75,75,75,75,75,75,80,80,80],"relic_stats":{"Dream Catcher":0,"counters":[8,19],"Bag of Preparation":[6],"obtain_stats":[{"m_SnakeCloak":0,"Dream Catcher":9,"KSMOD_SealedBook":0,"aspiration:Nostalgia":0,"KSMOD_SealedWand":0,"downfall:ExtraCursedKey":13,"LetterFromLob":1,"Bag of Preparation":7},{"m_SnakeCloak":0,"Dream Catcher":5,"KSMOD_SealedBook":0,"aspiration:Nostalgia":0,"KSMOD_SealedWand":0,"downfall:ExtraCursedKey":7,"LetterFromLob":1,"Bag of Preparation":5},{"m_SnakeCloak":0,"Dream Catcher":14,"KSMOD_SealedBook":0,"aspiration:Nostalgia":0,"KSMOD_SealedWand":0,"downfall:ExtraCursedKey":17,"LetterFromLob":2,"Bag of Preparation":14}]},"card_choices":[{"not_picked":["ClowCardTheSilent","ClowCardTheBubbles"],"picked":"ClowCardTheFly","floor":1},{"not_picked":["Calculated Gamble","ClowCardTheLoop"],"picked":"ClowCardTheEarthy","floor":2},{"not_picked":["Reflex","ClowCardTheMaze"],"picked":"ClowCardTheArrow","floor":3},{"not_picked":["ClowCardTheWave","ClowCardTheRain"],"picked":"ClowCardTheChange","floor":4},{"not_picked":["Unload","ClowCardTheFreeze"],"picked":"ClowCardTheRain","floor":7},{"not_picked":["ClowCardTheSilent","ClowCardTheShadow","ClowCardTheFlower"],"picked":"SKIP","floor":10},{"not_picked":["All Out Attack","ClowCardTheIllusion","Dagger Throw"],"picked":"SKIP","floor":12}],"player_experience":14421,"relics_obtained":[{"floor":1,"key":"LetterFromLob"},{"floor":7,"key":"Bag of Preparation"},{"floor":9,"key":"Dream Catcher"}],"event_choices":[{"damage_healed":0,"gold_gain":0,"player_choice":"Donut","damage_taken":0,"max_hp_gain":5,"max_hp_loss":0,"event_name":"Big Fish","floor":5,"gold_loss":0}],"is_beta":false,"boss_relics":[],"items_purged_floors":[11],"is_endless":false,"potions_floor_spawned":[1,4,7,10],"killed_by":"3 Sentries","ascension_level":0}}