{"host":"n43wxkei7kulhi8o","time":1612548261,"event":{"mods":["BaseMod","Bestiary","Block Reminder","Colored Map","Colored Powertips","Curses Come First","Custom Start","Dark Map","Highlight Path","Minty Spire (QoL Compilation)","Relic Stats","StSLib"],"gold_per_floor":[209,384,384,397,408,428,440,453,480,160,160,14,14,28,28,126,126,142,157,177,177,189,189,189,203,203,203,233,233,47,61,61,160,160,178,99,116,116,116,128,161,180,204,204,223,223,223,234,234,234],"floor_reached":51,"language":"ENG","playtime":2527,"items_purged":[],"score":718,"play_id":"b4e25e8f-6f94-4711-884d-7ae390ebee5d","local_time":"20210205130421","is_ascension_mode":false,"campfire_choices":[{"data":"Zap","floor":11.0,"key":"SMITH"},{"data":"Dualcast","floor":15.0,"key":"SMITH"},{"floor":23,"key":"REST"},{"floor":27,"key":"REST"},{"data":"1","floor":29,"key":"LIFT"},{"data":"2","floor":32,"key":"LIFT"},{"data":"3","floor":44,"key":"LIFT"},{"floor":47,"key":"REST"},{"floor":49,"key":"REST"}],"circlet_count":0,"master_deck":["Strike_B","Strike_B","Strike_B","Strike_B","Defend_B","Defend_B","Defend_B","Defend_B","Zap+1","Dualcast+1","Coolheaded","Sweeping Beam","Reinforced Body","Ball Lightning","Conserve Battery","Capacitor","Glacier","Core Surge+1","Ball Lightning+1","Glacier","Cold Snap+1","Barrage+1","Capacitor","Barrage+1","Seek+1","Consume+1","Machine Learning","Redo+1","Coolheaded+1","Machine Learning"],"relics":["FrozenCore","MawBank","Molten Egg 2","Membership Card","Fusion Hammer","Toxic Egg 2","Girya","DataDisk","Runic Capacitor","Vajra","Orichalcum","Dream Catcher"],"acts_visited":["Exordium","TheCity","TheBeyond"],"potions_floor_usage":[28,28],"damage_taken":[{"damage":9.0,"enemies":"2 Louse","floor":1.0,"turns":2.0},{"damage":6.0,"enemies":"Jaw Worm","floor":4.0,"turns":3.0},{"damage":0.0,"enemies":"Small Slimes","floor":5.0,"turns":2.0},{"damage":10.0,"enemies":"2 Fungi Beasts","floor":6.0,"turns":4.0},{"damage":15.0,"enemies":"Exordium Wildlife","floor":7.0,"turns":8.0},{"damage":0.0,"enemies":"Blue Slaver","floor":8.0,"turns":4.0},{"damage":7.0,"enemies":"3 Louse","floor":14.0,"turns":4.0},{"damage":28.0,"enemies":"The Guardian","floor":16.0,"turns":14.0},{"damage":2,"enemies":"3 Byrds","floor":18,"turns":4},{"damage":0,"enemies":"Chosen","floor":19,"turns":4},{"damage":18,"enemies":"3 Cultists","floor":20,"turns":8},{"damage":0,"enemies":"Centurion and Healer","floor":22,"turns":8},{"damage":3,"enemies":"Cultist and Chosen","floor":25,"turns":7},{"damage":0,"enemies":"Book of Stabbing","floor":28,"turns":7},{"damage":0,"enemies":"3 Cultists","floor":31,"turns":5},{"damage":33,"enemies":"Champ","floor":33,"turns":7},{"damage":1,"enemies":"3 Darklings","floor":35,"turns":5},{"damage":12,"enemies":"Orb Walker","floor":37,"turns":3},{"damage":10,"enemies":"Writhing Mass","floor":40,"turns":5},{"damage":2,"enemies":"Reptomancer","floor":41,"turns":6},{"damage":16,"enemies":"Jaw Worm Horde","floor":42,"turns":4},{"damage":1,"enemies":"Spire Growth","floor":45,"turns":4},{"damage":15,"enemies":"Transient","floor":48,"turns":5},{"damage":4,"enemies":"Awakened One","floor":50,"turns":12}],"seed_played":"-1592718253085176186","potions_obtained":[{"floor":5.0,"key":"Block Potion"},{"floor":6.0,"key":"Dexterity Potion"},{"floor":20,"key":"Weak Potion"},{"floor":28,"key":"Swift Potion"},{"floor":33,"key":"FairyPotion"},{"floor":35,"key":"DuplicationPotion"}],"is_trial":false,"path_per_floor":["M","?","?","M","M","M","M","M","T","$","R","$","?","M","R","B",null,"M","M","M","?","M","R","?","M","T","R","E","R","$","M","R","B",null,"M","$","M","$","?","M","E","M","T","R","M","?","R","M","R","B",null],"character_chosen":"DEFECT","items_purchased":["Molten Egg 2","Capacitor","Membership Card","DataDisk","Seek+1","Runic Capacitor","Vajra"],"campfire_rested":4,"item_purchase_floors":[10,10,12,30,30,30,36],"current_hp_per_floor":[66,66,59,53,53,43,28,28,28,28,28,28,53,46,46,18,75,73,73,55,55,55,75,75,72,72,75,75,75,75,75,75,42,75,74,74,62,62,62,52,50,34,34,34,33,33,55,40,62,58],"gold":234,"neow_bonus":"HUNDRED_GOLD","is_daily":false,"chose_seed":false,"campfire_upgraded":2,"win_rate":0.0,"timestamp":1612548261,"path_taken":["M","?","?","M","M","M","M","M","T","$","R","?","?","M","R","BOSS","M","M","M","?","M","R","?","M","T","R","E","R","$","M","R","BOSS","M","$","M","$","?","M","E","M","T","R","M","?","R","M","R","BOSS"],"items_purchased_type":["Relic","Card","Relic","Relic","Card","Relic","Relic"],"build_version":"2020-12-22","purchased_purges":0,"victory":true,"max_hp_per_floor":[75,75,75,75,75,75,75,75,75,75,75,75,75,75,75,75,75,75,75,75,75,75,75,75,75,75,75,75,75,75,75,75,75,75,75,75,75,75,75,75,75,75,75,75,75,75,75,75,75,75],"relic_stats":{"Dream Catcher":2,"counters":[24,135],"Orichalcum":[42],"MawBank":12,"obtain_stats":[{"Girya":28,"Vajra":36,"Runic Capacitor":30,"Orichalcum":41,"MawBank":9,"FrozenCore":34,"DataDisk":30,"Dream Catcher":43,"Molten Egg 2":10,"Fusion Hammer":17,"Membership Card":12,"Toxic Egg 2":26,"Cracked Core":0},{"Girya":14,"Vajra":17,"Runic Capacitor":14,"Orichalcum":20,"MawBank":6,"FrozenCore":16,"DataDisk":14,"Dream Catcher":21,"Molten Egg 2":6,"Fusion Hammer":8,"Membership Card":6,"Toxic Egg 2":13,"Cracked Core":0},{"Girya":79,"Vajra":96,"Runic Capacitor":79,"Orichalcum":110,"MawBank":23,"FrozenCore":91,"DataDisk":79,"Dream Catcher":114,"Molten Egg 2":23,"Fusion Hammer":41,"Membership Card":23,"Toxic Egg 2":72,"Cracked Core":0}],"FrozenCore":[26]},"card_choices":[{"not_picked":["Fusion","Go for the Eyes"],"picked":"Coolheaded","floor":1.0},{"not_picked":["Hello World","Beam Cell"],"picked":"Sweeping Beam","floor":4.0},{"not_picked":["Turbo","Steam"],"picked":"Reinforced Body","floor":5.0},{"not_picked":["Barrage","Storm","Rebound"],"picked":"SKIP","floor":6.0},{"not_picked":["Barrage","Turbo"],"picked":"Ball Lightning","floor":7.0},{"not_picked":["Cold Snap","Barrage"],"picked":"Conserve Battery","floor":8.0},{"not_picked":["White Noise","Compile Driver+1"],"picked":"Glacier","floor":14.0},{"not_picked":["Biased Cognition","Machine Learning"],"picked":"Core Surge+1","floor":16.0},{"not_picked":["Loop","Steam"],"picked":"Ball Lightning+1","floor":18},{"not_picked":["Genetic Algorithm+1","Gash+1"],"picked":"Glacier","floor":19},{"not_picked":["Beam Cell+1","Turbo"],"picked":"Cold Snap+1","floor":20},{"not_picked":["Fusion","Steam"],"picked":"Barrage+1","floor":22},{"not_picked":["Lockon+1","All For One+1"],"picked":"Capacitor","floor":25},{"not_picked":["Ball Lightning+1","Hologram+1"],"picked":"Barrage+1","floor":28},{"not_picked":["Redo+1","Scrape+1"],"picked":"Consume+1","floor":31},{"not_picked":["Electrodynamics","Core Surge+1"],"picked":"Machine Learning","floor":33},{"not_picked":["Hello World","Undo+1","Sweeping Beam+1"],"picked":"SKIP","floor":35},{"not_picked":["Hologram+1","Steam+1"],"picked":"Redo+1","floor":37},{"not_picked":["Double Energy+1","Hello World"],"picked":"Coolheaded+1","floor":40},{"not_picked":["Rebound+1","Sweeping Beam+1","Chaos+1"],"picked":"SKIP","floor":41},{"not_picked":["Ball Lightning+1","Reinforced Body+1"],"picked":"Machine Learning","floor":42},{"not_picked":["Melter+1","Stack+1","Tempest+1"],"picked":"SKIP","floor":45},{"not_picked":["BootSequence+1","Rip and Tear+1","Loop"],"picked":"SKIP","floor":48}],"player_experience":677736,"relics_obtained":[{"floor":9.0,"key":"MawBank"},{"floor":26,"key":"Toxic Egg 2"},{"floor":28,"key":"Girya"},{"floor":41,"key":"Orichalcum"},{"floor":43,"key":"Dream Catcher"}],"event_choices":[{"damage_healed":0.0,"max_hp_gain":0.0,"max_hp_loss":0.0,"gold_gain":175.0,"event_name":"Liars Game","player_choice":"AGREE","floor":2.0,"gold_loss":0.0,"damage_taken":0.0,"cards_obtained":["Doubt"]},{"cards_removed":["Doubt"],"damage_healed":0.0,"max_hp_gain":0.0,"max_hp_loss":0.0,"gold_gain":0.0,"event_name":"Golden Wing","player_choice":"Card Removal","floor":3.0,"gold_loss":0.0,"damage_taken":7.0},{"damage_healed":25.0,"max_hp_gain":0.0,"max_hp_loss":0.0,"gold_gain":0.0,"event_name":"Big Fish","player_choice":"Banana","floor":13.0,"gold_loss":0.0,"damage_taken":0.0},{"damage_healed":0,"gold_gain":0,"player_choice":"Ignored","damage_taken":0,"max_hp_gain":0,"max_hp_loss":0,"event_name":"Ghosts","floor":21,"gold_loss":0},{"damage_healed":0,"gold_gain":0,"player_choice":"Ignored","damage_taken":0,"max_hp_gain":0,"max_hp_loss":0,"event_name":"Beggar","floor":24,"gold_loss":0},{"damage_healed":0,"gold_gain":0,"player_choice":"Ignored","damage_taken":0,"max_hp_gain":0,"max_hp_loss":0,"event_name":"Mysterious Sphere","floor":39,"gold_loss":0},{"damage_healed":0,"gold_gain":0,"player_choice":"Ignored","damage_taken":0,"max_hp_gain":0,"max_hp_loss":0,"event_name":"Tomb of Lord Red Mask","floor":46,"gold_loss":0}],"is_beta":false,"boss_relics":[{"not_picked":["Velvet Choker","Nuclear Battery"],"picked":"Fusion Hammer"},{"not_picked":["Astrolabe","Empty Cage"],"picked":"FrozenCore"}],"items_purged_floors":[],"is_endless":false,"potions_floor_spawned":[5,6,20,25,28,33,35,45,48],"ascension_level":0}}