{"host":"xb2tau8pgi8aflss","time":1612534626,"event":{"mods":["AchievementEnabler","BaseMod","Hermit","Minty Spire (QoL Compilation)","StSLib","SuperFastMode"],"gold_per_floor":[114,114,114,130,9,40,40,66,66,66,84,114,128,144,144,240,240,257,267,182,182,195,195,11,25,25,56,76,101,113,127,127,223,223,239,250,263,50,50,50,9,36,48,91,13,47,97,129,129,129],"floor_reached":51,"language":"KOR","playtime":1695,"items_purged":["Strike_B"],"score":1248,"play_id":"845b4314-b951-4910-90eb-b5f1a3baddc2","local_time":"20210205231706","is_ascension_mode":true,"campfire_choices":[{"data":"Aggregate","floor":7,"key":"SMITH"},{"floor":15,"key":"REST"},{"data":"Skim","floor":23,"key":"SMITH"},{"data":"Genetic Algorithm","floor":32,"key":"SMITH"},{"data":"Hologram","floor":40,"key":"SMITH"},{"data":"Aggregate","floor":49,"key":"SMITH"}],"circlet_count":0,"master_deck":["Strike_B","Defend_B","Defend_B","Defend_B+1","Defend_B","Zap","Dualcast","Skim+1","Melter","Aggregate+1","Hello World+1","Static Discharge+1","Storm+1","Conserve Battery","Biased Cognition+1","Biased Cognition+1","Loop+1","Doom and Gloom","BootSequence","Conserve Battery","Cold Snap","Auto Shields","Conserve Battery+1","Sweeping Beam+1","Hologram+1","Genetic Algorithm+1","Self Repair+1","All For One","Heatsinks+1","Hologram","Stack","Loop+1","Static Discharge+1","Double Energy+1","Sweeping Beam+1","Apotheosis","Aggregate+1","Conserve Battery+1"],"relics":["Cracked Core","NeowsBlessing","Frozen Egg 2","Bird Faced Urn","Bottled Flame","White Beast Statue","Bronze Scales","SacredBark","Centennial Puzzle","Membership Card","Calipers","Happy Flower","Blue Candle","Philosopher\u0027s Stone","Runic Capacitor","Blood Vial","MawBank","Molten Egg 2","Oddly Smooth Stone","InkBottle","Ice Cream","Lizard Tail"],"acts_visited":["Exordium","TheCity","TheBeyond"],"potions_floor_usage":[12,13,13,14,19,22,25,29,33,33,36,44,46,47,48,50,50,50],"damage_taken":[{"damage":0,"enemies":"Small Slimes","floor":1,"turns":1},{"damage":0,"enemies":"Cultist","floor":4,"turns":1},{"damage":0,"enemies":"Lagavulin","floor":6,"turns":1},{"damage":27,"enemies":"3 Sentries","floor":8,"turns":6},{"damage":0,"enemies":"2 Louse","floor":11,"turns":2},{"damage":16,"enemies":"Gremlin Nob","floor":12,"turns":3},{"damage":21,"enemies":"Gremlin Gang","floor":13,"turns":1},{"damage":0,"enemies":"Red Slaver","floor":14,"turns":5},{"damage":25,"enemies":"Hexaghost","floor":16,"turns":5},{"damage":0,"enemies":"Spheric Guardian","floor":18,"turns":2},{"damage":2,"enemies":"3 Byrds","floor":19,"turns":2},{"damage":2,"enemies":"Snecko","floor":22,"turns":3},{"damage":0,"enemies":"Snake Plant","floor":25,"turns":1},{"damage":22,"enemies":"Gremlin Leader","floor":27,"turns":4},{"damage":0,"enemies":"Centurion and Healer","floor":28,"turns":5},{"damage":9,"enemies":"Book of Stabbing","floor":29,"turns":2},{"damage":5,"enemies":"Sentry and Sphere","floor":30,"turns":3},{"damage":6,"enemies":"Shelled Parasite and Fungi","floor":31,"turns":3},{"damage":37,"enemies":"Collector","floor":33,"turns":8},{"damage":14,"enemies":"3 Darklings","floor":35,"turns":3},{"damage":22,"enemies":"3 Shapes","floor":36,"turns":4},{"damage":11,"enemies":"Sphere and 2 Shapes","floor":37,"turns":2},{"damage":36,"enemies":"Giant Head","floor":42,"turns":6},{"damage":0,"enemies":"Nemesis","floor":44,"turns":6},{"damage":19,"enemies":"Giant Head","floor":46,"turns":5},{"damage":0,"enemies":"Mind Bloom Boss Battle","floor":47,"turns":5},{"damage":5,"enemies":"Reptomancer","floor":48,"turns":4},{"damage":27,"enemies":"Awakened One","floor":50,"turns":6}],"seed_played":"-1137918419365607388","potions_obtained":[{"floor":8,"key":"SkillPotion"},{"floor":11,"key":"PowerPotion"},{"floor":12,"key":"Explosive Potion"},{"floor":13,"key":"Dexterity Potion"},{"floor":14,"key":"EssenceOfDarkness"},{"floor":16,"key":"BlessingOfTheForge"},{"floor":18,"key":"ColorlessPotion"},{"floor":19,"key":"PowerPotion"},{"floor":22,"key":"SneckoOil"},{"floor":25,"key":"Ancient Potion"},{"floor":29,"key":"Swift Potion"},{"floor":33,"key":"Dexterity Potion"},{"floor":35,"key":"LiquidBronze"},{"floor":36,"key":"FocusPotion"},{"floor":44,"key":"SkillPotion"},{"floor":46,"key":"Block Potion"},{"floor":47,"key":"Explosive Potion"},{"floor":48,"key":"Ancient Potion"}],"is_trial":false,"path_per_floor":["M","?","?","M","$","E","R","E","T","?","M","E","M","M","R","B",null,"M","M","?","?","M","R","$","M","T","E","M","E","M","M","R","B",null,"M","M","M","$","?","R","$","E","T","E","$","E","?","E","R","B",null],"character_chosen":"DEFECT","items_purchased":["Melter","Aggregate","Membership Card","Conserve Battery","Cold Snap","Runic Capacitor","Loop+1","Blood Vial","Static Discharge+1","Apotheosis"],"campfire_rested":1,"item_purchase_floors":[5,5,24,24,24,38,38,38,41,45],"current_hp_per_floor":[68,73,57,57,57,57,57,30,30,30,30,20,3,9,33,16,64,70,76,76,76,80,80,80,80,80,64,76,71,76,80,80,63,76,70,70,77,77,77,77,77,54,54,80,80,71,80,80,80,79],"gold":129,"neow_bonus":"THREE_ENEMY_KILL","is_daily":false,"chose_seed":false,"campfire_upgraded":5,"win_rate":0.0,"timestamp":1612534626,"path_taken":["M","?","?","M","$","E","R","E","T","?","M","E","?","M","R","BOSS","M","M","?","?","?","R","?","M","T","E","M","E","M","M","R","BOSS","M","M","M","$","?","R","$","E","T","E","$","E","?","E","R","BOSS"],"items_purchased_type":["Card","Card","Relic","Card","Card","Relic","Card","Relic","Card","Card"],"build_version":"2020-12-22","purchased_purges":1,"victory":true,"max_hp_per_floor":[75,80,80,80,80,80,80,80,80,80,80,80,80,80,80,80,80,80,80,80,80,80,80,80,80,80,80,80,80,80,80,80,80,80,80,80,80,80,80,80,80,80,80,80,80,80,80,80,80,80],"card_choices":[{"not_picked":["Compile Driver","Undo","Go for the Eyes"],"picked":"SKIP","floor":1},{"not_picked":["Self Repair","Steam"],"picked":"Skim","floor":4},{"not_picked":["Barrage","Beam Cell"],"picked":"Hello World+1","floor":6},{"not_picked":["Ball Lightning","Conserve Battery"],"picked":"Static Discharge+1","floor":8},{"not_picked":["Streamline","Lockon","Gash"],"picked":"SKIP","floor":11},{"not_picked":["Hologram","Beam Cell"],"picked":"Storm+1","floor":12},{"not_picked":["Coolheaded","Force Field"],"picked":"Conserve Battery","floor":13},{"not_picked":["Undo","Stack"],"picked":"Biased Cognition+1","floor":14},{"not_picked":["Hyperbeam","Machine Learning+1"],"picked":"Biased Cognition+1","floor":16},{"not_picked":["Rebound","Rip and Tear"],"picked":"Loop+1","floor":18},{"not_picked":["Doom and Gloom+1","Compile Driver+1","Blizzard"],"picked":"SKIP","floor":19},{"not_picked":["Go for the Eyes","Stack"],"picked":"BootSequence","floor":22},{"not_picked":["Beam Cell+1","Leap"],"picked":"Auto Shields","floor":25},{"not_picked":["Rainbow","Go for the Eyes"],"picked":"Conserve Battery+1","floor":27},{"not_picked":["Hello World+1","Rebound+1"],"picked":"Sweeping Beam+1","floor":28},{"not_picked":["Steam","Barrage"],"picked":"Hologram","floor":29},{"not_picked":["FTL","Lockon"],"picked":"Genetic Algorithm","floor":30},{"not_picked":["Buffer+1","Coolheaded"],"picked":"Self Repair+1","floor":31},{"not_picked":["Fission","Meteor Strike"],"picked":"All For One","floor":33},{"not_picked":["Darkness","Coolheaded"],"picked":"Heatsinks+1","floor":35},{"not_picked":["Redo","Compile Driver+1"],"picked":"Hologram","floor":36},{"not_picked":["Beam Cell","Auto Shields+1"],"picked":"Stack","floor":37},{"not_picked":["Go for the Eyes+1","Ball Lightning"],"picked":"Double Energy+1","floor":42},{"not_picked":["Go for the Eyes+1","Gash+1"],"picked":"Sweeping Beam+1","floor":44},{"not_picked":["Melter+1","Sweeping Beam+1","Ball Lightning+1"],"picked":"SKIP","floor":46},{"not_picked":["Hologram","Cold Snap+1"],"picked":"Aggregate","floor":47},{"not_picked":["Reboot","All For One+1"],"picked":"Conserve Battery+1","floor":48}],"player_experience":808597,"relics_obtained":[{"floor":6,"key":"Frozen Egg 2"},{"floor":8,"key":"Bird Faced Urn"},{"floor":9,"key":"Bottled Flame"},{"floor":10,"key":"White Beast Statue"},{"floor":12,"key":"Bronze Scales"},{"floor":26,"key":"Calipers"},{"floor":27,"key":"Happy Flower"},{"floor":29,"key":"Blue Candle"},{"floor":42,"key":"MawBank"},{"floor":43,"key":"Molten Egg 2"},{"floor":44,"key":"Oddly Smooth Stone"},{"floor":46,"key":"InkBottle"},{"floor":47,"key":"Ice Cream"},{"floor":48,"key":"Lizard Tail"}],"event_choices":[{"damage_healed":0,"gold_gain":0,"player_choice":"Donut","damage_taken":0,"max_hp_gain":5,"max_hp_loss":0,"event_name":"Big Fish","floor":2,"gold_loss":0},{"damage_healed":0,"gold_gain":0,"player_choice":"Entered Light","damage_taken":16,"max_hp_gain":0,"max_hp_loss":0,"event_name":"Shining Light","floor":3,"gold_loss":0,"cards_upgraded":["Defend_B","Strike_B"]},{"damage_healed":0,"gold_gain":0,"player_choice":"Relic","damage_taken":0,"max_hp_gain":0,"max_hp_loss":0,"event_name":"Wheel of Change","floor":10,"gold_loss":0},{"damage_healed":0,"gold_gain":0,"player_choice":"Obtained Relic","damage_taken":0,"relics_obtained":["Centennial Puzzle"],"max_hp_gain":0,"max_hp_loss":0,"event_name":"Addict","floor":20,"gold_loss":85},{"damage_healed":0,"gold_gain":0,"cards_transformed":["Strike_B"],"player_choice":"Transformed","damage_taken":0,"max_hp_gain":0,"max_hp_loss":0,"event_name":"Transmorgrifier","floor":21,"gold_loss":0,"cards_obtained":["Doom and Gloom"]},{"cards_removed":["Strike_B"],"damage_healed":0,"gold_gain":0,"player_choice":"Removed Attack","damage_taken":0,"max_hp_gain":0,"max_hp_loss":0,"event_name":"Falling","floor":39,"gold_loss":0},{"damage_healed":0,"gold_gain":0,"player_choice":"Fight","damage_taken":0,"max_hp_gain":0,"max_hp_loss":0,"event_name":"MindBloom","floor":47,"gold_loss":0}],"is_beta":false,"boss_relics":[{"not_picked":["Astrolabe","Ectoplasm"],"picked":"SacredBark"},{"not_picked":["Snecko Eye","Fusion Hammer"],"picked":"Philosopher\u0027s Stone"}],"items_purged_floors":[38],"is_endless":false,"potions_floor_spawned":[8,11,12,13,14,16,18,19,22,25,27,28,29,30,31,33,35,36,37,42,44,46,47,48],"ascension_level":7}}