{"host":"d5zlp9udt2hvvjfh","time":1612488730,"event":{"mods":["AchievementEnabler","BaseMod","Minty Spire (QoL Compilation)","Permanent Neow","Relic Stats","StSLib"],"gold_per_floor":[115,129,149,149,162,192,192,224,224,257,267,298,316,336,336,432,432,444,85,105,15,30,63,63,63,63],"floor_reached":25,"language":"ENG","playtime":2210,"items_purged":["Defend_P"],"score":462,"play_id":"796fb7f3-7995-4d03-942f-ba590eaba235","local_time":"20210205023210","is_ascension_mode":true,"campfire_choices":[{"data":"Devotion","floor":7.0,"key":"SMITH"},{"data":"Omniscience","floor":15.0,"key":"SMITH"},{"data":"Omniscience","floor":24,"key":"SMITH"}],"circlet_count":0,"master_deck":["Strike_P","Strike_P","Strike_P","Defend_P","Defend_P","Defend_P+1","Eruption","Vigilance+1","Tantrum+1","EmptyFist","JustLucky","FlyingSleeves","Devotion+1","FlurryOfBlows","Prostrate","Omniscience+1","ClearTheMind","Evaluate","Meditate","Omniscience+1","Pray","FlurryOfBlows"],"relics":["Philosopher\u0027s Stone","Mummified Hand","Bag of Marbles","Sundial","Mango","Juzu Bracelet","Black Star","Bag of Preparation","CaptainsWheel","War Paint"],"acts_visited":["Exordium","TheCity"],"potions_floor_usage":[23],"damage_taken":[{"damage":0.0,"enemies":"2 Louse","floor":1.0,"turns":2.0},{"damage":0.0,"enemies":"Cultist","floor":2.0,"turns":2.0},{"damage":8.0,"enemies":"Jaw Worm","floor":3.0,"turns":4.0},{"damage":1.0,"enemies":"Gremlin Gang","floor":5.0,"turns":3.0},{"damage":0.0,"enemies":"Gremlin Nob","floor":6.0,"turns":2.0},{"damage":42.0,"enemies":"3 Sentries","floor":8.0,"turns":6.0},{"damage":7.0,"enemies":"Lagavulin","floor":10.0,"turns":5.0},{"damage":0.0,"enemies":"Looter","floor":11.0,"turns":3.0},{"damage":5.0,"enemies":"Gremlin Nob","floor":12.0,"turns":3.0},{"damage":10.0,"enemies":"Lots of Slimes","floor":13.0,"turns":3.0},{"damage":3.0,"enemies":"Red Slaver","floor":14.0,"turns":3.0},{"damage":0.0,"enemies":"Slime Boss","floor":16.0,"turns":6.0},{"damage":0.0,"enemies":"Spheric Guardian","floor":18.0,"turns":1.0},{"damage":0.0,"enemies":"Shell Parasite","floor":20.0,"turns":1.0},{"damage":0.0,"enemies":"Cultist and Chosen","floor":22.0,"turns":4.0},{"damage":8,"enemies":"Gremlin Leader","floor":23,"turns":5},{"damage":0,"enemies":"Snake Plant","floor":25,"turns":1}],"seed_played":"5373641255479751706","potions_obtained":[{"floor":1.0,"key":"Weak Potion"},{"floor":6.0,"key":"Fruit Juice"},{"floor":8.0,"key":"SkillPotion"},{"floor":11.0,"key":"AttackPotion"},{"floor":14.0,"key":"PowerPotion"},{"floor":18.0,"key":"BottledMiracle"},{"floor":23,"key":"Strength Potion"}],"is_trial":false,"path_per_floor":["M","M","M","?","M","E","R","E","T","E","M","E","M","M","R","B",null,"M","$","M","?","M","E","R","M"],"character_chosen":"WATCHER","items_purchased":["Bag of Preparation","MasterReality"],"campfire_rested":0,"item_purchase_floors":[19,19],"current_hp_per_floor":[65,65,57,57,56,56,56,14,14,21,21,16,6,3,3,3,65,65,65,65,65,65,57,57,57,57],"gold":63,"neow_bonus":"BOSS_RELIC","is_daily":false,"chose_seed":false,"campfire_upgraded":3,"win_rate":0.0,"timestamp":1612488730,"path_taken":["M","M","M","?","?","E","R","E","T","E","M","E","M","M","R","BOSS","M","?","M","?","M","E","R","M"],"items_purchased_type":["Relic","Card"],"build_version":"2020-12-22","purchased_purges":1,"victory":false,"max_hp_per_floor":[72,72,72,72,72,72,72,72,72,86,86,86,86,86,86,86,86,86,86,86,86,86,86,86,86,86],"relic_stats":{"counters":[17,54],"Mummified Hand":[11],"Sundial":[2],"Juzu Bracelet":1,"Black Star":1,"Bag of Preparation":[8],"War Paint":["Defend_P","Vigilance"],"obtain_stats":[{"CaptainsWheel":23,"Mummified Hand":6,"Sundial":9,"Philosopher\u0027s Stone":0,"Mango":10,"Bag of Marbles":8,"Juzu Bracelet":12,"Black Star":17,"Bag of Preparation":19,"PureWater":0,"War Paint":23},{"CaptainsWheel":16,"Mummified Hand":5,"Sundial":6,"Philosopher\u0027s Stone":0,"Mango":7,"Bag of Marbles":6,"Juzu Bracelet":9,"Black Star":12,"Bag of Preparation":13,"PureWater":0,"War Paint":16},{"CaptainsWheel":53,"Mummified Hand":13,"Sundial":19,"Philosopher\u0027s Stone":0,"Mango":24,"Bag of Marbles":19,"Juzu Bracelet":30,"Black Star":42,"Bag of Preparation":43,"PureWater":0,"War Paint":53}]},"card_choices":[{"not_picked":["Evaluate","CutThroughFate"],"picked":"Tantrum","floor":1.0},{"not_picked":["CarveReality","Weave"],"picked":"EmptyFist","floor":2.0},{"not_picked":["EmptyFist","BowlingBash"],"picked":"JustLucky","floor":3.0},{"not_picked":["Tantrum","EmptyFist"],"picked":"FlyingSleeves","floor":5.0},{"not_picked":["Indignation","FlyingSleeves"],"picked":"Devotion","floor":6.0},{"not_picked":["EmptyBody","MentalFortress"],"picked":"FlurryOfBlows","floor":8.0},{"not_picked":["FlyingSleeves","WreathOfFlame"],"picked":"Prostrate","floor":10.0},{"not_picked":["ThirdEye","EmptyMind"],"picked":"Omniscience","floor":11.0},{"not_picked":["PathToVictory","ClearTheMind","Crescendo"],"picked":"SKIP","floor":12.0},{"not_picked":["PathToVictory","Crescendo"],"picked":"ClearTheMind","floor":12.0},{"not_picked":["ThirdEye","Collect"],"picked":"Evaluate","floor":13.0},{"not_picked":["BowlingBash","CrushJoints"],"picked":"Meditate","floor":14.0},{"not_picked":["MasterReality","Blasphemy"],"picked":"Omniscience","floor":16.0},{"not_picked":["JustLucky","LikeWater"],"picked":"Pray","floor":18.0},{"not_picked":["ThirdEye","Consecrate"],"picked":"FlurryOfBlows","floor":20.0},{"not_picked":["Protect","Halt","WaveOfTheHand"],"picked":"SKIP","floor":22.0},{"not_picked":["ClearTheMind","Swivel","SashWhip"],"picked":"SKIP","floor":23}],"player_experience":1133582,"relics_obtained":[{"floor":6.0,"key":"Mummified Hand"},{"floor":8.0,"key":"Bag of Marbles"},{"floor":9.0,"key":"Sundial"},{"floor":10.0,"key":"Mango"},{"floor":12.0,"key":"Juzu Bracelet"},{"floor":23,"key":"CaptainsWheel"},{"floor":23,"key":"War Paint"}],"event_choices":[{"cards_removed":["Strike_P"],"damage_healed":0.0,"max_hp_gain":0.0,"max_hp_loss":0.0,"gold_gain":0.0,"event_name":"Bonfire Elementals","player_choice":"Offered Basic","floor":4.0,"gold_loss":0.0,"damage_taken":0.0},{"cards_removed":["MasterReality"],"damage_healed":0.0,"max_hp_gain":0.0,"max_hp_loss":0.0,"gold_gain":0.0,"event_name":"Designer","player_choice":"Upgrade and Remove","floor":21.0,"gold_loss":90.0,"damage_taken":0.0,"cards_upgraded":["Tantrum"]}],"is_beta":false,"boss_relics":[{"not_picked":["Calling Bell","Sozu"],"picked":"Black Star"}],"items_purged_floors":[19],"is_endless":false,"potions_floor_spawned":[1,6,8,11,14,18,23],"killed_by":"Snake Plant","ascension_level":8}}