{"host":"22ezjknwheybwqtz","time":1612519870,"event":{"mods":["BaseMod","Beaked The Cultist","Minty Spire (QoL Compilation)","Replay The Spire","Shop Mod","StSLib"],"gold_per_floor":[110,129,129,129,54,87,102,102,151,151,151],"floor_reached":10,"language":"ENG","playtime":186,"items_purged":["beaked:Defend_Y"],"score":66,"play_id":"e015caed-20ca-4d61-884f-49c506814baf","local_time":"20210205181110","is_ascension_mode":false,"campfire_choices":[{"data":"beaked:BloodRitual","floor":8,"key":"SMITH"}],"circlet_count":0,"master_deck":["beaked:Strike_Y","beaked:Strike_Y","beaked:Strike_Y","beaked:Strike_Y","beaked:Strike_Y","beaked:Defend_Y","beaked:Defend_Y","beaked:Defend_Y","beaked:Ceremony","beaked:Ceremony","beaked:Ceremony","beaked:Evade","beaked:Insight","beaked:BloodRitual+1"],"relics":["beaked:MendingPlumage","NeowsBlessing","Golden Idol","Replay:Wax Seal","Vajra"],"acts_visited":["Exordium"],"potions_floor_usage":[10],"damage_taken":[{"damage":0,"enemies":"Jaw Worm","floor":1,"turns":1},{"damage":0,"enemies":"Small Slimes","floor":2,"turns":1},{"damage":9,"enemies":"3 Sentries","floor":6,"turns":2},{"damage":10,"enemies":"Cultist","floor":7,"turns":4},{"damage":54,"enemies":"Gremlin Nob","floor":10,"turns":3}],"seed_played":"-7955541892712684739","potions_obtained":[{"floor":2,"key":"FearPotion"}],"is_trial":false,"path_per_floor":["M","M","?","?","$","E","M","R","T","E"],"character_chosen":"BEAKED_THE_CULTIST","items_purchased":[],"campfire_rested":0,"item_purchase_floors":[],"current_hp_per_floor":[50,50,38,38,38,35,37,37,37,0,0],"gold":151,"neow_bonus":"THREE_ENEMY_KILL","is_daily":false,"chose_seed":false,"campfire_upgraded":1,"win_rate":0.0,"timestamp":1612519870,"path_taken":["M","M","?","?","$","E","?","R","T","E"],"items_purchased_type":[],"build_version":"2020-12-22","purchased_purges":1,"victory":false,"max_hp_per_floor":[50,50,50,50,50,50,50,50,50,50,50],"card_choices":[{"not_picked":["beaked:FeelMyPain","beaked:Cower"],"picked":"beaked:Evade","floor":1},{"not_picked":["beaked:Pecker","beaked:BloodForTheGods"],"picked":"beaked:Insight","floor":2},{"not_picked":["beaked:Tweet","beaked:Insight"],"picked":"beaked:BloodRitual","floor":6},{"not_picked":["beaked:Resilience","beaked:Flinch","beaked:StickSmack"],"picked":"SKIP","floor":7}],"player_experience":75684,"relics_obtained":[{"floor":6,"key":"Replay:Wax Seal"},{"floor":9,"key":"Vajra"}],"event_choices":[{"damage_healed":0,"gold_gain":0,"player_choice":"Take Damage","damage_taken":12,"relics_obtained":["Golden Idol"],"max_hp_gain":0,"max_hp_loss":0,"event_name":"Golden Idol","floor":3,"gold_loss":0},{"cards_removed":["beaked:Strike_Y"],"damage_healed":0,"gold_gain":0,"player_choice":"Purged","damage_taken":0,"max_hp_gain":0,"max_hp_loss":0,"event_name":"Purifier","floor":4,"gold_loss":0}],"is_beta":false,"boss_relics":[],"items_purged_floors":[5],"is_endless":false,"potions_floor_spawned":[2],"killed_by":"Gremlin Nob","ascension_level":0}}