{"host":"24vdok87ydm8sokm","time":1612518402,"event":{"mods":["AchievementEnabler","BaseMod","Colored Map","Colored Powertips","Downfall","Marisa????????","Minty Spire (QoL Compilation)","StSLib","The Cursed","The Servant 0.9.4"],"gold_per_floor":[349,359,376,58,76,76,131,165,179,204,215,215,231,231,242,339,339,339,356,367,367,367],"floor_reached":21,"language":"ENG","playtime":2938,"items_purged":[],"score":193,"play_id":"a4066db6-7f55-4a94-9066-a9fbdddfbbe0","local_time":"20210205034642","is_ascension_mode":false,"campfire_choices":[{"floor":1,"key":"RECALL"},{"floor":6,"key":"REST"},{"floor":12,"key":"REST"},{"data":"WindmillStrike","floor":18,"key":"SMITH"}],"circlet_count":0,"master_deck":["Strike_P","Strike_P","Strike_P","Strike_P","Defend_P","Defend_P","Defend_P","Defend_P","Eruption","Vigilance","BattleHymn","SandsOfTime","EmptyBody","Study","FearNoEvil","Evaluate","CutThroughFate","Pray","CarveReality","WindmillStrike+1","SandsOfTime","Wallop","Devotion+1","LikeWater+1","Prostrate+1"],"relics":["PureWater","Centennial Puzzle","Pantograph","Pear","Frozen Egg 2","SlaversCollar"],"acts_visited":["Exordium","TheCity"],"potions_floor_usage":[10,10,10,16,21],"damage_taken":[{"damage":0,"enemies":"Cultist","floor":2,"turns":2},{"damage":7,"enemies":"Small Slimes","floor":3,"turns":2},{"damage":2,"enemies":"downfall:FleeingMerchant","floor":4,"turns":4},{"damage":6,"enemies":"Jaw Worm","floor":5,"turns":2},{"damage":20,"enemies":"Gremlin Nob","floor":8,"turns":4},{"damage":11,"enemies":"Red Slaver","floor":9,"turns":4},{"damage":4,"enemies":"3 Sentries","floor":10,"turns":4},{"damage":0,"enemies":"Looter","floor":11,"turns":3},{"damage":1,"enemies":"2 Fungi Beasts","floor":13,"turns":4},{"damage":15,"enemies":"Red Slaver","floor":15,"turns":4},{"damage":37,"enemies":"Hexaghost","floor":16,"turns":11},{"damage":17,"enemies":"Shell Parasite","floor":19,"turns":5},{"damage":52,"enemies":"Cultist and Chosen","floor":20,"turns":7},{"damage":17,"enemies":"Snake Plant","floor":21,"turns":2}],"seed_played":"-6452954030757864339","potions_obtained":[{"floor":2,"key":"Dexterity Potion"},{"floor":8,"key":"LiquidBronze"},{"floor":9,"key":"Dexterity Potion"},{"floor":11,"key":"Block Potion"},{"floor":20,"key":"Explosive Potion"}],"is_trial":false,"path_per_floor":["R","M","M","$","M","R","T","E","M","E","M","R","M","?","M","B",null,"R","M","M","M"],"character_chosen":"WATCHER","items_purchased":["Centennial Puzzle","Study","FearNoEvil"],"campfire_rested":2,"item_purchase_floors":[4,4,4],"current_hp_per_floor":[51,51,44,42,36,57,57,37,26,32,32,56,55,43,28,16,82,82,65,13,0,0],"gold":367,"neow_bonus":"TWO_FIFTY_GOLD","is_daily":false,"chose_seed":false,"campfire_upgraded":1,"win_rate":0.0,"timestamp":1612518402,"path_taken":["R","M","M","$","M","R","T","E","M","E","M","R","?","?","M","BOSS","R","M","M","M"],"items_purchased_type":["Relic","Card","Card"],"build_version":"2020-12-22","purchased_purges":0,"victory":false,"max_hp_per_floor":[72,72,72,72,72,72,72,72,72,82,82,82,82,82,82,82,82,82,82,82,82,82],"card_choices":[{"not_picked":["CutThroughFate","Collect"],"picked":"BattleHymn","floor":2},{"not_picked":["SashWhip","WheelKick"],"picked":"SandsOfTime","floor":3},{"not_picked":["FollowUp","Consecrate"],"picked":"EmptyBody","floor":4},{"not_picked":["LikeWater","Collect"],"picked":"Evaluate","floor":5},{"not_picked":["JustLucky","EmptyMind"],"picked":"CutThroughFate","floor":8},{"not_picked":["Blasphemy","BowlingBash"],"picked":"Pray","floor":9},{"not_picked":["Protect","BowlingBash"],"picked":"CarveReality","floor":10},{"not_picked":["CrushJoints","SashWhip"],"picked":"WindmillStrike","floor":11},{"not_picked":["SashWhip","JustLucky"],"picked":"SandsOfTime","floor":13},{"not_picked":["WheelKick","CrushJoints"],"picked":"Wallop","floor":15},{"not_picked":["Brilliance","Judgement"],"picked":"Devotion+1","floor":16},{"not_picked":["WreathOfFlame","Halt"],"picked":"LikeWater+1","floor":19},{"not_picked":["Halt","DeceiveReality"],"picked":"Prostrate+1","floor":20}],"player_experience":78827,"relics_obtained":[{"floor":8,"key":"Pantograph"},{"floor":10,"key":"Pear"}],"event_choices":[{"damage_healed":0,"gold_gain":0,"player_choice":"Success","damage_taken":12,"relics_obtained":["Frozen Egg 2"],"max_hp_gain":0,"max_hp_loss":0,"event_name":"Scrap Ooze","floor":14,"gold_loss":0}],"is_beta":false,"boss_relics":[{"not_picked":["Fusion Hammer","Empty Cage"],"picked":"SlaversCollar"}],"items_purged_floors":[],"is_endless":false,"potions_floor_spawned":[2,8,9,11,20],"killed_by":"Snake Plant","ascension_level":0}}