{"host":"6p0attdrtjqaih7v","time":1612557210,"event":{"mods":["2.2 Compatiblity","AchievementEnabler","Bard","BaseMod","Better Skull","Better Third Choice","Colored Powertips","Hermit","Highlight Path","Key Reminder","Minty Spire (QoL Compilation)","Permanent Neow","Quick Restart","Random Character Button","Relic Stats","Reliquary","Replay The Spire","Robot Space Explorer","StSLib","The Witch"],"gold_per_floor":[110,120,131,131,145,145,171,187,214,50,83,83,110,125,125,202,202,214,231,19,34,45,45,58,88,88,88,104,104,10,21,21,98,98,109,109,124,144,162,162,187,217,294,24,24,24,39,52,52,52,52,52],"floor_reached":51,"language":"ENG","playtime":2668,"items_purged":["Strike_G","Strike_G","Strike_G"],"score":1396,"play_id":"53b89d1c-93e4-4502-931f-4b6cf6d9561a","local_time":"20210205153330","is_ascension_mode":true,"campfire_choices":[{"data":"Neutralize","floor":6,"key":"SMITH"},{"floor":12,"key":"REST"},{"floor":15,"key":"REST"},{"floor":23,"key":"REST"},{"floor":29,"key":"REST"},{"floor":32,"key":"REST"},{"floor":40,"key":"REST"},{"floor":46,"key":"REST"},{"floor":49,"key":"REST"}],"circlet_count":0,"master_deck":["AscendersBane","Strike_G","Defend_G","Defend_G","Defend_G","Defend_G","Defend_G","Survivor","Neutralize+1","Adrenaline","Blade Dance","Quick Slash","Quick Slash","Infinite Blades","Acrobatics","Deflect","Accuracy+1","ReplayTheSpireMod:Speed Training","Leg Sweep","Acrobatics","After Image+1","Infinite Blades","Escape Plan","Prepared+1","Caltrops+1","Replay:Poison Smokescreen","Acrobatics+1","A Thousand Cuts+1","Cloak And Dagger+1","Dodge and Roll+1","Acrobatics+1","Adrenaline+1","CurseOfTheBell","Deflect","Night Terror+1","Cloak And Dagger+1","Blur","Accuracy+1","Prepared+1","Acrobatics"],"relics":["Ring of the Snake","Golden Egg","keyreminder:keyreminder","Oddly Smooth Stone","Juzu Bracelet","Potion Belt","Fusion Hammer","Membership Card","Darkstone Periapt","InkBottle","Calling Bell","Centennial Puzzle","Garlic","Torii","Lizard Tail","reliquary:KillPill","Onion Ring","Shuriken"],"acts_visited":["Exordium","TheCity","TheBeyond"],"potions_floor_usage":[7,11,22,25,33,33,38,42,50,51,51,51],"damage_taken":[{"damage":4,"enemies":"Cultist","floor":1,"turns":4},{"damage":0,"enemies":"Jaw Worm","floor":2,"turns":3},{"damage":1,"enemies":"2 Louse","floor":3,"turns":3},{"damage":0,"enemies":"2 Fungi Beasts","floor":5,"turns":3},{"damage":30,"enemies":"Gremlin Nob","floor":7,"turns":4},{"damage":1,"enemies":"Blue Slaver","floor":8,"turns":4},{"damage":4,"enemies":"3 Sentries","floor":11,"turns":5},{"damage":32,"enemies":"Gremlin Nob","floor":13,"turns":4},{"damage":0,"enemies":"Large Slime","floor":14,"turns":4},{"damage":15,"enemies":"The Guardian","floor":16,"turns":14},{"damage":0,"enemies":"Shell Parasite","floor":18,"turns":6},{"damage":12,"enemies":"Chosen","floor":19,"turns":6},{"damage":0,"enemies":"Centurion and Healer","floor":21,"turns":7},{"damage":2,"enemies":"Snake Plant","floor":22,"turns":4},{"damage":4,"enemies":"Sentry and Sphere","floor":24,"turns":5},{"damage":15,"enemies":"Replay:Snechameleon","floor":25,"turns":5},{"damage":0,"enemies":"Centurion and Healer","floor":28,"turns":4},{"damage":1,"enemies":"Shelled Parasite and Fungi","floor":31,"turns":4},{"damage":31,"enemies":"Champ","floor":33,"turns":13},{"damage":0,"enemies":"3 Shapes","floor":35,"turns":4},{"damage":1,"enemies":"3 Darklings","floor":37,"turns":3},{"damage":24,"enemies":"Transient","floor":38,"turns":6},{"damage":0,"enemies":"4 Shapes","floor":39,"turns":3},{"damage":1,"enemies":"Mind Bloom Boss Battle","floor":41,"turns":7},{"damage":15,"enemies":"Nemesis","floor":42,"turns":3},{"damage":0,"enemies":"Spire Growth","floor":47,"turns":4},{"damage":14,"enemies":"Jaw Worm Horde","floor":48,"turns":4},{"damage":21,"enemies":"Donu and Deca","floor":50,"turns":9},{"damage":87,"enemies":"Time Eater","floor":51,"turns":14}],"seed_played":"-5375307735762149227","potions_obtained":[{"floor":1,"key":"Elixir"},{"floor":3,"key":"Elixir"},{"floor":13,"key":"Weak Potion"},{"floor":16,"key":"LiquidBronze"},{"floor":19,"key":"ColorlessPotion"},{"floor":21,"key":"Fire Potion"},{"floor":22,"key":"LiquidBronze"},{"floor":28,"key":"Regen Potion"},{"floor":35,"key":"Elixir"},{"floor":38,"key":"Swift Potion"},{"floor":41,"key":"SpeedPotion"}],"is_trial":false,"path_per_floor":["M","M","M","?","M","R","E","M","T","$","E","R","E","M","R","B",null,"M","M","$","M","M","R","M","E","T","?","M","R","$","M","R","B",null,"M","?","M","M","M","R","?","E","T","$","?","R","M","M","R","B","B"],"character_chosen":"THE_SILENT","items_purchased":["Accuracy","Membership Card","Prepared","Caltrops","Cloak And Dagger","Dodge and Roll","Shuriken","Accuracy","Prepared","Swift Potion"],"campfire_rested":8,"item_purchase_floors":[10,20,20,20,30,30,44,44,44,44],"current_hp_per_floor":[55,55,54,54,54,54,24,23,23,23,19,37,5,5,23,8,47,47,35,35,35,33,51,47,32,32,32,32,50,50,49,60,29,58,58,58,57,48,48,66,65,50,50,50,50,63,63,49,63,42,0,0],"gold":52,"neow_bonus":"THREE_RARE_CARDS","is_daily":false,"chose_seed":false,"campfire_upgraded":1,"win_rate":0.0,"timestamp":1612557210,"path_taken":["M","M","?","?","M","R","E","M","T","$","E","R","E","M","R","BOSS","M","M","$","M","M","R","M","E","T","?","M","R","$","M","R","BOSS","M","?","M","M","M","R","?","E","T","$","?","R","M","M","R","BOSS","BOSS"],"items_purchased_type":["Card","Relic","Card","Card","Card","Card","Relic","Card","Card","Potion"],"build_version":"2020-12-22","purchased_purges":3,"victory":false,"max_hp_per_floor":[60,60,60,60,60,60,60,60,60,60,60,60,60,60,60,60,60,60,60,60,60,60,60,60,60,60,60,60,60,60,60,60,60,66,66,66,66,66,66,66,66,66,66,66,63,63,63,63,63,63,63,63],"relic_stats":{"Darkstone Periapt":6,"Centennial Puzzle":[21],"Lizard Tail":31,"Torii":19,"counters":[29,159],"Shuriken":[14],"Juzu Bracelet":1,"obtain_stats":[{"Potion Belt":13,"Darkstone Periapt":25,"Golden Egg":7,"Torii":34,"Oddly Smooth Stone":9,"reliquary:KillPill":42,"Juzu Bracelet":11,"keyreminder:keyreminder":7,"Calling Bell":34,"Centennial Puzzle":34,"Lizard Tail":41,"Shuriken":44,"Onion Ring":43,"Fusion Hammer":17,"Garlic":34,"Membership Card":20,"InkBottle":26,"Ring of the Snake":0},{"Potion Belt":8,"Darkstone Periapt":16,"Golden Egg":5,"Torii":19,"Oddly Smooth Stone":6,"reliquary:KillPill":25,"Juzu Bracelet":7,"keyreminder:keyreminder":5,"Calling Bell":19,"Centennial Puzzle":19,"Lizard Tail":24,"Shuriken":25,"Onion Ring":25,"Fusion Hammer":10,"Garlic":19,"Membership Card":12,"InkBottle":16,"Ring of the Snake":0},{"Potion Belt":30,"Darkstone Periapt":81,"Golden Egg":17,"Torii":102,"Oddly Smooth Stone":21,"reliquary:KillPill":128,"Juzu Bracelet":26,"keyreminder:keyreminder":17,"Calling Bell":102,"Centennial Puzzle":102,"Lizard Tail":125,"Shuriken":128,"Onion Ring":128,"Fusion Hammer":48,"Garlic":102,"Membership Card":60,"InkBottle":81,"Ring of the Snake":0}],"InkBottle":[56],"Ring of the Snake":[58]},"card_choices":[{"not_picked":["Wraith Form v2","Doppelganger"],"picked":"Adrenaline","floor":0},{"not_picked":["Masterful Stab","Acrobatics"],"picked":"Blade Dance","floor":1},{"not_picked":["Outmaneuver","Dagger Spray"],"picked":"Quick Slash","floor":2},{"not_picked":["Infinite Blades","Sucker Punch"],"picked":"Quick Slash","floor":3},{"not_picked":["Poisoned Stab","Dagger Throw"],"picked":"Infinite Blades","floor":5},{"not_picked":["Dodge and Roll","Slice"],"picked":"Acrobatics","floor":7},{"not_picked":["Acrobatics","Night Terror"],"picked":"Deflect","floor":8},{"not_picked":["Noxious Fumes","Underhanded Strike"],"picked":"ReplayTheSpireMod:Speed Training","floor":11},{"not_picked":["Endless Agony","Deadly Poison"],"picked":"Leg Sweep","floor":13},{"not_picked":["Poisoned Stab","Dash"],"picked":"Acrobatics","floor":14},{"not_picked":["Replay:Bag of Tricks","Phantasmal Killer"],"picked":"After Image","floor":16},{"not_picked":["Accuracy","Blade Dance"],"picked":"Infinite Blades","floor":18},{"not_picked":["Dagger Throw","Quick Slash"],"picked":"Escape Plan","floor":19},{"not_picked":["Quick Slash","Expertise+1"],"picked":"Replay:Poison Smokescreen","floor":21},{"not_picked":["Underhanded Strike","Outmaneuver","Choke"],"picked":"SKIP","floor":22},{"not_picked":["Underhanded Strike","Outmaneuver","Choke"],"picked":"SKIP","floor":22},{"not_picked":["Cloak And Dagger","Deadly Poison"],"picked":"Acrobatics+1","floor":24},{"not_picked":["Sucker Punch","Underhanded Strike"],"picked":"A Thousand Cuts","floor":25},{"not_picked":["Dagger Spray","Eviscerate","Well Laid Plans"],"picked":"SKIP","floor":28},{"not_picked":["Sucker Punch","Poisoned Stab"],"picked":"Acrobatics+1","floor":31},{"not_picked":["Glass Knife","Unload"],"picked":"Adrenaline","floor":33},{"not_picked":["Replay:Poison Smokescreen","Deadly Poison"],"picked":"Deflect","floor":35},{"not_picked":["Poisoned Stab","Blur"],"picked":"Night Terror","floor":37},{"not_picked":["Endless Agony","Toxin Wave","Terror"],"picked":"SKIP","floor":38},{"not_picked":["PiercingWail+1","Deadly Poison","All Out Attack"],"picked":"SKIP","floor":39},{"not_picked":["Outmaneuver","Slice+1"],"picked":"Cloak And Dagger+1","floor":41},{"not_picked":["Dagger Throw","Outmaneuver+1"],"picked":"Blur","floor":42},{"not_picked":["Choke","Tactician","Heel Hook"],"picked":"SKIP","floor":47},{"not_picked":["Tactician","Deadly Poison"],"picked":"Acrobatics","floor":48}],"player_experience":1017956,"relics_obtained":[{"floor":7,"key":"Golden Egg"},{"floor":9,"key":"Oddly Smooth Stone"},{"floor":11,"key":"Juzu Bracelet"},{"floor":13,"key":"Potion Belt"},{"floor":25,"key":"Darkstone Periapt"},{"floor":26,"key":"InkBottle"},{"floor":34,"key":"Centennial Puzzle"},{"floor":34,"key":"Garlic"},{"floor":34,"key":"Torii"},{"floor":41,"key":"Lizard Tail"},{"floor":42,"key":"reliquary:KillPill"},{"floor":43,"key":"Onion Ring"}],"event_choices":[{"cards_removed":["Strike_G"],"damage_healed":0,"gold_gain":0,"player_choice":"Purged","damage_taken":0,"max_hp_gain":0,"max_hp_loss":0,"event_name":"Purifier","floor":4,"gold_loss":0},{"damage_healed":0,"gold_gain":0,"player_choice":"Ignored","damage_taken":0,"max_hp_gain":0,"max_hp_loss":0,"event_name":"Tomb of Lord Red Mask","floor":36,"gold_loss":0},{"damage_healed":0,"gold_gain":0,"player_choice":"Fight","damage_taken":0,"max_hp_gain":0,"max_hp_loss":0,"event_name":"MindBloom","floor":41,"gold_loss":0},{"damage_healed":0,"gold_gain":0,"player_choice":"Max HP","damage_taken":0,"max_hp_gain":0,"max_hp_loss":3,"event_name":"Winding Halls","floor":45,"gold_loss":0}],"is_beta":false,"boss_relics":[{"not_picked":["Sozu","Velvet Choker"],"picked":"Fusion Hammer"},{"not_picked":["SacredBark","Snecko Heart"],"picked":"Calling Bell"}],"items_purged_floors":[10,30,44],"is_endless":false,"potions_floor_spawned":[1,3,13,16,19,21,22,28,35,38,41],"killed_by":"Time Eater","ascension_level":20}}