{"host":"06t6i6dwlvtvdxau","time":1612513241,"event":{"mods":["BaseMod","Colored Map","Colored Powertips","GifTheSpireLib","Minty Spire (QoL Compilation)","Quick Restart","Shop Mod","StSLib"],"gold_per_floor":[111,111,91,106,126,159,159,171,171,185,197,197,213,231,231,231,231],"floor_reached":16,"language":"FRA","playtime":912,"items_purged":[],"score":196,"play_id":"ca5b1003-77c2-40f7-a5c5-91c08c0c1629","local_time":"20210205092041","is_ascension_mode":true,"campfire_choices":[{"data":"Terror","floor":7,"key":"SMITH"},{"data":"Bullet Time","floor":12,"key":"SMITH"},{"data":"Footwork","floor":15,"key":"SMITH"}],"circlet_count":0,"master_deck":["AscendersBane","Strike_G","Strike_G","Strike_G","Strike_G","Strike_G","Defend_G","Defend_G","Defend_G","Defend_G","Survivor","Neutralize","Terror+1","Cloak And Dagger","Infinite Blades","Acrobatics","Concentrate","Cloak And Dagger","Bullet Time+1","Footwork+1"],"relics":["Ring of the Snake","Prayer Wheel","TungstenRod"],"acts_visited":["Exordium"],"potions_floor_usage":[10,13,14],"damage_taken":[{"damage":3,"enemies":"Small Slimes","floor":1,"turns":5},{"damage":8,"enemies":"2 Louse","floor":4,"turns":3},{"damage":0,"enemies":"Cultist","floor":5,"turns":4},{"damage":25,"enemies":"3 Sentries","floor":6,"turns":10},{"damage":15,"enemies":"Lots of Slimes","floor":8,"turns":6},{"damage":9,"enemies":"2 Fungi Beasts","floor":10,"turns":5},{"damage":1,"enemies":"3 Louse","floor":11,"turns":5},{"damage":0,"enemies":"Looter","floor":13,"turns":4},{"damage":0,"enemies":"2 Fungi Beasts","floor":14,"turns":3},{"damage":9,"enemies":"Slime Boss","floor":16,"turns":3}],"seed_played":"3543334124983346258","potions_obtained":[{"floor":1,"key":"Strength Potion"},{"floor":3,"key":"GhostInAJar"},{"floor":10,"key":"SmokeBomb"},{"floor":13,"key":"Poison Potion"},{"floor":14,"key":"Weak Potion"}],"is_trial":false,"path_per_floor":["M","?","?","M","M","E","R","M","T","M","M","R","M","M","R","B"],"character_chosen":"THE_SILENT","items_purchased":[],"campfire_rested":0,"item_purchase_floors":[],"current_hp_per_floor":[62,62,62,54,54,29,29,14,14,5,4,4,4,4,4,0,0],"gold":231,"neow_bonus":"TEN_PERCENT_HP_BONUS","is_daily":false,"chose_seed":false,"campfire_upgraded":3,"win_rate":0.0,"timestamp":1612513241,"path_taken":["M","?","?","?","?","E","R","M","T","M","M","R","M","M","R","BOSS"],"items_purchased_type":[],"build_version":"2020-12-22","purchased_purges":0,"victory":false,"max_hp_per_floor":[72,72,72,72,72,72,72,72,72,72,72,72,72,72,72,72,72],"card_choices":[{"not_picked":["Dodge and Roll","Poisoned Stab"],"picked":"Terror","floor":1},{"not_picked":["Bane","Poisoned Stab"],"picked":"Cloak And Dagger","floor":4},{"not_picked":["Outmaneuver","Dodge and Roll"],"picked":"Infinite Blades","floor":5},{"not_picked":["Deflect","Slice"],"picked":"Acrobatics","floor":6},{"not_picked":["Backflip","Doppelganger"],"picked":"Concentrate","floor":8},{"not_picked":["Poisoned Stab","Dagger Spray","PiercingWail"],"picked":"SKIP","floor":8},{"not_picked":["Dagger Throw","Terror","Quick Slash"],"picked":"SKIP","floor":10},{"not_picked":["Dodge and Roll","Masterful Stab","Quick Slash"],"picked":"SKIP","floor":10},{"not_picked":["Backflip","Acrobatics"],"picked":"Cloak And Dagger","floor":11},{"not_picked":["Acrobatics","Escape Plan"],"picked":"Bullet Time","floor":11},{"not_picked":["Tactician","PiercingWail"],"picked":"Footwork","floor":13},{"not_picked":["PiercingWail","Dodge and Roll","Backflip"],"picked":"SKIP","floor":13},{"not_picked":["Prepared","Acrobatics","Crippling Poison"],"picked":"SKIP","floor":14},{"not_picked":["Bane","Choke","Dagger Throw"],"picked":"SKIP","floor":14}],"player_experience":785386,"relics_obtained":[{"floor":6,"key":"Prayer Wheel"},{"floor":9,"key":"TungstenRod"}],"event_choices":[{"cards_removed":["Defend_G"],"damage_healed":0,"gold_gain":0,"player_choice":"Forget","damage_taken":0,"max_hp_gain":0,"max_hp_loss":0,"event_name":"Living Wall","floor":2,"gold_loss":0},{"damage_healed":0,"gold_gain":0,"player_choice":"Bought 1 Potion","damage_taken":0,"max_hp_gain":0,"max_hp_loss":0,"event_name":"The Woman in Blue","floor":3,"gold_loss":0}],"is_beta":false,"boss_relics":[],"items_purged_floors":[],"is_endless":false,"potions_floor_spawned":[1,6,10,13,14],"killed_by":"Slime Boss","ascension_level":17}}