{"host":"1gxyv4nzk9y6vrq3","time":1612554066,"event":{"mods":["Bartender","BaseMod","Downfall","Duelist Mod","Marisa????????","Minty Spire (QoL Compilation)","Relic Stats","StSLib","The Servant 0.9.4"],"gold_per_floor":[99,99,109,125,144,174,174,191,206,116,16,49,49,34,52,156,156,56,72,85,95,80,80,107,92,112,112,112,112],"floor_reached":27,"language":"ENG","playtime":2765,"items_purged":[],"score":225,"play_id":"671f4365-c598-45d9-a846-5d7250b9c070","local_time":"20210205114106","is_ascension_mode":false,"campfire_choices":[{"floor":1.0,"key":"RECALL"},{"floor":11.0,"key":"REST"},{"floor":13.0,"key":"REST"},{"data":"hexamod:HexaLevel","floor":18.0,"key":"SMITH"},{"floor":23,"key":"REST"}],"circlet_count":0,"master_deck":["hexamod:Strike","hexamod:Strike","hexamod:Strike","hexamod:Strike","hexamod:Defend","hexamod:Defend","hexamod:Defend","hexamod:Defend","hexamod:Sear+1","hexamod:Float","hexamod:BurningTouch","hexamod:ThermalTransfer","hexamod:Firestarter","hexamod:HexaLevel+1","hexamod:FirstSeal","hexamod:EmpoweredFlame","hexamod:ThirdSeal","hexamod:InspiringFlames","hexamod:HeatCrush","hexamod:SpectersWail","hexamod:FifthSeal","hexamod:HeatMetal","hexamod:SecondSeal","hexamod:InspiringFlames","hexamod:FourthSeal","hexamod:ThermalTransfer","hexamod:WildfireWeapon"],"relics":["Black Star","Calipers","Bird Faced Urn","FossilizedHelix","downfall:HeartBlessingRed","Bag of Marbles","Power_Wrist","bronze:MakeshiftBattery","downfall:HeartBlessingGreen"],"acts_visited":["Exordium","TheCity"],"potions_floor_usage":[21,21],"damage_taken":[{"damage":0.0,"enemies":"Cultist","floor":3.0,"turns":3.0},{"damage":6.0,"enemies":"Jaw Worm","floor":4.0,"turns":3.0},{"damage":6.0,"enemies":"2 Louse","floor":5.0,"turns":4.0},{"damage":26.0,"enemies":"3 Sentries","floor":6.0,"turns":7.0},{"damage":19.0,"enemies":"Exordium Wildlife","floor":8.0,"turns":6.0},{"damage":13.0,"enemies":"Exordium Thugs","floor":9.0,"turns":6.0},{"damage":0.0,"enemies":"downfall:FleeingMerchant","floor":10.0,"turns":4.0},{"damage":13.0,"enemies":"Lagavulin","floor":12.0,"turns":6.0},{"damage":3.0,"enemies":"downfall:FleeingMerchant","floor":14.0,"turns":4.0},{"damage":8.0,"enemies":"Lots of Slimes","floor":15.0,"turns":6.0},{"damage":53.0,"enemies":"IC_STATUS_ARCHETYPE","floor":16.0,"turns":9.0},{"damage":18.0,"enemies":"Shell Parasite","floor":19.0,"turns":6.0},{"damage":41.0,"enemies":"3 Byrds","floor":20.0,"turns":6.0},{"damage":22,"enemies":"Shelled Parasite and Fungi","floor":21,"turns":6},{"damage":12,"enemies":"downfall:FleeingMerchant","floor":22,"turns":4},{"damage":15,"enemies":"downfall:FleeingMerchant","floor":25,"turns":4},{"damage":26,"enemies":"Sentry and Sphere","floor":26,"turns":6},{"damage":20,"enemies":"Centurion and Healer","floor":27,"turns":3}],"seed_played":"-6041099551474768837","potions_obtained":[{"floor":3.0,"key":"Swift Potion"},{"floor":4.0,"key":"DuplicationPotion"},{"floor":8.0,"key":"SneckoOil"},{"floor":9.0,"key":"Energy Potion"},{"floor":15.0,"key":"Regen Potion"},{"floor":16.0,"key":"hexamod:DoubleChargePotion"},{"floor":19.0,"key":"Block Potion"},{"floor":21,"key":"Ancient Potion"},{"floor":26,"key":"CultistPotion"}],"is_trial":false,"path_per_floor":["R","?","M","M","M","E","T","M","M","$","R","E","R","$","M","B",null,"R","M","M","M","$","R","T","$","M","M"],"character_chosen":"THE_SPIRIT","items_purchased":["hexamod:ThirdSeal"],"campfire_rested":3,"item_purchase_floors":[10],"current_hp_per_floor":[70,70,70,64,58,32,32,15,13,22,43,34,55,54,57,23,70,70,61,35,21,11,32,32,23,12,0,0,0],"gold":112,"neow_bonus":"BOSS_RELIC","is_daily":false,"chose_seed":false,"campfire_upgraded":1,"win_rate":0.0,"timestamp":1612554066,"path_taken":["R","?","M","M","?","E","T","M","M","?","R","E","R","$","M","BOSS","R","M","M","M","?","R","T","?","M","M"],"items_purchased_type":["Card"],"build_version":"2020-12-22","purchased_purges":0,"victory":false,"max_hp_per_floor":[70,70,70,70,70,70,70,70,70,70,70,70,70,70,70,70,70,70,70,70,70,70,70,70,70,70,70,70,70],"relic_stats":{"counters":[18,93],"Bird Faced Urn":[62],"Black Star":2,"obtain_stats":[{"Calipers":6,"downfall:HeartBlessingRed":11,"Bird Faced Urn":6,"downfall:HeartBlessingGreen":18,"Black Star":0,"Bag of Marbles":12,"Power_Wrist":12,"hexamod:SpiritBrand":0,"FossilizedHelix":7,"bronze:MakeshiftBattery":17},{"Calipers":4,"downfall:HeartBlessingRed":7,"Bird Faced Urn":4,"downfall:HeartBlessingGreen":11,"Black Star":0,"Bag of Marbles":8,"Power_Wrist":8,"hexamod:SpiritBrand":0,"FossilizedHelix":4,"bronze:MakeshiftBattery":11},{"Calipers":17,"downfall:HeartBlessingRed":33,"Bird Faced Urn":17,"downfall:HeartBlessingGreen":58,"Black Star":0,"Bag of Marbles":39,"Power_Wrist":39,"hexamod:SpiritBrand":0,"FossilizedHelix":17,"bronze:MakeshiftBattery":58}]},"card_choices":[{"not_picked":["hexamod:FourthSeal","hexamod:FastForward"],"picked":"hexamod:BurningTouch","floor":3.0},{"not_picked":["hexamod:GhostOfSpireFuture","hexamod:SkipABeat"],"picked":"hexamod:ThermalTransfer","floor":4.0},{"not_picked":["hexamod:FastForward","hexamod:NecessarySacrifice"],"picked":"hexamod:Firestarter","floor":5.0},{"not_picked":["hexamod:ShieldOfDarkness","hexamod:BurningTouch"],"picked":"hexamod:HexaLevel","floor":6.0},{"not_picked":["hexamod:FourthSeal","hexamod:SwordOfDarkness"],"picked":"hexamod:FirstSeal","floor":8.0},{"not_picked":["hexamod:HeatCrush","hexamod:RainOfEmbers","hexamod:NightmareStrike"],"picked":"SKIP","floor":9.0},{"not_picked":["hexamod:ThermalTransfer","hexamod:SecondSeal"],"picked":"hexamod:EmpoweredFlame","floor":10.0},{"not_picked":["hexamod:HauntingEcho","hexamod:GhostShield"],"picked":"hexamod:InspiringFlames","floor":12.0},{"not_picked":["hexamod:RecurringNightmare","hexamod:BacktrackSmack"],"picked":"hexamod:HeatCrush","floor":14.0},{"not_picked":["hexamod:ThermalTransfer","hexamod:HauntingEcho","hexamod:BacktrackSmack"],"picked":"SKIP","floor":14.0},{"not_picked":["hexamod:GhostLash","hexamod:ThirdSeal"],"picked":"hexamod:SpectersWail","floor":15.0},{"not_picked":["hexamod:WildfireWeapon","hexamod:HexaLevel"],"picked":"hexamod:FifthSeal","floor":16.0},{"not_picked":["hexamod:NightmareGuise","hexamod:GhostShield"],"picked":"hexamod:HeatMetal","floor":19.0},{"not_picked":["hexamod:StepThrough","hexamod:GhostLash","hexamod:GhostShield"],"picked":"SKIP","floor":19.0},{"not_picked":["hexamod:SixthSeal","hexamod:FirstSeal"],"picked":"hexamod:SecondSeal","floor":20.0},{"not_picked":["hexamod:BacktrackSmack","hexamod:InspiringFlames","hexamod:Rewind"],"picked":"SKIP","floor":20.0},{"not_picked":["hexamod:FifthSeal","hexamod:HauntingEcho"],"picked":"hexamod:InspiringFlames","floor":21},{"not_picked":["hexamod:FirstSeal","hexamod:SixthSeal"],"picked":"hexamod:FourthSeal","floor":21},{"not_picked":["hexamod:RecurringNightmare","hexamod:Firestarter"],"picked":"hexamod:ThermalTransfer","floor":21},{"not_picked":["hexamod:PhantomFireball","hexamod:NightmareStrike"],"picked":"hexamod:WildfireWeapon","floor":22},{"not_picked":["hexamod:RainOfEmbers","hexamod:ThermalTransfer","hexamod:WildfireWeapon"],"picked":"SKIP","floor":25},{"not_picked":["hexamod:InspiringFlames","hexamod:NightmareGuise","hexamod:EtherealExpedition"],"picked":"SKIP","floor":26}],"player_experience":51688,"relics_obtained":[{"floor":6.0,"key":"Calipers"},{"floor":6.0,"key":"Bird Faced Urn"},{"floor":7.0,"key":"FossilizedHelix"},{"floor":12.0,"key":"Bag of Marbles"},{"floor":12.0,"key":"Power_Wrist"}],"event_choices":[],"is_beta":false,"boss_relics":[{"not_picked":["Runic Dome","Sozu"],"picked":"bronze:MakeshiftBattery"}],"items_purged_floors":[],"is_endless":false,"potions_floor_spawned":[3,4,8,9,15,16,19,21],"killed_by":"Centurion and Healer","ascension_level":0}}