{"host":"ktoxvvst1mwxww91","time":1612536225,"event":{"mods":["BaseMod","Downfall","Minty Spire (QoL Compilation)","StSLib"],"gold_per_floor":[99,99,99,24,24,58,58,72,85,85,85,85,85],"floor_reached":11,"language":"ENG","playtime":297,"items_purged":["bronze:Strike"],"score":79,"play_id":"4c29efff-2799-4be2-9478-c5a6049b463d","local_time":"20210205154345","is_ascension_mode":true,"campfire_choices":[{"data":"bronze:Goto","floor":1,"key":"SMITH"}],"circlet_count":0,"master_deck":["bronze:Strike","bronze:Strike","bronze:Defend","bronze:Defend","bronze:Defend","bronze:Defend","bronze:Replicate","bronze:Goto+1","bronze:BronzeOrb","bronze:MaxOutput","bronze:Separator","bronze:DarkDash","bronze:NullPointer","bronze:Separator","bronze:MaxOutput","bronze:Library","bronze:Goto"],"relics":["bronze:BronzeCore","downfall:HeartsMalice","Bag of Marbles","bronze:DecasWashers"],"acts_visited":["Exordium"],"potions_floor_usage":[],"damage_taken":[{"damage":0,"enemies":"Jaw Worm","floor":2,"turns":1},{"damage":0,"enemies":"Small Slimes","floor":3,"turns":1},{"damage":0,"enemies":"downfall:FleeingMerchant","floor":4,"turns":1},{"damage":24,"enemies":"Lagavulin","floor":6,"turns":5},{"damage":0,"enemies":"Cultist","floor":8,"turns":2},{"damage":5,"enemies":"Exordium Thugs","floor":9,"turns":2},{"damage":46,"enemies":"Gremlin Nob","floor":11,"turns":4}],"seed_played":"-5459979845831786097","potions_obtained":[{"floor":6,"key":"SkillPotion"},{"floor":8,"key":"Ancient Potion"},{"floor":9,"key":"BlessingOfTheForge"}],"is_trial":false,"path_per_floor":["R","M","M","$","?","E","T","M","M","?","E"],"character_chosen":"THE_AUTOMATON","items_purchased":[],"campfire_rested":0,"item_purchase_floors":[],"current_hp_per_floor":[70,70,70,70,70,46,46,46,41,41,0,0,0],"gold":85,"neow_bonus":"THREE_ENEMY_KILL","is_daily":false,"chose_seed":false,"campfire_upgraded":1,"win_rate":0.0,"timestamp":1612536225,"path_taken":["R","M","M","$","?","E","T","M","M","?","E"],"items_purchased_type":[],"build_version":"2020-12-22","purchased_purges":1,"victory":false,"max_hp_per_floor":[70,70,70,70,70,70,70,70,70,70,70,70,70],"card_choices":[{"not_picked":["bronze:Invalidate","bronze:WildBeam"],"picked":"bronze:BronzeOrb","floor":2},{"not_picked":["bronze:Terminator","bronze:Overheat"],"picked":"bronze:MaxOutput","floor":3},{"not_picked":["bronze:Optimize","bronze:Backtrace"],"picked":"bronze:Separator","floor":4},{"not_picked":["bronze:Constructor","bronze:Boost"],"picked":"bronze:NullPointer","floor":6},{"not_picked":["bronze:Allocate","bronze:Safeguard"],"picked":"bronze:Separator","floor":8},{"not_picked":["bronze:WildBeam","bronze:Flail"],"picked":"bronze:MaxOutput","floor":9}],"player_experience":872961,"relics_obtained":[{"floor":6,"key":"Bag of Marbles"},{"floor":7,"key":"bronze:DecasWashers"}],"event_choices":[],"is_beta":false,"boss_relics":[],"items_purged_floors":[4],"is_endless":false,"potions_floor_spawned":[6,8,9],"killed_by":"Gremlin Nob","ascension_level":3}}