{"host":"t82x4fs26nyg0hdo","time":1612522811,"event":{"mods":["BaseMod","Minty Spire (QoL Compilation)","StSLib"],"gold_per_floor":[112,112,131,154,171,171,202,202,202,202,216,234,43,53,53,155,155,169,169,179,194,26,26,60,60,60,60,71,106,106,118,118,218,218,228,228,278,25,36,36,36,70,70,70,70,70],"floor_reached":45,"language":"KOR","playtime":2680,"items_purged":["Strike_B"],"score":628,"play_id":"aaabfaf6-419b-4dae-886b-3b68364111d1","local_time":"20210205200011","is_ascension_mode":true,"campfire_choices":[{"data":"Fusion","floor":6,"key":"SMITH"},{"floor":8,"key":"REST"},{"floor":10,"key":"REST"},{"floor":15,"key":"REST"},{"data":"Stack","floor":23,"key":"SMITH"},{"floor":25,"key":"REST"},{"data":"Electrodynamics","floor":27,"key":"SMITH"},{"floor":32,"key":"REST"},{"data":"Creative AI","floor":40,"key":"SMITH"},{"floor":44,"key":"REST"}],"circlet_count":0,"master_deck":["Defend_B+1","Defend_B","Defend_B","Defend_B","Zap+1","Dualcast","Fusion+1","Redo","Leap","Cold Snap","Conserve Battery","Glacier","Genetic Algorithm","Stack+1","Gash","Coolheaded","Ball Lightning","Gash","Capacitor","Electrodynamics+1","Gash","Static Discharge","Coolheaded","Static Discharge","Conserve Battery","Steam+1","Chill+1","Ball Lightning","Creative AI+1","Cold Snap+1","Barrage+1","Gash","Stack","Cold Snap","Thunder Strike","Static Discharge+1","Cold Snap"],"relics":["FrozenCore","NeowsBlessing","Bronze Scales","Ornamental Fan","Bag of Marbles","Orrery","Membership Card","Dead Branch","Juzu Bracelet","Bag of Preparation","Sozu","Pocketwatch","Medical Kit","PreservedInsect","InkBottle","Dream Catcher"],"acts_visited":["Exordium","TheCity","TheBeyond"],"potions_floor_usage":[16,18,28,28,33,33,33],"damage_taken":[{"damage":0,"enemies":"Jaw Worm","floor":1,"turns":1},{"damage":0,"enemies":"Cultist","floor":3,"turns":1},{"damage":0,"enemies":"Small Slimes","floor":5,"turns":1},{"damage":56,"enemies":"3 Sentries","floor":7,"turns":11},{"damage":0,"enemies":"2 Fungi Beasts","floor":11,"turns":2},{"damage":0,"enemies":"3 Louse","floor":12,"turns":2},{"damage":11,"enemies":"Lots of Slimes","floor":14,"turns":4},{"damage":6,"enemies":"The Guardian","floor":16,"turns":13},{"damage":0,"enemies":"Chosen","floor":18,"turns":4},{"damage":0,"enemies":"Spheric Guardian","floor":20,"turns":5},{"damage":17,"enemies":"Snake Plant","floor":21,"turns":4},{"damage":28,"enemies":"Gremlin Leader","floor":24,"turns":7},{"damage":16,"enemies":"Centurion and Healer","floor":28,"turns":9},{"damage":16,"enemies":"Book of Stabbing","floor":29,"turns":6},{"damage":12,"enemies":"Snecko","floor":31,"turns":5},{"damage":33,"enemies":"Collector","floor":33,"turns":9},{"damage":0,"enemies":"3 Shapes","floor":35,"turns":5},{"damage":6,"enemies":"Mind Bloom Boss Battle","floor":37,"turns":7},{"damage":11,"enemies":"3 Darklings","floor":39,"turns":5},{"damage":48,"enemies":"Reptomancer","floor":42,"turns":4},{"damage":58,"enemies":"Giant Head","floor":45,"turns":6}],"seed_played":"-1198908380293442333","potions_obtained":[{"floor":1,"key":"SteroidPotion"},{"floor":7,"key":"LiquidMemories"},{"floor":11,"key":"ColorlessPotion"},{"floor":16,"key":"Fire Potion"},{"floor":20,"key":"DuplicationPotion"},{"floor":28,"key":"Fruit Juice"},{"floor":30,"key":"Swift Potion"},{"floor":31,"key":"DistilledChaos"}],"is_trial":false,"path_per_floor":["M","?","M","T","M","R","E","R","T","R","M","M","$","M","R","B",null,"M","?","M","M","$","R","E","R","T","R","M","E","?","M","R","B",null,"M","?","?","$","M","R","?","E","T","R","E"],"character_chosen":"DEFECT","items_purchased":["Genetic Algorithm","Orrery","Membership Card","Static Discharge","Medical Kit","PreservedInsect","Gash","Stack","Cold Snap"],"campfire_rested":6,"item_purchase_floors":[13,13,22,22,38,38,38,38,38],"current_hp_per_floor":[75,60,60,60,60,60,4,26,26,48,48,48,48,37,59,53,75,75,75,75,58,58,58,30,52,52,52,41,25,25,13,37,4,80,80,80,74,74,63,63,63,15,15,39,0,0],"gold":70,"neow_bonus":"THREE_ENEMY_KILL","is_daily":false,"chose_seed":false,"campfire_upgraded":4,"win_rate":0.0,"timestamp":1612522811,"path_taken":["M","?","M","?","?","R","E","R","T","R","?","M","?","?","R","BOSS","M","?","M","M","$","R","E","R","T","R","M","E","?","M","R","BOSS","M","?","?","$","M","R","?","E","T","R","E"],"items_purchased_type":["Card","Relic","Relic","Card","Relic","Relic","Card","Card","Card"],"build_version":"2020-12-22","purchased_purges":1,"victory":false,"max_hp_per_floor":[75,75,75,75,75,75,75,75,75,75,75,75,75,75,75,75,75,75,75,75,75,75,75,75,75,75,75,80,80,80,80,80,80,80,80,80,80,80,80,80,80,80,80,80,80,80],"card_choices":[{"not_picked":["Darkness","Turbo"],"picked":"Fusion","floor":1},{"not_picked":["Conserve Battery","Hologram"],"picked":"Redo","floor":3},{"not_picked":["Chill","Reprogram"],"picked":"Leap","floor":5},{"not_picked":["Rip and Tear","Redo"],"picked":"Cold Snap","floor":7},{"not_picked":["Hello World","Cold Snap"],"picked":"Conserve Battery","floor":11},{"not_picked":["Redo","Sweeping Beam"],"picked":"Glacier","floor":12},{"not_picked":["Echo Form","Cold Snap"],"picked":"Stack","floor":13},{"not_picked":["Glacier","Redo"],"picked":"Gash","floor":13},{"not_picked":["Ball Lightning","Go for the Eyes"],"picked":"Coolheaded","floor":13},{"not_picked":["Auto Shields","Rebound"],"picked":"Ball Lightning","floor":13},{"not_picked":["Double Energy","Cold Snap"],"picked":"Gash","floor":13},{"not_picked":["Stack","Undo"],"picked":"Capacitor","floor":14},{"not_picked":["Creative AI","All For One"],"picked":"Electrodynamics","floor":16},{"not_picked":["Barrage","Fusion"],"picked":"Gash","floor":18},{"not_picked":["Go for the Eyes","Reinforced Body"],"picked":"Static Discharge","floor":20},{"not_picked":["Rip and Tear+1","Beam Cell"],"picked":"Coolheaded","floor":21},{"not_picked":["Leap","Sweeping Beam"],"picked":"Conserve Battery","floor":24},{"not_picked":["All For One","Go for the Eyes"],"picked":"Steam+1","floor":28},{"not_picked":["Sweeping Beam+1","Barrage"],"picked":"Chill+1","floor":29},{"not_picked":["Coolheaded+1","Genetic Algorithm+1"],"picked":"Ball Lightning","floor":31},{"not_picked":["Core Surge","Biased Cognition"],"picked":"Creative AI","floor":33},{"not_picked":["Leap","Turbo+1"],"picked":"Cold Snap+1","floor":35},{"not_picked":["Beam Cell+1","Recycle"],"picked":"Barrage+1","floor":37},{"not_picked":["Stack","Leap"],"picked":"Thunder Strike","floor":39},{"not_picked":["Streamline","Melter"],"picked":"Static Discharge+1","floor":42},{"not_picked":["Scrape+1","FTL+1"],"picked":"Cold Snap","floor":44}],"player_experience":168254,"relics_obtained":[{"floor":4,"key":"Bronze Scales"},{"floor":7,"key":"Ornamental Fan"},{"floor":9,"key":"Bag of Marbles"},{"floor":24,"key":"Dead Branch"},{"floor":26,"key":"Juzu Bracelet"},{"floor":29,"key":"Bag of Preparation"},{"floor":37,"key":"Pocketwatch"},{"floor":42,"key":"InkBottle"},{"floor":43,"key":"Dream Catcher"}],"event_choices":[{"damage_healed":0,"gold_gain":0,"player_choice":"Entered Light","damage_taken":15,"max_hp_gain":0,"max_hp_loss":0,"event_name":"Shining Light","floor":2,"gold_loss":0,"cards_upgraded":["Defend_B","Zap"]},{"cards_removed":["Strike_B"],"damage_healed":0,"gold_gain":0,"player_choice":"Purged","damage_taken":0,"max_hp_gain":0,"max_hp_loss":0,"event_name":"Purifier","floor":19,"gold_loss":0},{"damage_healed":0,"gold_gain":0,"player_choice":"Got Potions","damage_taken":0,"max_hp_gain":0,"max_hp_loss":0,"event_name":"Lab","floor":30,"gold_loss":0},{"cards_removed":["Strike_B"],"damage_healed":0,"gold_gain":0,"player_choice":"Removed Attack","damage_taken":0,"max_hp_gain":0,"max_hp_loss":0,"event_name":"Falling","floor":36,"gold_loss":0},{"damage_healed":0,"gold_gain":0,"player_choice":"Fight","damage_taken":0,"max_hp_gain":0,"max_hp_loss":0,"event_name":"MindBloom","floor":37,"gold_loss":0},{"cards_removed":["Strike_B"],"damage_healed":0,"gold_gain":0,"player_choice":"Purged","damage_taken":0,"max_hp_gain":0,"max_hp_loss":0,"event_name":"Purifier","floor":41,"gold_loss":0}],"is_beta":false,"boss_relics":[{"not_picked":["Runic Dome","Runic Pyramid"],"picked":"FrozenCore"},{"not_picked":["Astrolabe","Busted Crown"],"picked":"Sozu"}],"items_purged_floors":[38],"is_endless":false,"potions_floor_spawned":[1,7,11,16,20,28,31,37],"killed_by":"Giant Head","ascension_level":3}}