{"host":"5ezk7t18wcb10u1o","time":1612554879,"event":{"mods":["BaseMod","Bestiary","Colored Powertips","Minty Spire (QoL Compilation)","Relic Sorter"],"gold_per_floor":[362,373,385,395,61,61,74,93,93,93,93,112,112,112],"floor_reached":13,"language":"ENG","playtime":422,"items_purged":[],"score":158,"play_id":"21b313b9-0135-4f1f-b663-f64fffe0cdc0","local_time":"20210205195439","is_ascension_mode":true,"campfire_choices":[{"floor":6,"key":"REST"},{"floor":10,"key":"REST"}],"circlet_count":0,"master_deck":["AscendersBane","Strike_B","Strike_B","Strike_B","Strike_B","Defend_B","Defend_B","Defend_B","Defend_B","Zap","Dualcast","Shame","Chill","Genetic Algorithm","Doom and Gloom","Lockon","Leap","Seek"],"relics":["Cracked Core","Lizard Tail","Matryoshka"],"acts_visited":["Exordium"],"potions_floor_usage":[8],"damage_taken":[{"damage":14,"enemies":"Cultist","floor":1,"turns":4},{"damage":18,"enemies":"Small Slimes","floor":2,"turns":3},{"damage":16,"enemies":"Jaw Worm","floor":3,"turns":4},{"damage":4,"enemies":"3 Louse","floor":4,"turns":3},{"damage":25,"enemies":"Exordium Wildlife","floor":7,"turns":7},{"damage":0,"enemies":"Gremlin Gang","floor":8,"turns":4},{"damage":45,"enemies":"Exordium Thugs","floor":12,"turns":5},{"damage":0,"enemies":"Gremlin Nob","floor":13,"turns":1}],"seed_played":"-1668966824480455864","potions_obtained":[{"floor":1,"key":"FocusPotion"},{"floor":4,"key":"PotionOfCapacity"},{"floor":7,"key":"BlessingOfTheForge"}],"is_trial":false,"path_per_floor":["M","M","M","M","$","R","M","M","T","R","?","M","E"],"character_chosen":"DEFECT","items_purchased":["Lizard Tail"],"campfire_rested":2,"item_purchase_floors":[5],"current_hp_per_floor":[50,32,16,12,12,33,8,8,8,29,52,7,7,7],"gold":112,"neow_bonus":"TWO_FIFTY_GOLD","is_daily":false,"chose_seed":false,"campfire_upgraded":0,"win_rate":0.0,"timestamp":1612554879,"path_taken":["M","?","M","M","$","R","M","M","T","R","?","M","E"],"items_purchased_type":["Relic"],"build_version":"2020-12-22","purchased_purges":0,"victory":false,"max_hp_per_floor":[71,71,71,71,71,71,71,71,71,71,71,71,71,71],"card_choices":[{"not_picked":["Recycle","Sweeping Beam"],"picked":"Chill","floor":1},{"not_picked":["Stack","Compile Driver"],"picked":"Genetic Algorithm","floor":2},{"not_picked":["Compile Driver","BootSequence"],"picked":"Doom and Gloom","floor":3},{"not_picked":["Blizzard","Turbo"],"picked":"Lockon","floor":4},{"not_picked":["Consume","Ball Lightning"],"picked":"Leap","floor":7},{"not_picked":["Consume","Turbo","Streamline"],"picked":"SKIP","floor":8},{"not_picked":["Turbo","Barrage"],"picked":"Seek","floor":12}],"player_experience":1203091,"relics_obtained":[{"floor":9,"key":"Matryoshka"}],"event_choices":[{"damage_healed":23,"gold_gain":0,"player_choice":"Banana","damage_taken":0,"max_hp_gain":0,"max_hp_loss":0,"event_name":"Big Fish","floor":11,"gold_loss":0}],"is_beta":false,"boss_relics":[],"items_purged_floors":[],"is_endless":false,"potions_floor_spawned":[1,4,7],"killed_by":"Gremlin Nob","ascension_level":20}}