{"host":"lte3xujvwediduij","time":1612542204,"event":{"mods":["Aspiration","BaseMod","Better-Laid Plans","BetterRewards","Colored Map","Colored Powertips","Downfall","Energized Spire","GifTheSpireLib","Lobotomy","Minty Spire (QoL Compilation)","Permanent Neow","Replay The Spire","Spicy Shops","StSLib","The Servant 0.9.4","¡¾ÒÅÎï¿¨ÅÆ¡¿REMEMod","óô»ðÖ¸ÄÏ"],"gold_per_floor":[112,127,145,164,181,211,211,222,272,272,287,313,328,344,344,470,470,470,470],"floor_reached":18,"language":"ZHS","playtime":2009,"items_purged":[],"score":203,"play_id":"c27ed0b9-0c71-452e-b018-6c17f685adbe","local_time":"20210206002324","is_ascension_mode":false,"campfire_choices":[{"floor":7,"key":"RECALL"},{"data":"Die Die Die","floor":10,"key":"SMITH"},{"floor":15,"key":"REST"}],"circlet_count":0,"master_deck":["Strike_G","Strike_G","Strike_G","Strike_G","Strike_G","Defend_G","Defend_G","Defend_G","Defend_G","Defend_G","Survivor","Neutralize","Die Die Die+1","Bloodbath","Footwork","PunishingBird","Dagger Spray","CrumblingArmor","Bane","LittleHelper","ReplayTheSpireMod:Scrap Shanks","Scorched","BeautyBeast","Well Laid Plans","NakedNest","Blade Dance","MHz","Blade Dance","Freischutz","Flying Knee","CherryBlossoms","Dagger Spray","FairyFestival","Venomology","DreamingCurrent","Corpse Explosion"],"relics":["Ring of the Snake","REME_ComplimentaryCards","CogitoBucket","Oddly Smooth Stone","BackwardClock","Replay:Accelerometer","REME_DemonsWealth"],"acts_visited":["Exordium","TheCity"],"potions_floor_usage":[6,6,12,12,12,16,18,18,18],"damage_taken":[{"damage":1,"enemies":"Cultist","floor":1,"turns":4},{"damage":1,"enemies":"Jaw Worm","floor":2,"turns":4},{"damage":0,"enemies":"2 Louse","floor":3,"turns":1},{"damage":13,"enemies":"Looter","floor":4,"turns":4},{"damage":3,"enemies":"3 Louse","floor":5,"turns":2},{"damage":16,"enemies":"Gremlin Nob","floor":6,"turns":5},{"damage":10,"enemies":"Lots of Slimes","floor":8,"turns":2},{"damage":4,"enemies":"Looter","floor":11,"turns":3},{"damage":11,"enemies":"Lagavulin","floor":12,"turns":5},{"damage":0,"enemies":"3 Louse","floor":13,"turns":1},{"damage":12,"enemies":"Exordium Wildlife","floor":14,"turns":4},{"damage":32,"enemies":"Fading Forest","floor":16,"turns":11},{"damage":90,"enemies":"Shell Parasite","floor":18,"turns":3}],"seed_played":"4925025715481232855","potions_obtained":[{"floor":2,"key":"GhostInAJar"},{"floor":4,"key":"PowerPotion"},{"floor":5,"key":"SteroidPotion"},{"floor":8,"key":"Poison Potion"},{"floor":11,"key":"Weak Potion"},{"floor":12,"key":"Energy Potion"}],"is_trial":false,"path_per_floor":["M","M","M","M","M","E","R","M","T","R","M","E","M","M","R","B",null,"M"],"character_chosen":"THE_SILENT","items_purchased":[],"campfire_rested":1,"item_purchase_floors":[],"current_hp_per_floor":[69,69,69,57,55,44,44,34,34,34,31,21,21,10,31,24,70,0,0],"gold":470,"neow_bonus":"","is_daily":false,"chose_seed":false,"campfire_upgraded":1,"win_rate":0.0,"timestamp":1612542204,"path_taken":["M","M","M","M","?","E","R","M","T","R","M","E","?","M","R","BOSS","M"],"items_purchased_type":[],"build_version":"2020-12-22","purchased_purges":0,"victory":false,"max_hp_per_floor":[70,70,70,70,70,70,70,70,70,70,70,70,70,70,70,70,70,70,70],"card_choices":[{"not_picked":["OSAHOGD","PunishingBird"],"picked":"Bloodbath","floor":1},{"not_picked":["ReplayTheSpireMod:Tripwire","Riddle With Holes"],"picked":"Footwork","floor":1},{"not_picked":["CherryBlossoms","Rudolta"],"picked":"PunishingBird","floor":2},{"not_picked":["Backflip","Heel Hook"],"picked":"Dagger Spray","floor":2},{"not_picked":["OSAHOGD","BeautyBeast"],"picked":"CrumblingArmor","floor":3},{"not_picked":["Tactician","Dash"],"picked":"Bane","floor":3},{"not_picked":["MeatLantern","BeautyBeast"],"picked":"LittleHelper","floor":4},{"not_picked":["Hidden Blade","Tactician"],"picked":"ReplayTheSpireMod:Scrap Shanks","floor":4},{"not_picked":["BeautyBeast","Murderer"],"picked":"Scorched","floor":5},{"not_picked":["Distraction","Bane","Outmaneuver"],"picked":"SKIP","floor":5},{"not_picked":["UniverseFragment","OSAHOGD"],"picked":"BeautyBeast","floor":6},{"not_picked":["Replay:Bag of Tricks","REME_LeechingPoison"],"picked":"Well Laid Plans","floor":6},{"not_picked":["UniverseFragment","SpiderBud"],"picked":"NakedNest","floor":8},{"not_picked":["Deflect","Bullet Time"],"picked":"Blade Dance","floor":8},{"not_picked":["OSAHOGD","FairyFestival"],"picked":"MHz","floor":11},{"not_picked":["Caltrops","Backflip"],"picked":"Blade Dance","floor":11},{"not_picked":["Wellcheers","Woodsman"],"picked":"Freischutz","floor":12},{"not_picked":["Dodge and Roll","Eviscerate"],"picked":"Flying Knee","floor":12},{"not_picked":["FieryBird","LittlePrince"],"picked":"CherryBlossoms","floor":13},{"not_picked":["Backflip","Catalyst"],"picked":"Dagger Spray","floor":13},{"not_picked":["WallGazer","SpiderBud"],"picked":"FairyFestival","floor":14},{"not_picked":["Dagger Throw","PiercingWail"],"picked":"Venomology","floor":14},{"not_picked":["Murderer","UniverseFragment"],"picked":"DreamingCurrent","floor":16},{"not_picked":["Tools of the Trade","Burst"],"picked":"Corpse Explosion","floor":16}],"player_experience":126667,"relics_obtained":[{"floor":6,"key":"Oddly Smooth Stone"},{"floor":12,"key":"Replay:Accelerometer"}],"event_choices":[],"is_beta":false,"boss_relics":[{"not_picked":["energizedSpire:EnergizedDie","energizedSpire:SpiderWeb"],"picked":"REME_DemonsWealth"}],"items_purged_floors":[],"is_endless":false,"potions_floor_spawned":[2,4,5,8,11,12],"killed_by":"Shell Parasite","ascension_level":0}}