{"host":"ming","time":1612529754,"event":{"mods":["BaseMod","Hermit","KinomotoSakuraMod(Ä¾Ö®±¾Ó£)","Minty Spire (QoL Compilation)","Replay The Spire","StSLib","The Bug Knight","The Senshi"],"gold_per_floor":[360,110,385,398,398,424,424,438,518,593,593,607,54,161,161,161,161],"floor_reached":16,"language":"ZHS","playtime":755,"items_purged":["Amnesia"],"score":98,"play_id":"b2308a83-1796-4527-8828-8d98985fa3ca","local_time":"20210205205554","is_ascension_mode":false,"campfire_choices":[{"data":"HollowMod:FocusHealStart","floor":7,"key":"SMITH"},{"floor":11,"key":"REST"}],"circlet_count":0,"master_deck":["HollowMod:NailStrikeStart","HollowMod:NailStrikeStart","HollowMod:NailStrikeStart","HollowMod:NailStrikeStart","HollowMod:QuickDashStart","HollowMod:QuickDashStart","HollowMod:QuickDashStart","HollowMod:QuickDashStart","HollowMod:FocusHealStart+1","HollowMod:PogoStrike","Strike_R","hermit:Defend_Hermit","Regret","HollowMod:CloakDash+1","HollowMod:NewInfectedGuardian","ReplayTheSpireMod:Splinters","Enlightenment","ClowCardTheFirey"],"relics":["HollowMod:VesselMask","theSenshi:FeatherClipsRelic","PrismaticShard","Pen Nib","The Courier","HandDrill","Akabeko","Replay:Multitool","Bag of Marbles"],"acts_visited":["Exordium"],"potions_floor_usage":[6,16,16],"damage_taken":[{"damage":0,"enemies":"2 Louse","floor":1,"turns":2},{"damage":7,"enemies":"Cultist","floor":4,"turns":4},{"damage":67,"enemies":"Lagavulin","floor":6,"turns":7},{"damage":11,"enemies":"Jaw Worm","floor":8,"turns":4},{"damage":7,"enemies":"Looter","floor":12,"turns":4},{"damage":75,"enemies":"Hexaghost","floor":16,"turns":9}],"seed_played":"8459812837063808962","potions_obtained":[{"floor":1,"key":"SteroidPotion"},{"floor":4,"key":"DistilledChaos"},{"floor":12,"key":"Regen Potion"}],"is_trial":false,"path_per_floor":["M","$","?","M","?","E","R","M","T","?","R","M","$","?","R","B"],"character_chosen":"THE_BUGKNIGHT","items_purchased":["theSenshi:FeatherClipsRelic","HandDrill","Akabeko","Replay:Multitool"],"campfire_rested":1,"item_purchase_floors":[2,13,13,13],"current_hp_per_floor":[75,75,75,74,74,23,23,28,28,17,39,38,38,38,60,0,0],"gold":161,"neow_bonus":"TWO_FIFTY_GOLD","is_daily":false,"chose_seed":false,"campfire_upgraded":1,"win_rate":0.0,"timestamp":1612529754,"path_taken":["M","$","?","?","?","E","R","M","T","?","R","M","$","?","R","BOSS"],"items_purchased_type":["Relic","Relic","Relic","Relic"],"build_version":"2020-12-18","purchased_purges":1,"victory":false,"max_hp_per_floor":[75,75,75,75,75,75,75,75,75,75,75,75,75,75,75,75,75],"card_choices":[{"not_picked":["HollowMod:SiblingsSouls","HollowMod:MawleksShell","HollowMod:DoubleDash"],"picked":"SKIP","floor":1},{"not_picked":["HollowMod:VengefulVoid","HollowMod:InfectedAttack"],"picked":"HollowMod:CloakDash","floor":4},{"not_picked":["ClowCardTheMist","ClowCardTheSand"],"picked":"HollowMod:NewInfectedGuardian","floor":6},{"not_picked":["hermit:Manifest","ClowCardTheChange","MentalFortress"],"picked":"SKIP","floor":8},{"not_picked":["CutThroughFate","ClowCardTheMove","Clash"],"picked":"SKIP","floor":12},{"not_picked":["theSenshi:KlutzyLuck","Pommel Strike"],"picked":"Enlightenment","floor":14},{"not_picked":["Finisher","theSenshi:SailorCosmosAssists"],"picked":"ClowCardTheFirey","floor":14}],"player_experience":711370,"relics_obtained":[{"floor":6,"key":"Pen Nib"},{"floor":9,"key":"The Courier"},{"floor":14,"key":"Bag of Marbles"}],"event_choices":[{"damage_healed":0,"gold_gain":275,"player_choice":"Desecrate","damage_taken":0,"max_hp_gain":0,"max_hp_loss":0,"event_name":"Golden Shrine","floor":3,"gold_loss":0,"cards_obtained":["Regret"]},{"damage_healed":0,"gold_gain":75,"player_choice":"Gather Gold","damage_taken":11,"max_hp_gain":0,"max_hp_loss":0,"event_name":"World of Goop","floor":10,"gold_loss":0}],"is_beta":true,"boss_relics":[],"items_purged_floors":[13],"is_endless":false,"potions_floor_spawned":[1,4,12],"killed_by":"Hexaghost","ascension_level":0}}