{"host":"bg8va46pgqgvtzim","time":1612492479,"event":{"mods":["BaseMod","Minty Spire (QoL Compilation)","Quick Restart","StSLib","SuperFastMode"],"gold_per_floor":[17,29,41,41,41,53,53,78,78,96,121,141,141,141,155,169,204,223,298,298,298,398,398,408,408,137,137,153,164,182,212,212,229,144,159,194,194,218,232,263,263,282,68,80,94,94,94,193,193,205,205,216,226,226,241,92,123,138,138,164,164,189,200,234,264,264,314,332,349,349,349,369,369,369,369,369,57,88,88],"floor_reached":80,"language":"ZHS","playtime":2948,"items_purged":["Strike_G","Strike_G","Strike_G","Dash","Defend_G"],"score":1934,"play_id":"25ef9a23-8efc-4492-b9b7-622ad030da7c","local_time":"20210205103439","is_ascension_mode":true,"campfire_choices":[{"data":"Apotheosis","floor":7.0,"key":"SMITH"},{"data":"Accuracy","floor":9.0,"key":"SMITH"},{"data":"Blade Dance","floor":14.0,"key":"SMITH"},{"data":"Accuracy","floor":20.0,"key":"SMITH"},{"data":"Well Laid Plans","floor":21.0,"key":"SMITH"},{"data":"Calculated Gamble","floor":32.0,"key":"SMITH"},{"floor":41.0,"key":"REST"},{"data":"Adrenaline","floor":46.0,"key":"SMITH"},{"data":"Prepared","floor":47.0,"key":"SMITH"},{"data":"Calculated Gamble","floor":59.0,"key":"SMITH"},{"data":"Tools of the Trade","floor":66.0,"key":"SMITH"},{"floor":73.0,"key":"RECALL"},{"data":"Acrobatics","floor":76.0,"key":"SMITH"}],"circlet_count":0,"master_deck":["Defend_G","Defend_G","Defend_G","Defend_G","Survivor","Apotheosis+1","Accuracy+1","Blade Dance+1","Reflex","Blade Dance","Accuracy+1","Well Laid Plans+1","Prepared+1","Phantasmal Killer","Tactician","Calculated Gamble+1","Expertise","Adrenaline+1","Terror+1","Tools of the Trade+1","Acrobatics+1","Acrobatics","Calculated Gamble+1","Footwork+1","Forethought","Blind","Calculated Gamble+1","Impatience"],"relics":["Ring of the Snake","Tingsha","Omamori","Potion Belt","HoveringKite","Membership Card","Lantern","Centennial Puzzle","WingedGreaves","Regal Pillow","Kunai","Pantograph","Sundial","WristBlade","TheAbacus","Oddly Smooth Stone","Happy Flower","Ornamental Fan","Anchor","Pen Nib","Toy Ornithopter","Tough Bandages","White Beast Statue","Bottled Tornado"],"acts_visited":["Exordium","TheCity","TheBeyond","TheEnding"],"potions_floor_usage":[79,79,79,79],"damage_taken":[{"damage":0.0,"enemies":"Jaw Worm","floor":1.0,"turns":4.0},{"damage":0.0,"enemies":"Small Slimes","floor":2.0,"turns":4.0},{"damage":2.0,"enemies":"2 Louse","floor":3.0,"turns":5.0},{"damage":2.0,"enemies":"Lots of Slimes","floor":6.0,"turns":7.0},{"damage":0.0,"enemies":"Lagavulin","floor":8.0,"turns":6.0},{"damage":0.0,"enemies":"Red Slaver","floor":10.0,"turns":4.0},{"damage":0.0,"enemies":"Exordium Thugs","floor":12.0,"turns":4.0},{"damage":2.0,"enemies":"Looter","floor":15.0,"turns":3.0},{"damage":3.0,"enemies":"Exordium Wildlife","floor":16.0,"turns":3.0},{"damage":10.0,"enemies":"Gremlin Nob","floor":17.0,"turns":3.0},{"damage":2.0,"enemies":"2 Fungi Beasts","floor":18.0,"turns":4.0},{"damage":0.0,"enemies":"Hexaghost","floor":22.0,"turns":5.0},{"damage":7.0,"enemies":"2 Thieves","floor":24.0,"turns":5.0},{"damage":0.0,"enemies":"3 Byrds","floor":28.0,"turns":2.0},{"damage":7.0,"enemies":"3 Cultists","floor":29.0,"turns":4.0},{"damage":5.0,"enemies":"Shelled Parasite and Fungi","floor":30.0,"turns":4.0},{"damage":26.0,"enemies":"Slavers","floor":31.0,"turns":6.0},{"damage":0.0,"enemies":"Cultist and Chosen","floor":33.0,"turns":3.0},{"damage":1.0,"enemies":"Centurion and Healer","floor":35.0,"turns":2.0},{"damage":2.0,"enemies":"Book of Stabbing","floor":36.0,"turns":3.0},{"damage":0.0,"enemies":"Snake Plant","floor":39.0,"turns":1.0},{"damage":5.0,"enemies":"Gremlin Leader","floor":40.0,"turns":4.0},{"damage":0.0,"enemies":"Chosen and Byrds","floor":42.0,"turns":2.0},{"damage":0.0,"enemies":"Shelled Parasite and Fungi","floor":44.0,"turns":2.0},{"damage":0.0,"enemies":"Snecko","floor":45.0,"turns":2.0},{"damage":0.0,"enemies":"Automaton","floor":48.0,"turns":2.0},{"damage":0.0,"enemies":"3 Darklings","floor":50.0,"turns":2.0},{"damage":0.0,"enemies":"Orb Walker","floor":52.0,"turns":1.0},{"damage":0.0,"enemies":"Maw","floor":53.0,"turns":1.0},{"damage":0.0,"enemies":"Spire Growth","floor":55.0,"turns":2.0},{"damage":0.0,"enemies":"Nemesis","floor":57.0,"turns":1.0},{"damage":15.0,"enemies":"4 Shapes","floor":58.0,"turns":2.0},{"damage":0.0,"enemies":"Giant Head","floor":60.0,"turns":2.0},{"damage":0.0,"enemies":"Sphere and 2 Shapes","floor":63.0,"turns":3.0},{"damage":0.0,"enemies":"Nemesis","floor":64.0,"turns":1.0},{"damage":0.0,"enemies":"Reptomancer","floor":65.0,"turns":1.0},{"damage":0.0,"enemies":"Mind Bloom Boss Battle","floor":67.0,"turns":1.0},{"damage":0.0,"enemies":"Maw","floor":68.0,"turns":2.0},{"damage":0.0,"enemies":"Jaw Worm Horde","floor":69.0,"turns":1.0},{"damage":0.0,"enemies":"Sphere and 2 Shapes","floor":72.0,"turns":1.0},{"damage":0.0,"enemies":"Time Eater","floor":74.0,"turns":3.0},{"damage":0.0,"enemies":"Shield and Spear","floor":78.0,"turns":1.0},{"damage":0,"enemies":"The Heart","floor":79,"turns":4}],"seed_played":"3596260925129873000","potions_obtained":[{"floor":3.0,"key":"SteroidPotion"},{"floor":10.0,"key":"BlessingOfTheForge"},{"floor":12.0,"key":"SpeedPotion"},{"floor":15.0,"key":"Swift Potion"},{"floor":18.0,"key":"Energy Potion"},{"floor":22.0,"key":"AttackPotion"},{"floor":24.0,"key":"SneckoOil"},{"floor":29.0,"key":"Poison Potion"},{"floor":36.0,"key":"Strength Potion"},{"floor":39.0,"key":"Ancient Potion"},{"floor":40.0,"key":"Weak Potion"},{"floor":42.0,"key":"CultistPotion"}],"is_trial":false,"path_per_floor":["M","M","M","?","$","M","R","E","R","M","T","M","?","R","M","M","E","M","?","R","R","B",null,"M","?","$","?","M","M","M","E","R","M","$","M","E","T","T","M","E","R","M","$","M","M","R","R","B",null,"M","?","M","M","?","M","$","E","M","R","E","T","T","M","E","E","R","?","M","M","?","?","M","R","B",null,"R","$","E","B",null],"character_chosen":"THE_SILENT","items_purchased":["Membership Card","Lantern","Adrenaline","Sundial","Acrobatics","TheAbacus","White Beast Statue","Impatience","PowerPotion","SteroidPotion"],"campfire_rested":1,"item_purchase_floors":[26,26,34,43,43,56,77,77,77,77],"current_hp_per_floor":[70,70,68,68,68,66,66,66,66,66,66,66,59,59,57,54,44,42,31,31,31,31,70,63,63,63,63,63,56,51,25,25,25,25,24,22,22,22,22,17,53,53,53,53,53,53,53,70,70,70,66,66,66,66,66,66,66,51,51,51,51,51,51,51,51,51,66,66,66,66,56,56,56,66,66,66,66,66,66],"gold":88,"neow_bonus":"RANDOM_COLORLESS_2","is_daily":false,"chose_seed":false,"campfire_upgraded":11,"win_rate":0.0,"timestamp":1612492479,"path_taken":["M","M","M","?","$","M","R","E","R","M","T","M","?","R","M","M","E","M","?","R","R","BOSS","M","?","$","?","M","M","M","E","R","?","$","M","E","T","T","M","E","R","M","?","M","M","R","R","BOSS","M","?","M","M","?","M","?","E","M","R","E","T","T","M","E","E","R","?","M","M","?","?","M","R","BOSS","R","$","E","BOSS"],"items_purchased_type":["Relic","Relic","Card","Relic","Card","Relic","Relic","Card","Potion","Potion"],"build_version":"2020-12-22","purchased_purges":5,"victory":true,"max_hp_per_floor":[70,70,70,70,70,70,70,70,70,70,70,70,70,70,70,70,70,70,70,70,70,70,70,70,70,70,70,70,70,70,70,70,70,70,70,70,70,70,70,70,70,70,70,70,70,70,70,70,70,70,66,66,66,66,66,66,66,66,66,66,66,66,66,66,66,66,66,66,66,66,66,66,66,66,66,66,66,66,66],"card_choices":[{"not_picked":["Magnetism","Metamorphosis"],"picked":"Apotheosis","floor":0.0},{"not_picked":["Underhanded Strike","Backstab"],"picked":"Dash","floor":1.0},{"not_picked":["Endless Agony","Outmaneuver"],"picked":"Accuracy","floor":2.0},{"not_picked":["Underhanded Strike","Backflip","Endless Agony"],"picked":"SKIP","floor":3.0},{"not_picked":["Calculated Gamble","Cloak And Dagger"],"picked":"Blade Dance","floor":6.0},{"not_picked":["Wraith Form v2","Backflip","Bane"],"picked":"SKIP","floor":8.0},{"not_picked":["Dagger Spray","Terror"],"picked":"Reflex","floor":10.0},{"not_picked":["Underhanded Strike","Reflex"],"picked":"Blade Dance","floor":12.0},{"not_picked":["Bane","Outmaneuver"],"picked":"Accuracy","floor":15.0},{"not_picked":["Slice","Sucker Punch"],"picked":"Well Laid Plans","floor":16.0},{"not_picked":["Underhanded Strike","Dash","Dagger Throw"],"picked":"SKIP","floor":17.0},{"not_picked":["Bouncing Flask","Die Die Die"],"picked":"Prepared","floor":18.0},{"not_picked":["Storm of Steel","Unload"],"picked":"Phantasmal Killer","floor":22.0},{"not_picked":["Deadly Poison","Skewer","Catalyst"],"picked":"SKIP","floor":24.0},{"not_picked":["Crippling Poison","Distraction+1"],"picked":"Tactician","floor":28.0},{"not_picked":["Deflect","Slice","Flying Knee"],"picked":"SKIP","floor":29.0},{"not_picked":["Dagger Throw+1","Crippling Poison+1","Flying Knee"],"picked":"SKIP","floor":30.0},{"not_picked":["Riddle With Holes+1","Cloak And Dagger"],"picked":"Calculated Gamble","floor":31.0},{"not_picked":["Flying Knee","Bouncing Flask"],"picked":"Expertise","floor":33.0},{"not_picked":["Bouncing Flask","PiercingWail+1"],"picked":"Terror+1","floor":35.0},{"not_picked":["Dagger Throw+1","Noxious Fumes","Backstab"],"picked":"SKIP","floor":36.0},{"not_picked":["Predator","Outmaneuver","Blade Dance+1"],"picked":"SKIP","floor":39.0},{"not_picked":["Glass Knife","Dagger Spray"],"picked":"Tools of the Trade","floor":40.0},{"not_picked":["Slice+1","Outmaneuver","Accuracy+1"],"picked":"SKIP","floor":42.0},{"not_picked":["Deflect","Riddle With Holes","All Out Attack"],"picked":"SKIP","floor":44.0},{"not_picked":["Sucker Punch","Slice+1"],"picked":"Acrobatics","floor":45.0},{"not_picked":["Quick Slash","Poisoned Stab+1","Calculated Gamble"],"picked":"SKIP","floor":50.0},{"not_picked":["Quick Slash","Poisoned Stab+1"],"picked":"Calculated Gamble","floor":50.0},{"not_picked":["Outmaneuver","Underhanded Strike","Bane"],"picked":"SKIP","floor":52.0},{"not_picked":["Backstab+1","Distraction","Sucker Punch"],"picked":"SKIP","floor":53.0},{"not_picked":["Poisoned Stab","Expertise","Bullet Time"],"picked":"SKIP","floor":55.0},{"not_picked":["Eviscerate","Heel Hook","Predator+1"],"picked":"SKIP","floor":57.0},{"not_picked":["Bane","Finisher","Heel Hook+1"],"picked":"SKIP","floor":58.0},{"not_picked":["Noxious Fumes","Leg Sweep+1","Sucker Punch"],"picked":"SKIP","floor":60.0},{"not_picked":["Blade Dance+1","Underhanded Strike","Flying Knee"],"picked":"SKIP","floor":63.0},{"not_picked":["Storm of Steel","Slice+1","Heel Hook"],"picked":"SKIP","floor":64.0},{"not_picked":["Bane","PiercingWail"],"picked":"Footwork+1","floor":65.0},{"not_picked":["Deflect+1","Outmaneuver+1","Underhanded Strike+1"],"picked":"SKIP","floor":68.0},{"not_picked":["Blade Dance+1","Calculated Gamble+1","Infinite Blades+1"],"picked":"SKIP","floor":69.0},{"not_picked":["Secret Technique","Dark Shackles"],"picked":"Forethought","floor":71.0},{"not_picked":["Finesse","Enlightenment"],"picked":"Blind","floor":71.0},{"not_picked":["Dagger Spray","Infinite Blades+1"],"picked":"Calculated Gamble+1","floor":72.0},{"not_picked":["Bane","Heel Hook+1","Dash"],"picked":"SKIP","floor":78.0}],"player_experience":2382835,"relics_obtained":[{"floor":8.0,"key":"Tingsha"},{"floor":11.0,"key":"Omamori"},{"floor":17.0,"key":"Potion Belt"},{"floor":31.0,"key":"WingedGreaves"},{"floor":36.0,"key":"Regal Pillow"},{"floor":37.0,"key":"Kunai"},{"floor":40.0,"key":"Pantograph"},{"floor":57.0,"key":"Oddly Smooth Stone"},{"floor":60.0,"key":"Happy Flower"},{"floor":61.0,"key":"Ornamental Fan"},{"floor":62.0,"key":"Anchor"},{"floor":64.0,"key":"Pen Nib"},{"floor":65.0,"key":"Toy Ornithopter"},{"floor":67.0,"key":"Tough Bandages"},{"floor":78.0,"key":"Bottled Tornado"}],"event_choices":[{"cards_removed":["Strike_G"],"damage_healed":0.0,"max_hp_gain":0.0,"max_hp_loss":0.0,"gold_gain":0.0,"event_name":"Living Wall","player_choice":"Forget","floor":4.0,"gold_loss":0.0,"damage_taken":0.0},{"cards_removed":["Strike_G"],"damage_healed":0.0,"max_hp_gain":0.0,"max_hp_loss":0.0,"gold_gain":0.0,"event_name":"Golden Wing","player_choice":"Card Removal","floor":13.0,"gold_loss":0.0,"damage_taken":7.0},{"damage_healed":0.0,"max_hp_gain":0.0,"max_hp_loss":0.0,"gold_gain":75.0,"event_name":"World of Goop","player_choice":"Gather Gold","floor":19.0,"gold_loss":0.0,"damage_taken":11.0},{"damage_healed":0.0,"max_hp_gain":0.0,"max_hp_loss":0.0,"gold_gain":0.0,"event_name":"The Mausoleum","player_choice":"Ignored","floor":25.0,"gold_loss":0.0,"damage_taken":0.0},{"damage_healed":0.0,"max_hp_gain":0.0,"max_hp_loss":0.0,"gold_gain":0.0,"event_name":"WeMeetAgain","player_choice":"Gave Potion","floor":27.0,"gold_loss":0.0,"damage_taken":0.0,"relics_obtained":["Centennial Puzzle"]},{"damage_healed":0.0,"max_hp_gain":0.0,"max_hp_loss":4.0,"gold_gain":0.0,"event_name":"Winding Halls","player_choice":"Max HP","floor":51.0,"gold_loss":0.0,"damage_taken":0.0},{"damage_healed":0.0,"max_hp_gain":0.0,"max_hp_loss":0.0,"gold_gain":0.0,"event_name":"Tomb of Lord Red Mask","player_choice":"Ignored","floor":54.0,"gold_loss":0.0,"damage_taken":0.0},{"damage_healed":0.0,"max_hp_gain":0.0,"max_hp_loss":0.0,"gold_gain":0.0,"event_name":"MindBloom","player_choice":"Fight","floor":67.0,"gold_loss":0.0,"damage_taken":0.0},{"cards_removed":["Neutralize"],"damage_healed":0.0,"max_hp_gain":0.0,"max_hp_loss":0.0,"gold_gain":0.0,"event_name":"Falling","player_choice":"Removed Attack","floor":70.0,"gold_loss":0.0,"damage_taken":0.0},{"damage_healed":0.0,"max_hp_gain":0.0,"max_hp_loss":0.0,"gold_gain":0.0,"event_name":"SensoryStone","player_choice":"Memory 3","floor":71.0,"gold_loss":0.0,"damage_taken":10.0}],"is_beta":false,"boss_relics":[{"not_picked":["SlaversCollar","Sozu"],"picked":"HoveringKite"},{"not_picked":["Pandora\u0027s Box","SacredBark"],"picked":"WristBlade"}],"items_purged_floors":[26,34,43,56,77],"is_endless":false,"potions_floor_spawned":[3,10,12,15,16,18,22,24,29,36,39,40,42,50,53,57,65,68,69,78],"ascension_level":1}}