{"host":"qxt9611uhnemh1bn","time":1612496894,"event":{"mods":["AchievementEnabler","BaseMod","Minty Spire (QoL Compilation)","StSLib"],"gold_per_floor":[115,115,4,17,37,37,80,45,94,117,131,150,150,168,168,294,294,313,327,252,18,18,18,59,59,59,10,43,0,0,13,13,13,13],"floor_reached":33,"language":"ENG","playtime":1419,"items_purged":[],"score":285,"play_id":"5ff3df9f-9603-44dd-adf4-74e8be042a7b","local_time":"20210204214814","is_ascension_mode":false,"campfire_choices":[{"data":"Eruption","floor":6,"key":"SMITH"},{"data":"LikeWater","floor":13,"key":"SMITH"},{"floor":15,"key":"REST"},{"floor":23,"key":"REST"},{"floor":25,"key":"REST"},{"data":"Ragnarok","floor":32,"key":"SMITH"}],"circlet_count":0,"master_deck":["Strike_P","Strike_P","Strike_P","Defend_P","Defend_P","Defend_P","Defend_P","Eruption+1","Vigilance","FollowUp","Adaptation","WaveOfTheHand","JustLucky","CrushJoints","FearNoEvil","SashWhip","CutThroughFate","LikeWater+1","ReachHeaven","Ragnarok+1","Crescendo+1","Perseverance+1","Tantrum","Sanctity"],"relics":["PureWater","NeowsBlessing","Golden Idol","Regal Pillow","Ancient Tea Set","VioletLotus","Melange","Nilry\u0027s Codex","Matryoshka","Toy Ornithopter","Eternal Feather","Nunchaku"],"acts_visited":["Exordium","TheCity"],"potions_floor_usage":[16,16,16,16,16,19,19,28,28,28,31],"damage_taken":[{"damage":0,"enemies":"Cultist","floor":1,"turns":1},{"damage":0,"enemies":"2 Louse","floor":4,"turns":1},{"damage":0,"enemies":"Jaw Worm","floor":5,"turns":1},{"damage":48,"enemies":"3 Sentries","floor":7,"turns":9},{"damage":4,"enemies":"2 Fungi Beasts","floor":10,"turns":4},{"damage":0,"enemies":"Looter","floor":11,"turns":3},{"damage":11,"enemies":"Blue Slaver","floor":12,"turns":4},{"damage":4,"enemies":"3 Louse","floor":14,"turns":3},{"damage":21,"enemies":"Hexaghost","floor":16,"turns":8},{"damage":0,"enemies":"Chosen","floor":18,"turns":3},{"damage":21,"enemies":"2 Thieves","floor":19,"turns":4},{"damage":29,"enemies":"Book of Stabbing","floor":24,"turns":6},{"damage":14,"enemies":"Gremlin Leader","floor":28,"turns":4},{"damage":22,"enemies":"3 Cultists","floor":31,"turns":4},{"damage":62,"enemies":"Collector","floor":33,"turns":4}],"seed_played":"-1105539861176686271","potions_obtained":[{"floor":5,"key":"EssenceOfSteel"},{"floor":7,"key":"BlessingOfTheForge"},{"floor":12,"key":"EntropicBrew"},{"floor":16,"key":"BottledMiracle"},{"floor":18,"key":"AttackPotion"},{"floor":24,"key":"Energy Potion"},{"floor":28,"key":"LiquidMemories"}],"is_trial":false,"path_per_floor":["M","?","$","M","M","R","E","?","T","M","M","M","R","M","R","B",null,"M","M","?","$","?","R","E","R","T","$","E","?","?","M","R","B"],"character_chosen":"WATCHER","items_purchased":["Adaptation","WaveOfTheHand","Melange","Tantrum","Swift Potion"],"campfire_rested":3,"item_purchase_floors":[3,3,21,21,27],"current_hp_per_floor":[72,67,67,67,67,67,19,35,35,31,31,20,20,16,51,30,67,67,46,46,46,30,65,36,67,67,67,67,67,67,45,57,0,0],"gold":13,"neow_bonus":"THREE_ENEMY_KILL","is_daily":false,"chose_seed":false,"campfire_upgraded":3,"win_rate":0.0,"timestamp":1612496894,"path_taken":["M","?","$","M","M","R","E","?","T","M","M","M","R","M","R","BOSS","M","M","?","$","?","R","E","R","T","$","E","?","?","M","R","BOSS"],"items_purchased_type":["Card","Card","Relic","Card","Potion"],"build_version":"2020-12-22","purchased_purges":0,"victory":false,"max_hp_per_floor":[72,67,67,67,67,67,67,67,67,67,67,67,67,67,67,67,67,67,67,67,67,67,67,67,67,67,67,67,67,67,67,67,67,67],"card_choices":[{"not_picked":["JustLucky","FlyingSleeves"],"picked":"FollowUp","floor":1},{"not_picked":["BowlingBash","FearNoEvil"],"picked":"JustLucky","floor":4},{"not_picked":["Worship","Consecrate"],"picked":"CrushJoints","floor":5},{"not_picked":["DevaForm","CrushJoints"],"picked":"FearNoEvil","floor":7},{"not_picked":["Pray","FearNoEvil"],"picked":"SashWhip","floor":10},{"not_picked":["ClearTheMind","CrushJoints"],"picked":"CutThroughFate","floor":11},{"not_picked":["ThirdEye","BowlingBash"],"picked":"LikeWater","floor":12},{"not_picked":["CarveReality","Meditate"],"picked":"ReachHeaven","floor":14},{"not_picked":["DeusExMachina","Devotion"],"picked":"Ragnarok","floor":16},{"not_picked":["SashWhip","Consecrate"],"picked":"Crescendo+1","floor":18},{"not_picked":["SashWhip","Crescendo"],"picked":"Perseverance+1","floor":19},{"not_picked":["Evaluate","FollowUp+1","FearNoEvil"],"picked":"SKIP","floor":24},{"not_picked":["Judgement","DeceiveReality"],"picked":"Sanctity","floor":28},{"not_picked":["Fasting2","CutThroughFate","Protect"],"picked":"SKIP","floor":31}],"player_experience":236399,"relics_obtained":[{"floor":7,"key":"Regal Pillow"},{"floor":9,"key":"Ancient Tea Set"},{"floor":22,"key":"Nilry\u0027s Codex"},{"floor":24,"key":"Matryoshka"},{"floor":26,"key":"Toy Ornithopter"},{"floor":26,"key":"Eternal Feather"},{"floor":28,"key":"Nunchaku"}],"event_choices":[{"damage_healed":0,"gold_gain":0,"player_choice":"Lose Max HP","damage_taken":0,"relics_obtained":["Golden Idol"],"max_hp_gain":0,"max_hp_loss":5,"event_name":"Golden Idol","floor":2,"gold_loss":0},{"damage_healed":16,"gold_gain":0,"player_choice":"Healed","damage_taken":0,"max_hp_gain":0,"max_hp_loss":0,"event_name":"The Cleric","floor":8,"gold_loss":35},{"cards_removed":["Strike_P"],"damage_healed":0,"gold_gain":0,"player_choice":"Gave Gold","damage_taken":0,"max_hp_gain":0,"max_hp_loss":0,"event_name":"Beggar","floor":20,"gold_loss":75},{"damage_healed":0,"gold_gain":0,"player_choice":"Obtained Book","damage_taken":16,"max_hp_gain":0,"max_hp_loss":0,"event_name":"Cursed Tome","floor":22,"gold_loss":0},{"damage_healed":0,"gold_gain":0,"player_choice":"Paid Fearfully","damage_taken":0,"max_hp_gain":0,"max_hp_loss":0,"event_name":"Masked Bandits","floor":29,"gold_loss":43},{"damage_healed":0,"gold_gain":0,"player_choice":"Ignored","damage_taken":0,"max_hp_gain":0,"max_hp_loss":0,"event_name":"Vampires","floor":30,"gold_loss":0}],"is_beta":false,"boss_relics":[{"not_picked":["HolyWater","Cursed Key"],"picked":"VioletLotus"}],"items_purged_floors":[],"is_endless":false,"potions_floor_spawned":[5,7,12,16,18,24,28],"killed_by":"Collector","ascension_level":0}}