{"host":"xiain65d2hovry7l","time":1612562257,"event":{"mods":["2.2 Compatiblity","Act Like it!","BaseMod","Better Match","Better Note","BetterRewards","Challenge The Spire","Colored Map","Colored Powertips","Downfall","Faster Ascension Climbing","Friendly Minions","Gremlin Mod","Highlight Path","Mimic Mod","Minty Spire (QoL Compilation)","Relic Sorter","Remilia??????","StSLib","The Administrix","The Construct","The Necromancer","The Servant 0.9.4","Unknown Chances"],"gold_per_floor":[114,127,142,142,142,142,158,199,243,258,258,30,30,43,43,174,174,198,31,31,51,51,51,51,51],"floor_reached":24,"language":"ENG","playtime":1450,"items_purged":["Gremlin:Strike","Gremlin:Strike"],"score":294,"play_id":"1aa52a31-9188-466b-bcc7-f51622e6fd50","local_time":"20210205225737","is_ascension_mode":true,"campfire_choices":[{"data":"Gremlin:GremlinMeal","floor":6,"key":"SMITH"},{"data":"Gremlin:CatScratch","floor":11,"key":"SMITH"},{"data":"Gremlin:CatScratch","floor":13,"key":"SMITH"},{"data":"Gremlin:ToeStub","floor":15,"key":"SMITH"}],"circlet_count":0,"master_deck":["AscendersBane","Gremlin:TagTeam","Gremlin:GremlinDance","Gremlin:MakeshiftArmor","Gremlin:FeelTheAudience","Gremlin:GremlinMeal+1","Gremlin:Rhythm","Gremlin:Patsy","Gremlin:FeelTheAudience","Gremlin:Patsy","Gremlin:ToeStub+1","Gremlin:Changeo","Gremlin:Glimmer","Gremlin:CatScratch+1","Gremlin:CatScratch+1","Gremlin:Wizardry+1","Gremlin:Changeo","Gremlin:Scatter","Gremlin:GremlinToss","Gremlin:GremlinOffensive","Gremlin:PinNeedle","Gremlin:RageBreak","Gremlin:FollowThrough","Bandage Up","Gremlin:MakeshiftArmor","Gremlin:ProperTools+1"],"relics":["Gremlin:GremlinKnob","Juzu Bracelet","Calipers","Golden Idol","Sundial","Pandora\u0027s Box"],"acts_visited":["Exordium","TheCity"],"potions_floor_usage":[24],"damage_taken":[{"damage":6,"enemies":"Cultist","floor":1,"turns":4},{"damage":6,"enemies":"2 Louse","floor":2,"turns":2},{"damage":8,"enemies":"Jaw Worm","floor":3,"turns":4},{"damage":0,"enemies":"3 Louse","floor":7,"turns":3},{"damage":27,"enemies":"Gremlin Nob","floor":8,"turns":4},{"damage":1,"enemies":"Blue Slaver","floor":9,"turns":5},{"damage":3,"enemies":"Blue Slaver","floor":10,"turns":4},{"damage":8,"enemies":"Exordium Wildlife","floor":14,"turns":5},{"damage":46,"enemies":"Slime Boss","floor":16,"turns":7},{"damage":12,"enemies":"2 Thieves","floor":18,"turns":4},{"damage":24,"enemies":"Shell Parasite","floor":21,"turns":3},{"damage":38,"enemies":"Slavers","floor":24,"turns":2}],"seed_played":"-8713622793727855451","potions_obtained":[{"floor":2,"key":"Dexterity Potion"},{"floor":10,"key":"CultistPotion"},{"floor":14,"key":"CultistPotion"}],"is_trial":false,"path_per_floor":["M","M","M","?","?","R","M","E","MIM","M","R","$","R","M","R","B",null,"M","$","?","M","?","R","E"],"character_chosen":"GREMLIN","items_purchased":["Gremlin:MakeshiftArmor","Gremlin:GremlinMeal","Gremlin:Rhythm","Gremlin:CatScratch","Gremlin:Wizardry","Gremlin:Changeo","Bandage Up","Gremlin:MakeshiftArmor"],"campfire_rested":0,"item_purchase_floors":[0,0,0,12,12,12,19,19],"current_hp_per_floor":[20,20,12,12,13,13,13,20,14,20,20,20,20,13,13,13,18,10,10,10,9,9,9,0,0],"gold":51,"neow_bonus":"","is_daily":false,"chose_seed":false,"campfire_upgraded":4,"win_rate":0.0,"timestamp":1612562257,"path_taken":["M","M","M","?","?","R","M","E","MIM","M","R","$","R","M","R","BOSS","M","$","?","M","?","R","E"],"items_purchased_type":["Card","Card","Card","Card","Card","Card","Card","Card"],"build_version":"2020-12-22","purchased_purges":2,"victory":false,"max_hp_per_floor":[20,20,20,19,20,20,20,20,20,20,20,20,20,20,20,20,20,20,20,20,20,20,19,19,19],"card_choices":[{"not_picked":["Gremlin:BubbleBarrier","Gremlin:Pinprick"],"picked":"Gremlin:Patsy","floor":1},{"not_picked":["Gremlin:Tadah","Gremlin:ShankStone"],"picked":"Gremlin:FeelTheAudience","floor":2},{"not_picked":["Gremlin:BulkUp","Gremlin:Presto"],"picked":"Gremlin:Patsy","floor":3},{"not_picked":["Gremlin:Presto","Gremlin:Polish"],"picked":"Gremlin:ToeStub","floor":7},{"not_picked":["Gremlin:Duplicate","Gremlin:Raid"],"picked":"Gremlin:Changeo","floor":8},{"not_picked":["Gremlin:PourSalt","Gremlin:GremlinArms"],"picked":"Gremlin:Glimmer","floor":9},{"not_picked":["Gremlin:Pickpocket","Gremlin:Glimmer"],"picked":"Gremlin:CatScratch","floor":10},{"not_picked":["Gremlin:GremlinArms","Gremlin:Pinprick","Gremlin:Polish"],"picked":"SKIP","floor":14},{"not_picked":["Gremlin:SharpenBlades","Gremlin:Presto","Gremlin:Dazzle+1"],"picked":"SKIP","floor":18},{"not_picked":["Gremlin:PinNeedle","Gremlin:Pickpocket"],"picked":"Gremlin:ProperTools+1","floor":21}],"player_experience":725134,"relics_obtained":[{"floor":8,"key":"Sundial"}],"event_choices":[{"damage_healed":0,"gold_gain":0,"player_choice":"Lose Max HP","damage_taken":0,"relics_obtained":["Golden Idol"],"max_hp_gain":0,"max_hp_loss":1,"event_name":"Golden Idol","floor":4,"gold_loss":0},{"damage_healed":0,"gold_gain":0,"player_choice":"Donut","damage_taken":0,"max_hp_gain":5,"max_hp_loss":0,"event_name":"Big Fish","floor":5,"gold_loss":0},{"damage_healed":0,"gold_gain":0,"player_choice":"Forge","damage_taken":0,"max_hp_gain":0,"max_hp_loss":0,"event_name":"Accursed Blacksmith","floor":20,"gold_loss":0,"cards_upgraded":["Gremlin:Wizardry"]},{"damage_healed":0,"gold_gain":0,"player_choice":"Bought 0 Potions","damage_taken":0,"max_hp_gain":0,"max_hp_loss":0,"event_name":"The Woman in Blue","floor":22,"gold_loss":0}],"is_beta":false,"boss_relics":[{"not_picked":["Sozu","Black Star"],"picked":"Pandora\u0027s Box"}],"items_purged_floors":[0,12],"is_endless":false,"potions_floor_spawned":[2,10,14,21],"killed_by":"Slavers","ascension_level":10}}