{"host":"sian7qp8a9pc9xwd","time":1612508807,"event":{"mods":["BaseMod","Minty Spire (QoL Compilation)","StSLib","SuperFastMode"],"gold_per_floor":[116,131,131,56,71,71,98,108,133,178,205,217,248,270,282,391,403,433,461,487,499,528,571,593,622,634,646,669,681,148,174,174,269,269,287,287,66,81,100,100,117,117,117,137,156,203,203,203,203,203],"floor_reached":51,"language":"ENG","playtime":3032,"items_purged":["Decay","Strike_P","Eruption"],"score":805,"play_id":"9a90bb90-72d8-4b9f-8965-dcf6b46c1d99","local_time":"20210205020647","is_ascension_mode":false,"campfire_choices":[{"data":"Pray","floor":6.0,"key":"SMITH"},{"data":"CutThroughFate","floor":15.0,"key":"SMITH"},{"floor":27.0,"key":"REST"},{"floor":29.0,"key":"REST"},{"floor":32.0,"key":"REST"},{"data":"Prostrate","floor":40,"key":"SMITH"},{"data":"CutThroughFate","floor":42,"key":"SMITH"},{"floor":49,"key":"REST"}],"circlet_count":0,"master_deck":["Strike_P","Strike_P","Defend_P","Defend_P","Defend_P","Defend_P","Vigilance","Brilliance","Pray+1","CutThroughFate+1","CutThroughFate","Prostrate+1","FlurryOfBlows","CutThroughFate+1","Pray","WindmillStrike+1","JustLucky+1","Master of Strategy","Swift Strike","FlurryOfBlows","Devotion","Master of Strategy","FlurryOfBlows+1","Nirvana","Worship+1"],"relics":["PureWater","Lantern","Tiny Chest","MawBank","Bronze Scales","Sozu","Shuriken","Omamori","Bottled Lightning","ClockworkSouvenir","Smiling Mask","Runic Pyramid","HornCleat","Bird Faced Urn","Letter Opener"],"acts_visited":["Exordium","TheCity","TheBeyond"],"potions_floor_usage":[46,50],"damage_taken":[{"damage":2.0,"enemies":"Cultist","floor":1.0,"turns":2.0},{"damage":7.0,"enemies":"Jaw Worm","floor":2.0,"turns":3.0},{"damage":0.0,"enemies":"2 Louse","floor":5.0,"turns":2.0},{"damage":10.0,"enemies":"3 Sentries","floor":7.0,"turns":5.0},{"damage":3.0,"enemies":"Blue Slaver","floor":8.0,"turns":3.0},{"damage":14.0,"enemies":"Gremlin Nob","floor":10.0,"turns":4.0},{"damage":0.0,"enemies":"Looter","floor":11.0,"turns":1.0},{"damage":4.0,"enemies":"Lots of Slimes","floor":13.0,"turns":3.0},{"damage":5.0,"enemies":"Exordium Wildlife","floor":14.0,"turns":3.0},{"damage":0.0,"enemies":"Slime Boss","floor":16.0,"turns":3.0},{"damage":1.0,"enemies":"Chosen","floor":18.0,"turns":3.0},{"damage":0.0,"enemies":"Spheric Guardian","floor":19.0,"turns":1.0},{"damage":5.0,"enemies":"Cultist and Chosen","floor":20.0,"turns":4.0},{"damage":11.0,"enemies":"Centurion and Healer","floor":22.0,"turns":4.0},{"damage":24.0,"enemies":"Book of Stabbing","floor":23.0,"turns":4.0},{"damage":11.0,"enemies":"3 Cultists","floor":24.0,"turns":4.0},{"damage":18.0,"enemies":"Snake Plant","floor":25.0,"turns":3.0},{"damage":17.0,"enemies":"Snecko","floor":28.0,"turns":4.0},{"damage":13.0,"enemies":"Gremlin Leader","floor":31.0,"turns":3.0},{"damage":0.0,"enemies":"Automaton","floor":33.0,"turns":4.0},{"damage":21.0,"enemies":"3 Darklings","floor":35.0,"turns":3.0},{"damage":3,"enemies":"Orb Walker","floor":38,"turns":3},{"damage":10,"enemies":"Transient","floor":39,"turns":5},{"damage":0,"enemies":"Sphere and 2 Shapes","floor":41,"turns":3},{"damage":23,"enemies":"4 Shapes","floor":44,"turns":4},{"damage":0,"enemies":"Transient","floor":45,"turns":5},{"damage":0,"enemies":"2 Orb Walkers","floor":46,"turns":1},{"damage":30,"enemies":"Donu and Deca","floor":50,"turns":5}],"seed_played":"4368282757003753173","potions_obtained":[{"floor":2.0,"key":"GamblersBrew"},{"floor":8.0,"key":"Swift Potion"},{"floor":10.0,"key":"LiquidMemories"},{"floor":11.0,"key":"SneckoOil"},{"floor":13.0,"key":"Ancient Potion"}],"is_trial":false,"path_per_floor":["M","M","?","$","M","R","E","M","T","E","M","?","M","M","R","B",null,"M","M","M","T","M","E","M","M","T","R","M","R","$","E","R","B",null,"M","?","$","M","M","R","M","R","T","M","M","?","?","$","R","B",null],"character_chosen":"WATCHER","items_purchased":["Master of Strategy","ClockworkSouvenir","Swift Strike","Master of Strategy"],"campfire_rested":4,"item_purchase_floors":[30,30,30,37],"current_hp_per_floor":[70,63,51,51,51,51,41,38,38,24,24,24,20,15,15,15,72,71,71,66,66,55,31,20,2,2,23,6,27,27,14,35,35,72,51,51,51,48,38,38,38,38,38,15,15,15,15,15,35,9],"gold":203,"neow_bonus":"THREE_RARE_CARDS","is_daily":false,"chose_seed":false,"campfire_upgraded":4,"win_rate":0.0,"timestamp":1612508807,"path_taken":["M","M","?","$","M","R","E","M","T","E","M","?","?","M","R","BOSS","M","M","?","?","M","E","M","M","T","R","M","R","$","E","R","BOSS","M","?","$","M","M","R","M","R","T","M","M","?","?","$","R","BOSS"],"items_purchased_type":["Card","Relic","Card","Card"],"build_version":"2020-12-22","purchased_purges":3,"victory":true,"max_hp_per_floor":[72,72,72,72,72,72,72,72,72,72,72,72,72,72,72,72,72,72,72,72,72,72,72,72,72,72,72,72,72,72,72,72,72,72,72,68,68,68,68,68,68,68,68,68,68,68,68,68,68,68],"card_choices":[{"not_picked":["ConjureBlade","MasterReality"],"picked":"Brilliance","floor":0.0},{"not_picked":["WheelKick","Wallop"],"picked":"Pray","floor":1.0},{"not_picked":["Halt","Weave"],"picked":"CutThroughFate","floor":2.0},{"not_picked":["BowlingBash","JustLucky"],"picked":"CutThroughFate","floor":5.0},{"not_picked":["EmptyFist","Halt"],"picked":"Prostrate","floor":7.0},{"not_picked":["Crescendo","Protect","SashWhip"],"picked":"SKIP","floor":8.0},{"not_picked":["PathToVictory","Collect","Judgement"],"picked":"SKIP","floor":10.0},{"not_picked":["Consecrate","CrushJoints"],"picked":"FlurryOfBlows","floor":11.0},{"not_picked":["Crescendo","Perseverance"],"picked":"CutThroughFate","floor":13.0},{"not_picked":["PathToVictory","DeusExMachina","ThirdEye"],"picked":"SKIP","floor":14.0},{"not_picked":["Crescendo","EmptyFist","Evaluate"],"picked":"SKIP","floor":18.0},{"not_picked":["Prostrate","Crescendo"],"picked":"Pray","floor":19.0},{"not_picked":["Prostrate","FlurryOfBlows","CrushJoints"],"picked":"SKIP","floor":20.0},{"not_picked":["FlurryOfBlows","Conclude"],"picked":"WindmillStrike+1","floor":22.0},{"not_picked":["Establishment","Crescendo","WreathOfFlame"],"picked":"SKIP","floor":23.0},{"not_picked":["Tantrum+1","Crescendo","Evaluate"],"picked":"SKIP","floor":24.0},{"not_picked":["SashWhip","WaveOfTheHand","CarveReality"],"picked":"SKIP","floor":25.0},{"not_picked":["EmptyFist+1","Consecrate"],"picked":"JustLucky+1","floor":28.0},{"not_picked":["EmptyBody","Prostrate"],"picked":"FlurryOfBlows","floor":31.0},{"not_picked":["Alpha","ConjureBlade"],"picked":"Devotion","floor":33.0},{"not_picked":["FlurryOfBlows","EmptyMind","Evaluate"],"picked":"SKIP","floor":35.0},{"not_picked":["LikeWater","SashWhip+1","ClearTheMind"],"picked":"SKIP","floor":38},{"not_picked":["ThirdEye+1","BowlingBash"],"picked":"FlurryOfBlows+1","floor":39},{"not_picked":["ClearTheMind+1","BowlingBash","FlyingSleeves+1"],"picked":"SKIP","floor":41},{"not_picked":["SignatureMove","EmptyMind"],"picked":"Nirvana","floor":44},{"not_picked":["Tantrum","PathToVictory","InnerPeace+1"],"picked":"SKIP","floor":45},{"not_picked":["BattleHymn","LessonLearned"],"picked":"Worship+1","floor":46}],"player_experience":881590,"relics_obtained":[{"floor":7.0,"key":"Tiny Chest"},{"floor":9.0,"key":"MawBank"},{"floor":10.0,"key":"Bronze Scales"},{"floor":21.0,"key":"Shuriken"},{"floor":23.0,"key":"Omamori"},{"floor":26.0,"key":"Bottled Lightning"},{"floor":31.0,"key":"Smiling Mask"},{"floor":43,"key":"HornCleat"},{"floor":46,"key":"Bird Faced Urn"},{"floor":47,"key":"Letter Opener"}],"event_choices":[{"damage_healed":0.0,"max_hp_gain":0.0,"max_hp_loss":0.0,"gold_gain":0.0,"event_name":"Scrap Ooze","player_choice":"Success","floor":3.0,"gold_loss":0.0,"damage_taken":12.0,"relics_obtained":["Lantern"]},{"cards_removed":["Strike_P"],"damage_healed":0.0,"max_hp_gain":0.0,"max_hp_loss":0.0,"gold_gain":0.0,"event_name":"Purifier","player_choice":"Purged","floor":12.0,"gold_loss":0.0,"damage_taken":0.0},{"damage_healed":0.0,"max_hp_gain":0.0,"max_hp_loss":4.0,"gold_gain":0.0,"event_name":"Winding Halls","player_choice":"Max HP","floor":36.0,"gold_loss":0.0,"damage_taken":0.0},{"damage_healed":0,"gold_gain":0,"player_choice":"Fight","damage_taken":0,"max_hp_gain":0,"max_hp_loss":0,"event_name":"Mysterious Sphere","floor":46,"gold_loss":0},{"damage_healed":0,"gold_gain":0,"player_choice":"Relic","damage_taken":0,"max_hp_gain":0,"max_hp_loss":0,"event_name":"Wheel of Change","floor":47,"gold_loss":0}],"is_beta":false,"boss_relics":[{"not_picked":["VioletLotus","Cursed Key"],"picked":"Sozu"},{"not_picked":["Velvet Choker","Coffee Dripper"],"picked":"Runic Pyramid"}],"items_purged_floors":[4,30,37],"is_endless":false,"potions_floor_spawned":[2,8,10,11,13,19,20,22,31,44],"ascension_level":0}}