{"host":"07xnuutgvbrohvx6","time":1612525546,"event":{"mods":["AchievementEnabler","BaseMod","Colored Powertips","Hermit","Marisa（F雨　魔理沙）","Minty Spire (QoL Compilation)","Reliquary","Shop Mod","StSLib","The Cursed","The Runesmith","【功能Mod】聪明的最终Boss"],"gold_per_floor":[112,132,167,167,10,53,53,73,73,73,94,94,19,49,49,161,161,161],"floor_reached":17,"language":"ZHS","playtime":1941,"items_purged":["Strike_MRS"],"score":155,"play_id":"00ca217f-0eec-4e58-92e6-70ef3f236bd7","local_time":"20210205194546","is_ascension_mode":false,"campfire_choices":[{"data":"UpSweep","floor":10,"key":"SMITH"},{"floor":12,"key":"REST"},{"data":"UnstableBomb","floor":15,"key":"SMITH"}],"circlet_count":0,"master_deck":["Strike_MRS","Strike_MRS","Strike_MRS","Defend_MRS","Defend_MRS","Defend_MRS","Defend_MRS","MasterSpark","UpSweep+1","NonDirectionalLaser","WitchOfGreed","Singularity","GrandCross","Parasite","Parasite","UnstableBomb+1","AsteroidBelt","JA"],"relics":["MiniHakkero","MealTicket","Orichalcum","reliquary:RosewoodLute","ShroomBag"],"acts_visited":["Exordium","TheCity"],"potions_floor_usage":[6,11,14,16,16,16],"damage_taken":[{"damage":2,"enemies":"2 Louse","floor":1,"turns":2},{"damage":1,"enemies":"Cultist","floor":2,"turns":3},{"damage":5,"enemies":"Small Slimes","floor":3,"turns":3},{"damage":40,"enemies":"Lagavulin","floor":6,"turns":8},{"damage":11,"enemies":"2 Fungi Beasts","floor":8,"turns":3},{"damage":8,"enemies":"The Mushroom Lair","floor":11,"turns":3},{"damage":15,"enemies":"Exordium Thugs","floor":14,"turns":5},{"damage":55,"enemies":"Hexaghost","floor":16,"turns":11}],"seed_played":"-5947173066451093824","potions_obtained":[{"floor":3,"key":"Fruit Juice"},{"floor":6,"key":"BlessingOfTheForge"},{"floor":6,"key":"Ancient Potion"},{"floor":8,"key":"SmokeBomb"},{"floor":11,"key":"PowerPotion"},{"floor":14,"key":"EntropicBrew"}],"is_trial":false,"path_per_floor":["M","M","M","?","$","E","$","M","T","R","?","R","$","M","R","B",null],"character_chosen":"MARISA","items_purchased":["MealTicket"],"campfire_rested":1,"item_purchase_floors":[5],"current_hp_per_floor":[80,79,74,74,74,39,54,43,43,43,35,61,76,61,61,6,87,87],"gold":161,"neow_bonus":"TEN_PERCENT_HP_BONUS","is_daily":false,"chose_seed":false,"campfire_upgraded":2,"win_rate":0.0,"timestamp":1612525546,"path_taken":["M","M","M","?","$","E","?","M","T","R","?","R","$","M","R","BOSS"],"items_purchased_type":["Relic"],"build_version":"2020-12-22","purchased_purges":1,"victory":false,"max_hp_per_floor":[82,82,82,82,82,87,87,87,87,87,87,87,87,87,87,87,87,87],"card_choices":[{"not_picked":["LuminesStrike","DarkMatter"],"picked":"NonDirectionalLaser","floor":1},{"not_picked":["ShootTheMoon","MysteriousBeam"],"picked":"WitchOfGreed","floor":2},{"not_picked":["DoubleSpark","WitchOfGreed"],"picked":"Singularity","floor":3},{"not_picked":["StarlightTyphoon","DoubleSpark"],"picked":"GrandCross","floor":6},{"not_picked":["GravityBeat","WitchOfGreed","6A"],"picked":"SKIP","floor":8},{"not_picked":["ShootingEcho","ShootTheMoon"],"picked":"UnstableBomb","floor":11},{"not_picked":["NonDirectionalLaser","EscapeVelocity"],"picked":"AsteroidBelt","floor":14},{"not_picked":["StarDustReverie","MillisecondPulsars"],"picked":"JA","floor":16}],"player_experience":278907,"relics_obtained":[{"floor":6,"key":"Orichalcum"},{"floor":9,"key":"reliquary:RosewoodLute"},{"floor":11,"key":"ShroomBag"}],"event_choices":[{"damage_healed":0,"gold_gain":0,"player_choice":"Bought 0 Potions","damage_taken":0,"max_hp_gain":0,"max_hp_loss":0,"event_name":"The Woman in Blue","floor":4,"gold_loss":0},{"damage_healed":0,"gold_gain":0,"player_choice":"Fought Mushrooms","damage_taken":0,"max_hp_gain":0,"max_hp_loss":0,"event_name":"Mushrooms_MRS","floor":11,"gold_loss":0}],"is_beta":false,"boss_relics":[{"not_picked":["Runic Dome","Velvet Choker","reliquary:KinkedSpring"]}],"items_purged_floors":[13],"is_endless":false,"potions_floor_spawned":[6,8,11],"ascension_level":0}}