{"host":"tazbulao4mmrh18w","time":1612535952,"event":{"mods":["AchievementEnabler","BaseMod","Colored Map","Colored Powertips","DeckTracker","Highlight Path","Minty Spire (QoL Compilation)","Practice Mode","Quick Restart","Random Character Button","Relic Stats"],"gold_per_floor":[117,133,65,65,65,65,77,77,101,117,87,106,117,36,36,140,140,155,175,26,26,26],"floor_reached":21,"language":"ENG","playtime":1325,"items_purged":[],"score":171,"play_id":"8d6c2ae3-6efa-4b02-8ae0-a2d7e57896cc","local_time":"20210205093912","is_ascension_mode":false,"campfire_choices":[{"floor":6,"key":"REST"},{"floor":8,"key":"REST"},{"data":"Deadly Poison","floor":15,"key":"SMITH"}],"circlet_count":0,"master_deck":["Strike_G","Strike_G","Strike_G+1","Strike_G","Strike_G+1","Defend_G","Defend_G","Defend_G","Defend_G","Defend_G","Survivor","Neutralize","Quick Slash","Cloak And Dagger","Infinite Blades","Deflect","Deadly Poison+1","Noxious Fumes","Storm of Steel","Deadly Poison","Deadly Poison+1"],"relics":["Ring of the Snake","Strawberry","Black Star","Membership Card"],"acts_visited":["Exordium","TheCity"],"potions_floor_usage":[1,10,10,16,16,16,19],"damage_taken":[{"damage":0,"enemies":"Small Slimes","floor":1,"turns":3},{"damage":1,"enemies":"2 Louse","floor":2,"turns":3},{"damage":9,"enemies":"Cultist","floor":7,"turns":4},{"damage":13,"enemies":"Lots of Slimes","floor":10,"turns":5},{"damage":0,"enemies":"Exordium Thugs","floor":12,"turns":4},{"damage":1,"enemies":"Blue Slaver","floor":13,"turns":3},{"damage":44,"enemies":"Slime Boss","floor":16,"turns":12},{"damage":44,"enemies":"Shell Parasite","floor":18,"turns":6},{"damage":26,"enemies":"3 Byrds","floor":19,"turns":6},{"damage":15,"enemies":"Snecko","floor":21,"turns":2}],"seed_played":"6983057031253039575","potions_obtained":[{"floor":0,"key":"Strength Potion"},{"floor":0,"key":"Explosive Potion"},{"floor":0,"key":"GhostInAJar"},{"floor":1,"key":"Swift Potion"},{"floor":11,"key":"EssenceOfSteel"},{"floor":11,"key":"Explosive Potion"},{"floor":12,"key":"SneckoOil"},{"floor":18,"key":"AttackPotion"}],"is_trial":false,"path_per_floor":["M","M","$","?","?","R","M","R","T","M","?","M","M","$","R","B",null,"M","M","$","M"],"character_chosen":"THE_SILENT","items_purchased":["Infinite Blades","Noxious Fumes","Membership Card"],"campfire_rested":2,"item_purchase_floors":[3,14,20],"current_hp_per_floor":[70,69,69,69,55,70,61,70,77,64,64,64,63,63,63,19,77,33,7,7,0,0],"gold":26,"neow_bonus":"THREE_SMALL_POTIONS","is_daily":false,"chose_seed":false,"campfire_upgraded":1,"win_rate":0.0,"timestamp":1612535952,"path_taken":["M","M","$","?","?","R","M","R","T","M","?","M","M","$","R","BOSS","M","M","?","?"],"items_purchased_type":["Card","Card","Relic"],"build_version":"2020-12-22","purchased_purges":0,"victory":false,"max_hp_per_floor":[70,70,70,70,70,70,70,70,77,77,77,77,77,77,77,77,77,77,77,77,77,77],"relic_stats":{"counters":[10,48],"Black Star":0,"obtain_stats":[{"Strawberry":9,"Black Star":17,"Membership Card":20,"Ring of the Snake":0},{"Strawberry":3,"Black Star":7,"Membership Card":9,"Ring of the Snake":0},{"Strawberry":10,"Black Star":34,"Membership Card":46,"Ring of the Snake":0}],"Ring of the Snake":[20]},"card_choices":[{"not_picked":["Well Laid Plans","Heel Hook"],"picked":"Quick Slash","floor":1},{"not_picked":["Heel Hook","Underhanded Strike"],"picked":"Cloak And Dagger","floor":2},{"not_picked":["Acrobatics","Bane","Underhanded Strike"],"picked":"SKIP","floor":7},{"not_picked":["Masterful Stab","Eviscerate"],"picked":"Deflect","floor":10},{"not_picked":["Backflip","Predator"],"picked":"Deadly Poison","floor":12},{"not_picked":["Escape Plan","Calculated Gamble","Reflex"],"picked":"SKIP","floor":13},{"not_picked":["Glass Knife","Doppelganger"],"picked":"Storm of Steel","floor":16},{"not_picked":["Bane","Slice"],"picked":"Deadly Poison","floor":18},{"not_picked":["Blur+1","Skewer"],"picked":"Deadly Poison+1","floor":19}],"player_experience":87558,"relics_obtained":[{"floor":9,"key":"Strawberry"}],"event_choices":[{"damage_healed":0,"gold_gain":0,"player_choice":"Ignored","damage_taken":0,"max_hp_gain":0,"max_hp_loss":0,"event_name":"Liars Game","floor":4,"gold_loss":0},{"damage_healed":0,"gold_gain":0,"player_choice":"Entered Light","damage_taken":14,"max_hp_gain":0,"max_hp_loss":0,"event_name":"Shining Light","floor":5,"gold_loss":0,"cards_upgraded":["Strike_G","Strike_G"]},{"damage_healed":0,"gold_gain":0,"player_choice":"Bought 2 Potions","damage_taken":0,"max_hp_gain":0,"max_hp_loss":0,"event_name":"The Woman in Blue","floor":11,"gold_loss":0}],"is_beta":false,"boss_relics":[{"not_picked":["SlaversCollar","Philosopher\u0027s Stone"],"picked":"Black Star"}],"items_purged_floors":[],"is_endless":false,"potions_floor_spawned":[1,12,13,18],"killed_by":"Snecko","ascension_level":0}}