{"host":"ul3z8ex5o8l5j7mh","time":1612533548,"event":{"mods":["AchievementEnabler","BaseMod","Colored Map","Colored Powertips","DeckTracker","Minty Spire (QoL Compilation)","SuperFastMode"],"gold_per_floor":[117,133,150,150,170,170,170,170,170,187,199,199,224,238,238,334,334,345,357,357,357],"floor_reached":20,"language":"ENG","playtime":802,"items_purged":[],"score":196,"play_id":"c4d6eab8-b698-4ef6-8b15-3456011a28b0","local_time":"20210205145908","is_ascension_mode":true,"campfire_choices":[{"floor":6,"key":"REST"},{"data":"Inflame","floor":8,"key":"SMITH"},{"floor":15,"key":"REST"}],"circlet_count":0,"master_deck":["Strike_R","Strike_R","Strike_R","Strike_R","Strike_R+1","Defend_R","Defend_R+1","Bash","Thunderclap","Inflame+1","Bludgeon","Rage","Parasite","Armaments","Iron Wave","Sword Boomerang","Fire Breathing","Shrug It Off","Iron Wave"],"relics":["Empty Cage","Paper Frog","Singing Bowl","Bottled Flame","SlaversCollar"],"acts_visited":["Exordium","TheCity"],"potions_floor_usage":[13,16,19,19],"damage_taken":[{"damage":6,"enemies":"Cultist","floor":1,"turns":3},{"damage":5,"enemies":"Small Slimes","floor":2,"turns":3},{"damage":7,"enemies":"2 Louse","floor":3,"turns":2},{"damage":19,"enemies":"Large Slime","floor":5,"turns":4},{"damage":9,"enemies":"2 Fungi Beasts","floor":10,"turns":2},{"damage":8,"enemies":"Exordium Thugs","floor":11,"turns":3},{"damage":13,"enemies":"3 Sentries","floor":13,"turns":6},{"damage":2,"enemies":"3 Louse","floor":14,"turns":3},{"damage":34,"enemies":"Hexaghost","floor":16,"turns":8},{"damage":56,"enemies":"3 Byrds","floor":18,"turns":7},{"damage":0,"enemies":"Chosen","floor":19,"turns":3},{"damage":46,"enemies":"Snake Plant","floor":20,"turns":4}],"seed_played":"1514093017322160321","potions_obtained":[{"floor":5,"key":"ElixirPotion"},{"floor":10,"key":"Dexterity Potion"},{"floor":13,"key":"Weak Potion"},{"floor":16,"key":"BloodPotion"},{"floor":18,"key":"GamblersBrew"}],"is_trial":false,"path_per_floor":["M","M","M","?","M","R","?","R","T","M","M","?","E","M","R","B",null,"M","M","M"],"character_chosen":"IRONCLAD","items_purchased":[],"campfire_rested":2,"item_purchase_floors":[],"current_hp_per_floor":[74,69,62,50,31,55,75,75,75,66,58,42,29,27,51,19,82,26,42,0,0],"gold":357,"neow_bonus":"BOSS_RELIC","is_daily":false,"chose_seed":false,"campfire_upgraded":1,"win_rate":0.0,"timestamp":1612533548,"path_taken":["M","?","M","?","M","R","?","R","T","M","M","?","E","M","R","BOSS","M","M","M"],"items_purchased_type":[],"build_version":"2020-12-22","purchased_purges":0,"victory":false,"max_hp_per_floor":[80,80,80,80,80,80,80,80,80,80,80,80,80,80,80,82,82,82,82,82,82],"card_choices":[{"not_picked":["Warcry","Headbutt"],"picked":"Thunderclap","floor":1},{"not_picked":["Shockwave","Iron Wave"],"picked":"Inflame","floor":2},{"not_picked":["Thunderclap","Carnage"],"picked":"Bludgeon","floor":3},{"not_picked":["Pommel Strike","Hemokinesis"],"picked":"Rage","floor":5},{"not_picked":["Body Slam","Metallicize"],"picked":"Armaments","floor":10},{"not_picked":["Shockwave","Flame Barrier"],"picked":"Iron Wave","floor":11},{"not_picked":["Ghostly Armor","Rage"],"picked":"Sword Boomerang","floor":13},{"not_picked":["Headbutt","Shrug It Off"],"picked":"Fire Breathing","floor":14},{"not_picked":["Barricade","Exhume","Double Tap"],"picked":"Singing Bowl","floor":16},{"not_picked":["Wild Strike","Disarm"],"picked":"Shrug It Off","floor":18},{"not_picked":["Headbutt","Pommel Strike"],"picked":"Iron Wave","floor":19}],"player_experience":314877,"relics_obtained":[{"floor":9,"key":"Singing Bowl"},{"floor":13,"key":"Bottled Flame"}],"event_choices":[{"damage_healed":0,"gold_gain":0,"player_choice":"Success","damage_taken":12,"relics_obtained":["Paper Frog"],"max_hp_gain":0,"max_hp_loss":0,"event_name":"Scrap Ooze","floor":4,"gold_loss":0},{"damage_healed":20,"gold_gain":0,"player_choice":"Healed and dodged fight","damage_taken":0,"max_hp_gain":0,"max_hp_loss":0,"event_name":"Mushrooms","floor":7,"gold_loss":0,"cards_obtained":["Parasite"]},{"damage_healed":0,"gold_gain":0,"player_choice":"Entered Light","damage_taken":16,"max_hp_gain":0,"max_hp_loss":0,"event_name":"Shining Light","floor":12,"gold_loss":0,"cards_upgraded":["Strike_R","Defend_R"]}],"is_beta":false,"boss_relics":[{"not_picked":["Sozu","Runic Pyramid"],"picked":"SlaversCollar"}],"items_purged_floors":[],"is_endless":false,"potions_floor_spawned":[5,10,13,16,18],"killed_by":"Snake Plant","ascension_level":2}}