{"host":"25hwxgnshg5vqzox","time":1612533030,"event":{"mods":["BaseMod","Highlight Path","Minty Spire (QoL Compilation)","Rare Cards Sparkle","Reliquary","Shop Mod","Spire Arcade","StSLib"],"gold_per_floor":[109,109,109,125,140,170,170,185,185,185,185,112,82,82,82,178,178,165,178,191,203,118,118,118],"floor_reached":23,"language":"ENG","playtime":2711,"items_purged":[],"score":191,"play_id":"90af5287-1678-4da3-8688-d058e381f2ef","local_time":"20210205135030","is_ascension_mode":false,"campfire_choices":[{"floor":7,"key":"REST"},{"floor":10,"key":"RECALL"},{"data":"Perfected Strike","floor":15,"key":"SMITH"}],"circlet_count":0,"master_deck":["Strike_R+1","Strike_R","Strike_R","Strike_R+1","Strike_R","Defend_R","Defend_R","Defend_R","Defend_R","Bash","Cleave","Anger","Perfected Strike+1","Impervious","Searing Blow","Metallicize","Reaper","Iron Wave","Barricade","Iron Wave"],"relics":["Burning Blood","NeowsBlessing","Nunchaku","Orichalcum","Runic Pyramid","reliquary:WeakTea"],"acts_visited":["Exordium","TheCity"],"potions_floor_usage":[23,23,23],"damage_taken":[{"damage":0,"enemies":"Cultist","floor":1,"turns":1},{"damage":0,"enemies":"Small Slimes","floor":4,"turns":1},{"damage":0,"enemies":"Jaw Worm","floor":5,"turns":1},{"damage":36,"enemies":"Lagavulin","floor":6,"turns":6},{"damage":3,"enemies":"2 Fungi Beasts","floor":8,"turns":4},{"damage":50,"enemies":"Hexaghost","floor":16,"turns":13},{"damage":10,"enemies":"2 Thieves","floor":18,"turns":4},{"damage":2,"enemies":"Shell Parasite","floor":19,"turns":7},{"damage":11,"enemies":"Centurion and Healer","floor":20,"turns":8},{"damage":23,"enemies":"Snake Plant","floor":21,"turns":7},{"damage":79,"enemies":"Slavers","floor":23,"turns":7}],"seed_played":"1597465043222794004","potions_obtained":[{"floor":1,"key":"SteroidPotion"},{"floor":8,"key":"ElixirPotion"},{"floor":16,"key":"Block Potion"},{"floor":18,"key":"Swift Potion"},{"floor":20,"key":"Fire Potion"}],"is_trial":false,"path_per_floor":["M","$","T","M","M","E","R","M","T","R","?","$","?","?","R","B",null,"M","M","M","M","?","E"],"character_chosen":"IRONCLAD","items_purchased":["Metallicize"],"campfire_rested":1,"item_purchase_floors":[12],"current_hp_per_floor":[80,80,80,80,80,50,74,77,77,77,61,61,61,80,80,36,80,80,80,80,63,63,0,0],"gold":118,"neow_bonus":"THREE_ENEMY_KILL","is_daily":false,"chose_seed":false,"campfire_upgraded":1,"win_rate":0.0,"timestamp":1612533030,"path_taken":["M","$","?","?","M","E","R","M","T","R","?","?","?","?","R","BOSS","M","M","M","M","?","E"],"items_purchased_type":["Card"],"build_version":"2020-12-22","purchased_purges":0,"victory":false,"max_hp_per_floor":[80,80,80,80,80,80,80,80,80,80,80,80,80,80,80,80,80,80,80,80,80,80,80,80],"card_choices":[{"not_picked":["Dropkick","Flex"],"picked":"Cleave","floor":1},{"not_picked":["Warcry","Pummel"],"picked":"Anger","floor":4},{"not_picked":["Dark Embrace","Headbutt"],"picked":"Perfected Strike","floor":5},{"not_picked":["Dark Embrace","Heavy Blade"],"picked":"Impervious","floor":6},{"not_picked":["Pommel Strike","Uppercut"],"picked":"Searing Blow","floor":8},{"not_picked":["Juggernaut","Double Tap"],"picked":"Reaper","floor":16},{"not_picked":["Shrug It Off","Fire Breathing"],"picked":"Iron Wave","floor":18},{"not_picked":["Sword Boomerang","Burning Pact","True Grit"],"picked":"SKIP","floor":19},{"not_picked":["Thunderclap+1","Clothesline"],"picked":"Barricade","floor":20},{"not_picked":["True Grit+1","Pummel"],"picked":"Iron Wave","floor":21}],"player_experience":34076,"relics_obtained":[{"floor":3,"key":"Nunchaku"},{"floor":6,"key":"Orichalcum"}],"event_choices":[{"damage_healed":0,"gold_gain":0,"player_choice":"Entered Light","damage_taken":16,"max_hp_gain":0,"max_hp_loss":0,"event_name":"Shining Light","floor":11,"gold_loss":0,"cards_upgraded":["Strike_R","Strike_R"]},{"damage_healed":0,"gold_gain":0,"player_choice":"Left Gold","damage_taken":0,"max_hp_gain":0,"max_hp_loss":0,"event_name":"World of Goop","floor":13,"gold_loss":30},{"damage_healed":19,"gold_gain":0,"player_choice":"Full Heal","damage_taken":0,"max_hp_gain":0,"max_hp_loss":0,"event_name":"Wheel of Change","floor":14,"gold_loss":0},{"damage_healed":0,"gold_gain":0,"player_choice":"Obtained Relic","damage_taken":0,"relics_obtained":["reliquary:WeakTea"],"max_hp_gain":0,"max_hp_loss":0,"event_name":"Addict","floor":22,"gold_loss":85}],"is_beta":false,"boss_relics":[{"not_picked":["reliquary:Craggleroot","SlaversCollar"],"picked":"Runic Pyramid"}],"items_purged_floors":[],"is_endless":false,"potions_floor_spawned":[1,8,16,18,20],"killed_by":"Slavers","ascension_level":0}}