{"host":"h1qktzcccqnez8tx","time":1612493207,"event":{"mods":["AchievementEnabler","BaseMod","Bestiary","Better Note","Block Reminder","Colored Map","Colored Powertips","Curses Come First","Downfall","Highlight Path","Infinite Spire","Minty Spire (QoL Compilation)","Permanent Neow","Quick Restart","Relic Stats","Replay The Spire","Say the Spire","StSLib","The Cursed","UnlockEverythingMod"],"gold_per_floor":[117,392,215,215,227,253,95,95,142,103,21,21,41,56,56,156,156,140,40,40,59,159,185,185,218,266,266,266,299,315,330,330,430,430,443,443,76,93,23,49,49,78,78,78,78,0,0,0,0,0,0,0,0,25,25],"floor_reached":56,"language":"ENG","playtime":1932,"items_purged":["Regret","Strike_R","Strike_R"],"score":1634,"play_id":"4dafd145-165a-4940-8aeb-b5ebed87f340","local_time":"20210205034647","is_ascension_mode":true,"campfire_choices":[{"floor":12,"key":"REST"},{"data":"Impervious","floor":15,"key":"SMITH"},{"data":"Barricade","floor":24,"key":"SMITH"},{"floor":28,"key":"REST"},{"floor":32,"key":"REST"},{"data":"Fire Breathing","floor":41,"key":"SMITH"},{"floor":44,"key":"RECALL"},{"floor":49,"key":"REST"},{"floor":52,"key":"REST"}],"circlet_count":0,"master_deck":["Defend_R","Defend_R","Defend_R+1","Defend_R+1","Bash","CurseOfTheBell","Battle Trance+1","Fire Breathing+1","Cleave+1","Run Through","Impervious+1","Power Through","Metallicize","Fire Breathing+1","Wild Strike","Ghostly Armor","Barricade+1","Power Through+1","Metallicize","Juggernaut+1","Juggernaut+1","infinitespire:Punishment","Specialist+1","Evolve+1"],"relics":["Juzu Bracelet","Paper Frog","champ:DeflectingBracers","Blood Vial","ReplayFunnel","bronze:MakeshiftBattery","Nloth\u0027s Gift","CaptainsWheel","Anchor","Oddly Smooth Stone","Frozen Egg 2","Empty Cage","Guide Book","Guardian:PocketSentry","hexamod:CandleOfCauterizing","Red Mask","Counterbalance"],"acts_visited":["Exordium","TheCity","TheBeyond","TheEnding"],"potions_floor_usage":[14,14,25,25,27,42,50,50,55,55],"damage_taken":[{"damage":9,"enemies":"Jaw Worm","floor":1,"turns":6},{"damage":1,"enemies":"Cultist","floor":5,"turns":3},{"damage":38,"enemies":"Gremlin Nob","floor":6,"turns":5},{"damage":2,"enemies":"Small Slimes","floor":13,"turns":5},{"damage":4,"enemies":"2 Fungi Beasts","floor":14,"turns":2},{"damage":25,"enemies":"Slime Boss","floor":16,"turns":7},{"damage":2,"enemies":"2 Thieves","floor":18,"turns":4},{"damage":0,"enemies":"Shell Parasite","floor":21,"turns":9},{"damage":16,"enemies":"Book of Stabbing","floor":23,"turns":9},{"damage":21,"enemies":"Slavers","floor":25,"turns":6},{"damage":0,"enemies":"Snake Plant","floor":27,"turns":1},{"damage":22,"enemies":"Book of Stabbing","floor":29,"turns":8},{"damage":0,"enemies":"Snecko","floor":30,"turns":5},{"damage":2,"enemies":"Centurion and Healer","floor":31,"turns":7},{"damage":0,"enemies":"Collector","floor":33,"turns":10},{"damage":0,"enemies":"Orb Walker","floor":35,"turns":4},{"damage":4,"enemies":"3 Shapes","floor":38,"turns":3},{"damage":6,"enemies":"R_Hoarder","floor":40,"turns":6},{"damage":0,"enemies":"Reptomancer","floor":42,"turns":5},{"damage":59,"enemies":"Awakened One","floor":50,"turns":9},{"damage":42,"enemies":"Shield and Spear","floor":54,"turns":6},{"damage":15,"enemies":"The Heart","floor":55,"turns":8}],"seed_played":"-4970102527509222398","potions_obtained":[{"floor":1,"key":"SkillPotion"},{"floor":13,"key":"SkillPotion"},{"floor":18,"key":"Explosive Potion"},{"floor":21,"key":"Dexterity Potion"},{"floor":23,"key":"SmokeBomb"},{"floor":30,"key":"DistilledChaos"},{"floor":31,"key":"BloodPotion"},{"floor":40,"key":"Regen Potion"},{"floor":42,"key":"Energy Potion"},{"floor":54,"key":"Explosive Potion"}],"is_trial":false,"path_per_floor":["M","?","$","?","M","E","$","?","T","?","$","R","M","M","R","B",null,"M","$","?","M","?","E","R","E","T","M","R","E","M","M","R","B",null,"M","?","$","M","$","E","R","E","T","R","?","?","?","?","R","B",null,"R","$","E","B",null],"character_chosen":"IRONCLAD","items_purchased":["Fire Breathing","Cleave+1","Power Through","Metallicize","Fire Breathing","Guide Book","Specialist+1","Evolve+1"],"campfire_rested":5,"item_purchase_floors":[3,3,7,7,11,37,37,39],"current_hp_per_floor":[63,63,63,63,62,24,24,8,8,8,8,32,32,30,30,7,62,62,62,62,64,64,50,50,31,31,33,57,37,39,39,63,65,76,78,59,59,57,57,53,53,55,55,55,55,55,55,55,76,42,68,76,76,34,21],"gold":25,"neow_bonus":"BOSS_RELIC","is_daily":false,"chose_seed":false,"campfire_upgraded":3,"win_rate":0.0,"timestamp":1612493207,"path_taken":["M","?","$","?","M","E","$","?","T","?","?","R","M","M","R","BOSS","M","$","?","M","?","E","R","E","T","M","R","E","M","M","R","BOSS","M","?","$","M","$","E","R","E","T","R","?","?","?","?","R","BOSS","R","$","E","BOSS"],"items_purchased_type":["Card","Card","Card","Card","Card","Relic","Card","Card"],"build_version":"2020-12-22","purchased_purges":3,"victory":true,"max_hp_per_floor":[80,80,80,80,80,80,80,80,80,80,80,80,80,80,80,80,80,80,80,80,80,80,80,80,80,80,80,80,80,80,80,80,80,80,80,80,80,80,80,80,80,80,80,80,80,80,76,76,76,76,76,76,76,76,76],"relic_stats":{"Blood Vial":34,"counters":[22,128],"Juzu Bracelet":1,"Nloth\u0027s Gift":3,"obtain_stats":[{"ReplayFunnel":9,"hexamod:CandleOfCauterizing":42,"Guide Book":37,"Counterbalance":54,"Oddly Smooth Stone":26,"champ:DeflectingBracers":0,"Juzu Bracelet":0,"Guardian:PocketSentry":40,"Frozen Egg 2":29,"Empty Cage":34,"Burning Blood":0,"Calling Bell":0,"Blood Vial":6,"CaptainsWheel":23,"Anchor":25,"Nloth\u0027s Gift":20,"Red Mask":46,"bronze:MakeshiftBattery":17,"Paper Frog":0},{"ReplayFunnel":3,"hexamod:CandleOfCauterizing":19,"Guide Book":16,"Counterbalance":21,"Oddly Smooth Stone":10,"champ:DeflectingBracers":0,"Juzu Bracelet":0,"Guardian:PocketSentry":18,"Frozen Egg 2":12,"Empty Cage":15,"Burning Blood":0,"Calling Bell":0,"Blood Vial":3,"CaptainsWheel":9,"Anchor":10,"Nloth\u0027s Gift":7,"Red Mask":19,"bronze:MakeshiftBattery":6,"Paper Frog":0},{"ReplayFunnel":14,"hexamod:CandleOfCauterizing":105,"Guide Book":91,"Counterbalance":120,"Oddly Smooth Stone":56,"champ:DeflectingBracers":0,"Juzu Bracelet":0,"Guardian:PocketSentry":100,"Frozen Egg 2":65,"Empty Cage":87,"Burning Blood":0,"Calling Bell":0,"Blood Vial":14,"CaptainsWheel":50,"Anchor":56,"Nloth\u0027s Gift":32,"Red Mask":105,"bronze:MakeshiftBattery":28,"Paper Frog":0}]},"card_choices":[{"not_picked":["Dark Embrace","Intimidate"],"picked":"Battle Trance","floor":1},{"not_picked":["Replay:Undeath\u0027s Touch","Clash"],"picked":"Run Through","floor":5},{"not_picked":["Second Wind","Defy Death"],"picked":"Impervious","floor":6},{"not_picked":["Headbutt","Run Through"],"picked":"Wild Strike","floor":13},{"not_picked":["Twin Strike","Pommel Strike"],"picked":"Ghostly Armor","floor":14},{"not_picked":["Brutality","Exhume"],"picked":"Barricade","floor":16},{"not_picked":["Sword Boomerang+1","Run Through"],"picked":"Power Through+1","floor":18},{"not_picked":["Twin Strike","Perfected Strike"],"picked":"Metallicize","floor":21},{"not_picked":["Hemokinesis","Reaper","ReplayTheSpireMod:Limb From Limb+1"],"picked":"SKIP","floor":23},{"not_picked":["Blood for Blood","Twin Strike","Spot Weakness"],"picked":"SKIP","floor":25},{"not_picked":["Rage","ReplayTheSpireMod:Strike From Hell+1"],"picked":"Juggernaut+1","floor":29},{"not_picked":["Clash","Perfected Strike","Blood for Blood"],"picked":"SKIP","floor":30},{"not_picked":["Massacre","Twin Strike","Blood for Blood+1"],"picked":"SKIP","floor":31},{"not_picked":["Demon Form+1","Offering"],"picked":"Juggernaut+1","floor":33},{"not_picked":["ReplayTheSpireMod:Strike From Hell","Perfected Strike+1","Shrug It Off"],"picked":"SKIP","floor":35},{"not_picked":["ReplayTheSpireMod:Black Plague","ReplayTheSpireMod:Book of Names"],"picked":"infinitespire:Punishment","floor":36},{"not_picked":["Havoc+1","Inflame+1","Headbutt"],"picked":"SKIP","floor":38},{"not_picked":["Dropkick","Whirlwind","Perfected Strike+1"],"picked":"SKIP","floor":40},{"not_picked":["Blood for Blood","Carnage+1","Anger"],"picked":"SKIP","floor":42},{"not_picked":["Feed","Sword Boomerang+1","Sever Soul+1"],"picked":"SKIP","floor":54}],"player_experience":373786,"relics_obtained":[{"floor":0,"key":"Juzu Bracelet"},{"floor":0,"key":"Paper Frog"},{"floor":0,"key":"champ:DeflectingBracers"},{"floor":6,"key":"Blood Vial"},{"floor":9,"key":"ReplayFunnel"},{"floor":23,"key":"CaptainsWheel"},{"floor":25,"key":"Anchor"},{"floor":26,"key":"Oddly Smooth Stone"},{"floor":29,"key":"Frozen Egg 2"},{"floor":40,"key":"Guardian:PocketSentry"},{"floor":42,"key":"hexamod:CandleOfCauterizing"},{"floor":54,"key":"Counterbalance"}],"event_choices":[{"damage_healed":0,"gold_gain":275,"player_choice":"Desecrate","damage_taken":0,"max_hp_gain":0,"max_hp_loss":0,"event_name":"Golden Shrine","floor":2,"gold_loss":0,"cards_obtained":["Regret"]},{"damage_healed":0,"gold_gain":0,"player_choice":"Ignored","damage_taken":0,"max_hp_gain":0,"max_hp_loss":0,"event_name":"Liars Game","floor":4,"gold_loss":0},{"damage_healed":0,"gold_gain":0,"player_choice":"Entered Light","damage_taken":16,"max_hp_gain":0,"max_hp_loss":0,"event_name":"Shining Light","floor":8,"gold_loss":0,"cards_upgraded":["Defend_R","Defend_R"]},{"damage_healed":0,"gold_gain":0,"player_choice":"Left Gold","damage_taken":0,"max_hp_gain":0,"max_hp_loss":0,"event_name":"World of Goop","floor":10,"gold_loss":39},{"damage_healed":0,"gold_gain":0,"player_choice":"Traded Relic","damage_taken":0,"relics_obtained":["Nloth\u0027s Gift"],"max_hp_gain":0,"max_hp_loss":0,"event_name":"N\u0027loth","floor":20,"relics_lost":["Calling Bell"],"gold_loss":0},{"damage_healed":0,"gold_gain":100,"player_choice":"Pray","damage_taken":0,"max_hp_gain":0,"max_hp_loss":0,"event_name":"Golden Shrine","floor":22,"gold_loss":0},{"damage_healed":0,"gold_gain":0,"player_choice":"Paid","damage_taken":0,"relics_obtained":["Red Mask"],"max_hp_gain":0,"max_hp_loss":0,"event_name":"Tomb of Lord Red Mask","floor":46,"gold_loss":78},{"damage_healed":0,"gold_gain":0,"player_choice":"Max HP","damage_taken":0,"max_hp_gain":0,"max_hp_loss":4,"event_name":"Winding Halls","floor":47,"gold_loss":0},{"cards_removed":["Strike_R"],"damage_healed":0,"gold_gain":0,"player_choice":"Removed Attack","damage_taken":0,"max_hp_gain":0,"max_hp_loss":0,"event_name":"Falling","floor":48,"gold_loss":0}],"is_beta":false,"boss_relics":[{"not_picked":["Kintsugi","expansioncontent:StudyCardRelic"],"picked":"bronze:MakeshiftBattery"},{"not_picked":["Runic Dome","SlaversCollar"],"picked":"Empty Cage"}],"items_purged_floors":[3,19,37],"is_endless":false,"potions_floor_spawned":[1,13,18,21,23,30,31,40,42,54],"ascension_level":6}}