{"host":"r53pw7z744tg3fxg","time":1612490977,"event":{"mods":["AchievementEnabler","BaseMod","Colored Map","Colored Powertips","Highlight Path","Minty Spire (QoL Compilation)","Quick Restart","Transform Curses"],"gold_per_floor":[117,117,20,20,40,40,74,87,87,87,122,42,67,84,84,155,155,173,188,188,21,21,21,21,56,83,83,97,97,97,116,116,195,195,208,208,228,36,46,46,62,62,117,146,146,166,1,1,1,1,1],"floor_reached":50,"language":"ENG","playtime":2548,"items_purged":[],"score":1116,"play_id":"53c2a95d-6996-48a6-8b38-9ae503d28012","local_time":"20210204190937","is_ascension_mode":true,"campfire_choices":[{"data":"Eruption","floor":6.0,"key":"SMITH"},{"floor":10.0,"key":"REST"},{"data":"Establishment","floor":15.0,"key":"SMITH"},{"data":"BattleHymn","floor":23.0,"key":"SMITH"},{"data":"Wallop","floor":27.0,"key":"SMITH"},{"data":"Bandage Up","floor":29.0,"key":"SMITH"},{"floor":32.0,"key":"REST"},{"floor":40.0,"key":"REST"},{"floor":42.0,"key":"REST"},{"floor":45.0,"key":"REST"},{"floor":49.0,"key":"REST"}],"circlet_count":0,"master_deck":["AscendersBane","Strike_P+1","Strike_P+1","Strike_P+1","Defend_P+1","Defend_P+1","Defend_P+1","Defend_P+1","Eruption+1","Vigilance","Consecrate","WheelKick","ClearTheMind","BowlingBash","Evaluate","Establishment+1","WindmillStrike+1","BattleHymn+1","Prostrate","DeusExMachina","CurseOfTheBell","ForeignInfluence+1","Wallop+1","Crescendo+1","PathToVictory","SpiritShield","Judgement","Protect","ReachHeaven","TalkToTheHand","Panacea","Prostrate+1","PathToVictory+1","FollowUp","Pray+1","SandsOfTime+1","WindmillStrike"],"relics":["PureWater","Bag of Marbles","FaceOfCleric","Thread and Needle","StrikeDummy","Dream Catcher","Bottled Flame","Calling Bell","Nunchaku","Question Card","CaptainsWheel","Juzu Bracelet","Red Mask","Potion Belt","Fusion Hammer","Anchor","War Paint","Medical Kit"],"acts_visited":["Exordium","TheCity","TheBeyond"],"potions_floor_usage":[50,50,50],"damage_taken":[{"damage":11.0,"enemies":"Jaw Worm","floor":1.0,"turns":4.0},{"damage":1.0,"enemies":"Cultist","floor":5.0,"turns":3.0},{"damage":17.0,"enemies":"3 Sentries","floor":7.0,"turns":5.0},{"damage":0.0,"enemies":"2 Louse","floor":8.0,"turns":2.0},{"damage":0.0,"enemies":"Lagavulin","floor":11.0,"turns":6.0},{"damage":0.0,"enemies":"Gremlin Nob","floor":13.0,"turns":2.0},{"damage":10.0,"enemies":"Exordium Thugs","floor":14.0,"turns":4.0},{"damage":1.0,"enemies":"The Guardian","floor":16.0,"turns":9.0},{"damage":18.0,"enemies":"2 Thieves","floor":18.0,"turns":5.0},{"damage":0.0,"enemies":"Shell Parasite","floor":19.0,"turns":1.0},{"damage":11.0,"enemies":"Masked Bandits","floor":25.0,"turns":4.0},{"damage":0.0,"enemies":"Cultist and Chosen","floor":28.0,"turns":3.0},{"damage":0.0,"enemies":"Chosen and Byrds","floor":31.0,"turns":4.0},{"damage":54.0,"enemies":"Collector","floor":33.0,"turns":10.0},{"damage":0.0,"enemies":"Orb Walker","floor":35.0,"turns":3.0},{"damage":18.0,"enemies":"3 Shapes","floor":37.0,"turns":3.0},{"damage":8.0,"enemies":"Maw","floor":39.0,"turns":7.0},{"damage":12.0,"enemies":"Jaw Worm Horde","floor":41.0,"turns":4.0},{"damage":37.0,"enemies":"Nemesis","floor":44.0,"turns":5.0},{"damage":1.0,"enemies":"Writhing Mass","floor":46.0,"turns":4.0},{"damage":96,"enemies":"Awakened One","floor":50,"turns":12}],"seed_played":"7235191044747028804","potions_obtained":[{"floor":5.0,"key":"Swift Potion"},{"floor":8.0,"key":"EssenceOfSteel"},{"floor":11.0,"key":"ColorlessPotion"},{"floor":13.0,"key":"BottledMiracle"},{"floor":16.0,"key":"StancePotion"},{"floor":18.0,"key":"SteroidPotion"},{"floor":19.0,"key":"Energy Potion"},{"floor":28.0,"key":"SneckoOil"},{"floor":33.0,"key":"Fire Potion"},{"floor":37.0,"key":"SkillPotion"},{"floor":39.0,"key":"Dexterity Potion"},{"floor":41.0,"key":"BottledMiracle"},{"floor":46.0,"key":"DuplicationPotion"}],"is_trial":false,"path_per_floor":["M","?","$","?","M","R","E","M","T","R","E","$","E","M","R","B",null,"M","M","?","$","?","R","?","?","T","R","M","R","?","M","R","B",null,"M","?","M","$","M","R","M","R","T","E","R","M","$","?","R","B"],"character_chosen":"WATCHER","items_purchased":["Bandage Up","WindmillStrike","Juzu Bracelet","TalkToTheHand","Panacea","Medical Kit"],"campfire_rested":6,"item_purchase_floors":[3,12,21,38,38,47],"current_hp_per_floor":[50,50,50,50,54,54,42,47,47,68,72,72,73,68,68,72,74,61,62,62,62,62,62,62,56,56,56,57,57,57,58,80,33,69,76,76,59,59,52,77,66,85,85,49,74,74,74,74,87,0,0],"gold":1,"neow_bonus":"RANDOM_COMMON_RELIC","is_daily":false,"chose_seed":false,"campfire_upgraded":5,"win_rate":0.0,"timestamp":1612490977,"path_taken":["M","?","?","?","M","R","E","M","T","R","E","$","E","?","R","BOSS","M","M","?","$","?","R","?","?","T","R","M","R","?","M","R","BOSS","M","?","M","$","M","R","M","R","T","E","R","M","$","?","R","BOSS"],"items_purchased_type":["Card","Card","Relic","Card","Card","Relic"],"build_version":"2020-12-22","purchased_purges":0,"victory":false,"max_hp_per_floor":[68,68,68,68,69,69,70,71,71,71,72,72,73,74,74,75,75,76,77,77,77,77,77,77,78,78,78,79,79,79,80,80,81,81,82,82,83,83,84,84,85,85,85,86,86,87,87,87,87,87,87],"card_choices":[{"not_picked":["ClearTheMind","Indignation"],"picked":"Consecrate","floor":1.0},{"not_picked":["SignatureMove","ThirdEye"],"picked":"ClearTheMind","floor":5.0},{"not_picked":["Meditate","ClearTheMind"],"picked":"BowlingBash","floor":7.0},{"not_picked":["FollowUp","EmptyMind"],"picked":"Evaluate","floor":8.0},{"not_picked":["Evaluate","WaveOfTheHand"],"picked":"Establishment","floor":11.0},{"not_picked":["Halt","PathToVictory"],"picked":"BattleHymn","floor":13.0},{"not_picked":["CutThroughFate","Evaluate"],"picked":"Prostrate","floor":14.0},{"not_picked":["Establishment","ConjureBlade"],"picked":"DeusExMachina","floor":16.0},{"not_picked":["Vengeance","EmptyMind","FollowUp"],"picked":"ForeignInfluence+1","floor":18.0},{"not_picked":["FlurryOfBlows","CrushJoints","CutThroughFate"],"picked":"Wallop","floor":19.0},{"not_picked":["ClearTheMind","CarveReality","FlyingSleeves"],"picked":"Crescendo+1","floor":25.0},{"not_picked":["Weave","Omniscience","Evaluate"],"picked":"PathToVictory","floor":28.0},{"not_picked":["Weave","EmptyFist","JustLucky","BattleHymn"],"picked":"SKIP","floor":31.0},{"not_picked":["Wireheading","Evaluate","Protect"],"picked":"SpiritShield","floor":32.0},{"not_picked":["Wish","Vault","Ragnarok"],"picked":"Judgement","floor":33.0},{"not_picked":["Indignation","Prostrate","EmptyBody"],"picked":"Protect","floor":35.0},{"not_picked":["Protect","FlyingSleeves","Scrawl"],"picked":"ReachHeaven","floor":37.0},{"not_picked":["MentalFortress","ClearTheMind","Conclude"],"picked":"Prostrate","floor":39.0},{"not_picked":["JustLucky","LikeWater+1","Consecrate"],"picked":"PathToVictory+1","floor":40.0},{"not_picked":["ThirdEye+1","Tantrum","EmptyMind"],"picked":"FollowUp","floor":41.0},{"not_picked":["SashWhip","MentalFortress+1","Worship"],"picked":"Pray","floor":42.0},{"not_picked":["SashWhip+1","Judgement","FollowUp+1","TalkToTheHand"],"picked":"SKIP","floor":44.0},{"not_picked":["Crescendo","Wireheading","FlyingSleeves+1"],"picked":"SandsOfTime+1","floor":45.0},{"not_picked":["Crescendo","FlyingSleeves","DeusExMachina","Prostrate"],"picked":"SKIP","floor":46.0},{"not_picked":["ClearTheMind","Evaluate","Protect"],"picked":"WindmillStrike","floor":49.0}],"player_experience":1436778,"relics_obtained":[{"floor":7.0,"key":"Thread and Needle"},{"floor":9.0,"key":"StrikeDummy"},{"floor":11.0,"key":"Dream Catcher"},{"floor":13.0,"key":"Bottled Flame"},{"floor":17.0,"key":"Nunchaku"},{"floor":17.0,"key":"Question Card"},{"floor":17.0,"key":"CaptainsWheel"},{"floor":25.0,"key":"Red Mask"},{"floor":26.0,"key":"Potion Belt"},{"floor":43.0,"key":"Anchor"},{"floor":44.0,"key":"War Paint"}],"event_choices":[{"damage_healed":0.0,"max_hp_gain":0.0,"max_hp_loss":0.0,"gold_gain":0.0,"cards_transformed":["Strike_P"],"event_name":"Transmorgrifier","player_choice":"Transformed","floor":2.0,"gold_loss":0.0,"damage_taken":0.0,"cards_obtained":["WheelKick"]},{"damage_healed":0.0,"max_hp_gain":0.0,"max_hp_loss":0.0,"gold_gain":0.0,"event_name":"FaceTrader","player_choice":"Trade","floor":4.0,"gold_loss":0.0,"damage_taken":0.0,"relics_obtained":["FaceOfCleric"]},{"damage_healed":0.0,"max_hp_gain":0.0,"max_hp_loss":0.0,"gold_gain":0.0,"event_name":"Ghosts","player_choice":"Ignored","floor":20.0,"gold_loss":0.0,"damage_taken":0.0},{"damage_healed":0.0,"max_hp_gain":0.0,"max_hp_loss":0.0,"gold_gain":0.0,"event_name":"Back to Basics","player_choice":"Simplicity","floor":22.0,"gold_loss":0.0,"damage_taken":0.0,"cards_upgraded":["Strike_P","Strike_P","Strike_P","Defend_P","Defend_P","Defend_P","Defend_P"]},{"damage_healed":0.0,"max_hp_gain":0.0,"max_hp_loss":0.0,"gold_gain":0.0,"event_name":"N\u0027loth","player_choice":"Ignored","floor":24.0,"gold_loss":0.0,"damage_taken":0.0},{"damage_healed":0.0,"max_hp_gain":0.0,"max_hp_loss":0.0,"gold_gain":0.0,"event_name":"Masked Bandits","player_choice":"Fought Bandits","floor":25.0,"gold_loss":0.0,"damage_taken":0.0},{"damage_healed":0.0,"max_hp_gain":0.0,"max_hp_loss":0.0,"gold_gain":0.0,"event_name":"Beggar","player_choice":"Ignored","floor":30.0,"gold_loss":0.0,"damage_taken":0.0},{"cards_removed":["Bandage Up"],"damage_healed":0.0,"max_hp_gain":0.0,"max_hp_loss":0.0,"gold_gain":0.0,"event_name":"Falling","player_choice":"Removed Skill","floor":36.0,"gold_loss":0.0,"damage_taken":0.0},{"damage_healed":0.0,"max_hp_gain":0.0,"max_hp_loss":0.0,"gold_gain":0.0,"event_name":"Upgrade Shrine","player_choice":"Upgraded","floor":48.0,"gold_loss":0.0,"damage_taken":0.0,"cards_upgraded":["WindmillStrike"]}],"is_beta":false,"boss_relics":[{"not_picked":["Busted Crown","Coffee Dripper"],"picked":"Calling Bell"},{"not_picked":["Velvet Choker","Runic Dome"],"picked":"Fusion Hammer"}],"items_purged_floors":[],"is_endless":false,"potions_floor_spawned":[5,8,11,13,16,18,19,28,33,37,39,41,46],"killed_by":"Awakened One","ascension_level":18}}