{"host":"7vlopc64487frs6y","time":1612526398,"event":{"mods":["Arknights","Aspiration","BaseMod","BetterRewards","Colored Map","Decade(Õı–°√˜)","Downfall","Good Game Mod","Highlight Path","Minty Spire (QoL Compilation)","Quick Restart","Reimu£®≤©¿ˆ¡È√Œ£©","Remilia£®¿Ÿ√◊¿Ú—«£©","Replay The Spire","Shop Mod","StSLib","TestMod","Unceasing Turn Reminder","Youmu£®ªÍ∆«—˝√Œ£©"],"gold_per_floor":[117,127,127,143,70,70,101,119,146,146,71,146,159,159,159,255,255,272,115,165,98,98,130,130,130],"floor_reached":24,"language":"ZHS","playtime":1744,"items_purged":["Strike_Lin:ReiMu"],"score":237,"play_id":"bc42e7d5-7186-4aa4-acf3-bceed347a427","local_time":"20210205195958","is_ascension_mode":false,"campfire_choices":[{"data":"DoubleButterfly:ReiMu","floor":6,"key":"SMITH"},{"data":"CardOfSanctity:ReiMu","floor":10,"key":"SMITH"},{"data":"NB:ReiMu","floor":15,"key":"SMITH"}],"circlet_count":0,"master_deck":["Strike_Lin:ReiMu+1","Strike_Lin:ReiMu","Strike_Lin:ReiMu","Defend_Lin:ReiMu","Defend_Lin:ReiMu","Defend_Lin:ReiMu","Defend_Lin:ReiMu","NB:ReiMu+1","Stagnation:ReiMu","SpiritualOutbreak2:ReiMu+1","Crusade:ReiMu","FantasyMoon:ReiMu","Injury","CareerPray:ReiMu","DoubleButterfly:ReiMu+1","CardOfSanctity:ReiMu+1","BlastKick2:ReiMu","Gathering:ReiMu+1","SpringWay:ReiMu+1","Amulet:ReiMu","LovePray:ReiMu","PassingAway:ReiMu","MikOfLucky:ReiMu+1","YinYangSange:ReiMu+1","RainPray2:ReiMu"],"relics":["FlyPower:ReiMu","testmod-TestBox","REME:ComplimentaryCards","testmod-EnergyCheck","NeowsBlessing","Frozen Egg 2","Matryoshka","Dream Catcher","Oddly Smooth Stone","SlaversCollar","Orrery","testmod-Nyarlathotep","Snack Pack","Orichalcum"],"acts_visited":["Exordium","TheCity"],"potions_floor_usage":[23],"damage_taken":[{"damage":0,"enemies":"Cultist","floor":1,"turns":1},{"damage":0,"enemies":"Jaw Worm","floor":2,"turns":1},{"damage":0,"enemies":"2 Louse","floor":4,"turns":1},{"damage":0,"enemies":"3 Sentries","floor":7,"turns":3},{"damage":2,"enemies":"Looter","floor":8,"turns":4},{"damage":1,"enemies":"3 Louse","floor":13,"turns":2},{"damage":18,"enemies":"Hexaghost","floor":16,"turns":12},{"damage":7,"enemies":"Shell Parasite","floor":18,"turns":6},{"damage":41,"enemies":"Book of Stabbing","floor":23,"turns":7},{"damage":16,"enemies":"3 Byrds","floor":24,"turns":4}],"seed_played":"8658141821682113797","potions_obtained":[{"floor":4,"key":"Elixir"},{"floor":7,"key":"SteroidPotion"},{"floor":8,"key":"LiquidMemories"}],"is_trial":false,"path_per_floor":["M","M","?","M","$","R","E","M","T","R","$","?","M","?","R","B",null,"M","$","?","$","?","E","M"],"character_chosen":"REIMU","items_purchased":["DoubleButterfly:ReiMu","Orrery","YinYangSange:ReiMu+1"],"campfire_rested":0,"item_purchase_floors":[5,19,21],"current_hp_per_floor":[65,65,65,65,65,65,65,63,63,63,63,52,51,38,38,20,65,58,58,32,32,53,16,0,0],"gold":130,"neow_bonus":"THREE_ENEMY_KILL","is_daily":false,"chose_seed":false,"campfire_upgraded":3,"win_rate":0.0,"timestamp":1612526398,"path_taken":["M","?","?","M","?","R","E","?","T","R","$","?","M","?","R","BOSS","M","$","?","?","?","E","M"],"items_purchased_type":["Card","Relic","Card"],"build_version":"2020-12-22","purchased_purges":1,"victory":false,"max_hp_per_floor":[65,65,65,65,65,65,65,65,65,65,65,65,65,65,65,65,65,65,65,65,65,65,65,65,65],"card_choices":[{"not_picked":["FantasyMoon:ReiMu","EmergencyTakeOff:ReiMu"],"picked":"Crusade:ReiMu","floor":1},{"not_picked":["OrbThrow:ReiMu","SpiritualOutbreak2:ReiMu"],"picked":"FantasyMoon:ReiMu","floor":2},{"not_picked":["SpiritualOutbreak2:ReiMu","SpringWay:ReiMu"],"picked":"CareerPray:ReiMu","floor":4},{"not_picked":["PayForSelf:ReiMu","AirStrike:ReiMu","Conquer:ReiMu"],"picked":"SKIP","floor":7},{"not_picked":["CareerPray:ReiMu","SubcavityInstant:ReiMu"],"picked":"CardOfSanctity:ReiMu","floor":8},{"not_picked":["SubcavityInstant:ReiMu","TightArray:ReiMu","SpringWay:ReiMu"],"picked":"SKIP","floor":13},{"not_picked":["OctopathSalyBorderN:ReiMu","Dreaming:ReiMu"],"picked":"BlastKick2:ReiMu","floor":16},{"not_picked":["AlertArray:ReiMu","PhosphorusFlame:ReiMu"],"picked":"Gathering:ReiMu+1","floor":18},{"not_picked":["SubcavityInstant:ReiMu","Meditation:ReiMu"],"picked":"SpringWay:ReiMu+1","floor":19},{"not_picked":["LearningPray:ReiMu+1","SpreadBorder2:ReiMu"],"picked":"Amulet:ReiMu","floor":19},{"not_picked":["Intuition:ReiMu","AirManeuver:ReiMu+1"],"picked":"LovePray:ReiMu","floor":19},{"not_picked":["WonderfulDomain:ReiMu","SpreadBorder2:ReiMu"],"picked":"PassingAway:ReiMu","floor":19},{"not_picked":["PrepareRite:ReiMu+1","SpringWay:ReiMu+1"],"picked":"MikOfLucky:ReiMu+1","floor":20},{"not_picked":["DoubleButterfly:ReiMu","Enchanting:ReiMu"],"picked":"RainPray2:ReiMu","floor":23}],"player_experience":706186,"relics_obtained":[{"floor":7,"key":"Matryoshka"},{"floor":9,"key":"Dream Catcher"},{"floor":9,"key":"Oddly Smooth Stone"},{"floor":20,"key":"testmod-Nyarlathotep"},{"floor":20,"key":"Snack Pack"},{"floor":23,"key":"Orichalcum"}],"event_choices":[{"damage_healed":0,"gold_gain":75,"player_choice":"Gather Gold","damage_taken":11,"max_hp_gain":0,"max_hp_loss":0,"event_name":"World of Goop","floor":12,"gold_loss":0},{"damage_healed":0,"gold_gain":0,"player_choice":"Entered Light","damage_taken":13,"max_hp_gain":0,"max_hp_loss":0,"event_name":"Shining Light","floor":14,"gold_loss":0,"cards_upgraded":["SpiritualOutbreak2:ReiMu","Strike_Lin:ReiMu"]},{"damage_healed":21,"gold_gain":0,"player_choice":"Heal","damage_taken":0,"max_hp_gain":0,"max_hp_loss":0,"event_name":"The Library","floor":22,"gold_loss":0}],"is_beta":false,"boss_relics":[{"not_picked":["Black Star","Ectoplasm"],"picked":"SlaversCollar"}],"items_purged_floors":[11],"is_endless":false,"potions_floor_spawned":[4,7,8,18],"killed_by":"3 Byrds","ascension_level":0}}