{"host":"owox7x4ngjt9htcc","time":1612509590,"event":{"mods":["BaseMod","Colored Map","DeckTracker","Keyboard Shortcuts","Minty Spire (QoL Compilation)","SuperFastMode"],"gold_per_floor":[114,289,289,304,329,359,359,389,414,444,404,434,449,479,479,579,579,594,609,624,624,57,57,57,87,112,112,127,127,142,157,157,257,257,272,287,4,19,19,19,19,19],"floor_reached":41,"language":"KOR","playtime":1213,"items_purged":["Doubt"],"score":522,"play_id":"f9ff44bd-2c09-4cd0-82de-e7fe95f1a98a","local_time":"20210205161950","daily_mods":["Specialized","ControlledChaos","Elite Swarm"],"is_ascension_mode":false,"campfire_choices":[{"data":"Devotion","floor":7.0,"key":"SMITH"},{"floor":15.0,"key":"REST"},{"floor":23.0,"key":"REST"},{"floor":27.0,"key":"REST"},{"floor":29.0,"key":"REST"},{"floor":32.0,"key":"REST"},{"floor":40.0,"key":"REST"}],"circlet_count":0,"master_deck":["Strike_P","Strike_P","Strike_P","Strike_P","Defend_P","Defend_P","Defend_P","Defend_P","Eruption","Vigilance+1","FlyingSleeves","FlyingSleeves","FlyingSleeves+1","FlyingSleeves+1","FlyingSleeves","Conclude","Consecrate","Devotion+1","MasterReality","Vault","Omniscience","ClearTheMind","DevaForm","DevaForm","ThirdEye","Adaptation+1","BowlingBash","Protect","EmptyBody","DeusExMachina","Adaptation","EmptyBody+1","Devotion","Adaptation+1","EmptyMind","Study","Dark Shackles","Crescendo+1"],"relics":["HolyWater","Frozen Eye","Centennial Puzzle","Art of War","Omamori","Potion Belt","Torii","Nunchaku","Question Card","Red Mask","Molten Egg 2","Tiny Chest","Lantern","Damaru","SlaversCollar","Whetstone","Gremlin Horn"],"acts_visited":["Exordium","TheCity","TheBeyond"],"potions_floor_usage":[41,41],"damage_taken":[{"damage":0.0,"enemies":"2 Louse","floor":1.0,"turns":2.0},{"damage":0.0,"enemies":"Small Slimes","floor":4.0,"turns":2.0},{"damage":0.0,"enemies":"3 Sentries","floor":6.0,"turns":2.0},{"damage":28.0,"enemies":"Gremlin Nob","floor":8.0,"turns":4.0},{"damage":8.0,"enemies":"Lagavulin","floor":10.0,"turns":7.0},{"damage":11.0,"enemies":"Gremlin Nob","floor":12.0,"turns":4.0},{"damage":1.0,"enemies":"Cultist","floor":13.0,"turns":3.0},{"damage":1.0,"enemies":"3 Sentries","floor":14.0,"turns":5.0},{"damage":8.0,"enemies":"Hexaghost","floor":16.0,"turns":8.0},{"damage":19.0,"enemies":"Spheric Guardian","floor":18.0,"turns":5.0},{"damage":30.0,"enemies":"2 Thieves","floor":19.0,"turns":4.0},{"damage":22.0,"enemies":"Masked Bandits","floor":20.0,"turns":5.0},{"damage":6.0,"enemies":"Gremlin Leader","floor":25.0,"turns":9.0},{"damage":17.0,"enemies":"Snake Plant","floor":28.0,"turns":5.0},{"damage":12.0,"enemies":"Snecko","floor":30.0,"turns":7.0},{"damage":0.0,"enemies":"Chosen and Byrds","floor":31.0,"turns":5.0},{"damage":10.0,"enemies":"Automaton","floor":33.0,"turns":7.0},{"damage":6.0,"enemies":"Orb Walker","floor":35.0,"turns":4.0},{"damage":1.0,"enemies":"3 Shapes","floor":36.0,"turns":6.0},{"damage":32.0,"enemies":"Maw","floor":38.0,"turns":8.0},{"damage":54,"enemies":"Nemesis","floor":41,"turns":7}],"seed_played":"-8643747277835071688","potions_obtained":[{"floor":1.0,"key":"BottledMiracle"},{"floor":6.0,"key":"ColorlessPotion"},{"floor":11.0,"key":"CultistPotion"},{"floor":11.0,"key":"SteroidPotion"},{"floor":11.0,"key":"EntropicBrew"},{"floor":12.0,"key":"Weak Potion"},{"floor":19.0,"key":"ColorlessPotion"},{"floor":25.0,"key":"SpeedPotion"},{"floor":28.0,"key":"SkillPotion"},{"floor":36.0,"key":"Weak Potion"},{"floor":38.0,"key":"DistilledChaos"}],"is_trial":false,"path_per_floor":["M","?","?","M","T","E","R","E","T","E","?","E","M","E","R","B",null,"M","M","?","?","$","R","?","E","T","R","M","R","M","M","R","B",null,"M","M","$","M","T","R","E"],"character_chosen":"WATCHER","items_purchased":["Molten Egg 2","Tiny Chest","Protect","EmptyBody","Whetstone","Study","Dark Shackles"],"campfire_rested":6,"item_purchase_floors":[22,22,22,22,37,37,37],"current_hp_per_floor":[72,72,72,72,72,72,72,44,44,36,36,25,24,23,44,36,72,53,23,1,1,1,22,22,16,16,37,20,41,29,29,50,40,72,66,65,65,33,33,54,0,0],"gold":19,"neow_bonus":"","is_daily":true,"chose_seed":false,"campfire_upgraded":1,"win_rate":0.0,"timestamp":1612509590,"path_taken":["M","?","?","?","?","E","R","E","T","E","?","E","M","E","R","BOSS","M","M","?","?","$","R","?","E","T","R","M","R","M","M","R","BOSS","M","M","$","M","?","R","E"],"items_purchased_type":["Relic","Relic","Card","Card","Relic","Card","Card"],"build_version":"2020-12-22","purchased_purges":1,"victory":false,"max_hp_per_floor":[72,72,72,72,72,72,72,72,72,72,72,72,72,72,72,72,72,72,72,72,72,72,72,72,72,72,72,72,72,72,72,72,72,72,72,72,72,72,72,72,72,72],"card_choices":[{"not_picked":["Sanctity","BowlingBash"],"picked":"Conclude","floor":1.0},{"not_picked":["CrushJoints","CutThroughFate"],"picked":"Consecrate","floor":4.0},{"not_picked":["Vault","Scrawl"],"picked":"Devotion","floor":6.0},{"not_picked":["Alpha","Scrawl"],"picked":"MasterReality","floor":8.0},{"not_picked":["Scrawl","ConjureBlade"],"picked":"Vault","floor":10.0},{"not_picked":["MasterReality","Alpha"],"picked":"Omniscience","floor":12.0},{"not_picked":["PathToVictory","Evaluate"],"picked":"ClearTheMind","floor":13.0},{"not_picked":["Blasphemy","LessonLearned"],"picked":"DevaForm","floor":14.0},{"not_picked":["Blasphemy","Scrawl","Vault"],"picked":"DevaForm","floor":16.0},{"not_picked":["Consecrate","Sanctity","ClearTheMind+1"],"picked":"ThirdEye","floor":18.0},{"not_picked":["FlurryOfBlows","FollowUp","Pray"],"picked":"Adaptation+1","floor":19.0},{"not_picked":["ClearTheMind+1","Pray","Prostrate"],"picked":"BowlingBash","floor":20.0},{"not_picked":["DevaForm","Wish","LessonLearned+1"],"picked":"DeusExMachina","floor":25.0},{"not_picked":["Collect","CutThroughFate+1","Nirvana"],"picked":"Adaptation","floor":28.0},{"not_picked":["CrushJoints+1","Crescendo","BowlingBash+1"],"picked":"EmptyBody+1","floor":30.0},{"not_picked":["Evaluate","CrushJoints+1","Prostrate","Tantrum+1"],"picked":"SKIP","floor":31.0},{"not_picked":["Brilliance+1","DevaForm","Alpha"],"picked":"Devotion","floor":33.0},{"not_picked":["WreathOfFlame+1","PathToVictory","BowlingBash+1"],"picked":"Adaptation+1","floor":35.0},{"not_picked":["Consecrate+1","Halt","ThirdEye+1"],"picked":"EmptyMind","floor":36.0},{"not_picked":["Prostrate","JustLucky+1","LessonLearned+1"],"picked":"Crescendo+1","floor":38.0}],"player_experience":911570,"relics_obtained":[{"floor":5.0,"key":"Centennial Puzzle"},{"floor":6.0,"key":"Art of War"},{"floor":8.0,"key":"Omamori"},{"floor":9.0,"key":"Potion Belt"},{"floor":10.0,"key":"Torii"},{"floor":12.0,"key":"Nunchaku"},{"floor":14.0,"key":"Question Card"},{"floor":20.0,"key":"Red Mask"},{"floor":25.0,"key":"Lantern"},{"floor":26.0,"key":"Damaru"},{"floor":39.0,"key":"Gremlin Horn"}],"event_choices":[{"damage_healed":0.0,"max_hp_gain":0.0,"max_hp_loss":0.0,"gold_gain":175.0,"event_name":"Liars Game","player_choice":"AGREE","floor":2.0,"gold_loss":0.0,"damage_taken":0.0,"cards_obtained":["Doubt"]},{"damage_healed":0.0,"max_hp_gain":0.0,"max_hp_loss":0.0,"gold_gain":0.0,"event_name":"Upgrade Shrine","player_choice":"Upgraded","floor":3.0,"gold_loss":0.0,"damage_taken":0.0,"cards_upgraded":["Vigilance"]},{"damage_healed":0.0,"max_hp_gain":0.0,"max_hp_loss":0.0,"gold_gain":0.0,"event_name":"The Woman in Blue","player_choice":"Bought 3 Potions","floor":11.0,"gold_loss":0.0,"damage_taken":0.0},{"damage_healed":0.0,"max_hp_gain":0.0,"max_hp_loss":0.0,"gold_gain":0.0,"event_name":"Masked Bandits","player_choice":"Fought Bandits","floor":20.0,"gold_loss":0.0,"damage_taken":0.0},{"damage_healed":0.0,"max_hp_gain":0.0,"max_hp_loss":0.0,"gold_gain":0.0,"event_name":"Ghosts","player_choice":"Ignored","floor":21.0,"gold_loss":0.0,"damage_taken":0.0},{"damage_healed":0.0,"max_hp_gain":0.0,"max_hp_loss":0.0,"gold_gain":0.0,"event_name":"Transmorgrifier","player_choice":"Ignored","floor":24.0,"gold_loss":0.0,"damage_taken":0.0}],"is_beta":false,"boss_relics":[{"not_picked":["Velvet Choker","Calling Bell"],"picked":"HolyWater"},{"not_picked":["Runic Pyramid","Snecko Eye"],"picked":"SlaversCollar"}],"items_purged_floors":[22],"is_endless":false,"potions_floor_spawned":[1,6,12,13,19,25,28,36,38],"killed_by":"Nemesis","ascension_level":0}}