{"host":"sian7qp8a9pc9xwd","time":1612569260,"event":{"mods":["BaseMod","Minty Spire (QoL Compilation)","StSLib","SuperFastMode"],"gold_per_floor":[112,122,137,156,231,231,261,261,261,261,271,446,63,95,95,198,198,214,214,227,46,78,106,106,106,106],"floor_reached":25,"language":"ENG","playtime":2990,"items_purged":["Doubt","PathToVictory+1"],"score":321,"play_id":"43c4e206-fd87-4ab9-a845-f29d17d0077d","local_time":"20210205185420","is_ascension_mode":true,"campfire_choices":[{"floor":6.0,"key":"REST"},{"data":"Eruption","floor":10.0,"key":"SMITH"},{"data":"CutThroughFate","floor":15.0,"key":"SMITH"},{"floor":24,"key":"REST"}],"circlet_count":0,"master_deck":["Strike_P+1","Strike_P","Strike_P","Strike_P+1","Defend_P","Defend_P","Defend_P","Eruption+1","Vigilance","Prostrate","DeceiveReality+1","Master of Strategy","LessonLearned","CutThroughFate+1","Devotion+1","Worship+1","Worship","Establishment"],"relics":["PureWater","WingedGreaves","Potion Belt","Blue Candle","Pocketwatch","SlaversCollar","Red Mask","Calipers"],"acts_visited":["Exordium","TheCity"],"potions_floor_usage":[22,23],"damage_taken":[{"damage":0.0,"enemies":"Cultist","floor":1.0,"turns":3.0},{"damage":4.0,"enemies":"Jaw Worm","floor":2.0,"turns":3.0},{"damage":0.0,"enemies":"2 Louse","floor":3.0,"turns":2.0},{"damage":19.0,"enemies":"Lots of Slimes","floor":4.0,"turns":4.0},{"damage":5.0,"enemies":"3 Sentries","floor":7.0,"turns":11.0},{"damage":3.0,"enemies":"3 Louse","floor":11.0,"turns":3.0},{"damage":15.0,"enemies":"Lagavulin","floor":14.0,"turns":6.0},{"damage":0.0,"enemies":"Slime Boss","floor":16.0,"turns":6.0},{"damage":4,"enemies":"Chosen","floor":18,"turns":3},{"damage":24,"enemies":"3 Byrds","floor":20,"turns":5},{"damage":0,"enemies":"Masked Bandits","floor":22,"turns":2},{"damage":26,"enemies":"Gremlin Leader","floor":23,"turns":5},{"damage":52,"enemies":"Book of Stabbing","floor":25,"turns":6}],"seed_played":"-4731286496701034640","potions_obtained":[{"floor":1.0,"key":"Energy Potion"},{"floor":4.0,"key":"EntropicBrew"},{"floor":20,"key":"SneckoOil"},{"floor":22,"key":"SkillPotion"}],"is_trial":false,"path_per_floor":["M","M","M","M","?","R","E","?","T","R","M","?","$","E","R","B",null,"M","?","M","$","?","E","R","E"],"character_chosen":"WATCHER","items_purchased":["Master of Strategy","LessonLearned","Worship"],"campfire_rested":2,"item_purchase_floors":[13,13,21],"current_hp_per_floor":[51,47,47,28,17,38,33,33,33,33,30,30,30,15,15,15,72,68,68,44,44,44,18,39,0,0],"gold":106,"neow_bonus":"ONE_RARE_RELIC","is_daily":false,"chose_seed":false,"campfire_upgraded":2,"win_rate":0.0,"timestamp":1612569260,"path_taken":["M","M","M","?","?","R","E","?","T","R","?","?","$","E","R","BOSS","M","?","?","$","?","E","R","E"],"items_purchased_type":["Card","Card","Card"],"build_version":"2020-12-22","purchased_purges":2,"victory":false,"max_hp_per_floor":[72,72,72,72,72,72,72,72,72,72,72,72,72,72,72,72,72,72,72,72,72,72,72,72,72,72],"card_choices":[{"not_picked":["Tantrum","Crescendo"],"picked":"Prostrate","floor":1.0},{"not_picked":["EmptyFist","CrushJoints"],"picked":"DeceiveReality","floor":2.0},{"not_picked":["EmptyFist","Evaluate","WreathOfFlame"],"picked":"SKIP","floor":3.0},{"not_picked":["Evaluate","Crescendo","PathToVictory"],"picked":"SKIP","floor":4.0},{"not_picked":["ThirdEye","Evaluate","SandsOfTime"],"picked":"SKIP","floor":7.0},{"not_picked":["EmptyBody","MentalFortress","JustLucky"],"picked":"SKIP","floor":11.0},{"not_picked":["JustLucky","Ragnarok"],"picked":"CutThroughFate","floor":14.0},{"not_picked":["MasterReality","LessonLearned"],"picked":"Devotion","floor":16.0},{"not_picked":["BowlingBash","WheelKick","JustLucky"],"picked":"SKIP","floor":18},{"not_picked":["Wireheading","JustLucky"],"picked":"Worship+1","floor":20},{"not_picked":["Alpha","PathToVictory"],"picked":"Establishment","floor":23}],"player_experience":923119,"relics_obtained":[{"floor":7.0,"key":"Potion Belt"},{"floor":9.0,"key":"Blue Candle"},{"floor":14.0,"key":"Pocketwatch"},{"floor":22,"key":"Red Mask"},{"floor":23,"key":"Calipers"}],"event_choices":[{"damage_healed":0.0,"max_hp_gain":0.0,"max_hp_loss":0.0,"gold_gain":75.0,"event_name":"World of Goop","player_choice":"Gather Gold","floor":5.0,"gold_loss":0.0,"damage_taken":11.0},{"damage_healed":0.0,"max_hp_gain":0.0,"max_hp_loss":0.0,"gold_gain":0.0,"cards_transformed":["Defend_P"],"event_name":"Transmorgrifier","player_choice":"Transformed","floor":8.0,"gold_loss":0.0,"damage_taken":0.0,"cards_obtained":["PathToVictory"]},{"damage_healed":0.0,"max_hp_gain":0.0,"max_hp_loss":0.0,"gold_gain":175.0,"event_name":"Liars Game","player_choice":"AGREE","floor":12.0,"gold_loss":0.0,"damage_taken":0.0,"cards_obtained":["Doubt"]},{"damage_healed":0,"gold_gain":0,"player_choice":"Forge","damage_taken":0,"max_hp_gain":0,"max_hp_loss":0,"event_name":"Accursed Blacksmith","floor":19,"gold_loss":0,"cards_upgraded":["Devotion"]},{"damage_healed":0,"gold_gain":0,"player_choice":"Fought Bandits","damage_taken":0,"max_hp_gain":0,"max_hp_loss":0,"event_name":"Masked Bandits","floor":22,"gold_loss":0}],"is_beta":false,"boss_relics":[{"not_picked":["Pandora\u0027s Box","Velvet Choker"],"picked":"SlaversCollar"}],"items_purged_floors":[13,21],"is_endless":false,"potions_floor_spawned":[1,4,20,22],"killed_by":"Book of Stabbing","ascension_level":3}}