{"host":"b5jaqh8y266k2cz4","time":1612498457,"event":{"mods":["AchievementEnabler","Aspiration","BaseMod","Colored Powertips","Conspire","Downfall","Googly Eyes","Hermit","Highlight Path","Hubris","Infinite Spire","MarisaÅiñ∂âJÅ@ñÇóùçπÅj","Mimic Mod","Minty Spire (QoL Compilation)","Quick Restart","Replay The Spire","Spikes Relics","StSLib","Synergy Search","The Animator","The Cursed","The Jungle","The Necromancer","The Servant 0.9.4","The Wild Card","slay the spire mod where everything is the same but ironclad has a cowboy hat"],"gold_per_floor":[112,112,125,140,140,167,167,212,270,314,314,340,340,305,305,425,425,455,455,455,455,477,477,56,56,56,56,89,155,183,183],"floor_reached":30,"language":"ENG","playtime":1283,"items_purged":[],"score":248,"play_id":"787923c7-098b-4478-a15b-4b0c1d0e4aa2","local_time":"20210204231417","is_ascension_mode":true,"campfire_choices":[{"data":"Bone_Bullets","floor":7,"key":"SMITH"},{"floor":15,"key":"REST"},{"floor":23,"key":"REST"},{"data":"Whirlwind_of_Bones","floor":25,"key":"SMITH"},{"floor":27,"key":"REST"}],"circlet_count":0,"master_deck":["Strike_W","Strike_W","Strike_W","Strike_W","Defend_W","Defend_W","Defend_W","Negative_Energy_Arrows","Bone_Wall+1","Bone_Armory+1","Bone_Bullets+1","Bone_Armory","Whirlwind_of_Bones","Toxic_Smoke_Screen","Necrotic_Claws","Shade_Step+1","Whirlwind_of_Bones+1","Bone_Spikes","Bone_Prison+1","ReplayTheSpireMod:Splinters","Life_Drain+1"],"relics":["Vampire_Amulet","Replay:Bandana","Torii","Replay:Wax Seal","conspire:DecoderRing","Ring of Chaos","MutagenicStrength","hubris:SphereOfDissonance","Membership Card","Replay:Multitool","Boot"],"acts_visited":["Exordium","TheCity"],"potions_floor_usage":[6,8,16,22,22,30],"damage_taken":[{"damage":1,"enemies":"Small Slimes","floor":1,"turns":4},{"damage":1,"enemies":"Cultist","floor":3,"turns":3},{"damage":0,"enemies":"Jaw Worm","floor":4,"turns":4},{"damage":32,"enemies":"Lagavulin","floor":6,"turns":8},{"damage":29,"enemies":"3 Sentries","floor":8,"turns":11},{"damage":0,"enemies":"3 Louse","floor":9,"turns":7},{"damage":2,"enemies":"3 Louse","floor":10,"turns":4},{"damage":18,"enemies":"Large Slime","floor":12,"turns":6},{"damage":39,"enemies":"The Guardian","floor":16,"turns":11},{"damage":16,"enemies":"Shell Parasite","floor":18,"turns":7},{"damage":1,"enemies":"Spheric Guardian","floor":22,"turns":4},{"damage":48,"enemies":"Cultist and Chosen","floor":28,"turns":7},{"damage":39,"enemies":"Centurion and Healer","floor":30,"turns":7}],"seed_played":"7012312195739451871","potions_obtained":[{"floor":3,"key":"Adrenaline Potion"},{"floor":4,"key":"PowerPotion"},{"floor":12,"key":"Weak Potion"},{"floor":16,"key":"ColorlessPotion"},{"floor":18,"key":"Explosive Potion"},{"floor":22,"key":"Ancient Potion"},{"floor":28,"key":"SpeedPotion"},{"floor":29,"key":"Regen Potion"},{"floor":29,"key":"Slimebound:ThreeZeroPotion"}],"is_trial":false,"path_per_floor":["M","?","M","M","?","E","R","E","MIM","M","?","M","?","?","R","B",null,"M","?","?","?","M","R","$","R","T","R","M","?","M"],"character_chosen":"NECROMANCER","items_purchased":["hubris:SphereOfDissonance","Membership Card","Bone_Spikes"],"campfire_rested":3,"item_purchase_floors":[24,24,24],"current_hp_per_floor":[75,75,75,75,75,45,45,22,24,28,28,14,14,32,54,17,75,61,43,11,11,12,34,34,34,34,56,12,12,0,0],"gold":183,"neow_bonus":"UPGRADE_CARD","is_daily":false,"chose_seed":false,"campfire_upgraded":2,"win_rate":0.0,"timestamp":1612498457,"path_taken":["M","?","M","?","?","E","R","E","MIM","?","?","M","?","?","R","BOSS","M","?","?","?","M","R","$","R","T","R","M","?","M"],"items_purchased_type":["Relic","Relic","Card"],"build_version":"2020-12-22","purchased_purges":0,"victory":false,"max_hp_per_floor":[75,75,75,75,75,75,75,75,75,75,75,75,75,75,75,75,75,75,75,75,75,75,75,75,75,75,75,75,75,75,75],"card_choices":[{"not_picked":["Finger_Of_Death","Summon_Undead","Flesh_Made_Foul"],"picked":"SKIP","floor":1},{"not_picked":["Shackles_Of_Pain","Vampiric_Strike"],"picked":"Bone_Armory","floor":3},{"not_picked":["Negative_Energy_Mist","Necrotic_Claws"],"picked":"Bone_Bullets","floor":4},{"not_picked":["Finger_Of_Death","Life_Drain"],"picked":"Bone_Armory","floor":6},{"not_picked":["Negative_Energy_Burst","Deaths_Shadow"],"picked":"Whirlwind_of_Bones","floor":8},{"not_picked":["Negative_Energy_Mist","Scare"],"picked":"Toxic_Smoke_Screen","floor":9},{"not_picked":["Blood_Wake","Bone_Shift","Blood_Whip"],"picked":"SKIP","floor":10},{"not_picked":["Shackles_Of_Pain","Death_Knell"],"picked":"Necrotic_Claws","floor":12},{"not_picked":["Slay_Living+1","Negative_Energy_Burst"],"picked":"Shade_Step+1","floor":18},{"not_picked":["Life_Tap","Toxic_Smoke_Screen"],"picked":"Whirlwind_of_Bones","floor":22},{"not_picked":["Negative_Energy_Javelin+1","Negative_Energy_Shield"],"picked":"Bone_Prison+1","floor":28},{"not_picked":["Blood_Whip","Death_March_Dance+1"],"picked":"Life_Drain+1","floor":29}],"player_experience":365957,"relics_obtained":[{"floor":6,"key":"Replay:Bandana"},{"floor":8,"key":"Torii"},{"floor":9,"key":"Replay:Wax Seal"},{"floor":11,"key":"conspire:DecoderRing"},{"floor":26,"key":"Replay:Multitool"},{"floor":29,"key":"Boot"}],"event_choices":[{"cards_removed":["Defend_W"],"damage_healed":0,"gold_gain":0,"player_choice":"Card Removal","damage_taken":0,"max_hp_gain":0,"max_hp_loss":0,"event_name":"Wheel of Change","floor":2,"gold_loss":0},{"damage_healed":0,"gold_gain":0,"player_choice":"Upgraded","damage_taken":0,"max_hp_gain":0,"max_hp_loss":0,"event_name":"Upgrade Shrine","floor":5,"gold_loss":0,"cards_upgraded":["Bone_Armory"]},{"damage_healed":0,"gold_gain":0,"player_choice":"Disagree","damage_taken":0,"max_hp_gain":0,"max_hp_loss":0,"event_name":"conspire:LoneGhost","floor":13,"gold_loss":0},{"damage_healed":18,"gold_gain":0,"player_choice":"Healed","damage_taken":0,"max_hp_gain":0,"max_hp_loss":0,"event_name":"The Cleric","floor":14,"gold_loss":35},{"damage_healed":0,"gold_gain":0,"player_choice":"Inject Mutagens","damage_taken":0,"relics_obtained":["MutagenicStrength"],"max_hp_gain":0,"max_hp_loss":0,"event_name":"Drug Dealer","floor":21,"gold_loss":0}],"is_beta":false,"boss_relics":[{"not_picked":["ReplayTheSpireMod:SealedPack","Coffee Dripper"],"picked":"Ring of Chaos"}],"items_purged_floors":[],"is_endless":false,"potions_floor_spawned":[3,4,12,16,18,22,28],"killed_by":"Centurion and Healer","ascension_level":1}}