{"host":"8z0h4areh8sio1k0","time":1612511440,"event":{"mods":["Act Like it!","Aspiration","BaseMod","Colored Map","Conspire","Hubris","Minty Spire (QoL Compilation)","Replay The Spire","StSLib","TestMod","The Bug Knight"],"gold_per_floor":[109,126,146,146,156,156,156,156,156,221,249,262,273,305,305,404,404,417,433,445,22,22,22,34,34,58,58,58,74,87,87,87,189,189,202,67,86,86,102,128,142,142,168,168,193,203,216,234,234,234],"floor_reached":51,"language":"ZHS","playtime":2071,"items_purged":["Strike_B"],"score":1023,"play_id":"d9ec7a0e-e032-41fa-ae0d-451d3c59c88e","local_time":"20210205155040","is_ascension_mode":false,"campfire_choices":[{"data":"Defragment","floor":6,"key":"SMITH"},{"data":"Zap","floor":8,"key":"SMITH"},{"floor":15,"key":"DIG"},{"data":"Glacier","floor":23,"key":"SMITH"},{"data":"Tempest","floor":23,"key":"SMITH"},{"data":"Loop","floor":25,"key":"SMITH"},{"data":"Dualcast","floor":25,"key":"SMITH"},{"data":"BasicCrystalCard","floor":27,"key":"SMITH"},{"data":"Cold Snap","floor":27,"key":"SMITH"},{"data":"Skim","floor":32,"key":"SMITH"},{"data":"Reboot","floor":32,"key":"SMITH"},{"data":"White Noise","floor":42,"key":"SMITH"},{"data":"Coolheaded","floor":42,"key":"SMITH"},{"data":"BootSequence","floor":44,"key":"SMITH"},{"data":"Streamline","floor":44,"key":"SMITH"},{"data":"hubris:Ukulele","floor":49,"key":"SMITH"},{"data":"Strike_B","floor":49,"key":"SMITH"}],"circlet_count":0,"master_deck":["Strike_B+1","Defend_B","Zap+1","Dualcast+1","BasicCrystalCard+1","BootSequence+1","Defragment+1","Languid","Coolheaded+1","Cold Snap+1","Loop+1","Ball Lightning+1","Glacier+1","Recycle+1","Tempest+1","Streamline+1","Reboot+1","Defragment+1","Skim+1","Consume+1","White Noise+1","Static Discharge+1","Capacitor+1","Double Energy+1","hubris:Ukulele+1"],"relics":["Cracked Core","testmod-TestBox","testmod-RealStoneCalender","aspiration:Nostalgia","HollowMod:VesselMask","Ring of Peace","Ring of Fury","hubris:PeanutButter","Gremlin Horn","Replay:Multitool","ReplayTheSpireMod:Lightbulb","hubris:TenFootPole","Empty Cage","Replay:Arrowhead","ReplayFunnel","testmod-TimeTraveler","hubris:Towel","HollowMod:PaleOreRelic","Lantern","Happy Flower"],"acts_visited":["Exordium","TheCity","TheBeyond"],"potions_floor_usage":[19,33,41,45],"damage_taken":[{"damage":0,"enemies":"Cultist","floor":1,"turns":3},{"damage":6,"enemies":"Jaw Worm","floor":2,"turns":3},{"damage":0,"enemies":"Small Slimes","floor":3,"turns":2},{"damage":0,"enemies":"3 Louse","floor":5,"turns":3},{"damage":0,"enemies":"Lagavulin Event","floor":10,"turns":5},{"damage":0,"enemies":"Lagavulin","floor":11,"turns":5},{"damage":0,"enemies":"2 Fungi Beasts","floor":12,"turns":3},{"damage":0,"enemies":"Exordium Wildlife","floor":13,"turns":3},{"damage":0,"enemies":"3 Sentries","floor":14,"turns":4},{"damage":0,"enemies":"The Guardian","floor":16,"turns":8},{"damage":0,"enemies":"Spheric Guardian","floor":18,"turns":4},{"damage":0,"enemies":"2 Thieves","floor":19,"turns":3},{"damage":0,"enemies":"Shelled Parasite and Fungi","floor":20,"turns":5},{"damage":0,"enemies":"Snake Plant","floor":24,"turns":4},{"damage":0,"enemies":"Chosen and Byrds","floor":29,"turns":4},{"damage":0,"enemies":"Shelled Parasite and Fungi","floor":30,"turns":3},{"damage":0,"enemies":"Collector","floor":33,"turns":7},{"damage":0,"enemies":"Orb Walker","floor":35,"turns":3},{"damage":0,"enemies":"3 Darklings","floor":37,"turns":2},{"damage":0,"enemies":"Jaw Worm Horde","floor":39,"turns":4},{"damage":0,"enemies":"Giant Head","floor":40,"turns":7},{"damage":0,"enemies":"4 Shapes","floor":41,"turns":3},{"damage":0,"enemies":"Nemesis","floor":45,"turns":7},{"damage":0,"enemies":"Transient","floor":46,"turns":5},{"damage":0,"enemies":"Sphere and 2 Shapes","floor":47,"turns":3},{"damage":0,"enemies":"Maw","floor":48,"turns":5},{"damage":0,"enemies":"Time Eater","floor":50,"turns":7}],"seed_played":"-3967331742894330819","potions_obtained":[{"floor":1,"key":"Adrenaline Potion"},{"floor":2,"key":"Energy Potion"},{"floor":10,"key":"EssenceOfSteel"},{"floor":11,"key":"Explosive Potion"},{"floor":13,"key":"EssenceOfDarkness"},{"floor":20,"key":"PowerPotion"},{"floor":24,"key":"Reflective Coating"},{"floor":35,"key":"ColorlessPotion"},{"floor":39,"key":"Adrenaline Potion"},{"floor":47,"key":"Block Potion"}],"is_trial":false,"path_per_floor":["M","M","M","?","M","R","?","R","T","?","E","M","M","E","R","B",null,"M","M","M","$","?","R","M","R","T","R","?","M","M","$","R","B",null,"M","$","M","?","M","E","M","R","T","R","E","M","M","M","R","B",null],"character_chosen":"DEFECT","items_purchased":["Tempest","Replay:Arrowhead","White Noise","Static Discharge+1"],"campfire_rested":0,"item_purchase_floors":[21,21,36,36],"current_hp_per_floor":[75,69,69,69,69,69,69,69,69,69,69,69,69,69,69,69,75,75,75,75,75,75,75,75,75,75,75,75,75,75,75,75,75,75,75,75,75,75,75,75,75,75,75,75,75,75,75,75,75,75],"gold":234,"neow_bonus":"NOSTALGIA","is_daily":false,"chose_seed":false,"campfire_upgraded":16,"win_rate":0.0,"timestamp":1612511440,"path_taken":["M","?","M","?","M","R","?","R","T","?","E","M","M","E","R","BOSS","M","M","M","$","?","R","M","R","T","R","?","?","M","?","R","BOSS","M","$","M","?","M","E","M","R","T","R","E","M","M","M","R","BOSS"],"items_purchased_type":["Card","Relic","Card","Card"],"build_version":"2020-12-22","purchased_purges":1,"victory":true,"max_hp_per_floor":[75,75,75,75,75,75,75,75,75,75,75,75,75,75,75,75,75,75,75,75,75,75,75,75,75,75,75,75,75,75,75,75,75,75,75,75,75,75,75,75,75,75,75,75,75,75,75,75,75,75],"card_choices":[{"not_picked":["ReplayTheSpireMod:System Scan","Darkness"],"picked":"BasicCrystalCard","floor":1},{"not_picked":["Compile Driver","Force Field"],"picked":"BootSequence","floor":2},{"not_picked":["Ball Lightning","Barrage"],"picked":"Defragment","floor":3},{"not_picked":["ReplayTheSpireMod:Repulse","Melter"],"picked":"Coolheaded","floor":5},{"not_picked":["Sweeping Beam","All For One"],"picked":"Cold Snap","floor":11},{"not_picked":["Coolheaded","ReplayGash","Go for the Eyes"],"picked":"SKIP","floor":12},{"not_picked":["ReplayTheSpireMod:GoodbyeWorld","Cold Snap","Panic Button"],"picked":"SKIP","floor":13},{"not_picked":["Gash","ReplaySolidLightProjector"],"picked":"Loop","floor":14},{"not_picked":["Go for the Eyes+1","Blizzard"],"picked":"Ball Lightning+1","floor":18},{"not_picked":["Go for the Eyes+1","Blizzard"],"picked":"Glacier","floor":19},{"not_picked":["Coolheaded","Consume"],"picked":"Recycle+1","floor":20},{"not_picked":["Stack","Barrage","Rebound"],"picked":"SKIP","floor":24},{"not_picked":["Time Bomb","Sunder+1"],"picked":"Skim","floor":29},{"not_picked":["Beam Cell","Force Field","Recycle"],"picked":"SKIP","floor":30},{"not_picked":["Cold Snap","Chaos+1"],"picked":"Consume+1","floor":35},{"not_picked":["Blizzard","Go for the Eyes+1","Panic Button"],"picked":"SKIP","floor":37},{"not_picked":["Leap+1","Turbo","BasicCrystalCard"],"picked":"SKIP","floor":39},{"not_picked":["Redo+1","Steam"],"picked":"Capacitor+1","floor":40},{"not_picked":["ReplayTheSpireMod:GoodbyeWorld+1","Go for the Eyes+1","Barrage+1"],"picked":"SKIP","floor":41},{"not_picked":["Sweeping Beam+1","Go for the Eyes+1"],"picked":"Double Energy+1","floor":45},{"not_picked":["Turbo","Conserve Battery","Tempest"],"picked":"SKIP","floor":46},{"not_picked":["Steam","Rip and Tear"],"picked":"hubris:Ukulele","floor":47},{"not_picked":["Turbo","Conserve Battery+1","Recycle"],"picked":"SKIP","floor":48}],"player_experience":516273,"relics_obtained":[{"floor":4,"key":"Ring of Peace"},{"floor":4,"key":"Ring of Fury"},{"floor":9,"key":"hubris:PeanutButter"},{"floor":10,"key":"Gremlin Horn"},{"floor":11,"key":"Replay:Multitool"},{"floor":14,"key":"ReplayTheSpireMod:Lightbulb"},{"floor":15,"key":"hubris:TenFootPole"},{"floor":26,"key":"ReplayFunnel"},{"floor":40,"key":"HollowMod:PaleOreRelic"},{"floor":43,"key":"Lantern"},{"floor":45,"key":"Happy Flower"}],"event_choices":[{"damage_healed":0,"gold_gain":0,"player_choice":"Searched \u00272\u0027 times","damage_taken":0,"max_hp_gain":0,"max_hp_loss":0,"event_name":"Dead Adventurer","floor":10,"gold_loss":0},{"damage_healed":0,"gold_gain":0,"cards_transformed":["Defend_B","Strike_B"],"player_choice":"Became Test Subject","damage_taken":0,"max_hp_gain":0,"max_hp_loss":0,"event_name":"Drug Dealer","floor":22,"gold_loss":0,"cards_obtained":["Streamline","Reboot"]},{"damage_healed":0,"gold_gain":0,"player_choice":"Copied","damage_taken":0,"max_hp_gain":0,"max_hp_loss":0,"event_name":"Duplicator","floor":28,"gold_loss":0,"cards_obtained":["Defragment"]}],"is_beta":false,"boss_relics":[{"not_picked":["testmod-PortableAltar","Black Star"],"picked":"Empty Cage"},{"not_picked":["SacredBark","conspire:SlowCooker"],"picked":"testmod-TimeTraveler"}],"items_purged_floors":[21],"is_endless":false,"potions_floor_spawned":[1,2,10,11,13,14,18,20,24,35,39,40,47],"ascension_level":0}}