{"host":"7fyy23rucerupe6i","time":1612508913,"event":{"mods":["BaseMod","Minty Spire (QoL Compilation)","StSLib","The Senshi"],"gold_per_floor":[109,127,127,47,59,59,59,59,59,84,102,102,117,117,117,215,215,229,255,255,180,80,113,113,124,175,50,68,68,83,83,83,83,83],"floor_reached":33,"language":"ZHS","playtime":1694,"items_purged":["theSenshi:SailorBlock","theSenshi:SailorKick","theSenshi:SailorKick"],"score":363,"play_id":"22b4ba9f-d11e-45b6-ad16-8fad8cb60565","local_time":"20210205150833","is_ascension_mode":false,"campfire_choices":[{"data":"theSenshi:MoonCrisisMakeUp","floor":6.0,"key":"SMITH"},{"data":"theSenshi:SailorStarMakerAssists","floor":8.0,"key":"SMITH"},{"floor":12.0,"key":"REST"},{"data":"theSenshi:LunasBite","floor":15.0,"key":"SMITH"},{"floor":24,"key":"REST"},{"floor":29,"key":"REST"},{"floor":32,"key":"REST"}],"circlet_count":0,"master_deck":["theSenshi:SailorBlock","theSenshi:SailorBlock","theSenshi:RoseThrow","theSenshi:MoonPrismPowerMakeUp","theSenshi:MoonCrisisMakeUp+1","theSenshi:SailorStarFighterAssists","theSenshi:SailorStarMakerAssists+1","theSenshi:CrisisMakeUp","theSenshi:LateForSchool","theSenshi:LunasBite+1","theSenshi:IWillPunishYou","theSenshi:LateForSchool","theSenshi:MoonCrystalPowerMakeUp+1"],"relics":["Velvet Choker","Matryoshka","Mummified Hand","Empty Cage","Red Mask","theSenshi:CrisisMoonCompactRelic","Dream Catcher","Oddly Smooth Stone","Nilry\u0027s Codex"],"acts_visited":["Exordium","TheCity"],"potions_floor_usage":[33,33],"damage_taken":[{"damage":0.0,"enemies":"Small Slimes","floor":1.0,"turns":3.0},{"damage":8.0,"enemies":"Jaw Worm","floor":2.0,"turns":4.0},{"damage":0.0,"enemies":"Cultist","floor":5.0,"turns":4.0},{"damage":38.0,"enemies":"Gremlin Nob","floor":10.0,"turns":6.0},{"damage":4.0,"enemies":"Looter","floor":11.0,"turns":4.0},{"damage":5.0,"enemies":"Exordium Wildlife","floor":13.0,"turns":5.0},{"damage":28.0,"enemies":"The Guardian","floor":16.0,"turns":10.0},{"damage":16.0,"enemies":"Chosen","floor":18.0,"turns":5.0},{"damage":17,"enemies":"Masked Bandits","floor":19,"turns":4},{"damage":27,"enemies":"Gremlin Leader","floor":23,"turns":6},{"damage":10,"enemies":"Spheric Guardian","floor":25,"turns":3},{"damage":8,"enemies":"Centurion and Healer","floor":28,"turns":7},{"damage":20,"enemies":"Shelled Parasite and Fungi","floor":30,"turns":6},{"damage":29,"enemies":"Automaton","floor":33,"turns":6}],"seed_played":"5332183381452026047","potions_obtained":[{"floor":1.0,"key":"CultistPotion"},{"floor":5.0,"key":"SmokeBomb"},{"floor":11.0,"key":"SteroidPotion"},{"floor":18.0,"key":"Strength Potion"}],"is_trial":false,"path_per_floor":["M","M","?","$","M","R","?","R","T","E","M","R","M","?","R","B",null,"M","?","?","$","$","E","R","M","T","$","M","R","M","?","R","B"],"character_chosen":"THE_SENSHI","items_purchased":["theSenshi:SailorStarMakerAssists"],"campfire_rested":4,"item_purchase_floors":[4],"current_hp_per_floor":[75,67,60,60,60,60,60,60,60,22,18,40,35,35,35,7,75,59,42,42,42,42,15,37,27,27,27,19,41,21,5,27,0,0],"gold":83,"neow_bonus":"BOSS_RELIC","is_daily":false,"chose_seed":false,"campfire_upgraded":3,"win_rate":0.0,"timestamp":1612508913,"path_taken":["M","M","?","$","M","R","?","R","T","E","M","R","M","?","R","BOSS","M","?","?","?","$","E","R","M","T","$","M","R","M","?","R","BOSS"],"items_purchased_type":["Card"],"build_version":"2020-12-22","purchased_purges":3,"victory":false,"max_hp_per_floor":[75,75,75,75,75,75,75,75,75,75,75,75,75,75,75,75,75,75,75,75,75,75,75,75,75,75,75,75,75,75,75,75,75,75],"card_choices":[{"not_picked":["theSenshi:OdangoHead","theSenshi:TallSilhouette"],"picked":"theSenshi:MoonCrisisMakeUp","floor":1.0},{"not_picked":["theSenshi:MoonPunch","theSenshi:SchoolBag"],"picked":"theSenshi:SailorStarFighterAssists","floor":2.0},{"not_picked":["theSenshi:MoonPunch","theSenshi:MercurysCunning"],"picked":"theSenshi:CrisisMakeUp","floor":5.0},{"not_picked":["theSenshi:MoonsReflection","theSenshi:SailorUranusAssists"],"picked":"theSenshi:LateForSchool","floor":10.0},{"not_picked":["theSenshi:TallSilhouette","theSenshi:SailorStarMakerAssists","theSenshi:SailorMarsAssists"],"picked":"SKIP","floor":11.0},{"not_picked":["theSenshi:LateForSchool","theSenshi:YouCanTalk"],"picked":"theSenshi:LunasBite","floor":13.0},{"not_picked":["theSenshi:GlimpseOfThePast","theSenshi:FatedKiss"],"picked":"theSenshi:IWillPunishYou","floor":16.0},{"not_picked":["theSenshi:MoonTwilightFlash+1","theSenshi:EncouragingSpeech","theSenshi:PlutosSolemnity"],"picked":"SKIP","floor":18.0},{"not_picked":["theSenshi:MercurysCunning","theSenshi:EncouragingSpeech","theSenshi:MoonKick"],"picked":"SKIP","floor":23},{"not_picked":["theSenshi:MoonTiaraMagic+1","theSenshi:DramaticEntrance","theSenshi:TuxedoSmokingBomber"],"picked":"SKIP","floor":25},{"not_picked":["theSenshi:LateForSchool+1","theSenshi:GlimpseOfThePast","theSenshi:TuxedoSmokingBomber"],"picked":"SKIP","floor":28},{"not_picked":["theSenshi:MoonsReflection","theSenshi:KlutzyLuck"],"picked":"theSenshi:MoonCrystalPowerMakeUp+1","floor":29},{"not_picked":["theSenshi:TallSilhouette","theSenshi:MercurysCunning","theSenshi:SailorChibiMoonAssists+1"],"picked":"SKIP","floor":30}],"player_experience":333547,"relics_obtained":[{"floor":9.0,"key":"Matryoshka"},{"floor":10.0,"key":"Mummified Hand"},{"floor":19,"key":"Red Mask"},{"floor":23,"key":"theSenshi:CrisisMoonCompactRelic"},{"floor":26,"key":"Dream Catcher"},{"floor":26,"key":"Oddly Smooth Stone"},{"floor":31,"key":"Nilry\u0027s Codex"}],"event_choices":[{"cards_removed":["theSenshi:SailorKick"],"damage_healed":0.0,"max_hp_gain":0.0,"max_hp_loss":0.0,"gold_gain":0.0,"event_name":"Golden Wing","player_choice":"Card Removal","floor":3.0,"gold_loss":0.0,"damage_taken":7.0},{"damage_healed":0.0,"max_hp_gain":0.0,"max_hp_loss":0.0,"gold_gain":0.0,"event_name":"Dead Adventurer","player_choice":"Searched \u00270\u0027 times","floor":7.0,"gold_loss":0.0,"damage_taken":0.0},{"damage_healed":0.0,"max_hp_gain":0.0,"max_hp_loss":0.0,"gold_gain":0.0,"event_name":"The Woman in Blue","player_choice":"Bought 0 Potions","floor":14.0,"gold_loss":0.0,"damage_taken":0.0},{"damage_healed":0,"gold_gain":0,"player_choice":"Fought Bandits","damage_taken":0,"max_hp_gain":0,"max_hp_loss":0,"event_name":"Masked Bandits","floor":19,"gold_loss":0},{"damage_healed":0,"gold_gain":0,"player_choice":"Read","damage_taken":0,"max_hp_gain":0,"max_hp_loss":0,"event_name":"The Library","floor":20,"gold_loss":0,"cards_obtained":["theSenshi:LateForSchool"]},{"damage_healed":0,"gold_gain":0,"player_choice":"Obtained Book","damage_taken":16,"max_hp_gain":0,"max_hp_loss":0,"event_name":"Cursed Tome","floor":31,"gold_loss":0}],"is_beta":false,"boss_relics":[{"not_picked":["SacredBark","Runic Pyramid"],"picked":"Empty Cage"}],"items_purged_floors":[21,22,27],"is_endless":false,"potions_floor_spawned":[1,5,11,18,19,28,30],"killed_by":"Automaton","ascension_level":0}}