{"host":"zsnmfqgcm92hlreo","time":1612490269,"event":{"mods":["AchievementEnabler","BaseMod","Bestiary","Block Reminder","Colored Map","Colored Powertips","Minty Spire (QoL Compilation)","Permanent Neow","Quick Restart","Relic Stats","StSLib","Weighted Paths"],"gold_per_floor":[365,48,59,59,78,78,105,105,105,105,180,215,232,260,260,334,334,349,349,360,138,149,149,177,177,177,208,308,336,353,403,403,474,474,519,126,140,154,170,170,202,202,202,110,110,110,110,138,138,138,138,138],"floor_reached":51,"language":"ENG","playtime":2056,"items_purged":["Defend_P","Defend_P"],"score":1683,"play_id":"19228e4f-e6db-4852-88e5-952b3d8f6275","local_time":"20210204195749","is_ascension_mode":true,"campfire_choices":[{"data":"Vigilance","floor":6.0,"key":"SMITH"},{"data":"Eruption","floor":8.0,"key":"SMITH"},{"floor":15.0,"key":"REST"},{"floor":23.0,"key":"REST"},{"floor":25.0,"key":"REST"},{"floor":32.0,"key":"REST"},{"floor":40.0,"key":"DIG"},{"floor":42.0,"key":"DIG"},{"floor":45,"key":"REST"},{"floor":49,"key":"RECALL"}],"circlet_count":0,"master_deck":["AscendersBane","Strike_P+1","Strike_P+1","Strike_P+1","Strike_P+1","Defend_P+1","Defend_P","Eruption+1","Vigilance+1","TalkToTheHand+1","ThirdEye","Consecrate+1","Conclude+1","Weave+1","FearNoEvil+1","LessonLearned+1","BowlingBash+1","Shame","Protect","BowlingBash+1","Blasphemy","SashWhip+1","WheelKick+1","Wish","BattleHymn+1","JustLucky+1","Protect+1","Wallop+1","CrushJoints+1","FlurryOfBlows+1","Adaptation+1","Writhe","ForeignInfluence+1"],"relics":["PureWater","Du-Vu Doll","Molten Egg 2","Pantograph","Bird Faced Urn","Whetstone","Fusion Hammer","Ancient Tea Set","PreservedInsect","Vajra","CloakClasp","Shovel","CaptainsWheel","Frozen Egg 2","Dead Branch","SlaversCollar","Membership Card","InkBottle","Question Card","Calipers","Pocketwatch","MealTicket"],"acts_visited":["Exordium","TheCity","TheBeyond"],"potions_floor_usage":[48],"damage_taken":[{"damage":7.0,"enemies":"Jaw Worm","floor":1.0,"turns":4.0},{"damage":2.0,"enemies":"2 Louse","floor":3.0,"turns":3.0},{"damage":0.0,"enemies":"Small Slimes","floor":5.0,"turns":2.0},{"damage":10.0,"enemies":"3 Sentries","floor":7.0,"turns":6.0},{"damage":20.0,"enemies":"Gremlin Nob","floor":12.0,"turns":3.0},{"damage":6.0,"enemies":"Exordium Wildlife","floor":13.0,"turns":5.0},{"damage":5.0,"enemies":"3 Sentries","floor":14.0,"turns":4.0},{"damage":26.0,"enemies":"Slime Boss","floor":16.0,"turns":5.0},{"damage":29.0,"enemies":"Shell Parasite","floor":18.0,"turns":5.0},{"damage":6.0,"enemies":"3 Byrds","floor":20.0,"turns":4.0},{"damage":0.0,"enemies":"Cultist and Chosen","floor":22.0,"turns":3.0},{"damage":0.0,"enemies":"Gremlin Leader","floor":24.0,"turns":2.0},{"damage":5.0,"enemies":"Book of Stabbing","floor":27.0,"turns":3.0},{"damage":14.0,"enemies":"Colosseum Slavers","floor":28.0,"turns":2.0},{"damage":2.0,"enemies":"Colosseum Nobs","floor":28.0,"turns":3.0},{"damage":0.0,"enemies":"Gremlin Leader","floor":29.0,"turns":2.0},{"damage":17.0,"enemies":"Centurion and Healer","floor":30.0,"turns":3.0},{"damage":14.0,"enemies":"Champ","floor":33.0,"turns":8.0},{"damage":10.0,"enemies":"3 Shapes","floor":35.0,"turns":6.0},{"damage":0.0,"enemies":"3 Darklings","floor":37.0,"turns":2.0},{"damage":19.0,"enemies":"4 Shapes","floor":38.0,"turns":4.0},{"damage":0.0,"enemies":"Spire Growth","floor":39.0,"turns":2.0},{"damage":0.0,"enemies":"Nemesis","floor":41.0,"turns":3.0},{"damage":0,"enemies":"Reptomancer","floor":48,"turns":3},{"damage":42,"enemies":"Donu and Deca","floor":50,"turns":7},{"damage":75,"enemies":"Awakened One","floor":51,"turns":6}],"seed_played":"-3266058502603292027","potions_obtained":[{"floor":1.0,"key":"SkillPotion"},{"floor":12.0,"key":"StancePotion"},{"floor":13.0,"key":"BottledMiracle"},{"floor":14.0,"key":"Regen Potion"},{"floor":22.0,"key":"SteroidPotion"},{"floor":28.0,"key":"Fruit Juice"},{"floor":29.0,"key":"BottledMiracle"},{"floor":37.0,"key":"Swift Potion"},{"floor":38.0,"key":"Swift Potion"}],"is_trial":false,"path_per_floor":["M","$","M","?","M","R","E","R","T","?","?","E","M","E","R","B",null,"M","?","M","$","M","R","E","R","T","E","?","E","M","?","R","B",null,"M","$","M","M","M","R","E","R","T","$","R","?","?","E","R","B","B"],"character_chosen":"WATCHER","items_purchased":["Du-Vu Doll","PreservedInsect","BowlingBash+1","Membership Card","BattleHymn+1","InkBottle","JustLucky+1","Adaptation+1"],"campfire_rested":5,"item_purchase_floors":[2,21,21,36,36,36,36,44],"current_hp_per_floor":[54,54,52,52,52,52,42,42,42,47,36,16,10,5,25,24,56,27,27,33,33,33,53,53,67,67,62,51,51,34,34,55,58,69,59,59,61,44,46,46,48,48,48,48,69,69,72,72,72,32,0,0],"gold":138,"neow_bonus":"TWO_FIFTY_GOLD","is_daily":false,"chose_seed":false,"campfire_upgraded":2,"win_rate":0.0,"timestamp":1612490269,"path_taken":["M","$","M","?","M","R","E","R","T","?","?","E","M","E","R","BOSS","M","?","M","$","M","R","E","R","T","E","?","E","M","?","R","BOSS","M","$","M","M","M","R","E","R","T","$","R","?","?","E","R","BOSS","BOSS"],"items_purchased_type":["Relic","Relic","Card","Relic","Card","Relic","Card","Card"],"build_version":"2020-12-22","purchased_purges":2,"victory":false,"max_hp_per_floor":[62,62,62,62,62,62,62,62,62,67,67,67,67,67,67,67,67,67,67,67,67,67,67,67,67,67,67,72,72,72,72,72,72,72,72,72,72,72,72,72,72,72,72,72,72,72,72,72,72,72,72,72],"relic_stats":{"counters":[26,100],"Dead Branch":[51],"PreservedInsect":289,"CloakClasp":[153],"Whetstone":["Strike_P","TalkToTheHand"],"Question Card":2,"Shovel":2,"Pantograph":67,"Bird Faced Urn":[14],"MealTicket":0,"obtain_stats":[{"Calipers":41,"Dead Branch":29,"Vajra":24,"PreservedInsect":21,"CloakClasp":26,"Whetstone":14,"Frozen Egg 2":28,"Ancient Tea Set":19,"Question Card":40,"Du-Vu Doll":2,"SlaversCollar":34,"CaptainsWheel":28,"Shovel":27,"Pantograph":9,"Bird Faced Urn":12,"Molten Egg 2":7,"MealTicket":48,"Fusion Hammer":17,"Membership Card":36,"PureWater":0,"InkBottle":36,"Pocketwatch":42},{"Calipers":23,"Dead Branch":16,"Vajra":12,"PreservedInsect":10,"CloakClasp":12,"Whetstone":7,"Frozen Egg 2":15,"Ancient Tea Set":9,"Question Card":22,"Du-Vu Doll":1,"SlaversCollar":18,"CaptainsWheel":15,"Shovel":13,"Pantograph":4,"Bird Faced Urn":5,"Molten Egg 2":4,"MealTicket":24,"Fusion Hammer":8,"Membership Card":19,"PureWater":0,"InkBottle":19,"Pocketwatch":23},{"Calipers":84,"Dead Branch":56,"Vajra":46,"PreservedInsect":41,"CloakClasp":46,"Whetstone":27,"Frozen Egg 2":54,"Ancient Tea Set":37,"Question Card":81,"Du-Vu Doll":4,"SlaversCollar":67,"CaptainsWheel":54,"Shovel":49,"Pantograph":15,"Bird Faced Urn":18,"Molten Egg 2":15,"MealTicket":87,"Fusion Hammer":32,"Membership Card":73,"PureWater":0,"InkBottle":73,"Pocketwatch":84}],"InkBottle":[13],"Pocketwatch":[1]},"card_choices":[{"not_picked":["PathToVictory","Nirvana","Swivel"],"picked":"SKIP","floor":1.0},{"not_picked":["CutThroughFate","Halt"],"picked":"TalkToTheHand","floor":3.0},{"not_picked":["Swivel","FollowUp"],"picked":"ThirdEye","floor":5.0},{"not_picked":["DeceiveReality","Wireheading"],"picked":"Consecrate+1","floor":7.0},{"not_picked":["WaveOfTheHand","FollowUp+1"],"picked":"Conclude+1","floor":12.0},{"not_picked":["Evaluate","Indignation"],"picked":"Weave+1","floor":13.0},{"not_picked":["Consecrate+1","Vault"],"picked":"FearNoEvil+1","floor":14.0},{"not_picked":["Judgement","DevaForm"],"picked":"LessonLearned+1","floor":16.0},{"not_picked":["SandsOfTime+1","Prostrate"],"picked":"BowlingBash+1","floor":18.0},{"not_picked":["Evaluate","PathToVictory"],"picked":"Protect","floor":20.0},{"not_picked":["Crescendo","Pray","Perseverance"],"picked":"SKIP","floor":22.0},{"not_picked":["ReachHeaven+1","EmptyBody"],"picked":"Blasphemy","floor":24.0},{"not_picked":["Indignation","Evaluate"],"picked":"EmptyFist+1","floor":27.0},{"not_picked":["FlurryOfBlows+1","EmptyFist+1"],"picked":"SashWhip+1","floor":28.0},{"not_picked":["WreathOfFlame","EmptyFist+1","ReachHeaven+1"],"picked":"SKIP","floor":29.0},{"not_picked":["FlyingSleeves+1","Meditate"],"picked":"WheelKick+1","floor":30.0},{"not_picked":["SpiritShield","Omniscience"],"picked":"Wish","floor":33.0},{"not_picked":["ThirdEye","FollowUp+1","ClearTheMind"],"picked":"SKIP","floor":35.0},{"not_picked":["Perseverance","WheelKick+1"],"picked":"Protect+1","floor":37.0},{"not_picked":["EmptyBody","Protect+1"],"picked":"Wallop+1","floor":38.0},{"not_picked":["Conclude+1","ClearTheMind"],"picked":"CrushJoints+1","floor":39.0},{"not_picked":["Prostrate","Omniscience","Halt"],"picked":"FlurryOfBlows+1","floor":41.0},{"not_picked":["Protect+1","CrushJoints+1","ClearTheMind"],"picked":"ForeignInfluence+1","floor":48}],"player_experience":1019568,"relics_obtained":[{"floor":7.0,"key":"Molten Egg 2"},{"floor":9.0,"key":"Pantograph"},{"floor":12.0,"key":"Bird Faced Urn"},{"floor":14.0,"key":"Whetstone"},{"floor":24.0,"key":"Vajra"},{"floor":26.0,"key":"CloakClasp"},{"floor":27.0,"key":"Shovel"},{"floor":28.0,"key":"CaptainsWheel"},{"floor":28.0,"key":"Frozen Egg 2"},{"floor":29.0,"key":"Dead Branch"},{"floor":40.0,"key":"Question Card"},{"floor":41.0,"key":"Calipers"},{"floor":42.0,"key":"Pocketwatch"},{"floor":48,"key":"MealTicket"}],"event_choices":[{"damage_healed":0.0,"max_hp_gain":0.0,"max_hp_loss":0.0,"gold_gain":0.0,"event_name":"The Cleric","player_choice":"Leave","floor":4.0,"gold_loss":0.0,"damage_taken":0.0},{"damage_healed":0.0,"max_hp_gain":5.0,"max_hp_loss":0.0,"gold_gain":0.0,"event_name":"Big Fish","player_choice":"Donut","floor":10.0,"gold_loss":0.0,"damage_taken":0.0},{"damage_healed":0.0,"max_hp_gain":0.0,"max_hp_loss":0.0,"gold_gain":75.0,"event_name":"World of Goop","player_choice":"Gather Gold","floor":11.0,"gold_loss":0.0,"damage_taken":11.0},{"damage_healed":0.0,"max_hp_gain":0.0,"max_hp_loss":0.0,"gold_gain":0.0,"event_name":"Addict","player_choice":"Stole Relic","floor":19.0,"gold_loss":0.0,"damage_taken":0.0,"relics_obtained":["Ancient Tea Set"],"cards_obtained":["Shame"]},{"damage_healed":0.0,"max_hp_gain":0.0,"max_hp_loss":0.0,"gold_gain":0.0,"event_name":"Colosseum","player_choice":"Fight","floor":28.0,"gold_loss":0.0,"damage_taken":0.0},{"damage_healed":0.0,"max_hp_gain":0.0,"max_hp_loss":0.0,"gold_gain":0.0,"event_name":"Colosseum","player_choice":"Fought Nobs","floor":28.0,"gold_loss":0.0,"damage_taken":0.0},{"damage_healed":0.0,"max_hp_gain":0.0,"max_hp_loss":0.0,"gold_gain":50.0,"event_name":"Nest","player_choice":"Stole From Cult","floor":31.0,"gold_loss":0.0,"damage_taken":0.0},{"cards_removed":["EmptyFist"],"damage_healed":0,"gold_gain":0,"player_choice":"Removed Attack","damage_taken":0,"max_hp_gain":0,"max_hp_loss":0,"event_name":"Falling","floor":46,"gold_loss":0},{"damage_healed":14,"gold_gain":0,"player_choice":"Writhe","damage_taken":0,"max_hp_gain":0,"max_hp_loss":0,"event_name":"Winding Halls","floor":47,"gold_loss":0,"cards_obtained":["Writhe"]}],"is_beta":false,"boss_relics":[{"not_picked":["Philosopher\u0027s Stone","Calling Bell"],"picked":"Fusion Hammer"},{"not_picked":["Runic Dome","Astrolabe"],"picked":"SlaversCollar"}],"items_purged_floors":[36,44],"is_endless":false,"potions_floor_spawned":[1,12,13,14,22,28,28,29,37,38],"killed_by":"Awakened One","ascension_level":20}}