{"host":"c6u7e77myxvw4d0m","time":1612508660,"event":{"mods":["AchievementEnabler","BaseMod","Bestiary","Colored Map","Colored Powertips","Minty Spire (QoL Compilation)","Rare Cards Sparkle","Relic Stats","everything is the same but u backflip on backflip"],"gold_per_floor":[119,132,112,129,143,143,153,169,169,169,169,186,205,20,20,92,92,108,31,46,46,62,62,81,81,81,81,81],"floor_reached":27,"language":"ENG","playtime":1711,"items_purged":[],"score":418,"play_id":"55add907-e96a-497e-8ee7-ba13c13a5ebd","local_time":"20210205090420","is_ascension_mode":true,"campfire_choices":[{"data":"Blade Dance","floor":6,"key":"SMITH"},{"data":"Bouncing Flask","floor":15,"key":"SMITH"},{"data":"A Thousand Cuts","floor":23,"key":"SMITH"},{"data":"Blade Dance","floor":25,"key":"SMITH"}],"circlet_count":0,"master_deck":["AscendersBane","Strike_G","Strike_G","Strike_G","Strike_G","Strike_G","Defend_G","Defend_G","Defend_G","Defend_G","Defend_G","Survivor","Neutralize","Poisoned Stab+1","Cloak And Dagger","Blade Dance+1","Slice","Bane","Quick Slash","Blade Dance+1","Bouncing Flask+1","Venomology","Slice","A Thousand Cuts+1","PiercingWail","Infinite Blades","Outmaneuver","Dagger Spray+1","Masterful Stab"],"relics":["Ring of the Snake","Letter Opener","WristBlade","Pantograph"],"acts_visited":["Exordium","TheCity"],"potions_floor_usage":[5,7,13,16,16,16,18,22,24,24,27,27],"damage_taken":[{"damage":0,"enemies":"Small Slimes","floor":1,"turns":4},{"damage":1,"enemies":"Cultist","floor":2,"turns":4},{"damage":3,"enemies":"Jaw Worm","floor":4,"turns":5},{"damage":13,"enemies":"Blue Slaver","floor":5,"turns":3},{"damage":0,"enemies":"Red Slaver","floor":7,"turns":3},{"damage":0,"enemies":"3 Louse","floor":8,"turns":4},{"damage":1,"enemies":"2 Fungi Beasts","floor":12,"turns":3},{"damage":7,"enemies":"Exordium Thugs","floor":13,"turns":3},{"damage":40,"enemies":"The Guardian","floor":16,"turns":9},{"damage":0,"enemies":"Spheric Guardian","floor":18,"turns":1},{"damage":6,"enemies":"Chosen","floor":20,"turns":4},{"damage":10,"enemies":"3 Cultists","floor":22,"turns":4},{"damage":13,"enemies":"Sentry and Sphere","floor":24,"turns":4},{"damage":44,"enemies":"Gremlin Leader","floor":27,"turns":5}],"seed_played":"2217527521274672781","potions_obtained":[{"floor":1,"key":"FearPotion"},{"floor":3,"key":"Weak Potion"},{"floor":7,"key":"SpeedPotion"},{"floor":8,"key":"PowerPotion"},{"floor":13,"key":"GamblersBrew"},{"floor":16,"key":"Strength Potion"},{"floor":22,"key":"SmokeBomb"},{"floor":24,"key":"Ancient Potion"}],"is_trial":false,"path_per_floor":["M","M","?","M","M","R","M","M","T","?","?","M","M","$","R","B",null,"M","$","M","$","M","R","M","R","T","E"],"character_chosen":"THE_SILENT","items_purchased":["Venomology","Slice","Infinite Blades"],"campfire_rested":0,"item_purchase_floors":[14,14,19],"current_hp_per_floor":[65,64,64,61,48,48,48,48,48,53,53,52,45,45,45,5,59,59,59,53,53,43,43,30,30,30,0,0],"gold":81,"neow_bonus":"TEN_PERCENT_HP_BONUS","is_daily":false,"chose_seed":false,"campfire_upgraded":4,"win_rate":0.0,"timestamp":1612508660,"path_taken":["M","M","?","M","M","R","?","M","T","?","?","M","M","$","R","BOSS","M","$","M","?","M","R","M","R","T","E"],"items_purchased_type":["Card","Card","Card"],"build_version":"2020-12-22","purchased_purges":0,"victory":false,"max_hp_per_floor":[72,72,72,72,72,72,72,72,72,77,77,77,77,77,77,77,77,77,77,77,77,77,77,77,77,77,77,77],"relic_stats":{"counters":[14,56],"Pantograph":0,"Letter Opener":[40],"obtain_stats":[{"WristBlade":17,"Pantograph":26,"Letter Opener":9,"Ring of the Snake":0},{"WristBlade":9,"Pantograph":13,"Letter Opener":6,"Ring of the Snake":0},{"WristBlade":38,"Pantograph":51,"Letter Opener":23,"Ring of the Snake":0}],"Ring of the Snake":[28]},"card_choices":[{"not_picked":["Tactician","Slice"],"picked":"Poisoned Stab","floor":1},{"not_picked":["Heel Hook","Poisoned Stab"],"picked":"Cloak And Dagger","floor":2},{"not_picked":["Backflip","Acrobatics"],"picked":"Blade Dance","floor":4},{"not_picked":["Masterful Stab","Heel Hook"],"picked":"Slice","floor":5},{"not_picked":["Flying Knee","Setup"],"picked":"Bane","floor":7},{"not_picked":["Outmaneuver","Concentrate"],"picked":"Quick Slash","floor":8},{"not_picked":["Riddle With Holes","Dagger Throw"],"picked":"Blade Dance","floor":12},{"not_picked":["Setup","Poisoned Stab"],"picked":"Bouncing Flask","floor":13},{"not_picked":["Bullet Time","Malaise"],"picked":"A Thousand Cuts","floor":16},{"not_picked":["Expertise","Deadly Poison"],"picked":"PiercingWail","floor":18},{"not_picked":["Sucker Punch","Skewer"],"picked":"Outmaneuver","floor":20},{"not_picked":["Heel Hook","Crippling Poison"],"picked":"Dagger Spray+1","floor":22},{"not_picked":["Deadly Poison","Backflip"],"picked":"Masterful Stab","floor":24}],"player_experience":679467,"relics_obtained":[{"floor":9,"key":"Letter Opener"},{"floor":26,"key":"Pantograph"}],"event_choices":[{"damage_healed":0,"gold_gain":0,"player_choice":"Bought 1 Potion","damage_taken":0,"max_hp_gain":0,"max_hp_loss":0,"event_name":"The Woman in Blue","floor":3,"gold_loss":0},{"damage_healed":0,"gold_gain":0,"player_choice":"Donut","damage_taken":0,"max_hp_gain":5,"max_hp_loss":0,"event_name":"Big Fish","floor":10,"gold_loss":0},{"damage_healed":0,"gold_gain":0,"player_choice":"Forge","damage_taken":0,"max_hp_gain":0,"max_hp_loss":0,"event_name":"Accursed Blacksmith","floor":11,"gold_loss":0,"cards_upgraded":["Poisoned Stab"]}],"is_beta":false,"boss_relics":[{"not_picked":["Snecko Eye","Empty Cage"],"picked":"WristBlade"}],"items_purged_floors":[],"is_endless":false,"potions_floor_spawned":[1,7,8,13,16,22,24],"killed_by":"Gremlin Leader","ascension_level":20}}