{"host":"6bsan6hkua32tfq7","time":1612492733,"event":{"mods":["BaseMod","Better Third Choice","Colored Map","Highlight Path","Minty Spire (QoL Compilation)","StSLib"],"gold_per_floor":[113,130,130,176,187,216,216,241,241,253,18,47,47,62,62,139,139,150,150,165,165,176,176,208,226,249,268,268,296,311,329,329,407,407,422,439,419,435,445,445,27,27,27],"floor_reached":42,"language":"ENG","playtime":3552,"items_purged":["Strike_B","Dualcast"],"score":1024,"play_id":"31de9ab3-264a-4b2b-8e91-feba787b41d2","local_time":"20210205033853","is_ascension_mode":true,"campfire_choices":[{"floor":7,"key":"REST"},{"data":"Defragment","floor":15,"key":"SMITH"},{"floor":23,"key":"REST"},{"data":"Zap","floor":28,"key":"SMITH"},{"floor":32,"key":"REST"},{"floor":40,"key":"REST"}],"circlet_count":0,"master_deck":["AscendersBane","Zap+1","Sweeping Beam+1","Cold Snap","Defragment+1","Biased Cognition","Coolheaded","Electrodynamics","Undo","Undo","Redo","Doom and Gloom","Thunder Strike","FTL","Static Discharge","Genetic Algorithm","Fission","Force Field+1"],"relics":["Cracked Core","NeowsBlessing","Oddly Smooth Stone","Orichalcum","Boot","HornCleat","DataDisk","Meat on the Bone","Pandora\u0027s Box","Mercury Hourglass","Strawberry","Tiny Chest","Inserter","Calipers"],"acts_visited":["Exordium","TheCity","TheBeyond"],"potions_floor_usage":[6,33,39,39],"damage_taken":[{"damage":0,"enemies":"Cultist","floor":1,"turns":1},{"damage":0,"enemies":"2 Louse","floor":2,"turns":1},{"damage":0,"enemies":"Jaw Worm","floor":5,"turns":1},{"damage":11,"enemies":"3 Sentries","floor":6,"turns":6},{"damage":21,"enemies":"Gremlin Nob","floor":8,"turns":4},{"damage":3,"enemies":"Lots of Slimes","floor":10,"turns":2},{"damage":6,"enemies":"3 Sentries","floor":12,"turns":6},{"damage":0,"enemies":"Exordium Wildlife","floor":14,"turns":2},{"damage":0,"enemies":"The Guardian","floor":16,"turns":15},{"damage":0,"enemies":"3 Byrds","floor":18,"turns":2},{"damage":0,"enemies":"Chosen","floor":20,"turns":5},{"damage":13,"enemies":"Shelled Parasite and Fungi","floor":22,"turns":8},{"damage":32,"enemies":"Book of Stabbing","floor":24,"turns":5},{"damage":0,"enemies":"Snecko","floor":25,"turns":5},{"damage":3,"enemies":"Centurion and Healer","floor":27,"turns":4},{"damage":12,"enemies":"Gremlin Leader","floor":29,"turns":4},{"damage":4,"enemies":"Chosen and Byrds","floor":30,"turns":4},{"damage":10,"enemies":"Snake Plant","floor":31,"turns":4},{"damage":20,"enemies":"Champ","floor":33,"turns":9},{"damage":18,"enemies":"Orb Walker","floor":35,"turns":5},{"damage":13,"enemies":"3 Darklings","floor":36,"turns":3},{"damage":25,"enemies":"Writhing Mass","floor":38,"turns":7},{"damage":22,"enemies":"Maw","floor":39,"turns":8},{"damage":43,"enemies":"Giant Head","floor":42,"turns":8}],"seed_played":"-8699298681020674748","potions_obtained":[{"floor":1,"key":"EssenceOfSteel"},{"floor":8,"key":"SteroidPotion"},{"floor":12,"key":"BlessingOfTheForge"},{"floor":14,"key":"Fire Potion"},{"floor":29,"key":"Weak Potion"},{"floor":33,"key":"BlessingOfTheForge"}],"is_trial":false,"path_per_floor":["M","M","?","T","M","E","R","E","T","M","$","E","$","M","R","B",null,"M","?","M","?","M","R","E","M","T","M","R","E","M","M","R","B",null,"M","M","?","M","M","R","$","E"],"character_chosen":"DEFECT","items_purchased":["DataDisk","Calipers"],"campfire_rested":4,"item_purchase_floors":[11,41],"current_hp_per_floor":[64,64,43,43,43,32,53,32,32,29,29,23,23,35,35,47,65,65,65,65,55,42,63,43,43,50,47,47,47,43,45,68,48,71,53,40,40,27,17,40,40,0,0],"gold":27,"neow_bonus":"THREE_ENEMY_KILL","is_daily":false,"chose_seed":false,"campfire_upgraded":2,"win_rate":0.0,"timestamp":1612492733,"path_taken":["M","?","?","?","?","E","R","E","T","M","$","E","?","M","R","BOSS","M","?","M","?","M","R","E","?","T","M","R","E","M","M","R","BOSS","M","M","?","M","M","R","?","E"],"items_purchased_type":["Relic","Relic"],"build_version":"2020-12-22","purchased_purges":2,"victory":false,"max_hp_per_floor":[71,71,71,71,71,71,71,71,71,71,71,71,71,71,71,71,71,71,71,71,71,71,71,71,71,78,78,78,78,78,78,78,78,78,78,78,78,78,78,78,78,78,78],"card_choices":[{"not_picked":["Loop","Gash"],"picked":"Sweeping Beam","floor":1},{"not_picked":["Rebound","Barrage"],"picked":"Cold Snap","floor":2},{"not_picked":["Beam Cell","Barrage"],"picked":"Defragment","floor":5},{"not_picked":["Barrage","Steam Power"],"picked":"Biased Cognition","floor":6},{"not_picked":["Skim","Hello World","Turbo"],"picked":"SKIP","floor":8},{"not_picked":["Conserve Battery","Barrage","Rebound"],"picked":"SKIP","floor":10},{"not_picked":["Steam Power","Stack","Rainbow"],"picked":"SKIP","floor":12},{"not_picked":["Compile Driver","Beam Cell"],"picked":"Coolheaded","floor":14},{"not_picked":["Biased Cognition","Amplify"],"picked":"Electrodynamics","floor":16},{"not_picked":["Redo","Cold Snap","Static Discharge"],"picked":"SKIP","floor":18},{"not_picked":["Turbo","Leap","Conserve Battery"],"picked":"SKIP","floor":20},{"not_picked":["Redo","Gash","White Noise"],"picked":"SKIP","floor":22},{"not_picked":["Self Repair","Lockon","Gash"],"picked":"SKIP","floor":24},{"not_picked":["Chill","Streamline","Auto Shields"],"picked":"SKIP","floor":25},{"not_picked":["Lockon+1","Doom and Gloom","Redo"],"picked":"SKIP","floor":27},{"not_picked":["Leap+1","Seek","Compile Driver"],"picked":"SKIP","floor":29},{"not_picked":["Conserve Battery","Coolheaded","Barrage+1"],"picked":"SKIP","floor":30},{"not_picked":["Beam Cell","Storm","Leap"],"picked":"SKIP","floor":31},{"not_picked":["Machine Learning","Reboot"],"picked":"Fission","floor":33},{"not_picked":["Cold Snap","Stack","Barrage"],"picked":"SKIP","floor":35},{"not_picked":["Turbo+1","Doom and Gloom","Redo"],"picked":"SKIP","floor":36},{"not_picked":["Leap","Auto Shields","Steam"],"picked":"SKIP","floor":38},{"not_picked":["Beam Cell+1","Reinforced Body"],"picked":"Force Field+1","floor":39}],"player_experience":5406155,"relics_obtained":[{"floor":4,"key":"Oddly Smooth Stone"},{"floor":6,"key":"Orichalcum"},{"floor":8,"key":"Boot"},{"floor":9,"key":"HornCleat"},{"floor":12,"key":"Meat on the Bone"},{"floor":24,"key":"Mercury Hourglass"},{"floor":26,"key":"Strawberry"},{"floor":29,"key":"Tiny Chest"}],"event_choices":[{"damage_healed":64,"gold_gain":0,"player_choice":"Upgrade","damage_taken":21,"max_hp_gain":0,"max_hp_loss":71,"event_name":"betterThird:BetterShining","floor":3,"gold_loss":0,"cards_upgraded":["Defend_B","Sweeping Beam"]},{"damage_healed":0,"gold_gain":0,"player_choice":"Read","damage_taken":0,"max_hp_gain":0,"max_hp_loss":0,"event_name":"The Library","floor":19,"gold_loss":0,"cards_obtained":["Genetic Algorithm"]},{"damage_healed":0,"gold_gain":0,"player_choice":"Damaged","damage_taken":10,"max_hp_gain":0,"max_hp_loss":0,"event_name":"Wheel of Change","floor":21,"gold_loss":0},{"damage_healed":0,"gold_gain":0,"player_choice":"Bought 1 Potion","damage_taken":0,"max_hp_gain":0,"max_hp_loss":0,"event_name":"The Woman in Blue","floor":37,"gold_loss":0}],"is_beta":false,"boss_relics":[{"not_picked":["Astrolabe","Busted Crown"],"picked":"Pandora\u0027s Box"},{"not_picked":["Runic Dome","FrozenCore"],"picked":"Inserter"}],"items_purged_floors":[11,41],"is_endless":false,"potions_floor_spawned":[1,8,12,14,22,29,31,33,36,38],"killed_by":"Giant Head","ascension_level":20}}