{"host":"h7xtspmc2x3i8s2i","time":1612484696,"event":{"mods":["2.2 Compatiblity","AchievementEnabler","Act Like it!","AlwaysNeverKeys","Aspiration","Astrologer","BaseMod","Bestiary","Better Altar","Better Match","Better Note","Better Sensory Stone","Better Skull","Better Third Choice","Better Vampires","Better-Laid Plans","Colored Map","Colored Powertips","Conjunction","Curses Come First","Defuse TimeMaze Blight","Dio Mod","Disable Question Mark Monsters","Dota2Spire","Downfall","EXCEPTION","Emptier Cage","Energized Spire","Evolution","Friendly Minions","GifTheSpireLib","Gold Saver","Gremlin Skip","Halation","Hubris","Hyrulean Relics","Jedi Mod","Key Reminder","Marked Mod","Minty Spire (QoL Compilation)","Permanent Neow","Potion Indicator Mod","Quick Restart","Random Character Button","Random Character Mod","Rare Cards Sparkle","Relic Filter","Relic Stats","Reliquary","Replay The Spire","SacredBarkPlus","Shop Mod","Smile Girya","Somnambulant","Spicy Shops","Spikes Relics","Spire Birthday Party","StSLib","Steal the Spire","Stuff the Spire","SuperFastMode","The Awakened One except there are too many feathers","The Blue Laboratory","The Cursed","The Death Knight","The Edgeheg","The Problem Sleuth","The Runesmith","The Wild Card","Trackpad","Transform Curses","Uncapped","Unceasing Turn Reminder","Virulent Crown","Wide Potions","everything is the same but u backflip on backflip","slay the spire mod where everything is the same but ironclad has a cowboy hat"],"gold_per_floor":[1455,1467,1481,1481,1497,1508,1508,1519,217,233,33,18,32,61,76,175,175,175,192,192,23,56,56,83,99,99,111,140,157,157,257,277,375,375,375,393,407,418,418,418,418,428,440,471,371,371,371,386,400,400,400,430,17,17,17,17],"floor_reached":57,"language":"ENG","playtime":2939,"items_purged":[],"score":1358,"play_id":"e16dd189-b8e6-455f-b985-48e758c538a6","local_time":"20210204192456","is_ascension_mode":true,"campfire_choices":[{"floor":1,"key":"RECALL"},{"floor":11,"key":"REST"},{"data":"DeathKnight:Contagion","floor":18,"key":"SMITH"},{"data":"jedi:forcepush","floor":23,"key":"SMITH"},{"data":"DeathKnight:Runesurge","floor":26,"key":"SMITH"},{"floor":30,"key":"REST"},{"data":"DeathKnight:MutagenicPlague","floor":35,"key":"SMITH"},{"floor":40,"key":"REST"},{"floor":45,"key":"REST"},{"data":"DeathKnight:Runesurge","floor":54,"key":"SMITH"}],"circlet_count":0,"master_deck":["DeathKnight:Strike_DeathKnight","DeathKnight:Strike_DeathKnight","DeathKnight:Strike_DeathKnight","DeathKnight:Strike_DeathKnight","DeathKnight:Strike_DeathKnight","DeathKnight:Defend_DeathKnight","DeathKnight:Defend_DeathKnight","DeathKnight:Defend_DeathKnight","DeathKnight:Defend_DeathKnight","DeathKnight:RuneTap+1","DeathKnight:RuneStrike","DeathKnight:Contagion+1","DeathKnight:HartStrike","DeathKnight:PlagueStrike","DeathKnight:ShatteringStrikes","DeathKnight:HornOfWinter","DeathKnight:PlagueStrike","jedi:forcepush+1","DeathKnight:BladedArmor","DeathKnight:DancingRuneblade","DeathKnight:AntiMagicShell","DeathKnight:DeathsAdvance","DeathKnight:Runesurge+1","DeathKnight:MutagenicPlague+1","DeathKnight:Hysteria","DeathKnight:Runesurge+1","DeathKnight:PlagueStrike","DeathKnight:HornOfWinter","DeathKnight:FesteringStrike","DeathKnight:UnholyExperiment+1","DeathKnight:Defile","DeathKnight:BloodStrike+1","DeathKnight:DeathStrike","DeathKnight:DeathStrike+1","DeathKnight:HowlingBlast+1","DeathKnight:HornOfWinter","DeathKnight:Hysteria"],"relics":["DeathKnight:BrokenRuneblade","EVO:Axolotl","MerchantsRug","Frozen Eye","Dota2Spire:PowerTreads","StuffTheSpire:PointBlank","jedi:kaleidoscope","downfall:HeartBlessingRed","downfall:HeartBlessingBlue","DeathKnight:CorpseWagon","aspiration:SecretTechniqueScroll","jedi:fakemustache","reliquary:RoseTintedGlasses","DeathKnight:LightbringersTabard","Snecko Eye","Darkstone Periapt","Dota2Spire:UrnOfShadows","downfall:HeartBlessingGreen","StuffTheSpire:GreaterSneckoEye","Boot","Dota2Spire:AghanimScepter","Oddly Smooth Stone"],"acts_visited":["Exordium","TheCity","TheBeyond","TheEnding"],"potions_floor_usage":[8,12,12,12,16,19,27,29,37,37,38,43,44,48,48,50,56,56],"damage_taken":[{"damage":8,"enemies":"Jaw Worm","floor":2,"turns":6},{"damage":0,"enemies":"Cultist","floor":3,"turns":3},{"damage":4,"enemies":"2 Louse","floor":5,"turns":4},{"damage":22,"enemies":"Exordium Thugs","floor":6,"turns":7},{"damage":19,"enemies":"Exordium Wildlife","floor":8,"turns":6},{"damage":10,"enemies":"downfall:FleeingMerchant","floor":9,"turns":4},{"damage":0,"enemies":"3 Louse","floor":10,"turns":1},{"damage":0,"enemies":"downfall:FleeingMerchant","floor":12,"turns":4},{"damage":0,"enemies":"Blue Slaver","floor":13,"turns":2},{"damage":11,"enemies":"Replay:BlueRogue","floor":14,"turns":4},{"damage":0,"enemies":"Lots of Slimes","floor":15,"turns":2},{"damage":42,"enemies":"DF_ARCHETYPE_STREAMLINE","floor":16,"turns":8},{"damage":20,"enemies":"3 Byrds","floor":19,"turns":4},{"damage":15,"enemies":"downfall:FleeingMerchant","floor":21,"turns":4},{"damage":15,"enemies":"downfall:FleeingMerchant","floor":22,"turns":3},{"damage":12,"enemies":"Shell Parasite","floor":25,"turns":4},{"damage":23,"enemies":"Snake Plant","floor":27,"turns":4},{"damage":14,"enemies":"Replay:Snechameleon","floor":28,"turns":4},{"damage":0,"enemies":"3 Cultists","floor":29,"turns":4},{"damage":10,"enemies":"Cultist and Chosen","floor":32,"turns":5},{"damage":16,"enemies":"IC_MUSHROOM_ARCHETYPE","floor":33,"turns":4},{"damage":33,"enemies":"3 Shapes","floor":36,"turns":4},{"damage":2,"enemies":"Orb Walker","floor":37,"turns":2},{"damage":1,"enemies":"Maw","floor":38,"turns":4},{"damage":9,"enemies":"4 Shapes","floor":42,"turns":2},{"damage":6,"enemies":"Jaw Worm Horde","floor":43,"turns":2},{"damage":28,"enemies":"Giant Head","floor":44,"turns":6},{"damage":2,"enemies":"Transient","floor":48,"turns":4},{"damage":0,"enemies":"3 Darklings","floor":49,"turns":2},{"damage":0,"enemies":"SI_POISON_ARCHETYPE","floor":50,"turns":2},{"damage":5,"enemies":"downfall:CharBossMerchant","floor":52,"turns":3},{"damage":25,"enemies":"downfall:NeowBoss","floor":55,"turns":6},{"damage":16,"enemies":"downfall:NeowBossFinal","floor":56,"turns":6}],"seed_played":"-6625547349068211776","potions_obtained":[{"floor":3,"key":"Elixir"},{"floor":8,"key":"blueLaboratory:TrueEctoplasm"},{"floor":10,"key":"DistilledChaos"},{"floor":15,"key":"FearPotion"},{"floor":16,"key":"LifebloodPotion"},{"floor":19,"key":"blueLaboratory:BottleOfRum"},{"floor":25,"key":"LiquidMemories"},{"floor":32,"key":"blueLaboratory:AbyssPotion"},{"floor":36,"key":"blueLaboratory:BottleOfVodka"},{"floor":37,"key":"blueLaboratory:EnragingPotion"},{"floor":49,"key":"Weak Potion"}],"is_trial":false,"path_per_floor":["R","M","M","?","M","M","T","M","$","M","R","$","M","E","M","B",null,"R","M","?","$","$","R","T","M","R","M","E","M","R","?","M","B",null,"R","M","M","M","?","R","T","M","M","E","R","?","?","M","M","B",null,"E","$","R","B","B",null],"character_chosen":"DEATH_KNIGHT","items_purchased":["MerchantsRug","DeathKnight:PlagueStrike","jedi:forcepush","Frozen Eye","Dota2Spire:PowerTreads","StuffTheSpire:PointBlank","jedi:kaleidoscope","Adrenaline Potion","Block Potion","jedi:fakemustache","Lee\u0027s Waffle","DeathKnight:Runesurge","Dota2Spire:AghanimScepter","Oddly Smooth Stone","DeathKnight:Hysteria"],"campfire_rested":4,"item_purchase_floors":[9,9,9,9,9,9,9,9,9,21,22,22,53,53,53],"current_hp_per_floor":[75,67,67,67,63,41,41,22,12,12,47,47,47,36,85,43,85,85,65,65,60,92,92,92,80,80,57,43,43,70,70,60,44,92,92,59,57,56,56,83,83,74,77,49,76,56,56,76,85,92,92,92,92,92,67,60],"gold":17,"neow_bonus":"REMOVE_CARD","is_daily":false,"chose_seed":false,"campfire_upgraded":5,"win_rate":0.0,"timestamp":1612484696,"path_taken":["R","M","M","?","?","M","T","?","$","M","R","?","M","E","M","BOSS","R","M","?","?","$","R","T","M","R","?","E","?","R","?","M","BOSS","R","M","M","?","?","R","T","?","M","E","R","?","?","M","M","BOSS","E","$","R","BOSS","BOSS"],"items_purchased_type":["Relic","Card","Card","Relic","Relic","Relic","Relic","Potion","Potion","Relic","Relic","Card","Relic","Relic","Card"],"build_version":"2020-12-22","purchased_purges":0,"victory":true,"max_hp_per_floor":[75,75,75,75,75,75,75,75,75,75,85,85,85,85,85,85,85,85,85,85,85,92,92,92,92,92,92,92,92,92,92,92,92,92,92,92,92,92,92,92,92,92,92,92,92,92,92,92,92,92,92,92,92,92,92,92],"relic_stats":{"Darkstone Periapt":0,"counters":[33,130],"Snecko Eye":[100,121,130,101],"Boot":[0],"obtain_stats":[{"Darkstone Periapt":41,"MerchantsRug":9,"Dota2Spire:PowerTreads":9,"Lee\u0027s Waffle":22,"Dota2Spire:UrnOfShadows":44,"downfall:HeartBlessingRed":11,"Oddly Smooth Stone":53,"downfall:HeartBlessingGreen":45,"DeathKnight:CorpseWagon":14,"EVO:Axolotl":0,"aspiration:SecretTechniqueScroll":17,"Boot":52,"DeathKnight:LightbringersTabard":28,"keyreminder:keyreminder":1,"jedi:fakemustache":21,"Frozen Eye":9,"Dota2Spire:AghanimScepter":53,"jedi:kaleidoscope":9,"downfall:HeartBlessingBlue":11,"Snecko Eye":34,"StuffTheSpire:GreaterSneckoEye":46,"reliquary:RoseTintedGlasses":24,"StuffTheSpire:PointBlank":9,"DeathKnight:BrokenRuneblade":0},{"Darkstone Periapt":24,"MerchantsRug":6,"Dota2Spire:PowerTreads":6,"Lee\u0027s Waffle":15,"Dota2Spire:UrnOfShadows":27,"downfall:HeartBlessingRed":7,"Oddly Smooth Stone":31,"downfall:HeartBlessingGreen":27,"DeathKnight:CorpseWagon":10,"EVO:Axolotl":0,"aspiration:SecretTechniqueScroll":12,"Boot":31,"DeathKnight:LightbringersTabard":18,"keyreminder:keyreminder":0,"jedi:fakemustache":14,"Frozen Eye":6,"Dota2Spire:AghanimScepter":31,"jedi:kaleidoscope":6,"downfall:HeartBlessingBlue":7,"Snecko Eye":21,"StuffTheSpire:GreaterSneckoEye":27,"reliquary:RoseTintedGlasses":15,"StuffTheSpire:PointBlank":6,"DeathKnight:BrokenRuneblade":0},{"Darkstone Periapt":97,"MerchantsRug":30,"Dota2Spire:PowerTreads":30,"Lee\u0027s Waffle":62,"Dota2Spire:UrnOfShadows":107,"downfall:HeartBlessingRed":31,"Oddly Smooth Stone":118,"downfall:HeartBlessingGreen":107,"DeathKnight:CorpseWagon":41,"EVO:Axolotl":0,"aspiration:SecretTechniqueScroll":51,"Boot":118,"DeathKnight:LightbringersTabard":74,"keyreminder:keyreminder":0,"jedi:fakemustache":59,"Frozen Eye":30,"Dota2Spire:AghanimScepter":118,"jedi:kaleidoscope":30,"downfall:HeartBlessingBlue":31,"Snecko Eye":87,"StuffTheSpire:GreaterSneckoEye":107,"reliquary:RoseTintedGlasses":62,"StuffTheSpire:PointBlank":30,"DeathKnight:BrokenRuneblade":0}]},"card_choices":[{"not_picked":["DeathKnight:FoulBulwark","DeathKnight:DeathCoil","DeathKnight:BloodPact"],"picked":"SKIP","floor":2},{"not_picked":["DeathKnight:BloodBoil","DeathKnight:UnholyAssault"],"picked":"DeathKnight:Contagion","floor":3},{"not_picked":["DeathKnight:RuneShock","DeathKnight:Marrowrend"],"picked":"DeathKnight:HartStrike","floor":5},{"not_picked":["DeathKnight:MindFreeze","DeathKnight:ShatteringStrikes"],"picked":"DeathKnight:PlagueStrike","floor":6},{"not_picked":["DeathKnight:BoneSpear","DeathKnight:GargoyleSkin"],"picked":"DeathKnight:ShatteringStrikes","floor":8},{"not_picked":["DeathKnight:MindFreeze","DeathKnight:BoneSpear"],"picked":"DeathKnight:HornOfWinter","floor":9},{"not_picked":["DeathKnight:Outbreak","DeathKnight:ShatteringStrikes"],"picked":"DeathKnight:BladedArmor","floor":10},{"not_picked":["DeathKnight:HartStrike","DeathKnight:BloodTap"],"picked":"DeathKnight:DancingRuneblade","floor":12},{"not_picked":["DeathKnight:DeathCoil","DeathKnight:Ossuary"],"picked":"DeathKnight:AntiMagicShell","floor":13},{"not_picked":["DeathKnight:GargoyleSkin","DeathKnight:Parry"],"picked":"DeathKnight:DeathsAdvance","floor":14},{"not_picked":["DeathKnight:Rot","DeathKnight:DeathCoil","DeathKnight:BloodEchoes"],"picked":"SKIP","floor":15},{"not_picked":["DeathKnight:Frostscythe","DeathKnight:Razorice"],"picked":"DeathKnight:Runesurge","floor":16},{"not_picked":["DeathKnight:Rot+1","DeathKnight:UnholyFrenzy+1","DeathKnight:RunicCorruption+1"],"picked":"SKIP","floor":19},{"not_picked":["DeathKnight:BludPresence","DeathKnight:BoneSpear+1"],"picked":"DeathKnight:MutagenicPlague","floor":21},{"not_picked":["DeathKnight:DeathGrip","DeathKnight:Simulacrum"],"picked":"DeathKnight:Hysteria","floor":22},{"not_picked":["DeathKnight:BloodPact","DeathKnight:Runeguard+1"],"picked":"DeathKnight:PlagueStrike","floor":25},{"not_picked":["DeathKnight:HowlingBlast","DeathKnight:Hysteria"],"picked":"DeathKnight:HornOfWinter","floor":27},{"not_picked":["DeathKnight:RuneShock+1","DeathKnight:ShatteringStrikes"],"picked":"DeathKnight:FesteringStrike","floor":28},{"not_picked":["DeathKnight:BoneSpear","DeathKnight:UnholyAssault","DeathKnight:MindFreeze"],"picked":"SKIP","floor":29},{"not_picked":["DeathKnight:MindFreeze","DeathKnight:DeathCoil"],"picked":"DeathKnight:UnholyExperiment","floor":32},{"not_picked":["DeathKnight:Razorice","DeathKnight:VampiricBlood"],"picked":"DeathKnight:Defile","floor":33},{"not_picked":["DeathKnight:RaiseAlly","DeathKnight:MindFreeze"],"picked":"DeathKnight:BloodStrike+1","floor":36},{"not_picked":["DeathKnight:ThirstingStrike+1","DeathKnight:Ossuary","DeathKnight:PillarOfFrost"],"picked":"SKIP","floor":37},{"not_picked":["DeathKnight:DancingRuneblade+1","DeathKnight:GargoyleSkin"],"picked":"DeathKnight:DeathStrike","floor":38},{"not_picked":["DeathKnight:MindFreeze","DeathKnight:BladedArmor+1","DeathKnight:DeathsAdvance+1"],"picked":"SKIP","floor":42},{"not_picked":["DeathKnight:BloodPact+1","DeathKnight:DreadStrike","DeathKnight:IcyTouch"],"picked":"SKIP","floor":43},{"not_picked":["DeathKnight:BoneShield","DeathKnight:PillarOfFrost+1"],"picked":"DeathKnight:DeathStrike+1","floor":44},{"not_picked":["DeathKnight:RaiseAlly+1","DeathKnight:FrostStrike","DeathKnight:HartStrike+1"],"picked":"SKIP","floor":48},{"not_picked":["DeathKnight:DeathGrip+1","DeathKnight:BoneSpear"],"picked":"DeathKnight:HowlingBlast+1","floor":49},{"not_picked":["DeathKnight:UnholyFrenzy+1","DeathKnight:Frostscythe"],"picked":"DeathKnight:HornOfWinter","floor":52}],"player_experience":372222,"relics_obtained":[{"floor":14,"key":"DeathKnight:CorpseWagon"},{"floor":24,"key":"reliquary:RoseTintedGlasses"},{"floor":28,"key":"DeathKnight:LightbringersTabard"},{"floor":41,"key":"Darkstone Periapt"},{"floor":44,"key":"Dota2Spire:UrnOfShadows"},{"floor":46,"key":"StuffTheSpire:GreaterSneckoEye"},{"floor":52,"key":"Boot"}],"event_choices":[],"is_beta":false,"boss_relics":[{"not_picked":["halation:CatFaceCupcake","StuffTheSpire:ModemDavis"],"picked":"aspiration:SecretTechniqueScroll"},{"not_picked":["Coffee Dripper","energizedSpire:EnergizedDie"],"picked":"Snecko Eye"}],"items_purged_floors":[],"is_endless":false,"potions_floor_spawned":[3,8,10,15,16,19,25,32,36,37,49],"ascension_level":1}}