{"host":"oehe2dxjvdgux73m","time":1612530757,"event":{"mods":["AchievementEnabler","BaseMod","Colored Map","Colored Powertips","DeckTracker","Keyboard Shortcuts","Minty Spire (QoL Compilation)","Permanent Neow","Quick Restart","StSLib","SuperFastMode"],"gold_per_floor":[113,133,208,208,208,222,222,246,246,246,290,290,315,14,14,104,104,118,138,151,151,151,151,166,34,34,54,70,70,111,17,17,113,113,132,151,170,183,207,241,241,274,274,274,274,42,42,57,57,57,57,57,57,57,100,100,100],"floor_reached":56,"language":"KOR","playtime":3407,"items_purged":["Strike_G","Strike_G","Strike_G"],"score":2208,"play_id":"9af7c1dc-ea64-49a6-a874-8259134d3da3","local_time":"20210205221237","is_ascension_mode":true,"campfire_choices":[{"data":"Prepared","floor":7.0,"key":"SMITH"},{"floor":12.0,"key":"REST"},{"floor":15.0,"key":"REST"},{"data":"Purity","floor":23.0,"key":"SMITH"},{"data":"Acrobatics","floor":29.0,"key":"SMITH"},{"data":"Reflex","floor":32.0,"key":"SMITH"},{"floor":41.0,"key":"RECALL"},{"data":"Footwork","floor":49,"key":"SMITH"},{"data":"Neutralize","floor":53,"key":"SMITH"}],"circlet_count":0,"master_deck":["AscendersBane","Strike_G","Defend_G","Defend_G","Defend_G","Defend_G","Defend_G","Survivor","Neutralize+1","Grand Finale","Prepared+1","Escape Plan","PiercingWail","Backflip","Backflip","Venomology","Purity+1","Malaise","Acrobatics+1","PiercingWail","Backflip+1","Adrenaline","Reflex+1","Adrenaline","Blur","Outmaneuver+1","Flash of Steel","Finesse","Footwork+1","Footwork"],"relics":["Ring of the Snake","Golden Idol","Omamori","Gremlin Horn","Bag of Preparation","Membership Card","Runic Pyramid","Art of War","The Courier","Toy Ornithopter","HoveringKite","White Beast Statue","Letter Opener","Turnip","Ice Cream","Sundial","Eternal Feather"],"acts_visited":["Exordium","TheCity","TheBeyond","TheEnding"],"potions_floor_usage":[48,50,50,50,50,55,56,56,56,56],"damage_taken":[{"damage":9.0,"enemies":"Jaw Worm","floor":1.0,"turns":6.0},{"damage":0.0,"enemies":"2 Louse","floor":2.0,"turns":2.0},{"damage":3.0,"enemies":"Small Slimes","floor":6.0,"turns":5.0},{"damage":15.0,"enemies":"Gremlin Gang","floor":8.0,"turns":5.0},{"damage":0.0,"enemies":"3 Sentries","floor":11.0,"turns":2.0},{"damage":8.0,"enemies":"Large Slime","floor":13.0,"turns":4.0},{"damage":13.0,"enemies":"The Guardian","floor":16.0,"turns":11.0},{"damage":0.0,"enemies":"2 Thieves","floor":18.0,"turns":2.0},{"damage":5.0,"enemies":"Shell Parasite","floor":19.0,"turns":4.0},{"damage":7.0,"enemies":"Shelled Parasite and Fungi","floor":20.0,"turns":5.0},{"damage":2.0,"enemies":"Snake Plant","floor":24.0,"turns":3.0},{"damage":0.0,"enemies":"3 Cultists","floor":27.0,"turns":3.0},{"damage":2.0,"enemies":"Centurion and Healer","floor":28.0,"turns":4.0},{"damage":0.0,"enemies":"Gremlin Leader","floor":30.0,"turns":3.0},{"damage":0.0,"enemies":"Collector","floor":33.0,"turns":4.0},{"damage":0.0,"enemies":"3 Darklings","floor":35.0,"turns":3.0},{"damage":0.0,"enemies":"3 Shapes","floor":36.0,"turns":2.0},{"damage":0.0,"enemies":"Writhing Mass","floor":37.0,"turns":5.0},{"damage":0.0,"enemies":"Maw","floor":38.0,"turns":5.0},{"damage":5.0,"enemies":"Transient","floor":39.0,"turns":6.0},{"damage":9.0,"enemies":"Reptomancer","floor":40.0,"turns":4.0},{"damage":15.0,"enemies":"Giant Head","floor":42.0,"turns":7.0},{"damage":8,"enemies":"Spire Growth","floor":48,"turns":4},{"damage":10,"enemies":"Donu and Deca","floor":50,"turns":4},{"damage":0,"enemies":"Time Eater","floor":51,"turns":13},{"damage":15,"enemies":"Shield and Spear","floor":55,"turns":5},{"damage":83,"enemies":"The Heart","floor":56,"turns":6}],"seed_played":"5592665534625642422","potions_obtained":[{"floor":1.0,"key":"Swift Potion"},{"floor":6.0,"key":"Weak Potion"},{"floor":19.0,"key":"GhostInAJar"},{"floor":20.0,"key":"DistilledChaos"},{"floor":35.0,"key":"EntropicBrew"}],"is_trial":false,"path_per_floor":["M","M","?","?","?","M","R","M","T","?","E","R","M","$","R","B",null,"M","M","M","?","?","R","M","$","T","M","M","R","E","$","R","B",null,"M","M","M","M","M","E","R","E","T","?","T","$","T","M","R","B","B",null,"R","$","E","B"],"character_chosen":"THE_SILENT","items_purchased":["Membership Card","Purity","DuplicationPotion","Art of War","Adrenaline","Reflex","Footwork","Ice Cream"],"campfire_rested":2,"item_purchase_floors":[14,14,14,25,31,31,46,46],"current_hp_per_floor":[50,50,39,39,28,25,25,10,10,10,10,28,20,20,38,25,51,51,46,39,39,39,39,37,37,37,37,35,35,35,35,35,40,55,60,60,60,60,55,51,51,36,36,26,26,26,26,23,23,33,33,53,53,53,43,0,0],"gold":100,"neow_bonus":"ONE_RANDOM_RARE_CARD","is_daily":false,"chose_seed":false,"campfire_upgraded":6,"win_rate":0.0,"timestamp":1612530757,"path_taken":["M","M","?","?","?","?","R","M","T","?","E","R","M","$","R","BOSS","M","M","M","?","?","R","M","$","T","M","M","R","E","$","R","BOSS","M","M","M","?","M","E","R","E","T","?","?","$","?","M","R","BOSS","BOSS","R","$","E","BOSS"],"items_purchased_type":["Relic","Card","Potion","Relic","Card","Card","Card","Relic"],"build_version":"2020-12-22","purchased_purges":3,"victory":false,"max_hp_per_floor":[66,66,66,60,60,60,60,60,60,60,60,60,60,60,60,60,60,60,60,60,60,60,60,60,60,60,60,60,60,60,60,60,60,60,60,60,60,60,60,60,60,60,60,60,60,60,60,60,60,60,60,60,60,60,60,60,60],"card_choices":[{"not_picked":["Underhanded Strike","Cloak And Dagger"],"picked":"Prepared","floor":1.0},{"not_picked":["Sucker Punch","Dodge and Roll"],"picked":"Escape Plan","floor":2.0},{"not_picked":["Dodge and Roll","Underhanded Strike"],"picked":"PiercingWail","floor":6.0},{"not_picked":["Prepared","Finisher"],"picked":"Backflip","floor":8.0},{"not_picked":["Flying Knee","PiercingWail"],"picked":"Backflip","floor":11.0},{"not_picked":["Deadly Poison","Deflect"],"picked":"Venomology","floor":13.0},{"not_picked":["Die Die Die","Storm of Steel"],"picked":"Malaise","floor":16.0},{"not_picked":["Terror","Deflect","Outmaneuver"],"picked":"SKIP","floor":18.0},{"not_picked":["Eviscerate","Slice","Cloak And Dagger"],"picked":"SKIP","floor":19.0},{"not_picked":["Riddle With Holes","Slice"],"picked":"Acrobatics","floor":20.0},{"not_picked":["Blade Dance","Acrobatics"],"picked":"PiercingWail","floor":24.0},{"not_picked":["Deadly Poison","Distraction","Noxious Fumes"],"picked":"SKIP","floor":27.0},{"not_picked":["Deadly Poison","Crippling Poison"],"picked":"Backflip+1","floor":28.0},{"not_picked":["Sucker Punch","Underhanded Strike+1","Terror+1"],"picked":"SKIP","floor":30.0},{"not_picked":["Tools of the Trade","Bullet Time"],"picked":"Adrenaline","floor":33.0},{"not_picked":["Blade Dance","Slice"],"picked":"Blur","floor":35.0},{"not_picked":["Underhanded Strike+1","Eviscerate","Dagger Spray"],"picked":"SKIP","floor":36.0},{"not_picked":["Sucker Punch","Dagger Spray","All Out Attack"],"picked":"SKIP","floor":37.0},{"not_picked":["Bane","Dash+1","Quick Slash"],"picked":"SKIP","floor":38.0},{"not_picked":["Skewer","Bane","Deadly Poison"],"picked":"SKIP","floor":39.0},{"not_picked":["Crippling Poison","Noxious Fumes+1","Finisher"],"picked":"SKIP","floor":40.0},{"not_picked":["Dodge and Roll","Underhanded Strike+1"],"picked":"Outmaneuver+1","floor":42.0},{"not_picked":["Enlightenment","Secret Weapon"],"picked":"Flash of Steel","floor":44.0},{"not_picked":["Magnetism","Madness"],"picked":"Finesse","floor":44.0},{"not_picked":["Prepared","Masterful Stab+1","Quick Slash"],"picked":"SKIP","floor":48},{"not_picked":["Underhanded Strike","Deadly Poison+1"],"picked":"Footwork","floor":55}],"player_experience":370981,"relics_obtained":[{"floor":9.0,"key":"Gremlin Horn"},{"floor":11.0,"key":"Bag of Preparation"},{"floor":26.0,"key":"The Courier"},{"floor":30.0,"key":"Toy Ornithopter"},{"floor":40.0,"key":"White Beast Statue"},{"floor":42.0,"key":"Letter Opener"},{"floor":45.0,"key":"Turnip"},{"floor":47,"key":"Sundial"},{"floor":55,"key":"Eternal Feather"}],"event_choices":[{"damage_healed":0.0,"max_hp_gain":0.0,"max_hp_loss":0.0,"gold_gain":75.0,"event_name":"World of Goop","player_choice":"Gather Gold","floor":3.0,"gold_loss":0.0,"damage_taken":11.0},{"damage_healed":0.0,"max_hp_gain":0.0,"max_hp_loss":6.0,"gold_gain":0.0,"event_name":"Golden Idol","player_choice":"Lose Max HP","floor":4.0,"gold_loss":0.0,"damage_taken":0.0,"relics_obtained":["Golden Idol"]},{"damage_healed":0.0,"max_hp_gain":0.0,"max_hp_loss":0.0,"gold_gain":0.0,"event_name":"Scrap Ooze","player_choice":"Success","floor":5.0,"gold_loss":0.0,"damage_taken":11.0,"relics_obtained":["Omamori"]},{"cards_removed":["Strike_G"],"damage_healed":0.0,"max_hp_gain":0.0,"max_hp_loss":0.0,"gold_gain":0.0,"event_name":"Living Wall","player_choice":"Forget","floor":10.0,"gold_loss":0.0,"damage_taken":0.0},{"damage_healed":0.0,"max_hp_gain":0.0,"max_hp_loss":0.0,"gold_gain":0.0,"event_name":"The Mausoleum","player_choice":"Ignored","floor":21.0,"gold_loss":0.0,"damage_taken":0.0},{"damage_healed":0.0,"max_hp_gain":0.0,"max_hp_loss":0.0,"gold_gain":0.0,"event_name":"N\u0027loth","player_choice":"Ignored","floor":22.0,"gold_loss":0.0,"damage_taken":0.0},{"damage_healed":0.0,"max_hp_gain":0.0,"max_hp_loss":0.0,"gold_gain":0.0,"event_name":"SensoryStone","player_choice":"Memory 3","floor":44.0,"gold_loss":0.0,"damage_taken":10.0}],"is_beta":false,"boss_relics":[{"not_picked":["Pandora\u0027s Box","Velvet Choker"],"picked":"Runic Pyramid"},{"not_picked":["Sozu","SlaversCollar"],"picked":"HoveringKite"}],"items_purged_floors":[14,25,46],"is_endless":false,"potions_floor_spawned":[1,6,19,20,30,35,36,38,42,48,55],"killed_by":"The Heart","ascension_level":20}}