{"host":"xo0glkmxta74xh34","time":1612545896,"event":{"mods":["BaseMod","Downfall","Minty Spire (QoL Compilation)","Replay The Spire","StSLib"],"gold_per_floor":[99,117,134,134,44,57,80,112,97,108,143,143,176,223,236,338,338,338,351,364,379,396,396,420,433,26,43,60,60,45,55,75,175,175,175,194,209,209,227,227,250,250,260,260,276,126,126,30,50,50],"floor_reached":51,"language":"ENG","playtime":3475,"items_purged":["Spreading Infection","Amnesia"],"score":843,"play_id":"78b50c4e-5b0a-4c77-bf47-36515390b5fe","local_time":"20210205112456","is_ascension_mode":true,"campfire_choices":[{"floor":1,"key":"DIG"},{"floor":12,"key":"REST"},{"floor":29,"key":"REST"},{"data":"Slimebound:Overexert","floor":35,"key":"SMITH"},{"floor":42,"key":"REST"},{"data":"Slimebound:Overexert","floor":44,"key":"SMITH"},{"data":"Slimebound:OozeBath","floor":47,"key":"SMITH"}],"circlet_count":0,"master_deck":["Slimebound:Tackle","Slimebound:Defend_Slimebound","Slimebound:Defend_Slimebound","Slimebound:Defend_Slimebound","Slimebound:Split","Slimebound:CorrosiveSpit","Slimebound:PrepareCrush","Slimebound:SplitSpecialist+1","Slimebound:ForwardTackle","Slimebound:SplitMire","Slimebound:SplitLeeching","Slimebound:Recycling+1","Slimebound:FormOfPuddle","Slimebound:SplitLeeching","Slimebound:LivingWall","Slimebound:LevelUp","Slimebound:Overexert+1","Slimebound:Repurpose","Slimebound:LevelUp+1","Slimebound:LeadByExample","Slimebound:SplitLeeching+1","Slimebound:RollThrough","Slimebound:SplitAcid+1","Slimebound:SpikyOuterGoop+1","Slimebound:SplitSpecialist+1","Slimebound:SamplingLick","Slimebound:SlimeTap+1","Slimebound:Overexert+1","Slimebound:OozeBath+1","Decay","Overencumbered","Slimebound:ProtectTheBoss+1","Slimebound:SplitSpecialist+1","Slimebound:LeadByExample+1","Slimebound:HauntingLick+1","expansioncontent:DashGenerateEvil","Slimebound:SlimeBarrage","Slimebound:SpikyOuterGoop","Slimebound:SpikyOuterGoop","Slimebound:SplitMire+1"],"relics":["Slimebound:AbsorbEndCombatUpgraded","Pet Ghost","Bronze Scales","Pondfish Scales","Replay:Bottled Eggs","CaptainsWheel","Replay:WaspNest","Akabeko","PreservedInsect","Darkstone Periapt","Replay:Ancient Bell","Slimebound:AggressiveSlimeRelic","Chameleon Ring","Incense Burner","ReplayTheSpireMod:Ring of Collecting","Regal Pillow","ReplayTheSpireMod:Ring of Challenge"],"acts_visited":["Exordium","TheCity","TheBeyond"],"potions_floor_usage":[16,16,22,32,33,33,50,50,50],"damage_taken":[{"damage":0,"enemies":"Small Slimes","floor":2,"turns":3},{"damage":1,"enemies":"Cultist","floor":3,"turns":3},{"damage":3,"enemies":"downfall:FleeingMerchant","floor":5,"turns":4},{"damage":1,"enemies":"2 Louse","floor":6,"turns":2},{"damage":11,"enemies":"3 Sentries","floor":8,"turns":6},{"damage":0,"enemies":"downfall:FleeingMerchant","floor":9,"turns":4},{"damage":13,"enemies":"Large Slime","floor":10,"turns":4},{"damage":11,"enemies":"Lagavulin","floor":11,"turns":5},{"damage":1,"enemies":"Gremlin Nob","floor":13,"turns":4},{"damage":13,"enemies":"Lots of Slimes","floor":15,"turns":3},{"damage":0,"enemies":"SI_SHIV_ARCHETYPE","floor":16,"turns":7},{"damage":11,"enemies":"Shell Parasite","floor":19,"turns":4},{"damage":6,"enemies":"3 Byrds","floor":20,"turns":3},{"damage":27,"enemies":"Snake Plant","floor":21,"turns":4},{"damage":7,"enemies":"Snecko","floor":22,"turns":4},{"damage":21,"enemies":"Chosen and Byrds","floor":25,"turns":5},{"damage":0,"enemies":"downfall:FleeingMerchant","floor":26,"turns":4},{"damage":6,"enemies":"Centurion and Healer","floor":27,"turns":5},{"damage":16,"enemies":"Snake Plant","floor":28,"turns":3},{"damage":0,"enemies":"downfall:FleeingMerchant","floor":30,"turns":4},{"damage":0,"enemies":"Snecko","floor":31,"turns":5},{"damage":1,"enemies":"Cultist and Chosen","floor":32,"turns":4},{"damage":18,"enemies":"DF_ARCHETYPE_CLAW","floor":33,"turns":8},{"damage":21,"enemies":"3 Darklings","floor":36,"turns":5},{"damage":0,"enemies":"Orb Walker","floor":37,"turns":4},{"damage":27,"enemies":"Maw","floor":39,"turns":8},{"damage":3,"enemies":"3 Darklings","floor":43,"turns":4},{"damage":2,"enemies":"Writhing Mass","floor":45,"turns":5},{"damage":15,"enemies":"downfall:FleeingMerchant","floor":48,"turns":3},{"damage":12,"enemies":"Sphere and 2 Shapes","floor":49,"turns":6},{"damage":5,"enemies":"IC_BLOCK_ARCHETYPE","floor":50,"turns":9}],"seed_played":"-2603974549268879425","potions_obtained":[{"floor":6,"key":"Slimebound:SlimyTonguePotion"},{"floor":8,"key":"LifebloodPotion"},{"floor":10,"key":"FearPotion"},{"floor":19,"key":"Regen Potion"},{"floor":21,"key":"Explosive Potion"},{"floor":31,"key":"SkillPotion"},{"floor":32,"key":"sneckomod:MuddlingPotion"},{"floor":33,"key":"hexamod:SoulburnPotion"},{"floor":43,"key":"LifebloodPotion"}],"is_trial":false,"path_per_floor":["R","M","M","?","$","M","T","E","$","M","E","R","E","?","M","B",null,"R","M","M","M","M","?","T","M","$","M","M","R","$","M","M","B",null,"R","M","M","?","M","?","T","R","M","R","M","?","R","$","M","B",null],"character_chosen":"SLIMEBOUND","items_purchased":["PreservedInsect","Darkstone Periapt","expansioncontent:DashGenerateEvil","Slimebound:SlimeBarrage","Slimebound:SpikyOuterGoop","ColorlessPotion"],"campfire_rested":3,"item_purchase_floors":[26,26,48,48,48,48],"current_hp_per_floor":[65,65,64,64,65,65,65,60,65,54,47,65,65,49,40,46,65,65,57,54,30,41,41,41,26,35,29,16,35,38,41,46,34,83,83,62,65,65,47,47,47,83,83,83,83,93,93,81,69,73],"gold":50,"neow_bonus":"ONE_RANDOM_RARE_CARD","is_daily":false,"chose_seed":false,"campfire_upgraded":3,"win_rate":0.0,"timestamp":1612545896,"path_taken":["R","M","M","?","$","M","T","E","?","?","E","R","E","?","M","BOSS","R","M","?","M","M","?","T","?","$","?","M","R","$","M","M","BOSS","R","M","M","?","M","?","T","R","M","R","M","?","R","$","M","BOSS"],"items_purchased_type":["Relic","Relic","Card","Card","Card","Potion"],"build_version":"2020-12-22","purchased_purges":2,"victory":true,"max_hp_per_floor":[65,65,65,65,65,65,65,65,65,65,65,65,65,65,65,65,65,65,65,65,65,65,65,65,65,65,65,65,65,65,65,65,65,83,83,83,83,83,83,83,83,83,83,83,83,93,93,93,93,93],"card_choices":[{"not_picked":["Slimebound:PressTheAttack","Slimebound:Nibble"],"picked":"Slimebound:SplitSpecialist","floor":2},{"not_picked":["Slimebound:LeechEnergy","Slimebound:ItLooksTasty"],"picked":"Slimebound:ForwardTackle","floor":3},{"not_picked":["Slimebound:MegaLick","Slimebound:HauntingLick"],"picked":"Slimebound:SplitMire","floor":5},{"not_picked":["Slimebound:ComboTackle","Slimebound:DuplicatedForm"],"picked":"Slimebound:SplitLeeching","floor":6},{"not_picked":["Slimebound:ComboTackle","Slimebound:Chomp","Slimebound:SlimeSpikes"],"picked":"SKIP","floor":8},{"not_picked":["Slimebound:GoopSpray","Slimebound:MegaLick"],"picked":"Slimebound:Recycling","floor":9},{"not_picked":["Slimebound:FinishingTackle","Slimebound:PressTheAttack","Slimebound:HungryTackle"],"picked":"SKIP","floor":10},{"not_picked":["Slimebound:RejuvenatingLick","Slimebound:Repurpose"],"picked":"Slimebound:FormOfPuddle","floor":11},{"not_picked":["Slimebound:MegaLick","Slimebound:SplitMire"],"picked":"Slimebound:SplitLeeching","floor":13},{"not_picked":["Slimebound:FinishingTackle","Slimebound:Schlurp"],"picked":"Slimebound:LivingWall","floor":14},{"not_picked":["Slimebound:Recycling","Slimebound:SplitAcid"],"picked":"Slimebound:LevelUp","floor":15},{"not_picked":["Slimebound:DuplicatedForm","Slimebound:LeechLife"],"picked":"Slimebound:Overexert","floor":16},{"not_picked":["Slimebound:LeechingTouch","Slimebound:PressTheAttack"],"picked":"Slimebound:Repurpose","floor":19},{"not_picked":["Slimebound:RejuvenatingLick","Slimebound:Repurpose"],"picked":"Slimebound:LevelUp+1","floor":20},{"not_picked":["Slimebound:Schlurp","Slimebound:AcidTongue"],"picked":"Slimebound:LeadByExample","floor":21},{"not_picked":["Slimebound:SplitMire+1","Slimebound:FinishingTackle+1"],"picked":"Slimebound:SplitLeeching+1","floor":22},{"not_picked":["Slimebound:Schlurp","Slimebound:SlimeBrawl"],"picked":"Slimebound:SplitAcid+1","floor":25},{"not_picked":["Slimebound:TongueLash","Slimebound:Recycling"],"picked":"Slimebound:SpikyOuterGoop+1","floor":26},{"not_picked":["Slimebound:GoopSpray","Slimebound:MegaLick"],"picked":"Slimebound:SplitSpecialist","floor":27},{"not_picked":["Slimebound:Schlurp","Slimebound:PressTheAttack","Slimebound:GoopTackle"],"picked":"SKIP","floor":28},{"not_picked":["Slimebound:Prepare","Slimebound:SlimeSpikes+1"],"picked":"Slimebound:SamplingLick","floor":30},{"not_picked":["Slimebound:TongueLash","Slimebound:Prepare"],"picked":"Slimebound:SlimeTap+1","floor":31},{"not_picked":["Slimebound:RollThrough","Slimebound:AcidTongue"],"picked":"Slimebound:Overexert","floor":32},{"not_picked":["Slimebound:Recycling","Slimebound:Teamwork"],"picked":"Slimebound:OozeBath","floor":33},{"not_picked":["ReplayTheSpireMod:Splinters","downfall:Malfunctioning"],"picked":"Decay","floor":34},{"not_picked":["Sickly","downfall:Bewildered"],"picked":"Amnesia","floor":34},{"not_picked":["Replay:Hysterical Blindness","Amnesia"],"picked":"Overencumbered","floor":34},{"not_picked":["Slimebound:LeechEnergy","Slimebound:PressTheAttack","Slimebound:GoopSpray+1"],"picked":"SKIP","floor":36},{"not_picked":["Slimebound:SlimeSpikes+1","Slimebound:FinishingTackle+1"],"picked":"Slimebound:ProtectTheBoss+1","floor":37},{"not_picked":["Slimebound:SlimeBrawl","Slimebound:Gluttony"],"picked":"Slimebound:SplitSpecialist+1","floor":39},{"not_picked":["Slimebound:GoopTackle","Slimebound:FinishingTackle"],"picked":"Slimebound:LeadByExample+1","floor":43},{"not_picked":["Slimebound:HauntingLick","Slimebound:LeechingTouch","Slimebound:Prepare+1"],"picked":"SKIP","floor":45},{"not_picked":["Slimebound:Recycling","Slimebound:SlimeBrawl+1"],"picked":"Slimebound:HauntingLick+1","floor":48},{"not_picked":["Slimebound:ComboTackle","Slimebound:FinishingTackle"],"picked":"Slimebound:SplitMire+1","floor":49}],"player_experience":372222,"relics_obtained":[{"floor":1,"key":"Pet Ghost"},{"floor":7,"key":"Bronze Scales"},{"floor":8,"key":"Pondfish Scales"},{"floor":11,"key":"Replay:Bottled Eggs"},{"floor":13,"key":"CaptainsWheel"},{"floor":14,"key":"Replay:WaspNest"},{"floor":24,"key":"Akabeko"},{"floor":40,"key":"ReplayTheSpireMod:Ring of Collecting"},{"floor":41,"key":"Regal Pillow"},{"floor":41,"key":"ReplayTheSpireMod:Ring of Challenge"}],"event_choices":[],"is_beta":false,"boss_relics":[{"not_picked":["Philosopher\u0027s Stone","Pandora\u0027s Box"],"picked":"Slimebound:AbsorbEndCombatUpgraded"},{"not_picked":["Runic Pyramid","Astrolabe"],"picked":"Replay:Ancient Bell"},{"not_picked":["Happy Flower","Replay:Baseball"],"picked":"Slimebound:AggressiveSlimeRelic"},{"not_picked":["Onion Ring","Replay:Ringing Soul"],"picked":"Chameleon Ring"},{"not_picked":["Shovel","Counterbalance"],"picked":"Incense Burner"}],"items_purged_floors":[5,48],"is_endless":false,"potions_floor_spawned":[6,8,10,19,21,31,32,33,43,49],"ascension_level":2}}