{"host":"22ezjknwheybwqtz","time":1612558906,"event":{"mods":["BaseMod","Downfall","Minty Spire (QoL Compilation)","Replay The Spire","Shop Mod","StSLib"],"gold_per_floor":[99,116,116,171,171,621,621,621,632,71,71,93,93,93,103,207,207,107,119,131,143,161,188,188,188,217,230,30,44,44,60,76,171,221,221,236,47,60,75,75,127,127,142,195,210,210,224,224,241,241,241,241],"floor_reached":50,"language":"ENG","playtime":2574,"items_purged":["downfall:Icky","downfall:Icky"],"score":576,"play_id":"51279dd6-a0e6-43a1-b51d-569f74fab1ea","local_time":"20210206050146","is_ascension_mode":false,"campfire_choices":[{"data":"bronze:Replicate","floor":1,"key":"SMITH"},{"data":"bronze:DelayedSlice","floor":8,"key":"SMITH"},{"data":"bronze:Goto","floor":11,"key":"SMITH"},{"floor":13,"key":"RECALL"},{"floor":18,"key":"REST"},{"floor":28,"key":"REST"},{"floor":30,"key":"REST"},{"floor":35,"key":"DIG"},{"floor":40,"key":"REST"},{"floor":42,"key":"REST"},{"floor":46,"key":"REST"}],"circlet_count":0,"master_deck":["bronze:Strike+1","bronze:Strike+1","bronze:Strike","bronze:Defend+1","bronze:Defend","bronze:Replicate+1","bronze:Goto+1","bronze:HyperBeam+1","bronze:Branch+1","bronze:DelayedSlice+1","downfall:Icky","bronze:Separator+1","bronze:Repulsor+1","expansioncontent:AwakenDeath+1","Midas Touch+1","Dramatic Entrance+1","Master of Strategy+1","bronze:CutThrough+1","Amnesia","bronze:GetLatest","bronze:Break+1","bronze:ClassDefault+1","bronze:RecursiveStrike+1","bronze:BuggyMess+1","bronze:DelayedSlice+1","bronze:FineTuning","bronze:Verify+1","Writhe","bronze:Overheat+1","bronze:Branch+1","bronze:DelayedSlice+1","expansioncontent:DashGenerateEvil+1","bronze:DelayedSlice+1","bronze:Assembly+1","expansioncontent:LastStand"],"relics":["bronze:BronzeCore","Ring of Fangs","Thread and Needle","Golden Egg","Molten Egg 2","ReplayTheSpireMod:ShopPack","Whetstone","Odd Mushroom","Replay:Grab Bag","Fusion Hammer","Painkiller Herb","Astrolabe","downfall:HeartBlessingRed","WingedGreaves","Potion Belt","Bag of Preparation","downfall:HeartBlessingGreen","downfall:HeartBlessingBlue","Tiny House","Vajra","ReplayFunnel","Prayer Wheel"],"acts_visited":["Exordium","TheCity","TheBeyond"],"potions_floor_usage":[26,26,33,45,50,50,50],"damage_taken":[{"damage":9,"enemies":"2 Louse","floor":2,"turns":3},{"damage":26,"enemies":"Gremlin Nob","floor":4,"turns":5},{"damage":0,"enemies":"Small Slimes","floor":9,"turns":3},{"damage":1,"enemies":"downfall:FleeingMerchant","floor":10,"turns":4},{"damage":0,"enemies":"The Mushroom Lair","floor":12,"turns":2},{"damage":0,"enemies":"Jaw Worm","floor":15,"turns":2},{"damage":15,"enemies":"SI_SHIV_ARCHETYPE","floor":16,"turns":5},{"damage":13,"enemies":"Shell Parasite","floor":19,"turns":3},{"damage":6,"enemies":"Chosen and Byrds","floor":20,"turns":3},{"damage":0,"enemies":"Sentry and Sphere","floor":21,"turns":2},{"damage":7,"enemies":"Snake Plant","floor":22,"turns":2},{"damage":29,"enemies":"Book of Stabbing","floor":23,"turns":4},{"damage":23,"enemies":"Gremlin Leader","floor":26,"turns":3},{"damage":0,"enemies":"Snecko","floor":27,"turns":3},{"damage":21,"enemies":"Sentry and Sphere","floor":29,"turns":4},{"damage":0,"enemies":"3 Cultists","floor":31,"turns":3},{"damage":5,"enemies":"Snecko","floor":32,"turns":3},{"damage":47,"enemies":"DF_ARCHETYPE_CLAW","floor":33,"turns":6},{"damage":16,"enemies":"3 Darklings","floor":36,"turns":2},{"damage":11,"enemies":"downfall:FleeingMerchant","floor":37,"turns":4},{"damage":9,"enemies":"Orb Walker","floor":38,"turns":3},{"damage":0,"enemies":"3 Darklings","floor":39,"turns":2},{"damage":24,"enemies":"Spire Growth","floor":43,"turns":3},{"damage":16,"enemies":"2 Orb Walkers","floor":44,"turns":3},{"damage":21,"enemies":"Maw","floor":45,"turns":6},{"damage":67,"enemies":"Writhing Mass","floor":47,"turns":5},{"damage":25,"enemies":"3 Darklings","floor":49,"turns":2},{"damage":58,"enemies":"WA_ARCHETYPE_DIVINITY","floor":50,"turns":5}],"seed_played":"7742945869040010784","potions_obtained":[{"floor":12,"key":"PowerPotion"},{"floor":15,"key":"Fire Potion"},{"floor":16,"key":"hexamod:SoulburnPotion"},{"floor":23,"key":"Regen Potion"},{"floor":26,"key":"Energy Potion"},{"floor":29,"key":"Death Potion"},{"floor":31,"key":"DuplicationPotion"},{"floor":34,"key":"Venom Potion"},{"floor":36,"key":"SpeedPotion"},{"floor":43,"key":"CultistPotion"},{"floor":44,"key":"Explosive Potion"}],"is_trial":false,"path_per_floor":["R","M","?","?","T","?","T","R","M","$","R","?","R","?","M","B",null,"T","?","?","?","?","E","T","?","E","?","T","?","T","?","?","B",null,"T","?","T","?","?","T","T","T","?","?","?","T","?","?","?","B"],"character_chosen":"THE_AUTOMATON","items_purchased":["expansioncontent:AwakenDeath","ReplayTheSpireMod:ShopPack","Whetstone","expansioncontent:DashGenerateEvil"],"campfire_rested":6,"item_purchase_floors":[10,10,10,37],"current_hp_per_floor":[70,61,61,35,35,35,35,35,35,34,34,34,34,34,34,19,70,70,57,51,51,44,15,15,15,29,29,63,42,66,66,61,14,85,85,69,58,49,49,74,74,85,61,45,24,49,30,30,5,0,0,0],"gold":241,"neow_bonus":"ONE_RANDOM_RARE_CARD","is_daily":false,"chose_seed":false,"campfire_upgraded":3,"win_rate":0.0,"timestamp":1612558906,"path_taken":["R","M","?","?","?","?","T","R","M","$","R","?","R","?","M","BOSS","T","?","?","?","?","E","T","?","E","?","T","?","T","?","?","BOSS","T","?","T","?","?","T","T","T","?","?","?","T","?","?","?","BOSS"],"items_purchased_type":["Card","Relic","Relic","Card"],"build_version":"2020-12-22","purchased_purges":2,"victory":false,"max_hp_per_floor":[70,70,70,70,70,70,70,70,70,70,70,70,70,70,70,70,70,70,70,70,70,70,70,70,70,70,70,80,80,80,80,80,80,85,85,85,85,85,85,85,85,85,85,85,85,85,85,85,85,85,85,85],"card_choices":[{"not_picked":["bronze:BuggyMess","bronze:Shield"],"picked":"bronze:Branch","floor":2},{"not_picked":["bronze:Frontload","bronze:ClassDefault"],"picked":"bronze:DelayedSlice","floor":4},{"not_picked":["bronze:DelayedGuard","bronze:WildBeam+1"],"picked":"bronze:Separator+1","floor":9},{"not_picked":["bronze:FineTuning","bronze:FollowUp+1"],"picked":"bronze:Repulsor","floor":10},{"not_picked":["Thinking Ahead","Poisoned Strike"],"picked":"Midas Touch","floor":10},{"not_picked":["Replay:Bootleg Shield Generator","Mind Blast"],"picked":"Dramatic Entrance","floor":10},{"not_picked":["Madness","Transmutation"],"picked":"Master of Strategy","floor":10},{"not_picked":["bronze:WhirlingStrike+1","bronze:BugBarrage+1"],"picked":"bronze:CutThrough+1","floor":12},{"not_picked":["bronze:DigitalCarnage+1","bronze:BuggyMess"],"picked":"bronze:GetLatest","floor":15},{"not_picked":["bronze:CleanCode","bronze:FindAndReplace"],"picked":"bronze:Break+1","floor":16},{"not_picked":["bronze:CloningBeam+1","bronze:BronzeOrb+1","bronze:CutThrough+1"],"picked":"SKIP","floor":19},{"not_picked":["bronze:Repulsor","bronze:DigitalCarnage+1"],"picked":"bronze:DelayedSlice+1","floor":20},{"not_picked":["bronze:Shield+1","bronze:Deprecate","bronze:DelayedGuard"],"picked":"SKIP","floor":21},{"not_picked":["bronze:Separator+1","bronze:DigitalCarnage+1"],"picked":"bronze:FineTuning","floor":22},{"not_picked":["bronze:BuggyMess+1","bronze:Overload+1"],"picked":"bronze:Verify","floor":23},{"not_picked":["bronze:ForLoop+1","bronze:Constructor+1"],"picked":"bronze:Overheat+1","floor":26},{"not_picked":["bronze:ForceShield","bronze:OilSpill+1"],"picked":"bronze:Branch+1","floor":27},{"not_picked":["bronze:BuggyMess+1","bronze:Overheat+1","bronze:Separator+1"],"picked":"SKIP","floor":29},{"not_picked":["bronze:OilSpill+1","bronze:Invalidate","bronze:Separator+1"],"picked":"SKIP","floor":31},{"not_picked":["bronze:Overheat+1","bronze:Verify","bronze:ChildClass"],"picked":"SKIP","floor":32},{"not_picked":["bronze:Constructor","bronze:ChosenStrike+1"],"picked":"bronze:DelayedSlice+1","floor":34},{"not_picked":["bronze:ChosenStrike+1","bronze:Shell+1","bronze:OilSpill+1"],"picked":"SKIP","floor":36},{"not_picked":["bronze:Separator+1","bronze:Fortify+1","bronze:DigitalCarnage+1"],"picked":"SKIP","floor":37},{"not_picked":["bronze:Shield","bronze:WhirlingStrike+1","bronze:BronzeOrb+1"],"picked":"SKIP","floor":38},{"not_picked":["bronze:Separator+1","bronze:ClassDefault"],"picked":"bronze:DelayedSlice+1","floor":39},{"not_picked":["bronze:BitShift","bronze:CutThrough+1","bronze:Constructor"],"picked":"SKIP","floor":43},{"not_picked":["bronze:OilSpill+1","bronze:ClassDefault"],"picked":"bronze:Assembly","floor":44},{"not_picked":["bronze:Constructor+1","bronze:Frontload","bronze:BitShift+1"],"picked":"SKIP","floor":45},{"not_picked":["bronze:OilSpill+1","bronze:BugBarrage+1","bronze:Turbo+1"],"picked":"SKIP","floor":45},{"not_picked":["bronze:OilSpill+1","bronze:Frontload+1","bronze:WildBeam+1"],"picked":"SKIP","floor":47},{"not_picked":["bronze:Overheat+1","bronze:ForLoop+1","bronze:DigitalCarnage+1"],"picked":"SKIP","floor":47},{"not_picked":["expansioncontent:Hexaburn","Replay:SS_hec_1"],"picked":"expansioncontent:LastStand","floor":48},{"not_picked":["bronze:DarkDash+1","bronze:Deprecate+1","bronze:Turbo"],"picked":"SKIP","floor":49},{"not_picked":["bronze:NullPointer+1","bronze:BuggyMess","bronze:Deprecate+1"],"picked":"SKIP","floor":49}],"player_experience":98781,"relics_obtained":[{"floor":3,"key":"Ring of Fangs"},{"floor":4,"key":"Thread and Needle"},{"floor":5,"key":"Golden Egg"},{"floor":7,"key":"Molten Egg 2"},{"floor":12,"key":"Odd Mushroom"},{"floor":23,"key":"WingedGreaves"},{"floor":26,"key":"Bag of Preparation"},{"floor":35,"key":"Vajra"},{"floor":41,"key":"ReplayFunnel"},{"floor":44,"key":"Prayer Wheel"}],"event_choices":[{"damage_healed":0,"gold_gain":0,"player_choice":"Fought Mushrooms","damage_taken":0,"max_hp_gain":0,"max_hp_loss":0,"event_name":"Mushrooms","floor":12,"gold_loss":0},{"damage_healed":0,"gold_gain":0,"player_choice":"Fight","damage_taken":0,"max_hp_gain":0,"max_hp_loss":0,"event_name":"Mysterious Sphere","floor":44,"gold_loss":0}],"is_beta":false,"boss_relics":[{"not_picked":["Black Star","Velvet Choker"],"picked":"Replay:Grab Bag"},{"not_picked":["Abe\u0027s Treasure","Sozu"],"picked":"Fusion Hammer"},{"not_picked":["Philosopher\u0027s Stone","Coffee Dripper"],"picked":"Painkiller Herb"},{"not_picked":["Empty Cage","SlaversCollar"],"picked":"Astrolabe"},{"not_picked":["ReplayTheSpireMod:DimensionalGlitch","SacredBark"],"picked":"Tiny House"}],"items_purged_floors":[10,10],"is_endless":false,"potions_floor_spawned":[12,15,16,21,23,26,29,31,36,38,43,44],"killed_by":"WA_ARCHETYPE_DIVINITY","ascension_level":0}}