{"host":"0awa854l6bexpjrv","time":1612506937,"event":{"mods":["BaseMod","Block Reminder","Colored Map","Colored Powertips","Downfall","Highlight Path","Minty Spire (QoL Compilation)","Quick Restart","Rare Cards Sparkle","StSLib","SuperFastMode"],"gold_per_floor":[119,119,7,7,7,7,20,20,20,39,39,39,39,53,53,158,158,168,33,33,48,48,48,58,58,139,54,69,69,85,15,15,118,118,130,149,159,172,53,53,79,79,79,79,114,14,0,18,18,18],"floor_reached":51,"language":"ENG","playtime":3685,"items_purged":["Defend_P","Defend_P","downfall:Bewildered"],"score":911,"play_id":"a1d86cd8-e2ed-4f33-9f58-e60e55232532","local_time":"20210204223537","is_ascension_mode":true,"campfire_choices":[{"data":"Eruption","floor":6.0,"key":"SMITH"},{"floor":12.0,"key":"REST"},{"data":"EmptyFist","floor":15.0,"key":"SMITH"},{"data":"Establishment","floor":23.0,"key":"SMITH"},{"data":"ReachHeaven","floor":25.0,"key":"SMITH"},{"data":"Vigilance","floor":29.0,"key":"SMITH"},{"data":"Nirvana","floor":32.0,"key":"SMITH"},{"floor":40,"key":"REST"},{"floor":42,"key":"REST"},{"floor":44,"key":"REST"},{"data":"ConjureBlade","floor":49,"key":"SMITH"}],"circlet_count":0,"master_deck":["Strike_P","Strike_P+1","Strike_P","Strike_P","Defend_P","Defend_P","Eruption+1","Vigilance+1","EmptyFist+1","Wireheading","WheelKick","ThirdEye+1","InnerPeace","Establishment+1","FollowUp","FlyingSleeves","FlyingSleeves","ReachHeaven+1","CutThroughFate","Nirvana+1","CutThroughFate","ConjureBlade+1","ThirdEye","BowlingBash","BowlingBash+1","FlurryOfBlows+1","EmptyFist"],"relics":["PureWater","Nunchaku","Blue Candle","The Courier","Busted Crown","sneckomod:BabySnecko","Pantograph","Anchor","Runic Pyramid","Bag of Preparation","Gremlin Horn","Thread and Needle","Orichalcum","Red Mask"],"acts_visited":["Exordium","TheCity","TheBeyond"],"potions_floor_usage":[38,50,50],"damage_taken":[{"damage":2.0,"enemies":"2 Louse","floor":1.0,"turns":2.0},{"damage":6.0,"enemies":"Jaw Worm","floor":7.0,"turns":2.0},{"damage":0.0,"enemies":"Cultist","floor":10.0,"turns":2.0},{"damage":0.0,"enemies":"Blue Slaver","floor":14.0,"turns":2.0},{"damage":42.0,"enemies":"Hexaghost","floor":16.0,"turns":7.0},{"damage":13.0,"enemies":"2 Thieves","floor":18.0,"turns":4.0},{"damage":11.0,"enemies":"3 Byrds","floor":21.0,"turns":6.0},{"damage":8.0,"enemies":"Snake Plant","floor":24.0,"turns":3.0},{"damage":8.0,"enemies":"Shelled Parasite and Fungi","floor":28.0,"turns":4.0},{"damage":17.0,"enemies":"Centurion and Healer","floor":30.0,"turns":5.0},{"damage":27.0,"enemies":"Champ","floor":33.0,"turns":8.0},{"damage":8.0,"enemies":"3 Shapes","floor":35.0,"turns":5.0},{"damage":0.0,"enemies":"Orb Walker","floor":36.0,"turns":2.0},{"damage":38,"enemies":"Sphere and 2 Shapes","floor":37,"turns":6},{"damage":6,"enemies":"4 Shapes","floor":38,"turns":5},{"damage":24,"enemies":"Giant Head","floor":41,"turns":6},{"damage":0,"enemies":"Reptomancer","floor":45,"turns":5},{"damage":5,"enemies":"3 Darklings","floor":48,"turns":4},{"damage":103,"enemies":"Awakened One","floor":50,"turns":13}],"seed_played":"6342483918725585923","potions_obtained":[{"floor":8.0,"key":"Fruit Juice"},{"floor":8.0,"key":"LiquidBronze"},{"floor":8.0,"key":"Swift Potion"},{"floor":14.0,"key":"FearPotion"},{"floor":21.0,"key":"DistilledChaos"},{"floor":28.0,"key":"Strength Potion"},{"floor":33.0,"key":"Weak Potion"},{"floor":35.0,"key":"FairyPotion"},{"floor":37,"key":"PowerPotion"},{"floor":45,"key":"SpeedPotion"},{"floor":48,"key":"Weak Potion"}],"is_trial":false,"path_per_floor":["M","?","$","?","$","R","M","?","T","M","?","R","$","M","R","B",null,"M","$","?","M","?","R","M","R","T","?","M","R","M","$","R","B",null,"M","M","M","M","$","R","E","R","T","R","E","$","?","M","R","B",null],"character_chosen":"WATCHER","items_purchased":["Wireheading","FollowUp","FlyingSleeves","Nirvana","CutThroughFate","Bag of Preparation"],"campfire_rested":4,"item_purchase_floors":[3,19,19,31,31,39],"current_hp_per_floor":[70,75,75,63,63,63,57,62,62,62,46,70,70,70,70,28,82,69,69,69,58,82,82,74,74,74,74,66,66,49,49,49,47,82,74,74,36,30,30,54,30,54,54,78,78,78,78,73,73,11],"gold":18,"neow_bonus":"RANDOM_COMMON_RELIC","is_daily":false,"chose_seed":false,"campfire_upgraded":7,"win_rate":0.0,"timestamp":1612506937,"path_taken":["M","?","$","?","$","R","M","?","T","?","?","R","?","M","R","BOSS","M","$","?","M","?","R","M","R","T","?","M","R","M","?","R","BOSS","M","M","M","M","$","R","E","R","T","R","E","$","?","M","R","BOSS"],"items_purchased_type":["Card","Card","Card","Card","Card","Relic"],"build_version":"2020-12-22","purchased_purges":3,"victory":true,"max_hp_per_floor":[72,77,77,77,77,77,77,82,82,82,82,82,82,82,82,82,82,82,82,82,82,82,82,82,82,82,82,82,82,82,82,82,82,82,82,82,82,82,82,82,82,82,82,82,82,82,82,82,82,82],"card_choices":[{"not_picked":["CrushJoints","FollowUp"],"picked":"EmptyFist","floor":1.0},{"not_picked":["Halt","ThirdEye"],"picked":"WheelKick","floor":7.0},{"not_picked":["Fasting2","FlyingSleeves"],"picked":"ThirdEye","floor":10.0},{"not_picked":["Vengeance","ThirdEye"],"picked":"InnerPeace","floor":14.0},{"not_picked":["ConjureBlade","DeusExMachina"],"picked":"Establishment","floor":16.0},{"not_picked":["Wireheading"],"picked":"SKIP","floor":18.0},{"not_picked":[],"picked":"FlyingSleeves","floor":21.0},{"not_picked":[],"picked":"ReachHeaven","floor":24.0},{"not_picked":["MentalFortress"],"picked":"SKIP","floor":28.0},{"not_picked":[],"picked":"CutThroughFate","floor":30.0},{"not_picked":[],"picked":"ConjureBlade","floor":33.0},{"not_picked":[],"picked":"ThirdEye","floor":35.0},{"not_picked":["Prostrate"],"picked":"SKIP","floor":36.0},{"not_picked":[],"picked":"BowlingBash","floor":37},{"not_picked":[],"picked":"BowlingBash+1","floor":38},{"not_picked":[],"picked":"FlurryOfBlows+1","floor":41},{"not_picked":["EmptyFist"],"picked":"SKIP","floor":45},{"not_picked":[],"picked":"EmptyFist","floor":45},{"not_picked":["FollowUp"],"picked":"SKIP","floor":48}],"player_experience":718409,"relics_obtained":[{"floor":9.0,"key":"The Courier"},{"floor":26.0,"key":"Pantograph"},{"floor":41,"key":"Gremlin Horn"},{"floor":43,"key":"Thread and Needle"},{"floor":45,"key":"Orichalcum"}],"event_choices":[{"damage_healed":0.0,"max_hp_gain":5.0,"max_hp_loss":0.0,"gold_gain":0.0,"event_name":"Big Fish","player_choice":"Donut","floor":2.0,"gold_loss":0.0,"damage_taken":0.0},{"damage_healed":0.0,"max_hp_gain":0.0,"max_hp_loss":0.0,"gold_gain":0.0,"event_name":"Scrap Ooze","player_choice":"Success","floor":4.0,"gold_loss":0.0,"damage_taken":12.0,"relics_obtained":["Blue Candle"]},{"damage_healed":0.0,"max_hp_gain":0.0,"max_hp_loss":0.0,"gold_gain":0.0,"event_name":"Lab","player_choice":"Got Potions","floor":8.0,"gold_loss":0.0,"damage_taken":0.0},{"damage_healed":0.0,"max_hp_gain":0.0,"max_hp_loss":0.0,"gold_gain":0.0,"event_name":"Shining Light","player_choice":"Entered Light","floor":11.0,"gold_loss":0.0,"damage_taken":16.0,"cards_upgraded":["ThirdEye","Strike_P"]},{"damage_healed":27.0,"max_hp_gain":0.0,"max_hp_loss":0.0,"gold_gain":0.0,"event_name":"The Library","player_choice":"Heal","floor":22.0,"gold_loss":0.0,"damage_taken":0.0},{"damage_healed":0.0,"max_hp_gain":0.0,"max_hp_loss":0.0,"gold_gain":0.0,"event_name":"Addict","player_choice":"Obtained Relic","floor":27.0,"gold_loss":85.0,"damage_taken":0.0,"relics_obtained":["Anchor"]},{"damage_healed":0,"gold_gain":0,"player_choice":"Paid","damage_taken":0,"relics_obtained":["Red Mask"],"max_hp_gain":0,"max_hp_loss":0,"event_name":"Tomb of Lord Red Mask","floor":47,"gold_loss":14}],"is_beta":false,"boss_relics":[{"not_picked":["SlaversCollar","HolyWater"],"picked":"Busted Crown"},{"not_picked":["bronze:MakeshiftBattery","Tiny House"],"picked":"Runic Pyramid"}],"items_purged_floors":[3,19,46],"is_endless":false,"potions_floor_spawned":[14,21,28,33,35,37,45,48],"ascension_level":1}}