{"host":"kxz5izodaorfb9am","time":1612555560,"event":{"mods":["BaseMod","GifTheSpireLib","Minty Spire (QoL Compilation)","Shop Mod","StSLib"],"gold_per_floor":[111,111,32,32,56,56,56,56,56,56,70,93,93,117,117,238,238,257,356,356,371,146,146,146],"floor_reached":23,"language":"ENG","playtime":707,"items_purged":["Strike_R"],"score":261,"play_id":"15365ee1-ed7f-4d3a-9cde-403f445d20d0","local_time":"20210205210600","is_ascension_mode":true,"campfire_choices":[{"data":"Body Slam","floor":6,"key":"SMITH"},{"data":"Juggernaut","floor":8,"key":"SMITH"},{"data":"Juggernaut","floor":10,"key":"SMITH"},{"data":"Offering","floor":15,"key":"SMITH"}],"circlet_count":0,"master_deck":["Strike_R","Defend_R","Defend_R","Defend_R","Defend_R","Bash","Juggernaut+1","Body Slam+1","Battle Trance","Juggernaut+1","Offering+1","Barricade","Power Through"],"relics":["Burning Blood","Golden Idol","Kunai","Lantern","Empty Cage","Membership Card"],"acts_visited":["Exordium","TheCity"],"potions_floor_usage":[16],"damage_taken":[{"damage":0,"enemies":"Cultist","floor":1,"turns":4},{"damage":6,"enemies":"Small Slimes","floor":5,"turns":2},{"damage":12,"enemies":"2 Louse","floor":11,"turns":3},{"damage":6,"enemies":"Exordium Thugs","floor":12,"turns":2},{"damage":6,"enemies":"Slime Boss","floor":16,"turns":6},{"damage":32,"enemies":"3 Byrds","floor":18,"turns":5},{"damage":13,"enemies":"Spheric Guardian","floor":21,"turns":4},{"damage":6,"enemies":"Slavers","floor":23,"turns":1}],"seed_played":"-1282985320274603937","potions_obtained":[{"floor":12,"key":"CultistPotion"},{"floor":18,"key":"Ancient Potion"}],"is_trial":false,"path_per_floor":["M","?","$","?","M","R","?","R","T","R","M","M","?","T","R","B",null,"M","?","?","M","$","E"],"character_chosen":"IRONCLAD","items_purchased":["Offering","Membership Card"],"campfire_rested":0,"item_purchase_floors":[3,22],"current_hp_per_floor":[72,72,72,54,54,54,59,59,59,59,53,53,46,46,46,46,77,51,51,51,44,44,38,38],"gold":146,"neow_bonus":"THREE_RARE_CARDS","is_daily":false,"chose_seed":false,"campfire_upgraded":4,"win_rate":0.0,"timestamp":1612555560,"path_taken":["M","?","?","?","M","R","?","R","T","R","?","M","?","?","R","BOSS","M","?","?","?","$","E"],"items_purchased_type":["Card","Relic"],"build_version":"2020-12-22","purchased_purges":1,"victory":false,"max_hp_per_floor":[72,72,72,72,72,72,77,77,77,77,77,77,77,77,77,77,77,77,77,77,77,77,77,77],"card_choices":[{"not_picked":["Offering","Immolate"],"picked":"Juggernaut","floor":0},{"not_picked":["Headbutt","Cleave","Shockwave"],"picked":"SKIP","floor":1},{"not_picked":["Heavy Blade","Dark Embrace","Perfected Strike"],"picked":"SKIP","floor":5},{"not_picked":["Dropkick","Havoc","Rampage"],"picked":"SKIP","floor":11},{"not_picked":["Combust","Rampage","Perfected Strike"],"picked":"SKIP","floor":12},{"not_picked":["Feed","Immolate"],"picked":"Barricade","floor":16},{"not_picked":["Havoc+1","Rupture+1"],"picked":"Power Through","floor":18},{"not_picked":["Havoc","Blood for Blood","Spot Weakness"],"picked":"SKIP","floor":21}],"player_experience":295847,"relics_obtained":[{"floor":9,"key":"Kunai"},{"floor":14,"key":"Lantern"}],"event_choices":[{"damage_healed":0,"gold_gain":0,"player_choice":"3 cards matched","damage_taken":0,"max_hp_gain":0,"max_hp_loss":0,"event_name":"Match and Keep!","floor":2,"gold_loss":0,"cards_obtained":["Body Slam","Battle Trance","Juggernaut"]},{"damage_healed":0,"gold_gain":0,"player_choice":"Take Damage","damage_taken":18,"relics_obtained":["Golden Idol"],"max_hp_gain":0,"max_hp_loss":0,"event_name":"Golden Idol","floor":4,"gold_loss":0},{"damage_healed":0,"gold_gain":0,"player_choice":"Donut","damage_taken":0,"max_hp_gain":5,"max_hp_loss":0,"event_name":"Big Fish","floor":7,"gold_loss":0},{"cards_removed":["Strike_R"],"damage_healed":0,"gold_gain":0,"player_choice":"Card Removal","damage_taken":7,"max_hp_gain":0,"max_hp_loss":0,"event_name":"Golden Wing","floor":13,"gold_loss":0},{"damage_healed":0,"gold_gain":99,"player_choice":"Stole From Cult","damage_taken":0,"max_hp_gain":0,"max_hp_loss":0,"event_name":"Nest","floor":19,"gold_loss":0},{"damage_healed":0,"gold_gain":0,"player_choice":"0 cards matched","damage_taken":0,"max_hp_gain":0,"max_hp_loss":0,"event_name":"Match and Keep!","floor":20,"gold_loss":0,"cards_obtained":[]}],"is_beta":false,"boss_relics":[{"not_picked":["SacredBark","Black Star"],"picked":"Empty Cage"}],"items_purged_floors":[22],"is_endless":false,"potions_floor_spawned":[12,18],"killed_by":"Slavers","ascension_level":3}}