{"host":"zxkjcgzis4pm3za5","time":1612496509,"event":{"mods":["AchievementEnabler","Act Like it!","BaseMod","Colored Map","Colored Powertips","Friendly Minions","GifTheSpireLib","Minty Spire (QoL Compilation)","Quick Restart","Random Character Button","Relic Sorter","Relic Stats","StSLib"],"gold_per_floor":[117,117,117,117,131,170,185,185,259,280,280,319,83,104,104,194,194,221,221,250,150,150,150,175,228,228,228,228],"floor_reached":27,"language":"ENG","playtime":912,"items_purged":["Strike_R","Strike_R"],"score":519,"play_id":"4b5a4be6-fc63-4722-a693-c3bbc7161860","local_time":"20210205091149","is_ascension_mode":true,"campfire_choices":[{"data":"Armaments","floor":8.0,"key":"SMITH"},{"data":"Whirlwind","floor":11.0,"key":"SMITH"},{"data":"Inflame","floor":15.0,"key":"SMITH"},{"data":"Berserk","floor":23.0,"key":"SMITH"}],"circlet_count":0,"master_deck":["AscendersBane","Strike_R","Strike_R","Strike_R","Defend_R","Defend_R","Defend_R","Defend_R","Bash+1","Shrug It Off","Armaments+1","Whirlwind+1","Headbutt","Ghostly Armor","Seeing Red","Reaper","Inflame+1","True Grit","Clash","Clothesline","Pommel Strike","Berserk+1","CurseOfTheBell","Havoc","Disarm","Disarm"],"relics":["Burning Blood","NeowsBlessing","Golden Idol","Shuriken","MealTicket","HornCleat","Charon\u0027s Ashes","Orrery","Calling Bell","CeramicFish","Meat on the Bone","Calipers","Dream Catcher","Tiny Chest","Blue Candle"],"acts_visited":["Exordium","TheCity"],"potions_floor_usage":[],"damage_taken":[{"damage":0.0,"enemies":"Small Slimes","floor":1.0,"turns":1.0},{"damage":0.0,"enemies":"Jaw Worm","floor":5.0,"turns":1.0},{"damage":0.0,"enemies":"Lagavulin","floor":6.0,"turns":1.0},{"damage":0.0,"enemies":"Cultist","floor":7.0,"turns":3.0},{"damage":13.0,"enemies":"Exordium Wildlife","floor":10.0,"turns":4.0},{"damage":16.0,"enemies":"Gremlin Nob","floor":12.0,"turns":4.0},{"damage":0.0,"enemies":"Blue Slaver","floor":14.0,"turns":4.0},{"damage":38.0,"enemies":"Slime Boss","floor":16.0,"turns":5.0},{"damage":0.0,"enemies":"Spheric Guardian","floor":18.0,"turns":3.0},{"damage":18.0,"enemies":"Chosen","floor":20.0,"turns":5.0},{"damage":30.0,"enemies":"Snake Plant","floor":24.0,"turns":6.0},{"damage":52.0,"enemies":"Slavers","floor":25.0,"turns":5.0},{"damage":34,"enemies":"Book of Stabbing","floor":27,"turns":7}],"seed_played":"7411607427536146559","potions_obtained":[{"floor":7.0,"key":"SkillPotion"},{"floor":12.0,"key":"Fire Potion"},{"floor":14.0,"key":"Fire Potion"},{"floor":16.0,"key":"AttackPotion"},{"floor":18.0,"key":"FearPotion"},{"floor":25.0,"key":"LiquidBronze"}],"is_trial":false,"path_per_floor":["M","?","T","?","M","E","M","R","T","M","R","E","$","M","R","B",null,"M","?","M","$","?","R","M","E","T","E"],"character_chosen":"IRONCLAD","items_purchased":["Orrery"],"campfire_rested":0,"item_purchase_floors":[13],"current_hp_per_floor":[74,48,48,48,54,60,66,66,66,59,59,49,64,70,70,50,69,75,75,63,75,75,75,51,27,27,0,0],"gold":228,"neow_bonus":"THREE_ENEMY_KILL","is_daily":false,"chose_seed":false,"campfire_upgraded":4,"win_rate":0.0,"timestamp":1612496509,"path_taken":["M","?","?","?","M","E","M","R","T","?","R","E","$","M","R","BOSS","M","?","M","?","?","R","M","E","T","E"],"items_purchased_type":["Relic"],"build_version":"2020-12-22","purchased_purges":2,"victory":false,"max_hp_per_floor":[75,75,75,75,75,75,75,75,75,75,75,75,75,75,75,75,75,75,75,75,75,75,75,75,75,75,75,75],"relic_stats":{"Dream Catcher":0,"counters":[13,49],"Golden Idol":70,"Shuriken":[3],"CeramicFish":27,"Blue Candle":[0],"MealTicket":27,"Tiny Chest":0,"Charon\u0027s Ashes":[87],"obtain_stats":[{"Calipers":17,"NeowsBlessing":0,"Golden Idol":2,"CeramicFish":17,"Blue Candle":26,"Charon\u0027s Ashes":12,"Burning Blood":0,"Calling Bell":17,"Dream Catcher":19,"HornCleat":9,"Shuriken":3,"Orrery":13,"MealTicket":6,"Tiny Chest":25,"Meat on the Bone":17},{"Calipers":8,"NeowsBlessing":0,"Golden Idol":1,"CeramicFish":8,"Blue Candle":12,"Charon\u0027s Ashes":6,"Burning Blood":0,"Calling Bell":8,"Dream Catcher":9,"HornCleat":4,"Shuriken":1,"Orrery":6,"MealTicket":3,"Tiny Chest":12,"Meat on the Bone":8},{"Calipers":23,"NeowsBlessing":0,"Golden Idol":1,"CeramicFish":23,"Blue Candle":42,"Charon\u0027s Ashes":14,"Burning Blood":0,"Calling Bell":23,"Dream Catcher":26,"HornCleat":6,"Shuriken":1,"Orrery":14,"MealTicket":3,"Tiny Chest":42,"Meat on the Bone":23}],"Burning Blood":72,"Meat on the Bone":12},"card_choices":[{"not_picked":["Body Slam","Infernal Blade"],"picked":"Shrug It Off","floor":1.0},{"not_picked":["Shrug It Off","Thunderclap"],"picked":"Armaments","floor":5.0},{"not_picked":["Uppercut","Twin Strike"],"picked":"Whirlwind","floor":6.0},{"not_picked":["Flex","Corruption"],"picked":"Headbutt","floor":7.0},{"not_picked":["Clothesline","Iron Wave"],"picked":"Ghostly Armor","floor":10.0},{"not_picked":["Wild Strike","Headbutt"],"picked":"Seeing Red","floor":12.0},{"not_picked":["Shrug It Off","Bloodletting"],"picked":"Reaper","floor":13.0},{"not_picked":["Warcry","Wild Strike"],"picked":"Inflame","floor":13.0},{"not_picked":["Cleave","Perfected Strike"],"picked":"True Grit","floor":13.0},{"not_picked":["Cleave","Juggernaut"],"picked":"Clash","floor":13.0},{"not_picked":["Shrug It Off","Wild Strike"],"picked":"Clothesline","floor":13.0},{"not_picked":["Perfected Strike","Cleave"],"picked":"Pommel Strike","floor":14.0},{"not_picked":["Reaper","Demon Form"],"picked":"Berserk","floor":16.0},{"not_picked":["Clothesline","Flex"],"picked":"Havoc","floor":18.0},{"not_picked":["Wild Strike","Combust"],"picked":"Disarm","floor":20.0},{"not_picked":["Headbutt","Wild Strike","Searing Blow"],"picked":"SKIP","floor":24.0},{"not_picked":["Havoc","Whirlwind"],"picked":"Disarm","floor":25.0}],"player_experience":317333,"relics_obtained":[{"floor":3.0,"key":"Shuriken"},{"floor":6.0,"key":"MealTicket"},{"floor":9.0,"key":"HornCleat"},{"floor":12.0,"key":"Charon\u0027s Ashes"},{"floor":17.0,"key":"CeramicFish"},{"floor":17.0,"key":"Meat on the Bone"},{"floor":17.0,"key":"Calipers"},{"floor":25.0,"key":"Tiny Chest"},{"floor":26.0,"key":"Blue Candle"}],"event_choices":[{"damage_healed":0.0,"max_hp_gain":0.0,"max_hp_loss":0.0,"gold_gain":0.0,"event_name":"Golden Idol","player_choice":"Take Damage","floor":2.0,"gold_loss":0.0,"damage_taken":26.0,"relics_obtained":["Golden Idol"]},{"damage_healed":0.0,"max_hp_gain":0.0,"max_hp_loss":0.0,"gold_gain":0.0,"event_name":"Living Wall","player_choice":"Grow","floor":4.0,"gold_loss":0.0,"damage_taken":0.0,"cards_upgraded":["Bash"]},{"damage_healed":0.0,"max_hp_gain":0.0,"max_hp_loss":0.0,"gold_gain":0.0,"event_name":"WeMeetAgain","player_choice":"Gave Potion","floor":19.0,"gold_loss":0.0,"damage_taken":0.0,"relics_obtained":["Dream Catcher"]},{"damage_healed":0.0,"max_hp_gain":0.0,"max_hp_loss":0.0,"gold_gain":0.0,"event_name":"Ghosts","player_choice":"Ignored","floor":22.0,"gold_loss":0.0,"damage_taken":0.0}],"is_beta":false,"boss_relics":[{"not_picked":["SlaversCollar","Mark of Pain"],"picked":"Calling Bell"}],"items_purged_floors":[13,21],"is_endless":false,"potions_floor_spawned":[7,12,14,16,18,25],"killed_by":"Book of Stabbing","ascension_level":19}}