{"host":"kda2p2afd6bvz6qo","time":1612568869,"event":{"mods":["BaseMod","Colored Map","Minty Spire (QoL Compilation)","Relic Stats"],"gold_per_floor":[110,59,78,78,97,97,129,148,148,180,180,208,219,254,254,356,356,366,366,366,380,398,423,165,199,248,280,280,296,316,327,327,422,422,433,451,469,63,78,109,109,135,135,149,99,99,112,142,142,142,142,142,92,127,127],"floor_reached":56,"language":"ENG","playtime":5428,"items_purged":["Strike_B","Defend_B","Defend_B","Defend_B"],"score":1574,"play_id":"b7c1f981-6f85-4830-9572-58788d1ee4bc","local_time":"20210205234749","is_ascension_mode":true,"campfire_choices":[{"data":"Ball Lightning","floor":6.0,"key":"SMITH"},{"data":"Cold Snap","floor":11.0,"key":"SMITH"},{"data":"Seek","floor":15.0,"key":"SMITH"},{"data":"Defragment","floor":28.0,"key":"SMITH"},{"data":"Defragment","floor":32.0,"key":"SMITH"},{"data":"Loop","floor":41.0,"key":"SMITH"},{"floor":46.0,"key":"RECALL"},{"data":"Glacier","floor":49,"key":"SMITH"},{"data":"Blizzard","floor":52,"key":"SMITH"}],"circlet_count":0,"master_deck":["Defend_B","Zap","Dualcast","Sunder+1","Ball Lightning+1","Cold Snap+1","Seek+1","Glacier+1","Blizzard+1","Meteor Strike","Defragment+1","Amplify","Skim","Defragment+1","Coolheaded+1","Loop+1","Echo Form","Coolheaded+1","Conserve Battery+1","Core Surge","Double Energy+1","Jack Of All Trades"],"relics":["SacredBark","Bronze Scales","Pear","Calipers","Bag of Marbles","Boot","Runic Pyramid","Oddly Smooth Stone","ClockworkSouvenir","Bottled Flame","Lantern","Ancient Tea Set","Nuclear Battery","Anchor","PrismaticShard","Smiling Mask","Blood Vial","Bottled Tornado","Art of War"],"acts_visited":["Exordium","TheCity","TheBeyond","TheEnding"],"potions_floor_usage":[55],"damage_taken":[{"damage":1.0,"enemies":"Cultist","floor":1.0,"turns":3.0},{"damage":0.0,"enemies":"2 Louse","floor":3.0,"turns":2.0},{"damage":0.0,"enemies":"Small Slimes","floor":5.0,"turns":1.0},{"damage":14.0,"enemies":"Lagavulin","floor":7.0,"turns":7.0},{"damage":3.0,"enemies":"Blue Slaver","floor":8.0,"turns":3.0},{"damage":4.0,"enemies":"3 Sentries","floor":10.0,"turns":5.0},{"damage":9.0,"enemies":"Lagavulin","floor":12.0,"turns":10.0},{"damage":5.0,"enemies":"Gremlin Gang","floor":13.0,"turns":3.0},{"damage":4.0,"enemies":"Gremlin Nob","floor":14.0,"turns":3.0},{"damage":19.0,"enemies":"Hexaghost","floor":16.0,"turns":9.0},{"damage":7.0,"enemies":"Shell Parasite","floor":18.0,"turns":7.0},{"damage":0.0,"enemies":"2 Thieves","floor":21.0,"turns":4.0},{"damage":27.0,"enemies":"Centurion and Healer","floor":22.0,"turns":12.0},{"damage":7.0,"enemies":"Slavers","floor":23.0,"turns":6.0},{"damage":11.0,"enemies":"Book of Stabbing","floor":25.0,"turns":5.0},{"damage":3.0,"enemies":"Gremlin Leader","floor":27.0,"turns":9.0},{"damage":0.0,"enemies":"Snake Plant","floor":29.0,"turns":4.0},{"damage":0.0,"enemies":"3 Cultists","floor":30.0,"turns":5.0},{"damage":2.0,"enemies":"Centurion and Healer","floor":31.0,"turns":6.0},{"damage":0.0,"enemies":"Champ","floor":33.0,"turns":9.0},{"damage":12.0,"enemies":"Orb Walker","floor":35.0,"turns":3.0},{"damage":3.0,"enemies":"3 Shapes","floor":36.0,"turns":3.0},{"damage":12.0,"enemies":"Spire Growth","floor":37.0,"turns":4.0},{"damage":0.0,"enemies":"4 Shapes","floor":39.0,"turns":6.0},{"damage":0.0,"enemies":"Nemesis","floor":40.0,"turns":3.0},{"damage":0.0,"enemies":"Reptomancer","floor":42.0,"turns":5.0},{"damage":0.0,"enemies":"Maw","floor":44.0,"turns":5.0},{"damage":0,"enemies":"Transient","floor":47,"turns":5},{"damage":7,"enemies":"Nemesis","floor":48,"turns":7},{"damage":12,"enemies":"Time Eater","floor":50,"turns":9},{"damage":0,"enemies":"Shield and Spear","floor":54,"turns":7},{"damage":0,"enemies":"The Heart","floor":55,"turns":13}],"seed_played":"9193246597478589481","potions_obtained":[{"floor":1.0,"key":"BlessingOfTheForge"},{"floor":3.0,"key":"FocusPotion"},{"floor":8.0,"key":"LiquidBronze"},{"floor":22.0,"key":"EssenceOfDarkness"},{"floor":27.0,"key":"Regen Potion"},{"floor":37.0,"key":"DistilledChaos"},{"floor":42.0,"key":"EssenceOfDarkness"},{"floor":44.0,"key":"FairyPotion"}],"is_trial":false,"path_per_floor":["M","$","M","?","M","R","E","M","T","E","R","E","M","E","R","B",null,"M","?","?","M","M","E","$","E","T","E","R","M","M","M","R","B",null,"M","M","M","$","M","E","R","E","T","M","$","R","M","E","R","B",null,"R","$","E","B",null],"character_chosen":"DEFECT","items_purchased":["PowerPotion","Loop","ClockworkSouvenir","Anchor","PrismaticShard"],"campfire_rested":0,"item_purchase_floors":[2,24,24,38,38],"current_hp_per_floor":[74,74,74,74,74,74,60,57,67,63,63,54,49,45,45,26,85,78,78,78,78,51,44,44,33,33,30,30,30,30,28,28,80,85,73,70,58,58,58,58,58,58,58,60,60,60,62,57,57,47,85,85,85,85,85],"gold":127,"neow_bonus":"BOSS_RELIC","is_daily":false,"chose_seed":false,"campfire_upgraded":8,"win_rate":0.0,"timestamp":1612568869,"path_taken":["M","?","M","?","M","R","E","M","T","E","R","E","M","E","R","BOSS","M","?","?","M","M","E","$","E","T","E","R","M","M","M","R","BOSS","M","M","M","$","?","E","R","E","T","M","?","R","?","E","R","BOSS","R","$","E","BOSS"],"items_purchased_type":["Potion","Card","Relic","Relic","Relic"],"build_version":"2020-12-22","purchased_purges":4,"victory":true,"max_hp_per_floor":[75,75,75,75,75,75,75,75,85,85,85,85,85,85,85,85,85,85,85,85,85,85,85,85,85,85,85,85,85,85,85,85,85,85,85,85,85,85,85,85,85,85,85,85,85,85,85,85,85,85,85,85,85,85,85],"relic_stats":{"Blood Vial":8,"counters":[32,183],"Bronze Scales":[572],"Art of War":[4],"Boot":[32],"Smiling Mask":175,"obtain_stats":[{"Lantern":26,"Pear":9,"Calipers":10,"SacredBark":0,"Oddly Smooth Stone":23,"Bottled Tornado":48,"Boot":14,"Ancient Tea Set":27,"PrismaticShard":38,"Smiling Mask":40,"ClockworkSouvenir":24,"Nuclear Battery":34,"Blood Vial":42,"Bottled Flame":25,"Anchor":38,"Bronze Scales":7,"Bag of Marbles":12,"Art of War":54,"Cracked Core":0,"Runic Pyramid":17},{"Lantern":15,"Pear":5,"Calipers":6,"SacredBark":0,"Oddly Smooth Stone":14,"Bottled Tornado":29,"Boot":9,"Ancient Tea Set":16,"PrismaticShard":23,"Smiling Mask":25,"ClockworkSouvenir":14,"Nuclear Battery":20,"Blood Vial":26,"Bottled Flame":15,"Anchor":23,"Bronze Scales":4,"Bag of Marbles":7,"Art of War":31,"Cracked Core":0,"Runic Pyramid":10},{"Lantern":80,"Pear":16,"Calipers":21,"SacredBark":0,"Oddly Smooth Stone":75,"Bottled Tornado":154,"Boot":37,"Ancient Tea Set":89,"PrismaticShard":123,"Smiling Mask":132,"ClockworkSouvenir":75,"Nuclear Battery":113,"Blood Vial":137,"Bottled Flame":80,"Anchor":123,"Bronze Scales":13,"Bag of Marbles":31,"Art of War":170,"Cracked Core":0,"Runic Pyramid":46}]},"card_choices":[{"not_picked":["Leap","Redo"],"picked":"Sunder","floor":1.0},{"not_picked":["Beam Cell","Chill"],"picked":"Ball Lightning","floor":3.0},{"not_picked":["Barrage","FTL"],"picked":"Cold Snap","floor":5.0},{"not_picked":["Steam Power","Rebound"],"picked":"Seek","floor":7.0},{"not_picked":["Sunder","Barrage"],"picked":"Glacier","floor":8.0},{"not_picked":["Thunder Strike","Gash","Auto Shields"],"picked":"SKIP","floor":10.0},{"not_picked":["Sweeping Beam","Sunder"],"picked":"Blizzard","floor":12.0},{"not_picked":["Conserve Battery","Blizzard","Gash"],"picked":"SKIP","floor":13.0},{"not_picked":["Conserve Battery","Leap","Compile Driver"],"picked":"SKIP","floor":14.0},{"not_picked":["Machine Learning","Fission"],"picked":"Meteor Strike","floor":16.0},{"not_picked":["Go for the Eyes","Leap+1"],"picked":"Defragment","floor":18.0},{"not_picked":["Compile Driver","Streamline"],"picked":"Coolheaded+1","floor":21.0},{"not_picked":["Compile Driver+1","Coolheaded","Turbo"],"picked":"SKIP","floor":22.0},{"not_picked":["Steam Power","Darkness","Leap+1"],"picked":"SKIP","floor":23.0},{"not_picked":["Stack","Sweeping Beam"],"picked":"Echo Form","floor":25.0},{"not_picked":["Blizzard+1","Ball Lightning","Steam Power+1"],"picked":"SKIP","floor":27.0},{"not_picked":["Go for the Eyes","Turbo","Steam Power"],"picked":"SKIP","floor":29.0},{"not_picked":["Leap","Undo"],"picked":"Coolheaded+1","floor":30.0},{"not_picked":["Rebound+1","Steam"],"picked":"Conserve Battery+1","floor":31.0},{"not_picked":["All For One","Rainbow"],"picked":"Core Surge","floor":33.0},{"not_picked":["Barrage","Tempest"],"picked":"Double Energy+1","floor":35.0},{"not_picked":["Coolheaded","Gash+1","Go for the Eyes"],"picked":"SKIP","floor":36.0},{"not_picked":["Glacier","Sunder+1","Compile Driver+1"],"picked":"SKIP","floor":37.0},{"not_picked":["Melter","Poisoned Stab+1","Rebound"],"picked":"SKIP","floor":39.0},{"not_picked":["Ragnarok","Sweeping Beam"],"picked":"Jack Of All Trades","floor":40.0},{"not_picked":["Rage+1","Dagger Spray+1","SashWhip+1"],"picked":"SKIP","floor":42.0},{"not_picked":["Go for the Eyes+1","Wild Strike+1","Bouncing Flask"],"picked":"SKIP","floor":44.0},{"not_picked":["Thunderclap","Shrug It Off","Good Instincts"],"picked":"SKIP","floor":47},{"not_picked":["Beam Cell+1","Dramatic Entrance+1","CutThroughFate+1"],"picked":"SKIP","floor":48},{"not_picked":["Wild Strike","FearNoEvil","Turbo+1"],"picked":"SKIP","floor":54}],"player_experience":207992,"relics_obtained":[{"floor":7.0,"key":"Bronze Scales"},{"floor":9.0,"key":"Pear"},{"floor":10.0,"key":"Calipers"},{"floor":12.0,"key":"Bag of Marbles"},{"floor":14.0,"key":"Boot"},{"floor":23.0,"key":"Oddly Smooth Stone"},{"floor":25.0,"key":"Bottled Flame"},{"floor":26.0,"key":"Lantern"},{"floor":27.0,"key":"Ancient Tea Set"},{"floor":40.0,"key":"Smiling Mask"},{"floor":42.0,"key":"Blood Vial"},{"floor":48,"key":"Bottled Tornado"},{"floor":54,"key":"Art of War"}],"event_choices":[{"damage_healed":0.0,"max_hp_gain":0.0,"max_hp_loss":0.0,"gold_gain":0.0,"event_name":"Living Wall","player_choice":"Grow","floor":4.0,"gold_loss":0.0,"damage_taken":0.0,"cards_upgraded":["Sunder"]},{"damage_healed":0.0,"max_hp_gain":0.0,"max_hp_loss":0.0,"gold_gain":0.0,"cards_transformed":["Strike_B","Strike_B"],"event_name":"Drug Dealer","player_choice":"Became Test Subject","floor":19.0,"gold_loss":0.0,"damage_taken":0.0,"cards_obtained":["Amplify","Skim"]},{"damage_healed":0.0,"max_hp_gain":0.0,"max_hp_loss":0.0,"gold_gain":0.0,"cards_transformed":["Strike_B"],"event_name":"Transmorgrifier","player_choice":"Transformed","floor":20.0,"gold_loss":0.0,"damage_taken":0.0,"cards_obtained":["Defragment"]}],"is_beta":false,"boss_relics":[{"not_picked":["SlaversCollar","Empty Cage"],"picked":"Runic Pyramid"},{"not_picked":["Pandora\u0027s Box","Runic Dome"],"picked":"Nuclear Battery"}],"items_purged_floors":[24,38,45,53],"is_endless":false,"potions_floor_spawned":[1,3,8,10,14,16,21,22,27,30,31,37,42,44,47],"ascension_level":2}}