{"host":"mnpd8gh7cwxsn5kh","time":1612546760,"event":{"mods":["BaseMod","Bestiary","Block Reminder","Colored Map","Colored Powertips","Highlight Path","Minty Spire (QoL Compilation)","Relic Sorter","Relic Stats"],"gold_per_floor":[114,114,125,200,210,210,236,9,34,69,85,96,96,130,130,231,231,242,58,58,72,72,98,98,130,130,130,130,163,163,176,176,280,280,292,305,305,316,262,294,123,123,123,151,168,183,214,234,234,234,234,234,40,73,73],"floor_reached":56,"language":"ENG","playtime":7318,"items_purged":["Strike_G","Masterful Stab"],"score":1805,"play_id":"bc5fb6e1-bcb0-49ee-81a6-f4f7a96e00bc","local_time":"20210205183920","is_ascension_mode":true,"campfire_choices":[{"data":"Blade Dance","floor":6,"key":"SMITH"},{"data":"Wraith Form v2","floor":13,"key":"SMITH"},{"data":"Blade Dance","floor":15,"key":"SMITH"},{"data":"Terror","floor":24,"key":"SMITH"},{"data":"Calculated Gamble","floor":28,"key":"SMITH"},{"data":"Calculated Gamble","floor":30,"key":"SMITH"},{"data":"Blur","floor":32,"key":"SMITH"},{"floor":42,"key":"RECALL"},{"data":"Accuracy","floor":49,"key":"SMITH"},{"data":"Well Laid Plans","floor":52,"key":"SMITH"}],"circlet_count":0,"master_deck":["Defend_G+1","Defend_G+1","Defend_G+1","Defend_G+1","Defend_G+1","Survivor","Neutralize+1","Calculated Gamble+1","Blade Dance+1","Calculated Gamble+1","Wraith Form v2+1","Terror+1","Finisher","Blade Dance+1","Venomology","Flying Knee","Leg Sweep","Reflex","Masterful Stab","Bite","Bite","Bite","Bite","Bite","Footwork+1","PiercingWail","Blur+1","Adrenaline","CurseOfTheBell","Leg Sweep+1","Outmaneuver","Neutralize","Concentrate","Prepared","Well Laid Plans+1","Blade Dance","Accuracy+1","Cloak And Dagger","Acrobatics","Prepared"],"relics":["Ring of the Snake","NeowsBlessing","Vajra","Boot","Centennial Puzzle","Paper Crane","HoveringKite","Tingsha","FossilizedHelix","Akabeko","Calling Bell","Oddly Smooth Stone","Sundial","Dead Branch","Mercury Hourglass","Snake Skull","Shuriken","Omamori","Shovel","Bag of Preparation"],"acts_visited":["Exordium","TheCity","TheBeyond","TheEnding"],"potions_floor_usage":[7,16,23,25,25,33,33,33,36,40,44,46,48,50,55,55,55],"damage_taken":[{"damage":0,"enemies":"Jaw Worm","floor":1,"turns":1},{"damage":0,"enemies":"Cultist","floor":3,"turns":1},{"damage":0,"enemies":"Small Slimes","floor":5,"turns":1},{"damage":25,"enemies":"Lagavulin","floor":7,"turns":6},{"damage":2,"enemies":"3 Sentries","floor":10,"turns":7},{"damage":1,"enemies":"Exordium Thugs","floor":11,"turns":3},{"damage":0,"enemies":"2 Fungi Beasts","floor":12,"turns":2},{"damage":2,"enemies":"Lagavulin","floor":14,"turns":3},{"damage":2,"enemies":"Slime Boss","floor":16,"turns":5},{"damage":0,"enemies":"Shell Parasite","floor":18,"turns":2},{"damage":0,"enemies":"Chosen","floor":21,"turns":4},{"damage":2,"enemies":"Book of Stabbing","floor":23,"turns":3},{"damage":15,"enemies":"Slavers","floor":25,"turns":6},{"damage":4,"enemies":"Book of Stabbing","floor":29,"turns":5},{"damage":1,"enemies":"Shelled Parasite and Fungi","floor":31,"turns":3},{"damage":32,"enemies":"Automaton","floor":33,"turns":8},{"damage":0,"enemies":"3 Darklings","floor":35,"turns":2},{"damage":0,"enemies":"Orb Walker","floor":36,"turns":2},{"damage":0,"enemies":"Transient","floor":38,"turns":5},{"damage":0,"enemies":"Giant Head","floor":40,"turns":6},{"damage":1,"enemies":"Reptomancer","floor":44,"turns":3},{"damage":0,"enemies":"4 Shapes","floor":45,"turns":2},{"damage":0,"enemies":"Jaw Worm Horde","floor":46,"turns":2},{"damage":4,"enemies":"Nemesis","floor":47,"turns":6},{"damage":0,"enemies":"Maw","floor":48,"turns":4},{"damage":33,"enemies":"Awakened One","floor":50,"turns":5},{"damage":6,"enemies":"Shield and Spear","floor":54,"turns":5},{"damage":27,"enemies":"The Heart","floor":55,"turns":8}],"seed_played":"-8026133295127805066","potions_obtained":[{"floor":5,"key":"Explosive Potion"},{"floor":7,"key":"SpeedPotion"},{"floor":12,"key":"CunningPotion"},{"floor":14,"key":"DistilledChaos"},{"floor":21,"key":"Block Potion"},{"floor":25,"key":"PowerPotion"},{"floor":29,"key":"CultistPotion"},{"floor":35,"key":"BlessingOfTheForge"},{"floor":47,"key":"GamblersBrew"}],"is_trial":false,"path_per_floor":["M","?","M","?","M","R","E","$","T","E","M","M","R","E","R","B",null,"M","$","?","M","?","E","R","E","T","?","R","E","R","M","R","B",null,"M","M","?","M","$","E","$","R","T","E","M","M","E","M","R","B",null,"R","$","E","B",null],"character_chosen":"THE_SILENT","items_purchased":["Blood Vial","Leg Sweep","Reflex","Masterful Stab","Prepared","Blade Dance","Snake Skull","Prepared","SpeedPotion"],"campfire_rested":0,"item_purchase_floors":[8,19,19,19,39,41,41,53,53],"current_hp_per_floor":[63,63,63,56,56,56,31,31,31,31,32,34,34,34,34,34,61,63,63,63,65,65,69,69,59,59,59,59,59,59,62,62,44,64,64,70,70,70,70,70,70,70,70,69,69,69,67,70,70,47,64,64,64,64,43],"gold":73,"neow_bonus":"THREE_ENEMY_KILL","is_daily":false,"chose_seed":false,"campfire_upgraded":9,"win_rate":0.0,"timestamp":1612546760,"path_taken":["M","?","?","?","M","R","E","$","T","E","?","M","R","E","R","BOSS","M","$","?","M","?","E","R","E","T","?","R","E","R","M","R","BOSS","M","M","?","M","$","E","$","R","T","E","?","M","E","M","R","BOSS","R","$","E","BOSS"],"items_purchased_type":["Relic","Card","Card","Card","Card","Card","Relic","Card","Potion"],"build_version":"2020-12-22","purchased_purges":2,"victory":true,"max_hp_per_floor":[70,70,70,70,70,70,70,70,70,70,70,70,70,70,70,70,70,70,70,70,70,70,70,70,70,70,70,70,70,70,70,70,70,70,70,70,70,70,70,70,70,70,70,70,70,70,70,70,70,70,70,70,70,70,70],"relic_stats":{"counters":[28,110],"Dead Branch":[166],"HoveringKite":[48],"Tingsha":[585],"Snake Skull":[8],"Bag of Preparation":[2],"Boot":[122],"Mercury Hourglass":[129],"Centennial Puzzle":[39],"Shovel":0,"Sundial":[4],"Shuriken":[38],"obtain_stats":[{"NeowsBlessing":0,"Dead Branch":34,"Vajra":7,"HoveringKite":17,"Oddly Smooth Stone":34,"Tingsha":23,"Snake Skull":41,"Omamori":44,"Bag of Preparation":54,"Paper Crane":14,"Boot":9,"Akabeko":29,"Mercury Hourglass":40,"Blood Vial":8,"Calling Bell":34,"Centennial Puzzle":10,"Shovel":47,"Sundial":34,"Shuriken":43,"FossilizedHelix":25,"Ring of the Snake":0},{"NeowsBlessing":0,"Dead Branch":16,"Vajra":4,"HoveringKite":9,"Oddly Smooth Stone":16,"Tingsha":12,"Snake Skull":20,"Omamori":21,"Bag of Preparation":27,"Paper Crane":8,"Boot":4,"Akabeko":14,"Mercury Hourglass":20,"Blood Vial":4,"Calling Bell":16,"Centennial Puzzle":5,"Shovel":24,"Sundial":16,"Shuriken":20,"FossilizedHelix":13,"Ring of the Snake":0},{"NeowsBlessing":0,"Dead Branch":60,"Vajra":9,"HoveringKite":29,"Oddly Smooth Stone":60,"Tingsha":38,"Snake Skull":75,"Omamori":78,"Bag of Preparation":102,"Paper Crane":24,"Boot":9,"Akabeko":49,"Mercury Hourglass":75,"Blood Vial":9,"Calling Bell":60,"Centennial Puzzle":16,"Shovel":88,"Sundial":60,"Shuriken":75,"FossilizedHelix":44,"Ring of the Snake":0}],"Ring of the Snake":[56]},"card_choices":[{"not_picked":["Quick Slash","Caltrops"],"picked":"Calculated Gamble","floor":1},{"not_picked":["Cloak And Dagger","Dagger Throw"],"picked":"Blade Dance","floor":3},{"not_picked":["Bouncing Flask","Prepared"],"picked":"Masterful Stab","floor":5},{"not_picked":["Heel Hook","Grand Finale"],"picked":"Calculated Gamble","floor":7},{"not_picked":["Sucker Punch","Underhanded Strike"],"picked":"Wraith Form v2","floor":10},{"not_picked":["Dagger Spray","Acrobatics"],"picked":"Terror","floor":11},{"not_picked":["Expertise","Night Terror"],"picked":"Finisher","floor":12},{"not_picked":["Well Laid Plans","PiercingWail"],"picked":"Blade Dance","floor":14},{"not_picked":["Night Terror","Bullet Time"],"picked":"Venomology","floor":16},{"not_picked":["Caltrops","Poisoned Stab"],"picked":"Flying Knee","floor":18},{"not_picked":["Dagger Spray","Flying Knee"],"picked":"Finisher","floor":21},{"not_picked":["Choke+1","Prepared"],"picked":"Footwork+1","floor":23},{"not_picked":["Slice","Grand Finale"],"picked":"PiercingWail","floor":25},{"not_picked":["Flying Knee","Outmaneuver","Deadly Poison"],"picked":"SKIP","floor":29},{"not_picked":["Dagger Throw","Slice"],"picked":"Blur","floor":31},{"not_picked":["Doppelganger","Night Terror"],"picked":"Adrenaline","floor":33},{"not_picked":["Riddle With Holes+1","Acrobatics"],"picked":"Leg Sweep+1","floor":35},{"not_picked":["Underhanded Strike+1","Crippling Poison+1","Outmaneuver"],"picked":"SKIP","floor":36},{"not_picked":["Crippling Poison+1","Quick Slash"],"picked":"Concentrate","floor":38},{"not_picked":["Dodge and Roll+1","Caltrops+1"],"picked":"Well Laid Plans","floor":40},{"not_picked":["Blade Dance+1","Flying Knee"],"picked":"Accuracy","floor":44},{"not_picked":["Deadly Poison","Distraction+1"],"picked":"Cloak And Dagger","floor":45},{"not_picked":["Deadly Poison","Underhanded Strike","Dodge and Roll"],"picked":"SKIP","floor":46},{"not_picked":["Eviscerate+1","Glass Knife"],"picked":"Acrobatics","floor":47},{"not_picked":["Dagger Spray","Dagger Throw","Quick Slash"],"picked":"SKIP","floor":48},{"not_picked":["Noxious Fumes+1","Predator","Flying Knee+1"],"picked":"SKIP","floor":54}],"player_experience":311266,"relics_obtained":[{"floor":7,"key":"Vajra"},{"floor":9,"key":"Boot"},{"floor":10,"key":"Centennial Puzzle"},{"floor":14,"key":"Paper Crane"},{"floor":23,"key":"Tingsha"},{"floor":25,"key":"FossilizedHelix"},{"floor":29,"key":"Akabeko"},{"floor":34,"key":"Oddly Smooth Stone"},{"floor":34,"key":"Sundial"},{"floor":34,"key":"Dead Branch"},{"floor":40,"key":"Mercury Hourglass"},{"floor":43,"key":"Shuriken"},{"floor":44,"key":"Omamori"},{"floor":47,"key":"Shovel"},{"floor":54,"key":"Bag of Preparation"}],"event_choices":[{"damage_healed":0,"gold_gain":0,"player_choice":"Upgraded","damage_taken":0,"max_hp_gain":0,"max_hp_loss":0,"event_name":"Upgrade Shrine","floor":2,"gold_loss":0,"cards_upgraded":["Neutralize"]},{"damage_healed":0,"gold_gain":75,"player_choice":"Touch","damage_taken":7,"max_hp_gain":0,"max_hp_loss":0,"event_name":"FaceTrader","floor":4,"gold_loss":0},{"damage_healed":0,"gold_gain":0,"player_choice":"Simplicity","damage_taken":0,"max_hp_gain":0,"max_hp_loss":0,"event_name":"Back to Basics","floor":20,"gold_loss":0,"cards_upgraded":["Strike_G","Strike_G","Strike_G","Strike_G","Defend_G","Defend_G","Defend_G","Defend_G","Defend_G"]},{"damage_healed":0,"gold_gain":0,"player_choice":"Became a vampire (Vial)","damage_taken":0,"max_hp_gain":0,"max_hp_loss":0,"event_name":"Vampires","floor":22,"relics_lost":["Blood Vial"],"gold_loss":0,"cards_obtained":["Bite","Bite","Bite","Bite","Bite"]},{"cards_removed":["Finisher"],"damage_healed":0,"gold_gain":0,"player_choice":"Purged","damage_taken":0,"max_hp_gain":0,"max_hp_loss":0,"event_name":"Purifier","floor":27,"gold_loss":0},{"damage_healed":0,"gold_gain":0,"player_choice":"2 cards matched","damage_taken":0,"max_hp_gain":0,"max_hp_loss":0,"event_name":"Match and Keep!","floor":37,"gold_loss":0,"cards_obtained":["Outmaneuver","Neutralize"]}],"is_beta":false,"boss_relics":[{"not_picked":["Astrolabe","Snecko Eye"],"picked":"HoveringKite"},{"not_picked":["Sozu","Tiny House"],"picked":"Calling Bell"}],"items_purged_floors":[8,53],"is_endless":false,"potions_floor_spawned":[5,7,12,14,21,25,29,35,40,47],"ascension_level":9}}