{"host":"06e3yyzgn8o619wl","time":1612544871,"event":{"mods":["BaseMod","Block Reminder","Colored Map","Colored Powertips","DeckTracker","Minty Spire (QoL Compilation)","Permanent Neow","Relic Stats","StSLib"],"gold_per_floor":[114,129,144,33,33,63,63,93,118,148,163,193,193,208,208,333,333,348,363,363,378,55,85,85,115,140,140,140],"floor_reached":27,"language":"JPN","playtime":1665,"items_purged":["Strike_P","Strike_P"],"score":356,"play_id":"d2c525d2-026b-438f-9852-a2c9618dc9d5","local_time":"20210206020751","daily_mods":["Specialized","ControlledChaos","Elite Swarm"],"is_ascension_mode":false,"campfire_choices":[{"data":"TalkToTheHand","floor":7,"key":"SMITH"},{"data":"Blasphemy","floor":13,"key":"SMITH"},{"data":"BattleHymn","floor":15,"key":"SMITH"}],"circlet_count":0,"master_deck":["Defend_P","Defend_P","Defend_P","Defend_P","Eruption+1","Vigilance","FlyingSleeves","FlyingSleeves+1","FlyingSleeves","FlyingSleeves","FlyingSleeves","Conclude","CutThroughFate","TalkToTheHand+1","BattleHymn+1","CarveReality","Wish","MasterReality","Blasphemy+1","ThirdEye","SpiritShield","Protect","Wish","TalkToTheHand","Omniscience","Alpha"],"relics":["HolyWater","Frozen Eye","Centennial Puzzle","Art of War","Omamori","Torii","Potion Belt","Whetstone","Question Card","Nunchaku","Lantern"],"acts_visited":["Exordium","TheCity"],"potions_floor_usage":[16],"damage_taken":[{"damage":0,"enemies":"2 Louse","floor":1,"turns":2},{"damage":0,"enemies":"Small Slimes","floor":2,"turns":1},{"damage":0,"enemies":"Cultist","floor":3,"turns":3},{"damage":1,"enemies":"3 Sentries","floor":6,"turns":3},{"damage":0,"enemies":"Gremlin Nob","floor":8,"turns":2},{"damage":0,"enemies":"Lagavulin","floor":10,"turns":4},{"damage":0,"enemies":"Exordium Wildlife","floor":11,"turns":1},{"damage":13,"enemies":"Gremlin Nob","floor":12,"turns":3},{"damage":1,"enemies":"Blue Slaver","floor":14,"turns":2},{"damage":3,"enemies":"Hexaghost","floor":16,"turns":6},{"damage":0,"enemies":"Spheric Guardian","floor":18,"turns":2},{"damage":10,"enemies":"2 Thieves","floor":19,"turns":3},{"damage":0,"enemies":"Snake Plant","floor":21,"turns":3},{"damage":28,"enemies":"Gremlin Leader","floor":23,"turns":5},{"damage":1,"enemies":"Book of Stabbing","floor":25,"turns":5},{"damage":42,"enemies":"Slavers","floor":27,"turns":3}],"seed_played":"-8643747277835071688","potions_obtained":[{"floor":1,"key":"BottledMiracle"},{"floor":3,"key":"ColorlessPotion"},{"floor":6,"key":"AttackPotion"},{"floor":12,"key":"ColorlessPotion"},{"floor":14,"key":"Fire Potion"},{"floor":18,"key":"DuplicationPotion"},{"floor":19,"key":"SteroidPotion"}],"is_trial":false,"path_per_floor":["M","M","M","$","?","E","R","E","T","E","M","E","R","M","R","B",null,"M","M","?","M","$","E","?","E","T","E"],"character_chosen":"WATCHER","items_purchased":["BattleHymn","Whetstone","TalkToTheHand"],"campfire_rested":0,"item_purchase_floors":[4,22,22],"current_hp_per_floor":[72,72,72,72,72,71,71,71,71,71,71,58,58,57,57,54,72,72,62,62,62,62,34,34,33,33,0,0],"gold":140,"neow_bonus":"","is_daily":true,"chose_seed":false,"campfire_upgraded":3,"win_rate":0.0,"timestamp":1612544871,"path_taken":["M","M","M","$","?","E","R","E","T","E","M","E","R","M","R","BOSS","M","M","?","?","$","E","?","E","T","E"],"items_purchased_type":["Card","Relic","Card"],"build_version":"2020-12-22","purchased_purges":2,"victory":false,"max_hp_per_floor":[72,72,72,72,72,72,72,72,72,72,72,72,72,72,72,72,72,72,72,72,72,72,72,72,72,72,72,72],"relic_stats":{"Centennial Puzzle":[21],"Nunchaku":[0],"Torii":24,"counters":[16,48],"Art of War":[5],"Whetstone":["Eruption","FlyingSleeves"],"Question Card":1,"obtain_stats":[{"Potion Belt":12,"Frozen Eye":0,"Centennial Puzzle":6,"Nunchaku":25,"Lantern":26,"Torii":10,"HolyWater":17,"Art of War":8,"Omamori":9,"Whetstone":22,"PureWater":0,"Question Card":23},{"Potion Belt":8,"Frozen Eye":0,"Centennial Puzzle":4,"Nunchaku":15,"Lantern":15,"Torii":6,"HolyWater":10,"Art of War":5,"Omamori":5,"Whetstone":13,"PureWater":0,"Question Card":14},{"Potion Belt":19,"Frozen Eye":0,"Centennial Puzzle":9,"Nunchaku":45,"Lantern":45,"Torii":15,"HolyWater":27,"Art of War":11,"Omamori":11,"Whetstone":35,"PureWater":0,"Question Card":40}]},"card_choices":[{"not_picked":["Sanctity","BowlingBash"],"picked":"Conclude","floor":1},{"not_picked":["CrushJoints","Consecrate"],"picked":"CutThroughFate","floor":2},{"not_picked":["Study","Prostrate"],"picked":"TalkToTheHand","floor":3},{"not_picked":["DeusExMachina","Omniscience"],"picked":"Wish","floor":6},{"not_picked":["Omniscience","Vault"],"picked":"MasterReality","floor":8},{"not_picked":["LessonLearned","DevaForm"],"picked":"Blasphemy","floor":10},{"not_picked":["Prostrate","Crescendo"],"picked":"ThirdEye","floor":11},{"not_picked":["DevaForm","ConjureBlade"],"picked":"SpiritShield","floor":12},{"not_picked":["Adaptation","PathToVictory"],"picked":"Protect","floor":14},{"not_picked":["Ragnarok","Brilliance"],"picked":"Wish","floor":16},{"not_picked":["Consecrate","Sanctity+1","ClearTheMind"],"picked":"SKIP","floor":18},{"not_picked":["WaveOfTheHand","FlyingSleeves+1","BattleHymn+1"],"picked":"SKIP","floor":19},{"not_picked":["Pray","ClearTheMind","JustLucky"],"picked":"SKIP","floor":21},{"not_picked":["Ragnarok","MasterReality"],"picked":"Omniscience","floor":23},{"not_picked":["Scrawl","DeusExMachina","Vault"],"picked":"Alpha","floor":25}],"player_experience":167918,"relics_obtained":[{"floor":6,"key":"Centennial Puzzle"},{"floor":8,"key":"Art of War"},{"floor":9,"key":"Omamori"},{"floor":10,"key":"Torii"},{"floor":12,"key":"Potion Belt"},{"floor":23,"key":"Question Card"},{"floor":25,"key":"Nunchaku"},{"floor":26,"key":"Lantern"}],"event_choices":[{"damage_healed":0,"gold_gain":0,"cards_transformed":["Strike_P"],"player_choice":"Change","damage_taken":0,"max_hp_gain":0,"max_hp_loss":0,"event_name":"Living Wall","floor":5,"gold_loss":0,"cards_obtained":["CarveReality"]},{"damage_healed":0,"gold_gain":0,"player_choice":"Got Potions","damage_taken":0,"max_hp_gain":0,"max_hp_loss":0,"event_name":"Lab","floor":20,"gold_loss":0},{"cards_removed":["Strike_P"],"damage_healed":0,"gold_gain":0,"player_choice":"Elegance","damage_taken":0,"max_hp_gain":0,"max_hp_loss":0,"event_name":"Back to Basics","floor":24,"gold_loss":0}],"is_beta":false,"boss_relics":[{"not_picked":["Velvet Choker","Calling Bell"],"picked":"HolyWater"}],"items_purged_floors":[4,22],"is_endless":false,"potions_floor_spawned":[1,3,6,12,14,18,19],"killed_by":"Slavers","ascension_level":0}}