{"host":"q79dm2j0pr18ov08","time":1612538530,"event":{"mods":["Act Like it!","BaseMod","CapriCore","Colored Powertips","Gensokyo","Googly Eyes","Koishi","Marisa£¨ìFÓê¡¡Ä§ÀíÉ³£©","Minty Spire (QoL Compilation)","MostiFishMod","Pale of the Ancients","Reimu£¨²©ÀöÁéÃÎ£©","Replay The Spire","RumiaBox-Â¶Ã×æ«µÄÉñÃØºÐ×Ó","StSLib","TestMod","The Administrix","The Construct","The Immortal","The IronCluck","The Jungle","The Servant 0.9.4","UnlockEverythingMod","Waifu the Spire","[IsaacMod]ÒÔÈö¼âËþ","¡¾ÒÅÎï¿¨ÅÆ¡¿REMEMod"],"gold_per_floor":[118,131,144,154,43,77,77,91,165,195,206,233,233,248,248,349,349,364,380,380,380,280,309,319,319,396,412,424,457,457,467,467,567,567,581,599,998,1007,1007,1040,1053,1053,1053,1053,431,502,532,551,551,551,551,551,0,30,30],"floor_reached":56,"language":"ZHS","playtime":4009,"items_purged":["MokouMod:Strike","MokouMod:Strike","MokouMod:Strike","MokouMod:Strike"],"score":1446,"play_id":"7c362f4f-e53a-42c1-a85c-3d701b478c38","local_time":"20210205232210","is_ascension_mode":false,"campfire_choices":[{"data":"BloodyBrimstone","floor":7,"key":"SMITH"},{"data":"MokouMod:Burn","floor":13,"key":"SMITH"},{"data":"MokouMod:Refresh","floor":15,"key":"SMITH"},{"floor":25,"key":"RECALL"},{"data":"MokouMod:Extinguish","floor":30,"key":"SMITH"},{"floor":32,"key":"DIG"},{"data":"MokouMod:SearingBlow+1","floor":42,"key":"SMITH"},{"floor":49,"key":"DIG"},{"data":"MokouMod:SearingBlow+2","floor":52,"key":"SMITH"}],"circlet_count":0,"master_deck":["MokouMod:Strike","MokouMod:Defend","MokouMod:Defend+1","MokouMod:Defend","MokouMod:Defend+1","MokouMod:HeatSpark","BloodyBrimstone+1","MokouMod:CrimsonFlare","MokouMod:Refresh+1","MokouMod:Burn+1","MokouMod:SearingBlow+3","MokouMod:Firecracker+1","MokouMod:ScorchedEarth","MokouMod:CrimsonFlare","MokouMod:ResonatingAura","AbeCurse","MokouMod:SpontaneousHumanCombustion","MokouMod:Extinguish+1","MokouMod:BurningDraft","MokouMod:WarmUp+1","MokouMod:Afterburner+1","MokouMod:Afterburner","MokouMod:FlareStarter","MokouMod:WarmUp+1"],"relics":["MokouMod:PhoenixFeather","HushsDoor","DaveBox","REME_ComplimentaryCards","BirthdayGift-Icosahedron","testmod-Charity","GuppysTail","NeowsBlessing","SynthV:TestCard","testmod-IndustrialRevolution","Pet Ghost","testmod-BlackFramedGlasses","Abe\u0027s Treasure","AnarchistCookbook","War Paint","Frozen Egg 2","GuppysHead","Akabeko","JellyFishMachine","Replay:Multitool","Vajra","CombinedTypeHook","Potion Belt","REME_CardOfGreed","PreservedInsect","Pear","testmod-OneHitWonder","REME_PuzzleBoxRelic","TheAbacus","testmod-Antiphasic","TheBean","Blood Vial"],"acts_visited":["Exordium","TheCity","TheBeyond","TheEnding"],"potions_floor_usage":[55,55,55,55,55],"damage_taken":[{"damage":0,"enemies":"Jaw Worm","floor":1,"turns":1},{"damage":0,"enemies":"Small Slimes","floor":2,"turns":1},{"damage":0,"enemies":"Cultist","floor":3,"turns":1},{"damage":0,"enemies":"Red Slaver","floor":4,"turns":2},{"damage":0,"enemies":"Lagavulin","floor":6,"turns":3},{"damage":0,"enemies":"2 Fungi Beasts","floor":8,"turns":2},{"damage":0,"enemies":"Gremlin Nob","floor":10,"turns":3},{"damage":0,"enemies":"Large Slime","floor":11,"turns":3},{"damage":0,"enemies":"Lagavulin","floor":12,"turns":3},{"damage":0,"enemies":"Looter","floor":14,"turns":2},{"damage":0,"enemies":"Fading Forest","floor":16,"turns":11},{"damage":0,"enemies":"Spheric Guardian","floor":18,"turns":2},{"damage":0,"enemies":"3 Byrds","floor":19,"turns":1},{"damage":13,"enemies":"Book of Stabbing","floor":23,"turns":4},{"damage":0,"enemies":"Centurion and Healer","floor":24,"turns":16},{"damage":0,"enemies":"3 Cultists","floor":27,"turns":4},{"damage":2,"enemies":"Snake Plant","floor":28,"turns":4},{"damage":20,"enemies":"Slavers","floor":29,"turns":5},{"damage":0,"enemies":"Chosen and Byrds","floor":31,"turns":3},{"damage":52,"enemies":"Collector","floor":33,"turns":5},{"damage":0,"enemies":"Orb Walker","floor":35,"turns":3},{"damage":0,"enemies":"3 Shapes","floor":36,"turns":2},{"damage":7,"enemies":"Writhing Mass","floor":38,"turns":3},{"damage":59,"enemies":"Nemesis","floor":40,"turns":9},{"damage":0,"enemies":"Jaw Worm Horde","floor":41,"turns":4},{"damage":9,"enemies":"Reptomancer","floor":47,"turns":2},{"damage":0,"enemies":"4 Shapes","floor":48,"turns":1},{"damage":33,"enemies":"Donu and Deca","floor":50,"turns":7},{"damage":20,"enemies":"Shield and Spear","floor":54,"turns":3},{"damage":167,"enemies":"The Heart","floor":55,"turns":6}],"seed_played":"-6418147257959934469","potions_obtained":[{"floor":3,"key":"Weak Potion"},{"floor":4,"key":"DuplicationPotion"},{"floor":8,"key":"Energy Potion"},{"floor":36,"key":"Venom Potion"}],"is_trial":false,"path_per_floor":["M","M","M","M","$","E","R","M","T","E","M","E","R","M","R","B",null,"M","M","?","?","$","E","M","R","T","M","M","E","R","M","R","B",null,"M","M","?","M","?","E","M","R","T","?","$","T","E","M","R","B",null,"R","$","E","B",null],"character_chosen":"MKU","items_purchased":["MokouMod:Firecracker+1","MokouMod:SpontaneousHumanCombustion","MokouMod:Extinguish","Potion Belt","REME_CardOfGreed","PreservedInsect","MokouMod:FlareStarter","TheAbacus","testmod-Antiphasic","TheBean","Block Potion","BlessingOfTheForge"],"campfire_rested":0,"item_purchase_floors":[5,17,17,45,45,45,45,53,53,53,53,53],"current_hp_per_floor":[76,77,78,79,79,74,74,75,76,77,78,79,79,81,81,82,70,71,72,72,72,72,62,74,74,75,76,76,63,63,68,68,23,80,81,82,83,80,80,32,38,38,38,38,38,49,44,47,47,22,96,96,96,76,13],"gold":30,"neow_bonus":"THREE_ENEMY_KILL","is_daily":false,"chose_seed":false,"campfire_upgraded":6,"win_rate":0.0,"timestamp":1612538530,"path_taken":["M","M","M","M","$","E","R","M","T","E","M","E","R","M","R","BOSS","M","M","?","?","$","E","M","R","T","M","M","E","R","M","R","BOSS","M","M","?","M","?","E","M","R","T","?","$","?","E","M","R","BOSS","R","$","E","BOSS"],"items_purchased_type":["Card","Card","Card","Relic","Relic","Relic","Card","Relic","Relic","Relic","Potion","Potion"],"build_version":"2020-12-22","purchased_purges":4,"victory":true,"max_hp_per_floor":[76,77,78,79,79,74,74,75,76,77,78,79,79,81,81,82,70,71,72,72,72,72,73,74,74,75,76,77,78,78,79,79,80,80,81,82,83,84,84,85,86,86,86,86,86,97,98,99,99,96,96,96,96,94,101],"card_choices":[{"not_picked":[],"picked":"Bomb","floor":0},{"not_picked":["MokouMod:Overheat","MokouMod:BurningDraft"],"picked":"MokouMod:CrimsonFlare","floor":1},{"not_picked":["MokouMod:FujiyamaVolcano","MokouMod:TemporalFireSeal","MokouMod:EternalBurstReactor","MokouMod:IndiscriminateIgnition"],"picked":"MokouMod:Refresh","floor":2},{"not_picked":["MokouMod:Firecracker","MokouMod:ControlledCombustion","MokouMod:ResonanceReactor","MokouMod:Singe"],"picked":"MokouMod:Burn","floor":3},{"not_picked":["MokouMod:HeatFactory","MokouMod:Meltdown","MokouMod:AdaptivePyromancy","MokouMod:RoaringFlare"],"picked":"MokouMod:SearingBlow","floor":4},{"not_picked":["MokouMod:BlazingComet","MokouMod:HeartofFire","MokouMod:Ember","MokouMod:ControlledCombustion"],"picked":"Bomb","floor":6},{"not_picked":["MokouMod:UncontrollableSolarReaction","MokouMod:ShiftIgnition","MokouMod:IgnitionBarrier","MokouMod:SearingShot","MokouMod:Stoke"],"picked":"SKIP","floor":8},{"not_picked":["MokouMod:ResoluteFlare","MokouMod:ProfanedFlare","MokouMod:ScorchingColumn","MokouMod:Trailblazer"],"picked":"MokouMod:ScorchedEarth","floor":10},{"not_picked":["MokouMod:InfernalWave","MokouMod:TemporalFireSeal","MokouMod:BurningDraft","MokouMod:HeatFactory","MokouMod:UncontrollableSolarReaction"],"picked":"SKIP","floor":11},{"not_picked":["MokouMod:HeatFactory","MokouMod:RadiantBlade","MokouMod:SearingShot","MokouMod:WarmUp"],"picked":"MokouMod:CrimsonFlare","floor":12},{"not_picked":["MokouMod:BlazingComet","MokouMod:InfernalWave","MokouMod:Singe","MokouMod:ResonanceReactor","MokouMod:IgnitionBarrier"],"picked":"SKIP","floor":14},{"not_picked":["MokouMod:Ventilation","MokouMod:SearingBlow","MokouMod:Extinguish","MokouMod:PhoenixForm"],"picked":"MokouMod:ResonatingAura","floor":16},{"not_picked":["MokouMod:PhoenixFeathers","MokouMod:Fireball","MokouMod:RoaringFlare+1","MokouMod:AdaptivePyromancy","MokouMod:Stoke+1"],"picked":"SKIP","floor":18},{"not_picked":["MokouMod:BurningDraft","MokouMod:ImperishableFlame","MokouMod:RoaringFlare","MokouMod:FlamingFireTalons","MokouMod:SpontaneousHumanCombustion"],"picked":"SKIP","floor":19},{"not_picked":["MokouMod:DanceofFlames","MokouMod:Cataclysm","MokouMod:ScorchingColumn+1","MokouMod:Stoke","MokouMod:IgnitionBlast+1"],"picked":"SKIP","floor":23},{"not_picked":["MokouMod:ResoluteFlare","MokouMod:BurningDraft","MokouMod:IndiscriminateIgnition","MokouMod:ScorchingColumn+1"],"picked":"MokouMod:WarmUp+1","floor":24},{"not_picked":["MokouMod:HeatCyclone","MokouMod:Refresh","MokouMod:GuidingSmoke","MokouMod:SpontaneousHumanCombustion","MokouMod:Singe"],"picked":"SKIP","floor":27},{"not_picked":["MokouMod:ShiftIgnition","MokouMod:BlazingComet","MokouMod:Burn+1","MokouMod:GuidingSmoke","MokouMod:FujiyamaVolcano+1"],"picked":"SKIP","floor":28},{"not_picked":["MokouMod:Singe","MokouMod:RetainTemperature","MokouMod:WarmUp+1","MokouMod:PhoenixFeathers","MokouMod:ImperishableFlame+1"],"picked":"SKIP","floor":29},{"not_picked":["MokouMod:ScorchingColumn","MokouMod:EternalBurstReactor","MokouMod:AdaptivePyromancy","MokouMod:SearingShot+1","MokouMod:InfernalWave"],"picked":"SKIP","floor":31},{"not_picked":["MokouMod:FujiyamaVolcano+1","MokouMod:Meltdown+1","MokouMod:UncontrollableSolarReaction","MokouMod:ScorchingColumn+1","MokouMod:IndiscriminateIgnition+1"],"picked":"SKIP","floor":35},{"not_picked":["MokouMod:InfernalWave","MokouMod:ScorchingColumn+1","MokouMod:IcarusDive+1","MokouMod:ResoluteFlare+1"],"picked":"MokouMod:Afterburner+1","floor":36},{"not_picked":["MokouMod:EternalBurstReactor","MokouMod:CrimsonArmoury+1","MokouMod:Singe","MokouMod:Wildfire"],"picked":"MokouMod:Afterburner","floor":38},{"not_picked":["MokouMod:RoaringFlare+1","MokouMod:FusionFlare+1","MokouMod:FujiyamaVolcano","MokouMod:ResoluteFlare","MokouMod:BlazingComet"],"picked":"SKIP","floor":40},{"not_picked":["MokouMod:IndiscriminateIgnition+1","MokouMod:IgnitionBarrier+1","MokouMod:ResonanceReactor+1","MokouMod:SearingShot+1","MokouMod:Scorch"],"picked":"SKIP","floor":41},{"not_picked":["MokouMod:ScorchingColumn","MokouMod:HeatTransfer","MokouMod:Singe","MokouMod:Sear"],"picked":"MokouMod:WarmUp+1","floor":47},{"not_picked":["MokouMod:DanceofFlames","MokouMod:HeartofFire+1","MokouMod:Combust","MokouMod:IgnitionBarrier+1","MokouMod:ResonanceReactor+1"],"picked":"SKIP","floor":48},{"not_picked":["MokouMod:Trailblazer","MokouMod:GuidingSmoke","MokouMod:Overheat+1","MokouMod:SearingBlow","MokouMod:IgneousBlow"],"picked":"SKIP","floor":54}],"player_experience":301178,"relics_obtained":[{"floor":1,"key":"SynthV:TestCard"},{"floor":6,"key":"testmod-IndustrialRevolution"},{"floor":10,"key":"Pet Ghost"},{"floor":12,"key":"testmod-BlackFramedGlasses"},{"floor":23,"key":"War Paint"},{"floor":26,"key":"Frozen Egg 2"},{"floor":29,"key":"GuppysHead"},{"floor":32,"key":"Akabeko"},{"floor":38,"key":"Replay:Multitool"},{"floor":40,"key":"Vajra"},{"floor":43,"key":"CombinedTypeHook"},{"floor":46,"key":"Pear"},{"floor":47,"key":"testmod-OneHitWonder"},{"floor":49,"key":"REME_PuzzleBoxRelic"},{"floor":54,"key":"Blood Vial"}],"event_choices":[{"damage_healed":0,"gold_gain":0,"player_choice":"Read","damage_taken":0,"max_hp_gain":0,"max_hp_loss":0,"event_name":"The Library","floor":20,"gold_loss":0,"cards_obtained":["MokouMod:BurningDraft"]},{"damage_healed":0,"gold_gain":400,"player_choice":"Sell","damage_taken":0,"max_hp_gain":0,"max_hp_loss":0,"event_name":"¶÷ÂåË¹µÄÅÌ×Ó","floor":37,"relics_lost":["testmod-TestBox"],"gold_loss":0},{"damage_healed":0,"gold_gain":0,"player_choice":"Memory 1","damage_taken":0,"max_hp_gain":0,"max_hp_loss":0,"event_name":"SensoryStone","floor":39,"gold_loss":0},{"damage_healed":0,"gold_gain":0,"player_choice":"Ignored","damage_taken":0,"max_hp_gain":0,"max_hp_loss":0,"event_name":"Tomb of Lord Red Mask","floor":44,"gold_loss":0}],"is_beta":false,"boss_relics":[{"not_picked":["GuanYuAspect","Pandora\u0027s Box"],"picked":"Abe\u0027s Treasure"},{"not_picked":[]},{"not_picked":["FixedStarFall","SacredBark"],"picked":"JellyFishMachine"},{"not_picked":[]}],"items_purged_floors":[5,17,22,45],"is_endless":false,"potions_floor_spawned":[3,4,8,10,14,23,27,28,31,36,40,54],"ascension_level":0}}