{"host":"vld99k9l4elccfy8","time":1612560646,"event":{"mods":["AchievementEnabler","BaseMod","Bestiary","Block Reminder","Colored Map","Colored Powertips","Custom Start","Highlight Path","Minty Spire (QoL Compilation)","Permanent Neow","Rare Cards Sparkle"],"gold_per_floor":[116,134,145,145,119,119,147,166,166,17,37,14,31,44,44,139,139,149,166,166,181,36,36,50,50,50,50,50,69,69,69,69,180,180,202,211,211,211],"floor_reached":37,"language":"ENG","playtime":4735,"items_purged":[],"score":371,"play_id":"4310013e-dfbe-4730-bd76-49438361a2f4","local_time":"20210205143046","is_ascension_mode":false,"campfire_choices":[{"floor":6.0,"key":"RECALL"},{"floor":15.0,"key":"REST"},{"floor":23.0,"key":"REST"},{"data":"Darkness","floor":25.0,"key":"SMITH"},{"data":"Zap","floor":27.0,"key":"SMITH"},{"floor":32.0,"key":"REST"}],"circlet_count":0,"master_deck":["Strike_B","Strike_B","Strike_B","Defend_B","Defend_B","Zap+1","Dualcast","Doom and Gloom","Melter","Sunder","Redo","Amplify","Leap","Self Repair","Conserve Battery","Leap","Conserve Battery","Steam","Redo","Beam Cell","Fission","Consume+1","Coolheaded+1","Glacier+1","Darkness+1","Gash","Streamline","Go for the Eyes","Chaos+1","Steam","Biased Cognition","Turbo+1","Decay"],"relics":["Cracked Core","Regal Pillow","Astrolabe","Runic Capacitor","CeramicFish","Nilry\u0027s Codex","MutagenicStrength","SlaversCollar"],"acts_visited":["Exordium","TheCity","TheBeyond"],"potions_floor_usage":[35],"damage_taken":[{"damage":4.0,"enemies":"Jaw Worm","floor":1.0,"turns":4.0},{"damage":0.0,"enemies":"Cultist","floor":2.0,"turns":4.0},{"damage":0.0,"enemies":"Small Slimes","floor":3.0,"turns":3.0},{"damage":37.0,"enemies":"Gremlin Nob","floor":7.0,"turns":4.0},{"damage":6.0,"enemies":"Red Slaver","floor":8.0,"turns":3.0},{"damage":2.0,"enemies":"Gremlin Gang","floor":11.0,"turns":4.0},{"damage":20.0,"enemies":"3 Louse","floor":13.0,"turns":2.0},{"damage":0.0,"enemies":"Blue Slaver","floor":14.0,"turns":3.0},{"damage":43.0,"enemies":"Slime Boss","floor":16.0,"turns":12.0},{"damage":23.0,"enemies":"Chosen","floor":18.0,"turns":5.0},{"damage":14.0,"enemies":"3 Byrds","floor":19.0,"turns":7.0},{"damage":21.0,"enemies":"Snecko","floor":21.0,"turns":7.0},{"damage":10.0,"enemies":"Snake Plant","floor":24.0,"turns":8.0},{"damage":27.0,"enemies":"Centurion and Healer","floor":29.0,"turns":6.0},{"damage":57.0,"enemies":"Automaton","floor":33.0,"turns":11.0},{"damage":61,"enemies":"3 Darklings","floor":35,"turns":9},{"damage":21,"enemies":"3 Shapes","floor":37,"turns":4}],"seed_played":"-6871989091436990094","potions_obtained":[{"floor":2.0,"key":"EntropicBrew"},{"floor":11.0,"key":"SkillPotion"},{"floor":16.0,"key":"Regen Potion"},{"floor":19.0,"key":"AttackPotion"},{"floor":33.0,"key":"BlessingOfTheForge"}],"is_trial":false,"path_per_floor":["M","M","M","?","$","R","E","M","T","$","M","$","M","M","R","B",null,"M","M","?","M","$","R","M","R","T","R","$","M","?","?","R","B",null,"M","?","M"],"character_chosen":"DEFECT","items_purchased":["Redo","Self Repair","Conserve Battery","Leap","Steam","Runic Capacitor"],"campfire_rested":3,"item_purchase_floors":[5,10,10,10,12,22],"current_hp_per_floor":[71,71,71,71,71,71,34,28,28,28,33,33,20,20,57,14,75,59,59,59,45,45,75,72,72,72,72,72,45,29,29,66,31,75,21,21,0,0],"gold":211,"neow_bonus":"ONE_RANDOM_RARE_CARD","is_daily":false,"chose_seed":false,"campfire_upgraded":2,"win_rate":0.0,"timestamp":1612560646,"path_taken":["M","M","M","?","?","R","E","M","T","$","?","$","M","M","R","BOSS","M","M","?","?","$","R","M","R","T","R","$","?","?","?","R","BOSS","M","?","?"],"items_purchased_type":["Card","Card","Card","Card","Card","Relic"],"build_version":"2020-12-22","purchased_purges":0,"victory":false,"max_hp_per_floor":[75,75,75,75,75,75,75,75,75,75,75,75,75,75,75,75,75,75,75,75,75,75,75,75,75,75,75,75,75,75,75,75,75,75,75,75,75,75],"card_choices":[{"not_picked":["Barrage","Coolheaded"],"picked":"Doom and Gloom","floor":1.0},{"not_picked":["Coolheaded","Go for the Eyes"],"picked":"Melter","floor":2.0},{"not_picked":["Stack","Steam"],"picked":"Sunder","floor":3.0},{"not_picked":["Sweeping Beam","Rebound"],"picked":"Amplify","floor":7.0},{"not_picked":["Force Field","Coolheaded"],"picked":"Leap","floor":8.0},{"not_picked":["Heatsinks","Hello World"],"picked":"Conserve Battery","floor":11.0},{"not_picked":["Chill","Beam Cell"],"picked":"Redo","floor":13.0},{"not_picked":["Skim","Cold Snap"],"picked":"Beam Cell","floor":14.0},{"not_picked":["Amplify","Echo Form"],"picked":"Fission","floor":16.0},{"not_picked":["Gash","Streamline"],"picked":"Darkness","floor":18.0},{"not_picked":["Beam Cell","Conserve Battery"],"picked":"Gash","floor":19.0},{"not_picked":["Amplify","Streamline"],"picked":"Go for the Eyes","floor":21.0},{"not_picked":["Hologram","Melter"],"picked":"Chaos+1","floor":24.0},{"not_picked":["Barrage","Redo"],"picked":"Steam","floor":29.0},{"not_picked":["Thunder Strike","Hyperbeam"],"picked":"Biased Cognition","floor":33.0},{"not_picked":["Consume","Rip and Tear"],"picked":"Turbo+1","floor":35}],"player_experience":386037,"relics_obtained":[{"floor":7.0,"key":"Regal Pillow"},{"floor":26.0,"key":"CeramicFish"},{"floor":30.0,"key":"Nilry\u0027s Codex"}],"event_choices":[{"cards_removed":["Seeing Red"],"damage_healed":0.0,"max_hp_gain":0.0,"max_hp_loss":0.0,"gold_gain":0.0,"event_name":"NoteForYourself","player_choice":"Took Card","floor":4.0,"gold_loss":0.0,"damage_taken":0.0,"cards_obtained":["Seeing Red"]},{"damage_healed":0.0,"max_hp_gain":0.0,"max_hp_loss":0.0,"gold_gain":0.0,"cards_transformed":["Amplify"],"event_name":"Transmorgrifier","player_choice":"Transformed","floor":20.0,"gold_loss":0.0,"damage_taken":0.0,"cards_obtained":["Streamline"]},{"damage_healed":0.0,"max_hp_gain":0.0,"max_hp_loss":0.0,"gold_gain":0.0,"event_name":"Cursed Tome","player_choice":"Obtained Book","floor":30.0,"gold_loss":0.0,"damage_taken":16.0},{"damage_healed":0.0,"max_hp_gain":0.0,"max_hp_loss":0.0,"gold_gain":0.0,"event_name":"Drug Dealer","player_choice":"Inject Mutagens","floor":31.0,"gold_loss":0.0,"damage_taken":0.0,"relics_obtained":["MutagenicStrength"]},{"damage_healed":0,"gold_gain":0,"player_choice":"Cursed","damage_taken":0,"max_hp_gain":0,"max_hp_loss":0,"event_name":"Wheel of Change","floor":36,"gold_loss":0,"cards_obtained":["Decay"]}],"is_beta":false,"boss_relics":[{"not_picked":["Empty Cage","Black Star"],"picked":"Astrolabe"},{"not_picked":["Sozu","Inserter"],"picked":"SlaversCollar"}],"items_purged_floors":[],"is_endless":false,"potions_floor_spawned":[2,11,13,14,16,19,21,33],"killed_by":"3 Shapes","ascension_level":0}}