{"host":"d4nr47a59rmbesnz","time":1612509449,"event":{"mods":["A Magickal Journey","BaseMod","Better Third Choice","Hermit","Minty Spire (QoL Compilation)","Quick Restart","Replay The Spire","Shade Mod","StSLib","The Bladedancer","The Cursed","The Death Knight","The Disciple","The Forsaken","The Hierophant","The Necromancer","The Spell Scribe","The Valiant"],"gold_per_floor":[114,129,144,144,144,144,174,174,199,229,244,274,274,289,289,389,389,404,419,434,449,221,221,236,236,261,261,276,276,291,321,321,321,321],"floor_reached":33,"language":"ENG","playtime":2141,"items_purged":[],"score":314,"play_id":"cd3bd386-1222-4467-91a3-009f6ce76a80","local_time":"20210205101729","daily_mods":["Specialized","Blue Cards","Elite Swarm"],"is_ascension_mode":false,"campfire_choices":[{"data":"DeathKnight:Runesurge","floor":6,"key":"SMITH"},{"floor":8,"key":"REST"},{"floor":13,"key":"REST"},{"floor":15,"key":"REST"},{"floor":23,"key":"REST"},{"data":"DeathKnight:DeathStrike","floor":25,"key":"SMITH"},{"data":"DeathKnight:Simulacrum","floor":25,"key":"SMITH"},{"floor":27,"key":"REST"},{"floor":29,"key":"REST"},{"floor":32,"key":"REST"}],"circlet_count":0,"master_deck":["DeathKnight:Strike_DeathKnight","DeathKnight:Strike_DeathKnight","DeathKnight:Strike_DeathKnight","DeathKnight:Strike_DeathKnight","DeathKnight:Strike_DeathKnight","DeathKnight:Defend_DeathKnight","DeathKnight:Defend_DeathKnight","DeathKnight:Defend_DeathKnight","DeathKnight:Defend_DeathKnight","DeathKnight:Defend_DeathKnight","DeathKnight:RuneTap","DeathKnight:RuneStrike","DeathKnight:Parry","DeathKnight:Parry","DeathKnight:Parry","DeathKnight:Parry","DeathKnight:Parry","DeathKnight:BludPresence","DeathKnight:BloodStrike","DeathKnight:Runesurge+1","DeathKnight:MarkOfBlood","DeathKnight:BladedArmor","DeathKnight:Simulacrum+1","DeathKnight:HartStrike","DeathKnight:UnholyExperiment","DeathKnight:AntiMagicShell","DeathKnight:DeathStrike+1","DeathKnight:RunicCorruption+1","Swift Strike","DeathKnight:Razorice","DeathKnight:RaiseAlly+1","DeathKnight:ShatteringStrikes","DeathKnight:Parry"],"relics":["DeathKnight:BrokenRuneblade","DeathKnight:Scourgestone","DeathKnight:PutricidesVial","Replay:Arrowhead","Onion Ring","Ring of Chaos","Tiny Chest","BranchBurnRelic"],"acts_visited":["Exordium","TheCity"],"potions_floor_usage":[10,10,16,18,18,19,20,21,24,24,24,28,30,31,33,33],"damage_taken":[{"damage":3,"enemies":"2 Louse","floor":1,"turns":4},{"damage":10,"enemies":"Small Slimes","floor":2,"turns":5},{"damage":1,"enemies":"Cultist","floor":3,"turns":5},{"damage":30,"enemies":"3 Sentries","floor":7,"turns":10},{"damage":9,"enemies":"Replay:BlueRogue","floor":10,"turns":5},{"damage":3,"enemies":"Exordium Wildlife","floor":11,"turns":4},{"damage":23,"enemies":"Lagavulin","floor":12,"turns":7},{"damage":10,"enemies":"Blue Slaver","floor":14,"turns":4},{"damage":54,"enemies":"Fading Forest","floor":16,"turns":11},{"damage":26,"enemies":"Spheric Guardian","floor":18,"turns":6},{"damage":6,"enemies":"2 Thieves","floor":19,"turns":4},{"damage":22,"enemies":"Snake Plant","floor":20,"turns":5},{"damage":11,"enemies":"Snecko","floor":21,"turns":5},{"damage":13,"enemies":"Chosen and Byrds","floor":24,"turns":6},{"damage":39,"enemies":"Cultist and Chosen","floor":28,"turns":8},{"damage":25,"enemies":"Snecko","floor":30,"turns":6},{"damage":36,"enemies":"Replay:Snechameleon","floor":31,"turns":7},{"damage":63,"enemies":"Pondfish","floor":33,"turns":9}],"seed_played":"-8643747277835071688","potions_obtained":[{"floor":1,"key":"Elixir"},{"floor":3,"key":"FearPotion"},{"floor":7,"key":"Fire Potion"},{"floor":12,"key":"LiquidMemories"},{"floor":14,"key":"Weak Potion"},{"floor":21,"key":"PowerPotion"},{"floor":24,"key":"DuplicationPotion"}],"is_trial":false,"path_per_floor":["M","M","M","?","?","R","E","R","T","E","M","E","R","M","R","B",null,"M","M","M","M","$","R","M","R","T","R","M","R","M","E","R","B"],"character_chosen":"DEATH_KNIGHT","items_purchased":["Swift Strike","DeathKnight:Razorice"],"campfire_rested":7,"item_purchase_floors":[22,22],"current_hp_per_floor":[72,62,61,61,61,61,31,53,53,44,41,18,40,30,52,21,75,49,43,31,20,20,42,36,36,36,58,30,52,38,13,35,0,0],"gold":321,"neow_bonus":"","is_daily":true,"chose_seed":false,"campfire_upgraded":3,"win_rate":0.0,"timestamp":1612509449,"path_taken":["M","M","M","?","?","R","E","R","T","E","M","E","R","M","R","BOSS","M","M","M","?","$","R","M","R","T","R","M","R","M","E","R","BOSS"],"items_purchased_type":["Card","Card"],"build_version":"2020-12-22","purchased_purges":0,"victory":false,"max_hp_per_floor":[75,75,75,75,75,75,75,75,75,75,75,75,75,75,75,75,75,75,75,75,75,75,75,75,75,75,75,75,75,75,75,75,75,75],"card_choices":[{"not_picked":["DeathKnight:Contagion","DeathKnight:Obliterate"],"picked":"DeathKnight:BludPresence","floor":1},{"not_picked":["DeathKnight:BladedArmor","DeathKnight:DeathCoil"],"picked":"DeathKnight:BloodStrike","floor":2},{"not_picked":["DeathKnight:BladedArmor","DeathKnight:IcyTouch"],"picked":"DeathKnight:Runesurge","floor":3},{"not_picked":["DeathKnight:RunicDetonation","DeathKnight:Simulacrum"],"picked":"DeathKnight:MarkOfBlood","floor":7},{"not_picked":["DeathKnight:ReapingStrike","DeathKnight:ArmyOfTheDead","DeathKnight:RunicDetonation"],"picked":"SKIP","floor":10},{"not_picked":["DeathKnight:RaiseAlly","DeathKnight:IceboundArmor"],"picked":"DeathKnight:BladedArmor","floor":11},{"not_picked":["DeathKnight:ReapingStrike","DeathKnight:RunicDetonation"],"picked":"DeathKnight:Simulacrum","floor":12},{"not_picked":["DeathKnight:Obliterate","DeathKnight:DeathCoil"],"picked":"DeathKnight:HartStrike","floor":14},{"not_picked":["DeathKnight:ArmyOfTheDead","DeathKnight:Simulacrum"],"picked":"DeathKnight:UnholyExperiment","floor":16},{"not_picked":["DeathKnight:IceboundArmor","DeathKnight:HowlingBlast"],"picked":"DeathKnight:AntiMagicShell","floor":18},{"not_picked":["DeathKnight:FrosPresence","DeathKnight:GargoyleSkin"],"picked":"DeathKnight:DeathStrike","floor":19},{"not_picked":["DeathKnight:HornOfWinter","DeathKnight:RunicCorruption","DeathKnight:ChainsOfIce"],"picked":"SKIP","floor":20},{"not_picked":["DeathKnight:DeathCoil","DeathKnight:BludPresence"],"picked":"DeathKnight:RunicCorruption+1","floor":21},{"not_picked":["DeathKnight:Hysteria","DeathKnight:DeathCoil"],"picked":"DeathKnight:RaiseAlly+1","floor":24},{"not_picked":["DeathKnight:BloodEchoes","DeathKnight:DreadStrike"],"picked":"DeathKnight:ShatteringStrikes","floor":28},{"not_picked":["DeathKnight:DeathsAdvance","DeathKnight:Runeguard"],"picked":"DeathKnight:Parry","floor":30},{"not_picked":["DeathKnight:SindragosasBreath","DeathKnight:ReapingStrike","DeathKnight:Razorice"],"picked":"SKIP","floor":31}],"player_experience":72424,"relics_obtained":[{"floor":7,"key":"DeathKnight:Scourgestone"},{"floor":9,"key":"DeathKnight:PutricidesVial"},{"floor":10,"key":"Replay:Arrowhead"},{"floor":12,"key":"Onion Ring"},{"floor":26,"key":"Tiny Chest"},{"floor":31,"key":"Dead Branch"}],"event_choices":[{"damage_healed":0,"gold_gain":0,"player_choice":"Ignored","damage_taken":0,"max_hp_gain":0,"max_hp_loss":0,"event_name":"Purifier","floor":5,"gold_loss":0}],"is_beta":false,"boss_relics":[{"not_picked":["Tiny House","Replay:Ancient Bell"],"picked":"Ring of Chaos"}],"items_purged_floors":[],"is_endless":false,"potions_floor_spawned":[1,3,7,12,14,21,24],"killed_by":"Pondfish","ascension_level":0}}