{"host":"jx3f6ezc0g3s9edc","time":1612486284,"event":{"mods":["AchievementEnabler","BaseMod","Bestiary","Colored Map","Highlight Path","Minty Spire (QoL Compilation)","StSLib"],"gold_per_floor":[116,116,133,143,93,93,121,121,167,179,208,208,208,208,208,313,313,327,327,327,337,337,375,375,425,451,477,477,495,517,541,541,652,652,670,699,201,230,230,230],"floor_reached":39,"language":"ENG","playtime":2417,"items_purged":["Strike_G"],"score":662,"play_id":"f5b1e7d4-50c0-447d-b6df-c2e694886deb","local_time":"20210204195124","is_ascension_mode":true,"campfire_choices":[{"data":"Neutralize","floor":6.0,"key":"SMITH"},{"data":"Sadistic Nature","floor":8.0,"key":"SMITH"},{"data":"Bouncing Flask","floor":12.0,"key":"SMITH"},{"floor":15.0,"key":"REST"},{"floor":24.0,"key":"REST"},{"data":"Tools of the Trade","floor":28.0,"key":"SMITH"},{"floor":32.0,"key":"REST"}],"circlet_count":0,"master_deck":["AscendersBane","Strike_G","Strike_G","Defend_G","Defend_G","Defend_G","Defend_G","Defend_G","Survivor","Neutralize+1","Sadistic Nature+1","Bane","Predator","Backstab","Sucker Punch","Bouncing Flask+1","Deadly Poison","Tools of the Trade+1","Acrobatics","Backflip","Ghostly","Ghostly","Ghostly","Ghostly","Ghostly","Crippling Poison","Outmaneuver","Poisoned Stab","Bouncing Flask","Phantasmal Killer","Backflip+1","Flechettes","Crippling Poison+1"],"relics":["Ring of the Serpent","Bronze Scales","Art of War","Girya","Ancient Tea Set","Velvet Choker","CeramicFish","Pen Nib","Strange Spoon","Shuriken"],"acts_visited":["Exordium","TheCity","TheBeyond"],"potions_floor_usage":[38],"damage_taken":[{"damage":0.0,"enemies":"Cultist","floor":1.0,"turns":4.0},{"damage":4.0,"enemies":"Small Slimes","floor":3.0,"turns":4.0},{"damage":3.0,"enemies":"Jaw Worm","floor":4.0,"turns":3.0},{"damage":12.0,"enemies":"Lagavulin","floor":7.0,"turns":8.0},{"damage":3.0,"enemies":"Looter","floor":10.0,"turns":2.0},{"damage":18.0,"enemies":"Gremlin Nob","floor":11.0,"turns":2.0},{"damage":16.0,"enemies":"The Guardian","floor":16.0,"turns":8.0},{"damage":15.0,"enemies":"2 Thieves","floor":18.0,"turns":4.0},{"damage":16.0,"enemies":"3 Byrds","floor":21.0,"turns":3.0},{"damage":8.0,"enemies":"Book of Stabbing","floor":23.0,"turns":4.0},{"damage":2.0,"enemies":"Sentry and Sphere","floor":27.0,"turns":6.0},{"damage":2.0,"enemies":"Snecko","floor":29.0,"turns":4.0},{"damage":4.0,"enemies":"3 Cultists","floor":30.0,"turns":5.0},{"damage":3.0,"enemies":"Sentry and Sphere","floor":31.0,"turns":5.0},{"damage":7.0,"enemies":"Champ","floor":33.0,"turns":7.0},{"damage":6.0,"enemies":"3 Darklings","floor":35.0,"turns":4.0},{"damage":3.0,"enemies":"Orb Walker","floor":36.0,"turns":4.0},{"damage":17,"enemies":"4 Shapes","floor":38,"turns":4},{"damage":11,"enemies":"Transient","floor":39,"turns":2}],"seed_played":"-6384001692849168926","potions_obtained":[{"floor":3.0,"key":"Block Potion"},{"floor":7.0,"key":"Fruit Juice"},{"floor":11.0,"key":"BlessingOfTheForge"},{"floor":18.0,"key":"Strength Potion"},{"floor":23.0,"key":"Block Potion"},{"floor":31.0,"key":"Block Potion"},{"floor":36.0,"key":"DistilledChaos"}],"is_trial":false,"path_per_floor":["M","?","M","M","?","R","E","R","T","M","E","R","T","?","R","B",null,"M","?","?","M","?","E","R","?","T","M","R","M","M","M","R","B",null,"M","M","$","M","M"],"character_chosen":"THE_SILENT","items_purchased":["Strange Spoon","Shuriken","Flechettes"],"campfire_rested":3,"item_purchase_floors":[37,37,37],"current_hp_per_floor":[63,68,64,61,61,61,49,54,54,51,33,33,33,26,47,31,63,48,48,41,25,25,17,27,27,27,25,25,23,19,16,26,19,32,26,23,23,6,0,0],"gold":230,"neow_bonus":"RANDOM_COLORLESS_2","is_daily":false,"chose_seed":false,"campfire_upgraded":4,"win_rate":0.0,"timestamp":1612486284,"path_taken":["M","?","M","M","?","R","E","R","T","M","E","R","?","?","R","BOSS","M","?","?","?","?","E","R","?","T","M","R","?","M","M","R","BOSS","M","M","$","M","M"],"items_purchased_type":["Relic","Relic","Card"],"build_version":"2020-12-22","purchased_purges":1,"victory":false,"max_hp_per_floor":[63,68,68,68,68,68,68,73,73,73,73,73,73,73,73,73,73,73,73,73,73,36,36,36,36,36,36,36,36,36,36,36,36,36,36,36,36,36,36,36],"card_choices":[{"not_picked":["Thinking Ahead","Magnetism"],"picked":"Sadistic Nature","floor":0.0},{"not_picked":["Finisher","Flechettes"],"picked":"Bane","floor":1.0},{"not_picked":["Bane","Acrobatics"],"picked":"Predator","floor":3.0},{"not_picked":["Predator","Slice"],"picked":"Backstab","floor":4.0},{"not_picked":["Flying Knee","Prepared"],"picked":"Sucker Punch","floor":7.0},{"not_picked":["Catalyst","Eviscerate"],"picked":"Bouncing Flask","floor":10.0},{"not_picked":["Dodge and Roll","Dagger Throw"],"picked":"Deadly Poison","floor":11.0},{"not_picked":["Phantasmal Killer","Unload"],"picked":"Tools of the Trade","floor":16.0},{"not_picked":["Dagger Throw","Bane"],"picked":"Acrobatics","floor":18.0},{"not_picked":["Infinite Blades+1","Accuracy"],"picked":"Backflip","floor":21.0},{"not_picked":["Distraction","Noxious Fumes"],"picked":"Crippling Poison","floor":23.0},{"not_picked":["Dash","Noxious Fumes"],"picked":"Outmaneuver","floor":27.0},{"not_picked":["Cloak And Dagger","Slice","Dagger Throw"],"picked":"SKIP","floor":29.0},{"not_picked":["Bane+1","Endless Agony+1"],"picked":"Poisoned Stab","floor":30.0},{"not_picked":["Dagger Throw","Bane+1"],"picked":"Bouncing Flask","floor":31.0},{"not_picked":["Bullet Time","Malaise"],"picked":"Phantasmal Killer","floor":33.0},{"not_picked":["Prepared","Flechettes+1","Outmaneuver"],"picked":"SKIP","floor":35.0},{"not_picked":["Acrobatics+1","Prepared"],"picked":"Backflip+1","floor":36.0},{"not_picked":["Flechettes","Bane"],"picked":"Crippling Poison+1","floor":38}],"player_experience":817846,"relics_obtained":[{"floor":7.0,"key":"Bronze Scales"},{"floor":9.0,"key":"Art of War"},{"floor":11.0,"key":"Girya"},{"floor":13.0,"key":"Ancient Tea Set"},{"floor":23.0,"key":"CeramicFish"},{"floor":26.0,"key":"Pen Nib"}],"event_choices":[{"damage_healed":0.0,"max_hp_gain":5.0,"max_hp_loss":0.0,"gold_gain":0.0,"event_name":"Big Fish","player_choice":"Donut","floor":2.0,"gold_loss":0.0,"damage_taken":0.0},{"cards_removed":["Strike_G"],"damage_healed":0.0,"max_hp_gain":0.0,"max_hp_loss":0.0,"gold_gain":0.0,"event_name":"The Cleric","player_choice":"Card Removal","floor":5.0,"gold_loss":50.0,"damage_taken":0.0},{"cards_removed":["Strike_G"],"damage_healed":0.0,"max_hp_gain":0.0,"max_hp_loss":0.0,"gold_gain":0.0,"event_name":"Golden Wing","player_choice":"Card Removal","floor":14.0,"gold_loss":0.0,"damage_taken":7.0},{"damage_healed":0.0,"max_hp_gain":0.0,"max_hp_loss":0.0,"gold_gain":0.0,"event_name":"Vampires","player_choice":"Ignored","floor":19.0,"gold_loss":0.0,"damage_taken":0.0},{"damage_healed":0.0,"max_hp_gain":0.0,"max_hp_loss":0.0,"gold_gain":0.0,"event_name":"Wheel of Change","player_choice":"Damaged","floor":20.0,"gold_loss":0.0,"damage_taken":7.0},{"damage_healed":0.0,"max_hp_gain":0.0,"max_hp_loss":37.0,"gold_gain":0.0,"event_name":"Ghosts","player_choice":"Became a Ghost","floor":22.0,"gold_loss":0.0,"damage_taken":0.0,"cards_obtained":["Ghostly","Ghostly","Ghostly","Ghostly","Ghostly"]},{"damage_healed":0.0,"max_hp_gain":0.0,"max_hp_loss":0.0,"gold_gain":100.0,"event_name":"The Joust","player_choice":"Bet on Murderer","floor":25.0,"gold_loss":50.0,"damage_taken":0.0}],"is_beta":false,"boss_relics":[{"not_picked":["Philosopher\u0027s Stone","SacredBark"],"picked":"Velvet Choker"},{"not_picked":["Astrolabe","Snecko Eye"],"picked":"Ring of the Serpent"}],"items_purged_floors":[37],"is_endless":false,"potions_floor_spawned":[3,7,11,18,23,27,31,36],"killed_by":"Transient","ascension_level":11}}