{"host":"o5jvvi5yapo90aia","time":1612548351,"event":{"mods":["BaseMod","CapriCore","Minty Spire (QoL Compilation)","MostiFishMod","Prisma Mod","Spicy Shops","StSLib","TestMod","The Immortal","Yakumo Yukari mod","【人物mod】游戏王New YuGiOh mod","【功能Mod】Neow奖励"],"gold_per_floor":[120,120,120,45,66,103,124,157,157,190,24,46,84,105,105,185,185,202,224,244,259,276,307,326,362,389,389,389,389,415,453,453,539,539,565,865,886,914,938,1176,1176,1176,1176,1225,1251,526,579,715,715,758,777,777,777,8,59,79],"floor_reached":57,"language":"ZHS","playtime":2671,"items_purged":["Defend_P","Strike_P"],"score":3493,"play_id":"ba5631f7-86fe-41af-b59c-be777ddd87e3","local_time":"20210206020551","is_ascension_mode":true,"campfire_choices":[{"data":"Defend_P","floor":15,"key":"PURGE"},{"data":"Defend_P","floor":27,"key":"PURGE"},{"data":"Strike_P","floor":32,"key":"PURGE"},{"data":"Strike_P","floor":42,"key":"PURGE"},{"floor":49,"key":"RECALL"},{"data":"Strike_P+1","floor":53,"key":"PURGE"}],"circlet_count":0,"master_deck":["Defend_P+1","Eruption+1","Vigilance+1","MostiFishMod:Speedup+1","MostiFishMod:DisColor+1","Conclude+1","FearNoEvil+1","MentalFortress+1","MostiFishMod:ForestofLight+1","Burning Pact+1","testmod-Reverberation+1","MostiFishMod:MusicBox+1","Scrape+1","MostiFishMod:LegendTransform+1","MostiFishMod:Nova+1"],"relics":["DaveBox","testmod-TestBox","Sozu","Civilization","testmod-FatalChain","SynthV:TestCard","testmod-Motorcycle","Kunai","Bag of Preparation","testmod-DragonStarHat","PrismaticShard","The Courier","testmod-Recursion","White Beast Statue","Anchor","Omamori","Nunchaku","Enchiridion","Smiling Mask","Snecko Eye","SynthV:C4","InkBottle","Happy Flower","Boot","testmod-IndustrialRevolution","Oddly Smooth Stone","Bag of Marbles","testmod-TheFather","DianDianMeat","BrkXgEgg","Lantern","Strawberry","testmod-LifeArmor","Toy Ornithopter","Whetstone","Damaru"],"acts_visited":["Exordium","TheCity","TheBeyond","TheEnding"],"potions_floor_usage":[],"damage_taken":[{"damage":9,"enemies":"Jaw Worm","floor":1,"turns":4},{"damage":0,"enemies":"2 Louse","floor":5,"turns":1},{"damage":0,"enemies":"3 Sentries","floor":6,"turns":3},{"damage":0,"enemies":"Cultist","floor":7,"turns":2},{"damage":16,"enemies":"Gremlin Nob","floor":8,"turns":3},{"damage":9,"enemies":"Lagavulin","floor":10,"turns":3},{"damage":0,"enemies":"Gremlin Gang","floor":12,"turns":1},{"damage":0,"enemies":"3 Sentries","floor":13,"turns":1},{"damage":0,"enemies":"Exordium Wildlife","floor":14,"turns":1},{"damage":0,"enemies":"Slime Boss","floor":16,"turns":3},{"damage":11,"enemies":"Shell Parasite","floor":18,"turns":3},{"damage":0,"enemies":"2 Thieves","floor":19,"turns":1},{"damage":21,"enemies":"Shelled Parasite and Fungi","floor":20,"turns":2},{"damage":0,"enemies":"Sentry and Sphere","floor":21,"turns":2},{"damage":0,"enemies":"Cultist and Chosen","floor":22,"turns":2},{"damage":0,"enemies":"Gremlin Leader","floor":23,"turns":2},{"damage":0,"enemies":"Snake Plant","floor":24,"turns":2},{"damage":32,"enemies":"Book of Stabbing","floor":25,"turns":5},{"damage":7,"enemies":"Shelled Parasite and Fungi","floor":30,"turns":2},{"damage":34,"enemies":"Slavers","floor":31,"turns":3},{"damage":16,"enemies":"Automaton","floor":33,"turns":6},{"damage":0,"enemies":"Orb Walker","floor":35,"turns":4},{"damage":0,"enemies":"3 Shapes","floor":37,"turns":1},{"damage":57,"enemies":"Writhing Mass","floor":38,"turns":4},{"damage":3,"enemies":"Sphere and 2 Shapes","floor":39,"turns":3},{"damage":64,"enemies":"Nemesis","floor":40,"turns":5},{"damage":0,"enemies":"Reptomancer","floor":44,"turns":2},{"damage":0,"enemies":"Maw","floor":45,"turns":3},{"damage":3,"enemies":"Nemesis","floor":47,"turns":4},{"damage":22,"enemies":"Nemesis","floor":48,"turns":8},{"damage":31,"enemies":"Awakened One","floor":50,"turns":4},{"damage":4,"enemies":"Donu and Deca","floor":51,"turns":3},{"damage":0,"enemies":"Shield and Spear","floor":55,"turns":3},{"damage":100,"enemies":"The Heart","floor":56,"turns":5}],"seed_played":"-6245605524683782275","potions_obtained":[],"is_trial":false,"path_per_floor":["M","?","?","$","M","E","M","E","T","E","$","M","E","M","R","B",null,"M","M","M","M","M","E","M","E","T","R","?","?","M","E","R","B",null,"M","?","M","M","M","E","?","R","T","E","M","$","E","?","R","B","B",null,"R","$","E","B",null],"character_chosen":"WATCHER","items_purchased":["PrismaticShard","Boot","testmod-IndustrialRevolution","Oddly Smooth Stone","Bag of Marbles","testmod-TheFather","BrkXgEgg","Lantern","Strawberry","testmod-LifeArmor","Toy Ornithopter","Whetstone"],"campfire_rested":0,"item_purchase_floors":[11,46,46,46,46,46,54,54,54,54,54,54],"current_hp_per_floor":[55,50,50,50,55,62,69,60,60,58,58,65,72,79,79,86,106,102,109,95,102,109,116,123,98,98,98,98,77,77,50,50,41,136,143,143,150,124,128,71,71,71,71,80,89,89,95,236,236,210,215,238,238,245,255,171],"gold":79,"neow_bonus":"BOSS_RELIC","is_daily":false,"chose_seed":false,"campfire_upgraded":0,"win_rate":0.0,"timestamp":1612548351,"path_taken":["M","?","?","$","M","E","M","E","T","E","?","M","E","?","R","BOSS","M","M","M","?","M","E","?","E","T","R","?","?","M","E","R","BOSS","M","?","M","M","?","E","?","R","T","E","M","$","E","?","R","BOSS","BOSS","R","$","E","BOSS"],"items_purchased_type":["Relic","Relic","Relic","Relic","Relic","Relic","Relic","Relic","Relic","Relic","Relic","Relic"],"build_version":"2020-12-22","purchased_purges":2,"victory":true,"max_hp_per_floor":[69,69,69,69,72,77,82,87,87,92,92,97,102,107,107,112,112,117,122,127,132,137,142,147,152,152,152,152,152,157,162,162,167,167,172,172,177,206,211,216,216,216,216,221,226,226,231,236,236,241,246,246,246,253,259,264],"card_choices":[{"not_picked":["CutThroughFate","JustLucky","ThirdEye"],"picked":"SKIP","floor":1},{"not_picked":["FlurryOfBlows","ThirdEye","Consecrate","BowlingBash"],"picked":"MostiFishMod:Speedup","floor":3},{"not_picked":["Evaluate","SashWhip","ClearTheMind","ThirdEye"],"picked":"MostiFishMod:DisColor","floor":3},{"not_picked":["ConjureBlade","JustLucky","Crescendo","EmptyMind"],"picked":"Conclude","floor":3},{"not_picked":["Evaluate","CrushJoints","WreathOfFlame","Worship"],"picked":"FearNoEvil","floor":5},{"not_picked":["FlyingSleeves","FollowUp","ClearTheMind","Nirvana","Prostrate"],"picked":"SKIP","floor":6},{"not_picked":["CrushJoints","Weave","MostiFishMod:StarLaLaLa","SashWhip","Protect"],"picked":"SKIP","floor":7},{"not_picked":["ThirdEye","CarveReality","SandsOfTime","Study","BattleHymn"],"picked":"SKIP","floor":8},{"not_picked":["BowlingBash","Nirvana","PathToVictory","MostiFishMod:Dust"],"picked":"MentalFortress","floor":10},{"not_picked":["Wallop","PrismaMod:MiyuOrbIncreasePerm","MokouMod:Wildfire","ThirdEye","DemoTeacher"],"picked":"SKIP","floor":12},{"not_picked":["MokouMod:FujiyamaVolcano","Storm","Flash of Steel","Line_surface_state_purple","MokouMod:DanceofFlames"],"picked":"SKIP","floor":13},{"not_picked":["Trip","MokouMod:RoaringFlare","MostiFishMod:Clarity","Deep Breath","Charmbait_purple"],"picked":"SKIP","floor":14},{"not_picked":["Boundary_LifeAndDeath_purple","Corruption","Theboundaryofcreation_purpleEX","Core Surge"],"picked":"MostiFishMod:ForestofLight","floor":16},{"not_picked":["PrismaMod:MiyuCarnivalAttack","Boundary_LightAndDark_purple","Underhanded Strike","PrismaMod:IllyaGrailKun+1","Shrug It Off"],"picked":"SKIP","floor":18},{"not_picked":["MostiFishMod:PerfectParry","EmptyBody","MokouMod:RoaringFlare","Flex","SandsOfTime"],"picked":"SKIP","floor":19},{"not_picked":["Dagger Spray","Aggregate","PrismaMod:MiyuCheapEvoke","DeusExMachina"],"picked":"Burning Pact+1","floor":20},{"not_picked":["WhiteGuide","Deflect","MokouMod:ThermalPressure","Shallow_ocean_purpleEX","ChainBoob"],"picked":"SKIP","floor":21},{"not_picked":["Spot Weakness","MetroBOOM_purple","PrismaMod:MiyuEvokeBuffDex","MokouMod:FusionFlare","Dramatic Entrance"],"picked":"SKIP","floor":22},{"not_picked":["DimensionStaggered_purple","PrismaMod:ChloeUnlimitedBladeWorks","StateErode_purple","MokouMod:ImperishableFlame","Mirror_WaveAndshot_purple"],"picked":"SKIP","floor":23},{"not_picked":["PrismaMod:IllyaFeed","MostiFishMod:GatherIntelligence","CommonSense_AntiCommonSense_purple","BattleHymn","Iron Wave"],"picked":"SKIP","floor":24},{"not_picked":["PrismaMod:ChloeBetterTracePools","testmod-VirtualReality","ExternalForce_HighSpeedFlying_purple","Discovery"],"picked":"testmod-Reverberation","floor":25},{"not_picked":["MokouMod:Meltdown","FlyingSleeves","Crippling Poison","TrapMaster","testmod-DeathImprint"],"picked":"SKIP","floor":30},{"not_picked":["FleshShield","Flying Knee","Slice","PrismaMod:MiyuCheapChannelAttack","PrismaMod:ChloeExhaustTwo+1"],"picked":"SKIP","floor":31},{"not_picked":["Night Terror","MostiFishMod:IntelligentEquipment","PrismaMod:MiyuDefenseAbsorbMinor","MostiFishMod:Pointsdynamics"],"picked":"MostiFishMod:MusicBox","floor":33},{"not_picked":["MokouMod:FlareStarter","Cold Snap","CooperationSpell+1","EmptyBody","AdvanceAttack_purple"],"picked":"SKIP","floor":35},{"not_picked":["MostiFishMod:KnuckleDown","Backflip","BowlingBash","MostiFishMod:FluxCapactior","PrismaMod:ChloeChristmas+1"],"picked":"SKIP","floor":37},{"not_picked":["Warcry+1","Beam Cell","PrismaMod:MiyuAttackChannelVul","testmod-WeaknessCounterattack","Calculated Gamble"],"picked":"SKIP","floor":38},{"not_picked":["testmod-SubstituteBySubterfuge","Escape Plan+1","MokouMod:InfernalWave","MokouMod:HeatTransfer","PrismaMod:MiyuUberAttack"],"picked":"SKIP","floor":39},{"not_picked":["Lockon","PrismaMod:ChloeUncommonAOEAttack","MokouMod:FlareStarter","PrismaMod:MiyuCheapStrBuff"],"picked":"Scrape+1","floor":40},{"not_picked":["Limit Break","Flying Knee","Halt","Know_ledgeAbilityRealm_purple"],"picked":"MostiFishMod:LegendTransform+1","floor":44},{"not_picked":["WhiteGuide+1","PrismaMod:IllyaCheapChannelAttack+1","Iron Wave","MokouMod:ScorchingColumn+1","PrismaMod:IllyaGrailKun"],"picked":"SKIP","floor":45},{"not_picked":["PrismaMod:ChloeCheapDefendTwo","PrismaMod:ChloeRuleBreaker","Eviscerate+1","MostiFishMod:PerfectParry","Prostrate+1"],"picked":"SKIP","floor":47},{"not_picked":["PrismaMod:MiyuEvokeCheapAttack","Heatsinks","DragonOrigin+1","MokouMod:BurningDraft"],"picked":"MostiFishMod:Nova+1","floor":55}],"player_experience":1515391,"relics_obtained":[{"floor":1,"key":"SynthV:TestCard"},{"floor":6,"key":"Kunai"},{"floor":8,"key":"Bag of Preparation"},{"floor":10,"key":"testmod-DragonStarHat"},{"floor":13,"key":"The Courier"},{"floor":23,"key":"White Beast Statue"},{"floor":25,"key":"Anchor"},{"floor":26,"key":"Omamori"},{"floor":29,"key":"Enchiridion"},{"floor":31,"key":"Smiling Mask"},{"floor":40,"key":"SynthV:C4"},{"floor":43,"key":"InkBottle"},{"floor":44,"key":"Happy Flower"},{"floor":47,"key":"DianDianMeat"},{"floor":55,"key":"Damaru"}],"event_choices":[{"damage_healed":0,"gold_gain":0,"player_choice":"Success","damage_taken":5,"relics_obtained":["testmod-Motorcycle"],"max_hp_gain":0,"max_hp_loss":0,"event_name":"Scrap Ooze","floor":2,"gold_loss":0},{"damage_healed":0,"gold_gain":0,"player_choice":"Swap Relic","damage_taken":0,"relics_obtained":["Orrery"],"max_hp_gain":0,"max_hp_loss":0,"event_name":"给自己的盒子","floor":3,"relics_lost":["Orrery"],"gold_loss":0},{"damage_healed":0,"gold_gain":0,"player_choice":"Opened","damage_taken":0,"relics_obtained":["Nunchaku"],"max_hp_gain":0,"max_hp_loss":0,"event_name":"The Mausoleum","floor":28,"gold_loss":0,"cards_obtained":["Writhe"]},{"damage_healed":0,"gold_gain":0,"player_choice":"Obtained Book","damage_taken":21,"max_hp_gain":0,"max_hp_loss":0,"event_name":"Cursed Tome","floor":29,"gold_loss":0},{"damage_healed":0,"gold_gain":300,"player_choice":"Gold","damage_taken":0,"max_hp_gain":0,"max_hp_loss":0,"event_name":"Wheel of Change","floor":36,"gold_loss":0},{"damage_healed":0,"gold_gain":0,"player_choice":"Ignored","damage_taken":0,"max_hp_gain":0,"max_hp_loss":0,"event_name":"The Moai Head","floor":41,"gold_loss":0}],"is_beta":false,"boss_relics":[{"not_picked":["MoonlightInvasionPlan","JellyFishMachine"],"picked":"testmod-Recursion"},{"not_picked":["TimeKeys","testmod-SaigiyounoYou"],"picked":"Snecko Eye"}],"items_purged_floors":[4,46],"is_endless":false,"potions_floor_spawned":[1,8,13,14,20,21,23,24,25,30,31,33,35,37,38,39,40,44,45,47,48,55],"ascension_level":20}}