{"host":"vlqejv0notyktumz","time":1612550755,"event":{"mods":["AchievementEnabler","BaseMod","Colored Map","Colored Powertips","Downfall","Googly Eyes","Minty Spire (QoL Compilation)","StSLib"],"gold_per_floor":[118,13,88,103,122,122,132,132,132,132,165,165,165,165,165],"floor_reached":14,"language":"ENG","playtime":178,"items_purged":[],"score":170,"play_id":"7c44fb3b-bc76-4e4b-b81a-39030d96196c","local_time":"20210205124555","is_ascension_mode":true,"campfire_choices":[{"data":"All For One","floor":6,"key":"SMITH"},{"data":"Conserve Battery","floor":8,"key":"SMITH"},{"data":"Darkness","floor":10,"key":"SMITH"}],"circlet_count":0,"master_deck":["AscendersBane","Strike_B","Strike_B","Strike_B","Strike_B","Defend_B","Defend_B","Defend_B","Defend_B","Zap","Dualcast","BootSequence","Darkness+1","Sweeping Beam","Gash","All For One+1","Conserve Battery+1"],"relics":["Cracked Core","NeowsBlessing","Mummified Hand","Blue Candle","Omamori"],"acts_visited":["Exordium"],"potions_floor_usage":[11,11,11],"damage_taken":[{"damage":0,"enemies":"Cultist","floor":1,"turns":1},{"damage":0,"enemies":"Small Slimes","floor":4,"turns":1},{"damage":0,"enemies":"2 Louse","floor":5,"turns":1},{"damage":2,"enemies":"Looter","floor":7,"turns":3},{"damage":0,"enemies":"3 Sentries","floor":11,"turns":4},{"damage":45,"enemies":"Gremlin Nob","floor":14,"turns":4}],"seed_played":"8664925641082861329","potions_obtained":[{"floor":1,"key":"LiquidBronze"},{"floor":5,"key":"BlessingOfTheForge"},{"floor":7,"key":"PowerPotion"}],"is_trial":false,"path_per_floor":["M","$","?","M","M","R","M","R","T","R","E","?","?","E"],"character_chosen":"DEFECT","items_purchased":["Darkness","Sweeping Beam"],"campfire_rested":0,"item_purchase_floors":[2,2],"current_hp_per_floor":[68,68,57,57,57,57,55,55,55,55,55,55,30,0,0],"gold":165,"neow_bonus":"THREE_ENEMY_KILL","is_daily":false,"chose_seed":false,"campfire_upgraded":3,"win_rate":0.0,"timestamp":1612550755,"path_taken":["M","$","?","M","M","R","M","R","T","R","E","?","?","E"],"items_purchased_type":["Card","Card"],"build_version":"2020-12-22","purchased_purges":0,"victory":false,"max_hp_per_floor":[75,75,75,75,75,75,75,75,75,75,75,75,75,75,75],"card_choices":[{"not_picked":["Heatsinks","Barrage"],"picked":"BootSequence","floor":1},{"not_picked":["Redo","Conserve Battery"],"picked":"Gash","floor":4},{"not_picked":["Compile Driver","Redo"],"picked":"All For One","floor":5},{"not_picked":["Redo","Defragment"],"picked":"Conserve Battery","floor":7},{"not_picked":["Redo","Capacitor","Compile Driver"],"picked":"SKIP","floor":11}],"player_experience":396033,"relics_obtained":[{"floor":9,"key":"Mummified Hand"},{"floor":11,"key":"Blue Candle"}],"event_choices":[{"damage_healed":0,"gold_gain":75,"player_choice":"Gather Gold","damage_taken":11,"max_hp_gain":0,"max_hp_loss":0,"event_name":"World of Goop","floor":3,"gold_loss":0},{"damage_healed":0,"gold_gain":0,"player_choice":"Ignored","damage_taken":0,"max_hp_gain":0,"max_hp_loss":0,"event_name":"Liars Game","floor":12,"gold_loss":0},{"damage_healed":0,"gold_gain":0,"player_choice":"Success","damage_taken":25,"relics_obtained":["Omamori"],"max_hp_gain":0,"max_hp_loss":0,"event_name":"Scrap Ooze","floor":13,"gold_loss":0}],"is_beta":false,"boss_relics":[],"items_purged_floors":[],"is_endless":false,"potions_floor_spawned":[1,5,7],"killed_by":"Gremlin Nob","ascension_level":10}}