{"host":"i9o3eksapkmftcbs","time":1612516988,"event":{"mods":["2.2 Compatiblity","AchievementEnabler","Act Like it!","Arknights","Bard","BaseMod","BetterRewards","Colored Map","Colored Powertips","Conspire","Duelist Mod","Halation","Hubris","Infinite Spire","Lobotomy","Minty Spire (QoL Compilation)","Rare Cards Sparkle","Reliquary","Robot Space Explorer","StSLib","The Blackbeard","The Clintock","The Dragon Tamer","The Mystic","Transform Curses"],"gold_per_floor":[115,115,115,115,132,132,151,151,223,243,305,324,15,27,27,129,129,143,143,170,170,190,190,210,221,247,36,36,36,55,69,69,167,167,180,9,19,19,68,103,123,139,187,200,234,246,266,286,286,384,384,390,403,368,368,372,399,474,8,32,32,43,44,39,39],"floor_reached":64,"language":"ENG","playtime":5105,"items_purged":["Pain","bard:Strike"],"score":1098,"play_id":"c1fa4795-e97a-4801-99d9-e1998f318c25","local_time":"20210205032308","is_ascension_mode":false,"campfire_choices":[{"floor":6.0,"key":"REST"},{"floor":8.0,"key":"REST"},{"data":"bard:MantleOfInspiration","floor":15.0,"key":"SMITH"},{"floor":28.0,"key":"REST"},{"data":"hubris:InfiniteBlow+3","floor":32.0,"key":"SMITH"},{"data":"hubris:InfiniteBlow+16","floor":49.0,"key":"SMITH"}],"circlet_count":0,"master_deck":["bard:Strike","bard:Strike","bard:Strike","bard:Defend","bard:Defend","bard:Defend","bard:Defend","bard:Riposte","bard:Inspire","bard:Fermata","bard:Flourish","bard:HideousLaughter","bard:Aphasia","bard:InspiringSong","bard:MantleOfInspiration+1","bard:BucklerBash","bard:FalseLife","bard:BucklerBash","bard:CovetousAura","bard:QuickSong","hubris:InfiniteBlow+22","bard:FeastOnFear","infinitespire:SevenWalls","bard:Gamble","bard:LifeDrain+1","bard:DiscordantVoice","bard:FingerOfDeath","bard:SongBolt","bard:HideousLaughter","bard:EchoEcho+1","bard:Rhapsody","bard:Doot+1","bard:GreaterMagicWeapon","Trip","bard:LocateObject+1","bard:Fermata+1","bard:PowerWordStun","bard:FeastOnFear","bard:ViciousMockery+1","bard:ReverseGravity","bard:FalseLife+1","bard:GreaterMagicWeapon+1","bard:BucklerBash","bard:FaerieFire+1","bard:Wish","bard:SixFourTime","bard:LingeringEcho","bard:LifeDrain","bard:Demoralize","bard:SixFourTime","Magnetism","bard:ViciousMockery","bard:SongBolt","bard:FeastOnFear","bard:QuickSong","bard:ViciousMockery","bard:FeastOnFear","bard:MnemonicVestments"],"relics":["bard:PitchPipe","bard:BagPipes","conspire:Boomerang","WarpedTongs","Membership Card","hubris:FruitBowl","reliquary:PrincelyHelmet","Shuriken","Calipers","ClockworkSouvenir","Philosopher\u0027s Stone","hubris:KleinBottle","CaptainsWheel","hubris:HerbalPaste","Nloth\u0027s Gift","reliquary:RedPaperclip","halation:BottledHappiness","hubris:Spice","Strawberry","Ancient Tea Set","Meat on the Bone","conspire:SlowCooker","Dream Catcher","Mango","hubris:CrystalStatue","Sling","Potion Belt","halation:SwordOfLegend"],"acts_visited":["Exordium","TheCity","TheBeyond","Exordium"],"potions_floor_usage":[],"damage_taken":[{"damage":4.0,"enemies":"conspire:RoseBush","floor":1.0,"turns":3.0},{"damage":0.0,"enemies":"Cultist","floor":5.0,"turns":5.0},{"damage":4.0,"enemies":"infinitespire:Voidling","floor":7.0,"turns":4.0},{"damage":0.0,"enemies":"Blue Slaver","floor":10.0,"turns":3.0},{"damage":1.0,"enemies":"Large Slime","floor":12.0,"turns":2.0},{"damage":0.0,"enemies":"Exordium Wildlife","floor":14.0,"turns":4.0},{"damage":0.0,"enemies":"Slime Boss","floor":16.0,"turns":5.0},{"damage":0.0,"enemies":"Spheric Guardian","floor":18.0,"turns":5.0},{"damage":0.0,"enemies":"2 Thieves","floor":22.0,"turns":4.0},{"damage":0.0,"enemies":"Snake Plant","floor":24.0,"turns":2.0},{"damage":0.0,"enemies":"Chosen and Byrds","floor":25.0,"turns":6.0},{"damage":0.0,"enemies":"conspire:HollyBat","floor":30.0,"turns":9.0},{"damage":0.0,"enemies":"Snake Plant","floor":31.0,"turns":4.0},{"damage":6.0,"enemies":"Automaton","floor":33.0,"turns":8.0},{"damage":23.0,"enemies":"3 Darklings","floor":35.0,"turns":5.0},{"damage":0.0,"enemies":"3 Shapes","floor":37.0,"turns":3.0},{"damage":1.0,"enemies":"2 Orb Walkers","floor":39.0,"turns":4.0},{"damage":26.0,"enemies":"Reptomancer","floor":40.0,"turns":3.0},{"damage":0.0,"enemies":"Writhing Mass","floor":41.0,"turns":1.0},{"damage":0.0,"enemies":"3 Darklings","floor":42.0,"turns":7.0},{"damage":3.0,"enemies":"4 Shapes","floor":44.0,"turns":4.0},{"damage":0.0,"enemies":"Nightmare","floor":45.0,"turns":2.0},{"damage":29.0,"enemies":"Sphere and 2 Shapes","floor":46.0,"turns":6.0},{"damage":0.0,"enemies":"Writhing Mass","floor":47.0,"turns":4.0},{"damage":0.0,"enemies":"Spire Growth","floor":48.0,"turns":3.0},{"damage":24.0,"enemies":"hubris:GrandSnecko","floor":50.0,"turns":4.0},{"damage":13.0,"enemies":"Jaw Worm","floor":52.0,"turns":2.0},{"damage":0.0,"enemies":"conspire:MimicChest","floor":53.0,"turns":4.0},{"damage":12.0,"enemies":"Small Slimes","floor":56.0,"turns":2.0},{"damage":0.0,"enemies":"Gremlin Nob","floor":57.0,"turns":1.0},{"damage":11.0,"enemies":"conspire:RoseBush","floor":61.0,"turns":3.0},{"damage":12.0,"enemies":"conspire:2 RoseBushes","floor":62.0,"turns":2.0},{"damage":66.0,"enemies":"Nightmare","floor":63.0,"turns":6.0},{"damage":41,"enemies":"Lots of Slimes","floor":64,"turns":2}],"seed_played":"-1549735947721327867","potions_obtained":[{"floor":1.0,"key":"infinitespire:BlackPotion"},{"floor":5.0,"key":"SkillPotion"},{"floor":7.0,"key":"FearPotion"},{"floor":16.0,"key":"LiquidMemories"},{"floor":18.0,"key":"Ancient Potion"},{"floor":24.0,"key":"Strength Potion"},{"floor":33.0,"key":"Fruit Juice"},{"floor":35.0,"key":"AttackPotion"},{"floor":39.0,"key":"Ancient Potion"},{"floor":42.0,"key":"SteroidPotion"},{"floor":48.0,"key":"SneckoOil"},{"floor":50.0,"key":"SpeedPotion"},{"floor":53.0,"key":"SteroidPotion"},{"floor":62.0,"key":"ColorlessPotion"},{"floor":63.0,"key":"LiquidMemories"}],"is_trial":false,"path_per_floor":["M","?","$","?","M","R","M","R","T","M","?","M","$","M","R","B",null,"M","$","T","?","M","AVR","M","M","T","$","R","?","M","M","R","B",null,"M","$","M","?","?","E","M","M","T","M","NM","M","M","M","R","B",null,"M","?","?","?","M","E","?","$","T","M","M","NM","M"],"character_chosen":"BARD","items_purchased":["Membership Card","hubris:FruitBowl","Calipers","ClockworkSouvenir","bard:MantleOfInspiration","bard:BucklerBash","bard:FalseLife","hubris:EvacipatedBox","hubris:KleinBottle","bard:DiscordantVoice","bard:FingerOfDeath","bard:SongBolt","Akabeko","halation:BottledHappiness","bard:GreaterMagicWeapon","Trip","hubris:CrystalStatue","Sling","bard:SixFourTime","Magnetism","bard:ViciousMockery","bard:SongBolt","bard:FeastOnFear","bard:QuickSong","conspire:TimeTravelPotion"],"campfire_rested":3,"item_purchase_floors":[3,3,13,13,13,13,13,19,19,27,27,27,27,36,36,36,59,59,59,59,59,59,59,59,59],"current_hp_per_floor":[59,59,25,22,22,40,40,58,58,58,58,57,57,57,57,57,63,63,25,25,19,19,19,22,28,28,28,46,46,52,58,58,64,70,50,50,55,55,72,61,61,67,67,70,73,50,56,61,61,55,92,79,85,92,92,80,101,90,90,90,84,75,27,0,0],"gold":39,"neow_bonus":"ONE_RARE_RELIC","is_daily":false,"chose_seed":false,"campfire_upgraded":3,"win_rate":0.0,"timestamp":1612516988,"path_taken":["M","?","?","?","M","R","M","R","T","M","?","?","$","M","R","BOSS","M","?","?","?","M","AVR","M","M","T","$","R","?","?","M","R","BOSS","M","$","M","?","?","E","M","?","T","M","NM","M","M","?","R","BOSS","M","?","?","?","?","E","?","$","T","M","M","NM","M"],"items_purchased_type":["Relic","Relic","Relic","Relic","Card","Card","Card","Relic","Relic","Card","Card","Card","Relic","Relic","Card","Card","Relic","Relic","Card","Card","Card","Card","Card","Card","Potion"],"build_version":"2020-12-22","purchased_purges":2,"victory":false,"max_hp_per_floor":[63,63,63,63,63,63,63,63,63,63,63,63,63,63,63,63,63,63,63,63,63,63,63,63,63,63,63,63,63,63,63,63,70,70,70,70,70,70,82,92,92,92,92,92,92,92,92,92,92,92,92,92,92,92,92,92,113,113,113,113,113,113,113,113,113],"card_choices":[{"not_picked":["bard:BestowCurse","bard:HideousLaughter"],"picked":"bard:Fermata","floor":1.0},{"not_picked":["bard:HideousLaughter","bard:Heroism"],"picked":"bard:Flourish","floor":5.0},{"not_picked":["bard:LingeringEcho","bard:Blink"],"picked":"bard:HideousLaughter","floor":7.0},{"not_picked":["bard:Blink","bard:StudiedStrike"],"picked":"bard:Aphasia","floor":10.0},{"not_picked":["bard:FingerOfDeath","bard:Fermata"],"picked":"bard:InspiringSong","floor":12.0},{"not_picked":["bard:BestowCurse","bard:Thunderwave"],"picked":"bard:BucklerBash","floor":14.0},{"not_picked":["bard:DeathMetal","bard:BottledSong"],"picked":"bard:CovetousAura","floor":16.0},{"not_picked":["bard:HideousLaughter+1","bard:ViciousMockery"],"picked":"bard:QuickSong","floor":18.0},{"not_picked":["hubris:Rewind","infinitespire:SealOfDarkness+"],"picked":"hubris:InfiniteBlow+3","floor":19.0},{"not_picked":["bard:Accelerando","bard:CuttingWords"],"picked":"bard:FeastOnFear","floor":22.0},{"not_picked":["bard:QuickSong","bard:Accelerando+1"],"picked":"bard:Gamble","floor":24.0},{"not_picked":["bard:Sift","bard:TinyHut"],"picked":"bard:LifeDrain+1","floor":25.0},{"not_picked":["bard:QuickSong","bard:TinyHut"],"picked":"bard:HideousLaughter","floor":30.0},{"not_picked":["bard:Fermata","bard:LingeringEcho"],"picked":"bard:EchoEcho+1","floor":31.0},{"not_picked":["bard:MnemonicVestments","bard:DeathMetal"],"picked":"bard:Rhapsody","floor":33.0},{"not_picked":["bard:FalseLife","bard:InspiringSong"],"picked":"bard:Doot+1","floor":35.0},{"not_picked":["bard:Thunderwave+1","bard:Fermata+1"],"picked":"bard:LocateObject+1","floor":37.0},{"not_picked":["bard:LocateObject","bard:SongBolt+1"],"picked":"bard:Fermata+1","floor":39.0},{"not_picked":["bard:Fermata+1","bard:Gamble"],"picked":"bard:PowerWordStun","floor":40.0},{"not_picked":["bard:Sift","bard:BestowCurse"],"picked":"bard:FeastOnFear","floor":41.0},{"not_picked":["bard:EchoEcho","bard:HideousLaughter"],"picked":"bard:ViciousMockery+1","floor":42.0},{"not_picked":["bard:SongBolt","bard:ViciousMockery+1"],"picked":"bard:ReverseGravity","floor":44.0},{"not_picked":["bard:ReverseGravity","bard:LocateObject+1"],"picked":"bard:FalseLife+1","floor":45.0},{"not_picked":["bard:Doot","bard:HideousLaughter"],"picked":"bard:GreaterMagicWeapon+1","floor":46.0},{"not_picked":["bard:Greatness+1","bard:Doot"],"picked":"bard:BucklerBash","floor":47.0},{"not_picked":["bard:Parry","bard:HideousLaughter+1"],"picked":"bard:FaerieFire+1","floor":48.0},{"not_picked":["bard:Improv","bard:Focused"],"picked":"bard:Wish","floor":50.0},{"not_picked":["bard:QuickSong","bard:DervishDance"],"picked":"bard:SixFourTime","floor":52.0},{"not_picked":["bard:FeastOnFear","bard:Silence"],"picked":"bard:LingeringEcho","floor":53.0},{"not_picked":["bard:BottledSong","bard:Blink"],"picked":"bard:LifeDrain","floor":56.0},{"not_picked":["bard:QuickSong","bard:Gamble"],"picked":"bard:Demoralize","floor":57.0},{"not_picked":["bard:EchoEcho","bard:ThickOfTheFight"],"picked":"bard:ViciousMockery","floor":61.0},{"not_picked":["bard:Fermata","bard:EchoEcho"],"picked":"bard:FeastOnFear","floor":62.0},{"not_picked":["bard:InspiringSong","bard:Flourish"],"picked":"bard:MnemonicVestments","floor":63.0}],"player_experience":391050,"relics_obtained":[{"floor":9.0,"key":"Shuriken"},{"floor":20.0,"key":"Oddly Smooth Stone"},{"floor":39.0,"key":"hubris:Spice"},{"floor":40.0,"key":"Strawberry"},{"floor":43.0,"key":"Ancient Tea Set"},{"floor":45.0,"key":"Meat on the Bone"},{"floor":53.0,"key":"Dream Catcher"},{"floor":57.0,"key":"Mango"},{"floor":60.0,"key":"Potion Belt"},{"floor":63.0,"key":"halation:SwordOfLegend"}],"event_choices":[{"damage_healed":0.0,"max_hp_gain":0.0,"max_hp_loss":0.0,"gold_gain":0.0,"event_name":"Accursed Blacksmith","player_choice":"Rummage","floor":2.0,"gold_loss":0.0,"damage_taken":0.0,"relics_obtained":["WarpedTongs"],"cards_obtained":["Pain"]},{"damage_healed":0.0,"max_hp_gain":0.0,"max_hp_loss":0.0,"gold_gain":0.0,"event_name":"Scrap Ooze","player_choice":"Success","floor":4.0,"gold_loss":0.0,"damage_taken":3.0,"relics_obtained":["reliquary:PrincelyHelmet"]},{"damage_healed":0.0,"max_hp_gain":0.0,"max_hp_loss":0.0,"gold_gain":62.0,"event_name":"Golden Wing","player_choice":"Gained Gold","floor":11.0,"gold_loss":0.0,"damage_taken":0.0},{"damage_healed":0.0,"max_hp_gain":0.0,"max_hp_loss":0.0,"gold_gain":0.0,"event_name":"blackbeard:ShipwreckEvent","player_choice":"CaptainsWheel","floor":21.0,"gold_loss":0.0,"damage_taken":0.0,"relics_obtained":["CaptainsWheel"]},{"damage_healed":0.0,"max_hp_gain":0.0,"max_hp_loss":0.0,"gold_gain":0.0,"event_name":"N\u0027loth","player_choice":"Traded Relic","floor":29.0,"relics_lost":["hubris:EvacipatedBox"],"gold_loss":0.0,"damage_taken":0.0,"relics_obtained":["Nloth\u0027s Gift"]},{"damage_healed":0.0,"max_hp_gain":0.0,"max_hp_loss":0.0,"gold_gain":0.0,"event_name":"Mysterious Sphere","player_choice":"Fight","floor":39.0,"gold_loss":0.0,"damage_taken":0.0},{"damage_healed":23.0,"max_hp_gain":0.0,"max_hp_loss":0.0,"gold_gain":0.0,"event_name":"The Cleric","player_choice":"Healed","floor":54.0,"gold_loss":35.0,"damage_taken":0.0},{"damage_healed":0.0,"max_hp_gain":0.0,"max_hp_loss":0.0,"gold_gain":75.0,"event_name":"World of Goop","player_choice":"Gather Gold","floor":58.0,"gold_loss":0.0,"damage_taken":11.0}],"is_beta":false,"boss_relics":[{"not_picked":["hubris:BlackHole","Ectoplasm"],"picked":"Philosopher\u0027s Stone"},{"not_picked":["reliquary:Ember","Cursed Key"],"picked":"reliquary:RedPaperclip"},{"not_picked":["hubris:Spice","Pandora\u0027s Box"],"picked":"conspire:SlowCooker"}],"items_purged_floors":[3,36],"is_endless":true,"potions_floor_spawned":[1,5,7,16,18,24,33,35,39,42,48,50,53,62,63],"killed_by":"Lots of Slimes","ascension_level":0}}