{"host":"0cm5wy4nhuju7tij","time":1612561907,"event":{"mods":["100% Spire Juice","2.2 Compatiblity","AchievementEnabler","Aspiration","BaseMod","Better Third Choice","BetterRewards","CCEM2","CapriCore","Colored Powertips","Curses Come First","Displayed Cursed Tome","Downfall","Energized Spire","Evolution","Filter the Spire","Highlight Path","Jess\u0027s Bottle","Minty Spire (QoL Compilation)","Permanent Neow","Poor People Problems","Relic Filter Mod","Relic Stats","Shop Mod","Spicy Shops","StSLib","The Cursed","TheSurvivalist","Weighted Paths"],"gold_per_floor":[112,287,300,300,265,265,294,294,368,402,413,413,430,48,48,144,144,158,177,177,195,39,39,39],"floor_reached":23,"language":"ENG","playtime":2080,"items_purged":["Doubt"],"score":404,"play_id":"59d04a51-6796-4305-b1c0-687e80cb66ae","local_time":"20210205165147","is_ascension_mode":true,"campfire_choices":[{"data":"TheCursedMod:HellfireBreathing","floor":6,"key":"SMITH"},{"data":"TheCursedMod:HellfireBreathing","floor":8,"key":"SMITH"},{"data":"TheCursedMod:CircleOfAmplification","floor":12,"key":"SMITH"},{"data":"TheCursedMod:CollectTribute","floor":15,"key":"SMITH"}],"circlet_count":0,"master_deck":["TheCursedMod:CleanUpWorkshop","TheCursedMod:CursedAmulet","TheCursedMod:HellfireBreathing+1","TheCursedMod:HellfireBreathing+1","TheCursedMod:SpitefulPlan","TheCursedMod:LuckyCharm","TheCursedMod:CursedSpellbook","TheCursedMod:NeowsMight","TheCursedMod:ParallelWorld","TheCursedMod:CircleOfAmplification+1","TheCursedMod:CursedBoomerang","TheCursedMod:CursedShiv","TheCursedMod:Obscuration","TheCursedMod:FleshFromBone+1","TheCursedMod:WearCloak+1","TheCursedMod:CursedBlade","TheCursedMod:CollectTribute+1","TheCursedMod:CircleOfAmplification+1","TheCursedMod:ManaCirculation","TheCursedMod:CursedShiv","TheCursedMod:HellfireBreathing","Writhe","TheCursedMod:CircleOfBlood+1","TheCursedMod:ReleasedStrength+1"],"relics":["TheCursedMod:BlackMagicAdvanced","EVO:Axolotl","aspiration:Nostalgia","PureWater","Happy Flower","CCEMRelics:HeliumBalloon","Toxic Egg 2","Shovel","Anchor","energizedSpire:SpiderWeb","Dead Branch"],"acts_visited":["Exordium","TheCity"],"potions_floor_usage":[],"damage_taken":[{"damage":0,"enemies":"2 Louse","floor":1,"turns":2},{"damage":0,"enemies":"Small Slimes","floor":3,"turns":2},{"damage":0,"enemies":"3 Sentries","floor":7,"turns":2},{"damage":0,"enemies":"Lagavulin","floor":10,"turns":3},{"damage":0,"enemies":"Jaw Worm","floor":11,"turns":2},{"damage":0,"enemies":"Looter","floor":13,"turns":2},{"damage":1,"enemies":"The Guardian","floor":16,"turns":7},{"damage":2,"enemies":"Spheric Guardian","floor":18,"turns":3},{"damage":4,"enemies":"2 Thieves","floor":19,"turns":3},{"damage":9,"enemies":"Snake Plant","floor":21,"turns":3},{"damage":57,"enemies":"Slavers","floor":23,"turns":3}],"seed_played":"-5335971465634911855","potions_obtained":[{"floor":7,"key":"Dexterity Potion"},{"floor":10,"key":"Explosive Potion"},{"floor":19,"key":"EssenceOfSteel"}],"is_trial":false,"path_per_floor":["M","?","M","?","?","R","E","R","T","E","M","R","M","$","R","B",null,"M","M","?","M","$","E"],"character_chosen":"THE_CURSED","items_purchased":["TheCursedMod:CollectTribute","Anchor","TheCursedMod:CircleOfAmplification+1","TheCursedMod:ReleasedStrength+1"],"campfire_rested":0,"item_purchase_floors":[14,14,14,22],"current_hp_per_floor":[68,68,68,43,61,61,61,61,61,61,61,61,61,61,61,60,71,69,65,65,56,56,0,0],"gold":39,"neow_bonus":"NOSTALGIA","is_daily":false,"chose_seed":false,"campfire_upgraded":4,"win_rate":0.0,"timestamp":1612561907,"path_taken":["M","?","M","?","?","R","E","R","T","E","M","R","M","$","R","BOSS","M","M","?","M","$","E"],"items_purchased_type":["Card","Relic","Card","Card"],"build_version":"2020-12-22","purchased_purges":1,"victory":false,"max_hp_per_floor":[75,75,75,75,75,75,75,75,75,75,75,75,75,75,75,75,75,75,75,75,75,75,75,75],"relic_stats":{"Shovel":0,"Happy Flower":[9],"counters":[11,26],"Dead Branch":[18],"obtain_stats":[{"Anchor":14,"CCEMRelics:HeliumBalloon":7,"Shovel":10,"TheCursedMod:BlackMagicAdvanced":0,"Happy Flower":4,"aspiration:Nostalgia":0,"Dead Branch":20,"EVO:Axolotl":0,"PureWater":0,"Toxic Egg 2":9,"energizedSpire:SpiderWeb":17},{"Anchor":6,"CCEMRelics:HeliumBalloon":3,"Shovel":4,"TheCursedMod:BlackMagicAdvanced":0,"Happy Flower":2,"aspiration:Nostalgia":0,"Dead Branch":9,"EVO:Axolotl":0,"PureWater":0,"Toxic Egg 2":3,"energizedSpire:SpiderWeb":7},{"Anchor":8,"CCEMRelics:HeliumBalloon":3,"Shovel":5,"TheCursedMod:BlackMagicAdvanced":0,"Happy Flower":2,"aspiration:Nostalgia":0,"Dead Branch":20,"EVO:Axolotl":0,"PureWater":0,"Toxic Egg 2":3,"energizedSpire:SpiderWeb":14}]},"card_choices":[{"not_picked":["TheCursedMod:CursedStaff","TheCursedMod:BlessingInDisguise"],"picked":"TheCursedMod:CursedBoomerang","floor":1},{"not_picked":["TheCursedMod:CircleOfCorruption","TheCursedMod:HellfireBreathing"],"picked":"TheCursedMod:CursedShiv","floor":3},{"not_picked":["TheCursedMod:CircleOfCorruption","TheCursedMod:CircleOfFlame"],"picked":"TheCursedMod:Obscuration","floor":7},{"not_picked":["TheCursedMod:Stretching+1","TheCursedMod:CircleOfCorruption+1"],"picked":"TheCursedMod:FleshFromBone+1","floor":10},{"not_picked":["TheCursedMod:RavingStaff","TheCursedMod:SoulCrush"],"picked":"TheCursedMod:WearCloak+1","floor":11},{"not_picked":["TheCursedMod:FleshFromBone+1","TheCursedMod:Stretching+1"],"picked":"TheCursedMod:CursedBlade","floor":13},{"not_picked":["TheCursedMod:CollectTribute","TheCursedMod:StunningStrike"],"picked":"TheCursedMod:ManaCirculation","floor":16},{"not_picked":["TheCursedMod:SurpriseAttack","TheCursedMod:EmpowerCircles+1"],"picked":"TheCursedMod:CursedShiv","floor":18},{"not_picked":["TheCursedMod:CircleOfCorruption+1","TheCursedMod:ReleasedKnowledge+1"],"picked":"TheCursedMod:HellfireBreathing","floor":19},{"not_picked":["TheCursedMod:CircleOfWindfury+1","TheCursedMod:TacticalStrike"],"picked":"TheCursedMod:CircleOfBlood+1","floor":21}],"player_experience":260496,"relics_obtained":[{"floor":7,"key":"CCEMRelics:HeliumBalloon"},{"floor":9,"key":"Toxic Egg 2"},{"floor":10,"key":"Shovel"}],"event_choices":[{"damage_healed":0,"gold_gain":175,"player_choice":"AGREE","damage_taken":112,"max_hp_gain":0,"max_hp_loss":0,"event_name":"betterThird:BetterSerpent","floor":2,"gold_loss":0},{"damage_healed":0,"gold_gain":1,"player_choice":"Relic ","damage_taken":25,"max_hp_gain":0,"max_hp_loss":0,"event_name":"betterThird:BetterScrap","floor":4,"gold_loss":0,"cards_obtained":["Double Energy"]},{"damage_healed":18,"gold_gain":0,"player_choice":"Healed","damage_taken":0,"max_hp_gain":0,"max_hp_loss":0,"event_name":"The Cleric","floor":5,"gold_loss":35},{"damage_healed":0,"gold_gain":0,"player_choice":"Opened","damage_taken":0,"relics_obtained":["Dead Branch"],"max_hp_gain":0,"max_hp_loss":0,"event_name":"The Mausoleum","floor":20,"gold_loss":0,"cards_obtained":["Writhe"]}],"is_beta":false,"boss_relics":[{"not_picked":["Velvet Choker","Coffee Dripper"],"picked":"energizedSpire:SpiderWeb"}],"items_purged_floors":[22],"is_endless":false,"potions_floor_spawned":[3,7,10,19],"killed_by":"Slavers","ascension_level":7}}