{"host":"aapp7ew3jk5k1bvd","time":1612537296,"event":{"mods":["AchievementEnabler","BaseMod","Colored Map","Minty Spire (QoL Compilation)","Permanent Neow","StSLib","SuperFastMode"],"gold_per_floor":[116,43,43,43,53,86,86,103,127,147,147,163,179,27,27,27,27],"floor_reached":16,"language":"KOR","playtime":431,"items_purged":["Regret"],"score":102,"play_id":"ff4c9f61-527d-46ae-b001-c410c5fbb196","local_time":"20210206000136","is_ascension_mode":false,"campfire_choices":[{"data":"Entrench","floor":7,"key":"SMITH"},{"data":"Juggernaut","floor":11,"key":"SMITH"},{"floor":15,"key":"REST"}],"circlet_count":0,"master_deck":["Strike_R","Strike_R","Strike_R","Strike_R","Strike_R","Defend_R","Defend_R","Defend_R","Defend_R","Bash","Juggernaut+1","Rage","Entrench+1","Ghostly Armor","Rage"],"relics":["Burning Blood"],"acts_visited":["Exordium"],"potions_floor_usage":[10,16],"damage_taken":[{"damage":4,"enemies":"Cultist","floor":1,"turns":4},{"damage":7,"enemies":"Small Slimes","floor":5,"turns":4},{"damage":31,"enemies":"3 Sentries","floor":6,"turns":9},{"damage":2,"enemies":"Jaw Worm","floor":8,"turns":5},{"damage":19,"enemies":"Gremlin Gang","floor":10,"turns":5},{"damage":2,"enemies":"Looter","floor":12,"turns":3},{"damage":18,"enemies":"Large Slime","floor":13,"turns":6},{"damage":60,"enemies":"Slime Boss","floor":16,"turns":11}],"seed_played":"6668704646559476797","potions_obtained":[{"floor":5,"key":"SpeedPotion"},{"floor":8,"key":"Fire Potion"},{"floor":12,"key":"ColorlessPotion"}],"is_trial":false,"path_per_floor":["M","$","?","T","M","E","R","M","T","M","R","M","M","$","R","B"],"character_chosen":"IRONCLAD","items_purchased":["Entrench","Rage"],"campfire_rested":1,"item_purchase_floors":[2,14],"current_hp_per_floor":[80,80,80,80,79,54,54,58,58,45,45,49,37,37,61,1,1],"gold":27,"neow_bonus":"THREE_RARE_CARDS","is_daily":false,"chose_seed":false,"campfire_upgraded":2,"win_rate":0.0,"timestamp":1612537296,"path_taken":["M","?","?","?","M","E","R","?","T","M","R","M","M","$","R","BOSS"],"items_purchased_type":["Card","Card"],"build_version":"2020-12-22","purchased_purges":1,"victory":false,"max_hp_per_floor":[80,80,80,80,80,80,80,80,80,80,80,80,80,80,80,80,80],"card_choices":[{"not_picked":["Exhume","Brutality"],"picked":"Juggernaut","floor":0},{"not_picked":["Wild Strike","Carnage"],"picked":"Rage","floor":1},{"not_picked":["Rupture","Pommel Strike","Carnage"],"picked":"SKIP","floor":5},{"not_picked":["Heavy Blade","Spot Weakness"],"picked":"Ghostly Armor","floor":6},{"not_picked":["True Grit","Dark Embrace","Disarm"],"picked":"SKIP","floor":8},{"not_picked":["Warcry","Pommel Strike","Armaments"],"picked":"SKIP","floor":10},{"not_picked":["Anger","Cleave","Combust"],"picked":"SKIP","floor":12},{"not_picked":["Perfected Strike","Intimidate","Thunderclap"],"picked":"SKIP","floor":13}],"player_experience":1324431,"relics_obtained":[],"event_choices":[{"damage_healed":0,"gold_gain":0,"player_choice":"Ignored","damage_taken":0,"max_hp_gain":0,"max_hp_loss":0,"event_name":"Golden Idol","floor":3,"gold_loss":0}],"is_beta":false,"boss_relics":[],"items_purged_floors":[14],"is_endless":false,"potions_floor_spawned":[5,8,12],"killed_by":"Slime Boss","ascension_level":0}}