{"host":"8z0h4areh8sio1k0","time":1612509006,"event":{"mods":["Act Like it!","Aspiration","BaseMod","Colored Map","Conspire","Hubris","Minty Spire (QoL Compilation)","Replay The Spire","StSLib","TestMod","The Bug Knight"],"gold_per_floor":[112,141,155,155,10,42,57,87,87,102,102,102,113,127,127,222,222,233,248,91,108,108,139,154,172,172,61,81,81,81,103,103,207,207,238,138,154,29,29,29,29,29,53,53,82,113,113,136,136,156],"floor_reached":51,"language":"ZHS","playtime":1786,"items_purged":["Acrobatics","Strike_G","Defend_G"],"score":884,"play_id":"9c59fa6e-a6e6-48bf-8830-6cb066486354","local_time":"20210205151006","is_ascension_mode":false,"campfire_choices":[{"data":"After Image","floor":12,"key":"SMITH"},{"floor":15,"key":"REST"},{"data":"Terror","floor":30,"key":"SMITH"},{"data":"Accuracy","floor":32,"key":"SMITH"},{"data":"Adrenaline","floor":40,"key":"SMITH"},{"data":"Footwork","floor":42,"key":"SMITH"},{"data":"A Thousand Cuts","floor":44,"key":"SMITH"},{"floor":49,"key":"DIG"}],"circlet_count":0,"master_deck":["Strike_G","Strike_G","Defend_G","Defend_G","Defend_G","Defend_G","Survivor","Neutralize","Deflect","Poisoned Stab","Dagger Throw","Flechettes+1","Terror+1","Infinite Blades","Cold Snap","After Image+1","Masterful Stab","Doppelganger","Prepared","Die Die Die","Acrobatics+1","Footwork+1","Hidden Blade","Intimidate","A Thousand Cuts+1","Accuracy+1","hubris:Sniper","Blade Dance+1","ReplayTheSpireMod:IOU","Distraction","Adrenaline+1","Dodge and Roll+1"],"relics":["Ring of the Snake","testmod-TestBox","NeowsBlessing","testmod-HeartOfDaVinci","ReplayFunnel","Cables","Replay:Baseball","testmod-ArcanaOfDestiny","testmod-SaigiyounoYou","ReplayTheSpireMod:Spearhead","Replay:Rubber Ducky","testmod-Acrobat","testmod-TimeTraveler","Centennial Puzzle","Anchor","Ancient Tea Set","testmod-ObsoleteBoomerang"],"acts_visited":["Exordium","TheCity","TheBeyond"],"potions_floor_usage":[2,8,13,19,23,24,50,50],"damage_taken":[{"damage":0,"enemies":"Cultist","floor":1,"turns":1},{"damage":0,"enemies":"conspire:MimicChest","floor":2,"turns":1},{"damage":0,"enemies":"2 Louse","floor":3,"turns":1},{"damage":27,"enemies":"3 Sentries","floor":6,"turns":10},{"damage":0,"enemies":"Small Slimes","floor":7,"turns":4},{"damage":3,"enemies":"Gremlin Nob","floor":8,"turns":4},{"damage":0,"enemies":"Blue Slaver","floor":10,"turns":3},{"damage":2,"enemies":"3 Louse","floor":13,"turns":4},{"damage":0,"enemies":"2 Fungi Beasts","floor":14,"turns":3},{"damage":33,"enemies":"Slime Boss","floor":16,"turns":14},{"damage":0,"enemies":"Chosen","floor":18,"turns":3},{"damage":5,"enemies":"2 Thieves","floor":19,"turns":3},{"damage":6,"enemies":"Snecko","floor":21,"turns":5},{"damage":0,"enemies":"Gremlin Leader","floor":23,"turns":5},{"damage":12,"enemies":"Sentry and Sphere","floor":24,"turns":6},{"damage":0,"enemies":"Snake Plant","floor":25,"turns":1},{"damage":2,"enemies":"Centurion and Healer","floor":28,"turns":3},{"damage":0,"enemies":"Snecko","floor":31,"turns":3},{"damage":1,"enemies":"Champ","floor":33,"turns":3},{"damage":0,"enemies":"3 Darklings","floor":35,"turns":4},{"damage":0,"enemies":"Orb Walker","floor":37,"turns":1},{"damage":0,"enemies":"Transient","floor":45,"turns":5},{"damage":0,"enemies":"HollowMod:StalkingDevout","floor":46,"turns":2},{"damage":33,"enemies":"4 Shapes","floor":48,"turns":3},{"damage":13,"enemies":"Awakened One","floor":50,"turns":6}],"seed_played":"-5981388301516450676","potions_obtained":[{"floor":2,"key":"testmod-SpacePotion"},{"floor":6,"key":"Venom Potion"},{"floor":7,"key":"Milkshake"},{"floor":10,"key":"PowerPotion"},{"floor":16,"key":"Energy Potion"},{"floor":21,"key":"Toxic Potion"},{"floor":23,"key":"testmod-TestPotion"},{"floor":31,"key":"Explosive Potion"},{"floor":37,"key":"Poison Potion"}],"is_trial":false,"path_per_floor":["M","?","M","?","$","E","M","E","T","M","?","R","M","M","R","B",null,"M","M","$","M","?","E","M","M","T","$","M","?","R","M","R","B",null,"M","$","M","$","?","R","?","R","T","R","M","E","?","M","R_BF","B",null],"character_chosen":"THE_SILENT","items_purchased":["Terror","Infinite Blades","Footwork","Accuracy","hubris:Sniper"],"campfire_rested":1,"item_purchase_floors":[5,5,20,27,27],"current_hp_per_floor":[70,70,70,70,70,43,43,40,40,40,40,40,38,38,59,26,70,70,70,70,70,70,70,64,66,66,66,70,70,70,70,70,70,70,70,70,70,70,70,70,70,70,70,70,70,70,70,37,37,70],"gold":156,"neow_bonus":"THREE_ENEMY_KILL","is_daily":false,"chose_seed":false,"campfire_upgraded":6,"win_rate":0.0,"timestamp":1612509006,"path_taken":["M","?","M","?","$","E","M","E","T","M","?","R","M","M","R","BOSS","M","M","$","?","?","E","M","M","T","$","M","?","R","M","R","BOSS","M","$","M","$","?","R","?","R","T","R","?","E","?","M","R_BF","BOSS"],"items_purchased_type":["Card","Card","Card","Card","Card"],"build_version":"2020-12-22","purchased_purges":3,"victory":true,"max_hp_per_floor":[70,70,70,70,70,70,70,70,70,70,70,70,70,70,70,70,70,70,70,70,70,70,70,70,70,70,70,70,70,70,70,70,70,70,70,70,70,70,70,70,70,70,70,70,70,70,70,70,70,70],"card_choices":[{"not_picked":["Outmaneuver","Bane"],"picked":"Deflect","floor":1},{"not_picked":["Backflip","Underhanded Strike"],"picked":"Poisoned Stab","floor":2},{"not_picked":["ReplayTheSpireMod:Scrap Shanks","Flying Knee"],"picked":"Dagger Throw","floor":3},{"not_picked":["Quick Slash","hubris:SlightOfHand"],"picked":"After Image","floor":6},{"not_picked":["Deflect","ReplayTheSpireMod:Tripwire","Prepared"],"picked":"SKIP","floor":7},{"not_picked":["Poisoned Stab","Dodge and Roll"],"picked":"Acrobatics","floor":8},{"not_picked":["Dagger Throw","Acrobatics"],"picked":"Masterful Stab","floor":10},{"not_picked":["Eviscerate","Poisoned Stab"],"picked":"Prepared","floor":13},{"not_picked":["Catalyst","Bane","Dodge and Roll"],"picked":"SKIP","floor":14},{"not_picked":["Envenom","Atom Bomb"],"picked":"Die Die Die","floor":16},{"not_picked":["Deadly Poison","Slice"],"picked":"Acrobatics+1","floor":18},{"not_picked":["Prepared","Deflect+1","Flechettes+1"],"picked":"SKIP","floor":19},{"not_picked":["Sucker Punch","Dodge and Roll"],"picked":"Hidden Blade","floor":21},{"not_picked":["Dagger Throw","Bane"],"picked":"A Thousand Cuts","floor":23},{"not_picked":["All Out Attack","Masterful Stab+1","hubris:SlightOfHand"],"picked":"SKIP","floor":24},{"not_picked":["Footwork","ReplayTheSpireMod:Shiv Toss+1","Dagger Spray"],"picked":"SKIP","floor":25},{"not_picked":["ReplayTheSpireMod:Tripwire+1","Dagger Throw+1"],"picked":"Blade Dance+1","floor":28},{"not_picked":["Backstab","Riddle With Holes"],"picked":"Distraction","floor":31},{"not_picked":["Storm of Steel","After Image"],"picked":"Adrenaline","floor":33},{"not_picked":["hubris:SlightOfHand+1","Deadly Poison"],"picked":"Dodge and Roll+1","floor":35},{"not_picked":["Finisher","Acrobatics+1","Dodge and Roll+1"],"picked":"SKIP","floor":37},{"not_picked":["Dodge and Roll+1","Noxious Fumes+1","Deflect+1"],"picked":"SKIP","floor":45},{"not_picked":["hubris:SlightOfHand","Fluid Movement+1","Outmaneuver"],"picked":"SKIP","floor":46},{"not_picked":["Bane","hubris:SlightOfHand","Slice+1"],"picked":"SKIP","floor":48}],"player_experience":514487,"relics_obtained":[{"floor":2,"key":"ReplayFunnel"},{"floor":6,"key":"Cables"},{"floor":8,"key":"Replay:Baseball"},{"floor":9,"key":"testmod-ArcanaOfDestiny"},{"floor":23,"key":"ReplayTheSpireMod:Spearhead"},{"floor":26,"key":"Replay:Rubber Ducky"},{"floor":43,"key":"Anchor"},{"floor":46,"key":"Ancient Tea Set"},{"floor":49,"key":"testmod-ObsoleteBoomerang"}],"event_choices":[{"damage_healed":0,"gold_gain":0,"cards_transformed":["Strike_G"],"player_choice":"Transformed","damage_taken":0,"max_hp_gain":0,"max_hp_loss":0,"event_name":"Transmorgrifier","floor":11,"gold_loss":0,"cards_obtained":["Doppelganger"]},{"damage_healed":0,"gold_gain":0,"player_choice":"Ignored","damage_taken":0,"max_hp_gain":0,"max_hp_loss":0,"event_name":"Vampires","floor":22,"gold_loss":0},{"damage_healed":0,"gold_gain":0,"player_choice":"Gave Potion","damage_taken":0,"relics_obtained":["Centennial Puzzle"],"max_hp_gain":0,"max_hp_loss":0,"event_name":"WeMeetAgain","floor":41,"gold_loss":0},{"damage_healed":0,"gold_gain":0,"player_choice":"Leave","damage_taken":0,"max_hp_gain":0,"max_hp_loss":0,"event_name":"conspire:Investor","floor":47,"gold_loss":0}],"is_beta":false,"boss_relics":[{"not_picked":["conspire:RunicOctahedron","testmod-BatchProcessingSystem"],"picked":"testmod-SaigiyounoYou"},{"not_picked":["Tiny House","ChewingGum"],"picked":"testmod-TimeTraveler"}],"items_purged_floors":[20,36,38],"is_endless":false,"potions_floor_spawned":[2,6,7,10,16,21,23,31,37],"ascension_level":0}}