{"host":"2yqfi47fogfu1ic4","time":1612485038,"event":{"mods":["AchievementEnabler","BaseMod","Colored Map","Colored Powertips","Highlight Path","Minty Spire (QoL Compilation)","Permanent Neow","Relic Stats","StSLib"],"gold_per_floor":[112,112,125,135,155,155,175,206,206,206,226,226,240,258,258,332,332,344,10,23,35,55,55,65,82,82,182,182,232,27,44,44,120,120,137,18,38,38,57,57,75,105,129,148,148,148,160,171,171,171,171,171,171,6,39,39,39],"floor_reached":56,"language":"DEU","playtime":8807,"items_purged":["Distraction"],"score":2353,"play_id":"7ec2a23a-5edb-4d33-9378-0c66c4a0a114","local_time":"20210205013038","is_ascension_mode":true,"campfire_choices":[{"data":"Choke","floor":6.0,"key":"SMITH"},{"floor":12.0,"key":"REST"},{"data":"Finisher","floor":15.0,"key":"SMITH"},{"floor":23,"key":"DIG"},{"floor":28,"key":"DIG"},{"data":"Apotheosis","floor":32,"key":"SMITH"},{"floor":40,"key":"DIG"},{"floor":45,"key":"RECALL"},{"floor":49,"key":"DIG"},{"floor":53,"key":"DIG"}],"circlet_count":0,"master_deck":["AscendersBane","Survivor","Neutralize","Slice","Slice","Endless Agony","Choke+1","Cloak And Dagger","Endless Agony","Finisher+1","Backflip","Slice","Burst","Blur","Leg Sweep","Prepared","Masterful Stab","Burst","Dagger Spray","Die Die Die","Acrobatics","PiercingWail","Backflip","Slice+1","Backflip","Apotheosis+1","Blur","Night Terror","Footwork","PiercingWail","PiercingWail","Acrobatics","Finisher","PiercingWail","Regret","Concentrate+1","Prepared","Prepared","Apotheosis+1","Tactician"],"relics":["Runic Pyramid","Art of War","Sundial","Shovel","Pandora\u0027s Box","Centennial Puzzle","MealTicket","Meat on the Bone","Gambling Chip","Letter Opener","TungstenRod","Cursed Key","Pear","Tingsha","Happy Flower","Mummified Hand","DollysMirror","Snake Skull"],"acts_visited":["Exordium","TheCity","TheBeyond","TheEnding"],"potions_floor_usage":[21,55,56],"damage_taken":[{"damage":9.0,"enemies":"Jaw Worm","floor":1.0,"turns":4.0},{"damage":0.0,"enemies":"Cultist","floor":3.0,"turns":4.0},{"damage":2.0,"enemies":"Small Slimes","floor":4.0,"turns":4.0},{"damage":19.0,"enemies":"Exordium Thugs","floor":5.0,"turns":5.0},{"damage":5.0,"enemies":"Gremlin Gang","floor":7.0,"turns":4.0},{"damage":22.0,"enemies":"Gremlin Nob","floor":8.0,"turns":4.0},{"damage":0.0,"enemies":"Lots of Slimes","floor":11.0,"turns":4.0},{"damage":9.0,"enemies":"Blue Slaver","floor":13.0,"turns":2.0},{"damage":4.0,"enemies":"Red Slaver","floor":14.0,"turns":2.0},{"damage":0.0,"enemies":"Slime Boss","floor":16.0,"turns":7.0},{"damage":9,"enemies":"Shell Parasite","floor":18,"turns":4},{"damage":0,"enemies":"Spheric Guardian","floor":20,"turns":3},{"damage":22,"enemies":"Snecko","floor":21,"turns":7},{"damage":0,"enemies":"Centurion and Healer","floor":22,"turns":4},{"damage":0,"enemies":"Shelled Parasite and Fungi","floor":24,"turns":4},{"damage":1,"enemies":"Cultist and Chosen","floor":25,"turns":6},{"damage":10,"enemies":"Colosseum Slavers","floor":27,"turns":4},{"damage":1,"enemies":"Colosseum Nobs","floor":27,"turns":4},{"damage":0,"enemies":"Centurion and Healer","floor":31,"turns":4},{"damage":0,"enemies":"Automaton","floor":33,"turns":9},{"damage":0,"enemies":"3 Shapes","floor":35,"turns":3},{"damage":0,"enemies":"Orb Walker","floor":37,"turns":2},{"damage":0,"enemies":"Maw","floor":39,"turns":8},{"damage":0,"enemies":"4 Shapes","floor":41,"turns":5},{"damage":0,"enemies":"Giant Head","floor":42,"turns":10},{"damage":0,"enemies":"Transient","floor":44,"turns":6},{"damage":0,"enemies":"Jaw Worm Horde","floor":47,"turns":3},{"damage":0,"enemies":"Spire Growth","floor":48,"turns":4},{"damage":9,"enemies":"Donu and Deca","floor":50,"turns":11},{"damage":0,"enemies":"Awakened One","floor":51,"turns":10},{"damage":0,"enemies":"Shield and Spear","floor":55,"turns":8},{"damage":104,"enemies":"The Heart","floor":56,"turns":15}],"seed_played":"-1794681347253610299","potions_obtained":[{"floor":1.0,"key":"Poison Potion"},{"floor":5.0,"key":"Dexterity Potion"},{"floor":8.0,"key":"Block Potion"},{"floor":11.0,"key":"SkillPotion"},{"floor":14.0,"key":"Weak Potion"},{"floor":18,"key":"LiquidMemories"},{"floor":25,"key":"CunningPotion"},{"floor":37,"key":"DistilledChaos"},{"floor":55,"key":"FairyPotion"}],"is_trial":false,"path_per_floor":["M","?","M","M","M","R","M","E","T","T","M","R","M","M","R","B",null,"M","$","M","M","M","R","M","M","T","?","R","?","$","M","R","B",null,"M","$","M","?","M","R","M","E","T","M","R","?","M","M","R","B","B",null,"R","$","E","B"],"character_chosen":"THE_SILENT","items_purchased":["Acrobatics","Centennial Puzzle","PiercingWail","Apotheosis","Footwork","PiercingWail","DollysMirror"],"campfire_rested":1,"item_purchase_floors":[19,19,19,30,36,36,54],"current_hp_per_floor":[50,50,50,48,29,29,24,2,2,2,2,21,12,8,8,8,52,43,43,43,21,21,21,21,20,20,33,33,28,43,43,43,43,60,60,66,66,66,66,76,76,76,76,76,76,76,76,76,76,67,67,74,74,76,76,0,0],"gold":39,"neow_bonus":"BOSS_RELIC","is_daily":false,"chose_seed":false,"campfire_upgraded":3,"win_rate":0.0,"timestamp":1612485038,"path_taken":["M","?","M","M","M","R","?","E","T","?","M","R","M","M","R","BOSS","M","$","M","M","M","R","M","?","T","?","R","?","$","M","R","BOSS","M","$","M","?","?","R","M","E","T","?","R","?","?","?","R","BOSS","BOSS","R","$","E","BOSS"],"items_purchased_type":["Card","Relic","Card","Card","Card","Card","Relic"],"build_version":"2020-12-22","purchased_purges":1,"victory":false,"max_hp_per_floor":[66,66,66,66,66,66,66,66,66,66,66,66,66,66,66,66,66,66,66,66,66,66,66,66,66,66,66,66,66,66,66,66,66,66,66,66,66,66,66,76,76,76,76,76,76,76,76,76,76,76,76,76,76,76,76,76,76],"relic_stats":{"Happy Flower":[14],"counters":[32,174],"Tingsha":[429],"Snake Skull":[0],"Letter Opener":[651],"Cursed Key":1,"Centennial Puzzle":[18],"Shovel":5,"Sundial":[20],"Mummified Hand":[2],"Gambling Chip":[56],"Pandora\u0027s Box":["Blur","Leg Sweep","Prepared","Distraction","Masterful Stab","Burst","Unload","Dagger Spray","Die Die Die"],"MealTicket":23,"Art of War":[26],"obtain_stats":[{"Pear":40,"Happy Flower":49,"Tingsha":42,"Snake Skull":55,"Letter Opener":27,"Cursed Key":34,"Centennial Puzzle":19,"Shovel":10,"Sundial":9,"Mummified Hand":53,"DollysMirror":54,"Gambling Chip":27,"Pandora\u0027s Box":17,"MealTicket":23,"Art of War":8,"TungstenRod":28,"Ring of the Snake":0,"Runic Pyramid":0,"Meat on the Bone":26},{"Pear":23,"Happy Flower":28,"Tingsha":25,"Snake Skull":31,"Letter Opener":18,"Cursed Key":20,"Centennial Puzzle":11,"Shovel":6,"Sundial":6,"Mummified Hand":30,"DollysMirror":30,"Gambling Chip":18,"Pandora\u0027s Box":10,"MealTicket":14,"Art of War":6,"TungstenRod":18,"Ring of the Snake":0,"Runic Pyramid":0,"Meat on the Bone":16},{"Pear":102,"Happy Flower":130,"Tingsha":117,"Snake Skull":159,"Letter Opener":76,"Cursed Key":89,"Centennial Puzzle":44,"Shovel":25,"Sundial":25,"Mummified Hand":151,"DollysMirror":151,"Gambling Chip":76,"Pandora\u0027s Box":40,"MealTicket":58,"Art of War":25,"TungstenRod":76,"Ring of the Snake":0,"Runic Pyramid":0,"Meat on the Bone":68}],"TungstenRod":26,"Meat on the Bone":24},"card_choices":[{"not_picked":["Concentrate","Outmaneuver"],"picked":"Slice","floor":1.0},{"not_picked":["Expertise","Catalyst"],"picked":"Slice","floor":3.0},{"not_picked":["Bouncing Flask","Blur"],"picked":"Endless Agony","floor":4.0},{"not_picked":["Escape Plan","Deflect"],"picked":"Choke","floor":5.0},{"not_picked":["Bane","Outmaneuver"],"picked":"Cloak And Dagger","floor":7.0},{"not_picked":["PiercingWail","Calculated Gamble"],"picked":"Endless Agony","floor":8.0},{"not_picked":["Footwork","Quick Slash"],"picked":"Finisher","floor":11.0},{"not_picked":["Calculated Gamble","Riddle With Holes"],"picked":"Backflip","floor":13.0},{"not_picked":["Deflect","Deadly Poison"],"picked":"Slice","floor":14.0},{"not_picked":["Tools of the Trade","A Thousand Cuts"],"picked":"Burst","floor":16.0},{"not_picked":["Underhanded Strike","Riddle With Holes","Predator+1"],"picked":"SKIP","floor":18},{"not_picked":["Bane","Accuracy"],"picked":"Backflip","floor":20},{"not_picked":["Dagger Spray","Sucker Punch"],"picked":"Slice+1","floor":21},{"not_picked":["Dodge and Roll","A Thousand Cuts"],"picked":"Backflip","floor":22},{"not_picked":["Dagger Throw","Flying Knee+1","Well Laid Plans+1"],"picked":"SKIP","floor":24},{"not_picked":["Well Laid Plans","Dagger Spray+1","Caltrops"],"picked":"SKIP","floor":25},{"not_picked":["Flying Knee+1","Quick Slash"],"picked":"Blur","floor":31},{"not_picked":["Storm of Steel","Malaise"],"picked":"Night Terror","floor":33},{"not_picked":["Concentrate","Flechettes","Cloak And Dagger"],"picked":"SKIP","floor":35},{"not_picked":["Bouncing Flask+1","Concentrate"],"picked":"PiercingWail","floor":37},{"not_picked":["Flying Knee","Dagger Throw"],"picked":"Acrobatics","floor":39},{"not_picked":["Eviscerate","Tactician"],"picked":"Finisher","floor":41},{"not_picked":["Outmaneuver","Flechettes+1"],"picked":"PiercingWail","floor":42},{"not_picked":["Outmaneuver","Blur"],"picked":"Concentrate+1","floor":44},{"not_picked":["Caltrops","PiercingWail"],"picked":"Prepared","floor":47},{"not_picked":["Blade Dance","Flying Knee"],"picked":"Prepared","floor":48},{"not_picked":["Backstab+1","Noxious Fumes"],"picked":"Tactician","floor":55}],"player_experience":1632659,"relics_obtained":[{"floor":8.0,"key":"Art of War"},{"floor":9.0,"key":"Sundial"},{"floor":10.0,"key":"Shovel"},{"floor":23,"key":"MealTicket"},{"floor":26,"key":"Meat on the Bone"},{"floor":27,"key":"Gambling Chip"},{"floor":27,"key":"Letter Opener"},{"floor":28,"key":"TungstenRod"},{"floor":40,"key":"Pear"},{"floor":42,"key":"Tingsha"},{"floor":49,"key":"Happy Flower"},{"floor":53,"key":"Mummified Hand"},{"floor":55,"key":"Snake Skull"}],"event_choices":[{"cards_removed":["Defend_G"],"damage_healed":0.0,"max_hp_gain":0.0,"max_hp_loss":0.0,"gold_gain":0.0,"event_name":"Purifier","player_choice":"Purged","floor":2.0,"gold_loss":0.0,"damage_taken":0.0},{"damage_healed":0,"gold_gain":0,"player_choice":"Fight","damage_taken":0,"max_hp_gain":0,"max_hp_loss":0,"event_name":"Colosseum","floor":27,"gold_loss":0},{"damage_healed":0,"gold_gain":0,"player_choice":"Fought Nobs","damage_taken":0,"max_hp_gain":0,"max_hp_loss":0,"event_name":"Colosseum","floor":27,"gold_loss":0},{"damage_healed":0,"gold_gain":50,"player_choice":"Touch","damage_taken":6,"max_hp_gain":0,"max_hp_loss":0,"event_name":"FaceTrader","floor":29,"gold_loss":0},{"cards_removed":["Unload"],"damage_healed":0,"gold_gain":0,"player_choice":"Purged","damage_taken":0,"max_hp_gain":0,"max_hp_loss":0,"event_name":"Purifier","floor":38,"gold_loss":0},{"damage_healed":0,"gold_gain":0,"player_choice":"Got Potions","damage_taken":0,"max_hp_gain":0,"max_hp_loss":0,"event_name":"Lab","floor":46,"gold_loss":0}],"is_beta":false,"boss_relics":[{"not_picked":["Fusion Hammer","Busted Crown"],"picked":"Pandora\u0027s Box"},{"not_picked":["Runic Dome","Black Star"],"picked":"Cursed Key"}],"items_purged_floors":[19],"is_endless":false,"potions_floor_spawned":[1,5,8,11,14,18,25,27,31,37,42,48,55],"killed_by":"The Heart","ascension_level":20}}