{"host":"3fd6e6c5cltq175f","time":1612531722,"event":{"mods":["AchievementEnabler","BaseMod","Colored Map","Colored Powertips","DeckTracker","Minty Spire (QoL Compilation)"],"gold_per_floor":[118,46,46,66,66,94,94,125,125,125,150,169,169,169,169],"floor_reached":14,"language":"ENG","playtime":290,"items_purged":[],"score":182,"play_id":"0dfc7a2c-a80e-4583-9320-b70fd40522ce","local_time":"20210205142842","is_ascension_mode":true,"campfire_choices":[{"data":"Gash","floor":7,"key":"SMITH"},{"data":"FTL","floor":13,"key":"SMITH"}],"circlet_count":0,"master_deck":["Strike_B","Strike_B","Strike_B","Strike_B","Defend_B","Defend_B","Defend_B","Defend_B","Zap","Dualcast","Gash+1","Scrape+1","Sweeping Beam","Turbo","Reinforced Body","FTL+1"],"relics":["Cracked Core","NeowsBlessing","Bird Faced Urn","Strawberry","Bag of Preparation","Mango","Ornamental Fan"],"acts_visited":["Exordium"],"potions_floor_usage":[14],"damage_taken":[{"damage":0,"enemies":"Cultist","floor":1,"turns":1},{"damage":0,"enemies":"Jaw Worm","floor":4,"turns":1},{"damage":0,"enemies":"Gremlin Nob","floor":6,"turns":1},{"damage":41,"enemies":"Lagavulin","floor":8,"turns":8},{"damage":18,"enemies":"Gremlin Nob","floor":11,"turns":4},{"damage":0,"enemies":"2 Louse","floor":12,"turns":3},{"damage":31,"enemies":"Lagavulin","floor":14,"turns":3}],"seed_played":"4214880793670422205","potions_obtained":[{"floor":6,"key":"Strength Potion"},{"floor":8,"key":"SmokeBomb"}],"is_trial":false,"path_per_floor":["M","$","$","M","?","E","R","E","T","?","E","M","R","E"],"character_chosen":"DEFECT","items_purchased":["Scrape"],"campfire_rested":0,"item_purchase_floors":[2],"current_hp_per_floor":[75,75,75,75,68,75,75,34,48,48,30,30,30,0,0],"gold":169,"neow_bonus":"THREE_ENEMY_KILL","is_daily":false,"chose_seed":false,"campfire_upgraded":2,"win_rate":0.0,"timestamp":1612531722,"path_taken":["M","?","$","M","?","E","R","E","T","?","E","?","R","E"],"items_purchased_type":["Card"],"build_version":"2020-12-22","purchased_purges":0,"victory":false,"max_hp_per_floor":[75,75,75,75,75,82,82,82,96,96,96,96,96,96,96],"card_choices":[{"not_picked":["Reinforced Body","Go for the Eyes"],"picked":"Gash","floor":1},{"not_picked":["Ball Lightning","Compile Driver"],"picked":"Sweeping Beam","floor":4},{"not_picked":["Fusion","Blizzard"],"picked":"Turbo","floor":6},{"not_picked":["Cold Snap","Blizzard"],"picked":"Reinforced Body","floor":8},{"not_picked":["Steam Power","Streamline","Consume"],"picked":"SKIP","floor":11},{"not_picked":["Rebound","Streamline"],"picked":"FTL","floor":12}],"player_experience":179103,"relics_obtained":[{"floor":6,"key":"Strawberry"},{"floor":8,"key":"Bag of Preparation"},{"floor":9,"key":"Mango"},{"floor":11,"key":"Ornamental Fan"}],"event_choices":[{"damage_healed":0,"gold_gain":0,"player_choice":"Success","damage_taken":7,"relics_obtained":["Bird Faced Urn"],"max_hp_gain":0,"max_hp_loss":0,"event_name":"Scrap Ooze","floor":5,"gold_loss":0},{"damage_healed":0,"gold_gain":0,"player_choice":"Forge","damage_taken":0,"max_hp_gain":0,"max_hp_loss":0,"event_name":"Accursed Blacksmith","floor":10,"gold_loss":0,"cards_upgraded":["Scrape"]}],"is_beta":false,"boss_relics":[],"items_purged_floors":[],"is_endless":false,"potions_floor_spawned":[6,8],"killed_by":"Lagavulin","ascension_level":4}}