{"host":"978e30ws7ao5zzzo","time":1612499620,"event":{"mods":["A Penny For Your Troubles","AchievementEnabler","AlwaysNeverKeys","Aspiration","Bard","BaseMod","Bestiary","Better Altar","Better Debug","Better Match","Better Note","Better Sensory Stone","Better Skull","Better Third Choice","Better Vampires","BetterRewards","Conspire","Curses Come First","Custom Start","Displayed Cursed Tome","Grow up Mod","Hubris","Hunter ??","Infinite Spire","Ironclad Rager","Marisa????????","Minty Spire (QoL Compilation)","Permanent Neow","Quick Restart","Random Character Button","Relic Stats","Remove Card Discount Mod","Replay The Spire","Retaliation","Shade Mod","Spicy Shops","Spikes Relics","Spire Arcade","StS++","StSLib","The Bug Knight","The Cursed","The Disciple","The Florist","The Gatherer","The Hierophant","The Marked","The Necromancer","The Runesmith","The Servant 0.9.4","The Spell Scribe","TheBandit","TheSwordswoman","TheVacant","Transform Curses","Treasure Hunter","????"],"gold_per_floor":[114,114,74,87,107,107,121,121,148,165,177,211,222,239,239,360,360,381,381,401,439,454,496,517,555,637,637,682,697,734,758,758,888,888,905,905,919,941,941,983,1316,1336,1336,1336,1353,1353,578,591,3,6,6,6,306,647,649],"floor_reached":56,"language":"ENG","playtime":4521,"items_purged":[],"score":1462,"play_id":"8daed5e2-6192-4484-916e-065c823bf24b","local_time":"20210204203340","is_ascension_mode":true,"campfire_choices":[{"data":"Shade:AnimateDead","floor":6.0,"key":"SMITH"},{"data":"Shade:Bonestorm","floor":8.0,"key":"SMITH"},{"data":"Shade:LichForm","floor":27.0,"key":"SMITH"},{"data":"Shade:GreaterAnimation","floor":32.0,"key":"SMITH"},{"data":"Shade:SpectralStrikes","floor":46,"key":"SMITH"},{"data":"Shade:Putrefaction","floor":46,"key":"SMITH"},{"data":"Rupture","floor":52,"key":"SMITH"},{"data":"Discovery","floor":52,"key":"SMITH"}],"circlet_count":0,"master_deck":["Shade:Strike_Shade","Shade:Strike_Shade","Shade:Strike_Shade","Shade:Strike_Shade","Shade:Defend_Shade","Shade:Defend_Shade","Shade:Defend_Shade","Shade:Defend_Shade","Shade:AnimateDead+1","Shade:CarefulCut","Shade:Bonestorm+1","Shade:Frenzy","Shade:Brains","Shade:ExtraLimbs","TH:BikiniMail","Shade:Frenzy","Shade:SkeletonHug","TH:CopperCoins","Shade:AblativeArmor","Shade:AblativeArmor","Shade:CommandSoldier","TH:CopperCoins","Shade:GreaterAnimation+1","Shade:Frenzy","ReplayTheSpireMod:Private Reserves","Enlightenment","Shade:ClawBack+1","Shade:RavenousHorde","Shade:SpectralStrikes+1","TH:DeckOfManyThings","Shade:PoundOfFlesh+1","Shade:DangerousRitual+1","TH:DeckOfManyThings","Shade:LichForm+1","TH:BikiniMail","TH:CopperCoins","Shade:FuneraryJewels","Shade:ClawBack","TH:CopperCoins","Shade:FuneraryJewels+1","Shade:CallOfTheGrave","TH:DeckOfManyThings","Shade:Putrefaction+1","Shade:ExtraLimbs","Juggernaut","DDmod:UnstoppableAttack+1","Shade:SpectralStrikes+1","Rupture+1","TH:CopperCoins","Shade:UnbarTheGrave","DDmod:EasePowerCard+1","TH:CopperCoins","Cleave+1","Shade:FuneraryJewels","Discovery+1","Shade:FreshBones+1","Shade:FreshBones","Madness","BlessedFruit","BlessedFruit","Shade:FingerOfDeath+1","Shade:ClawBack","DDmod:CallousedSkill","Shade:GreyBargain","DDmod:EasePowerCard","conspire:Banana","Violence","TH:BikiniMail","Shade:GraveStillness+1"],"relics":["Shade:YorickSkull","aspiration:Nostalgia","Uniform","Anchor","infinitespire:Satchel","Runic Pyramid","Red Mask","StSpp:Monolith","aspiration:HiddenCompartment","Bottled Tornado","aspiration:ChemicalBlood","conspire:DeflatedDodgeball","aspiration:IroncladSkillbook","hubris:64BitClover","infinitespire:BottledMercury","Replay:Arrowhead","Vajra","Omamori","ReplayTheSpireMod:CursedCoin","Toolbox","conspire:TopHat","Replay:Bottled Snecko","Membership Card","StSpp:SailingBoat","MiniBlackHole","Replay:Rubber Ducky","SnailShell","hubris:NiceRug","hubris:GlazedTorus","ReplayTheSpireMod:Lightbulb","HeavenlyBonsai","Bird Faced Urn","Medical Kit","hubris:TenFootPole"],"acts_visited":["Exordium","TheCity","TheBeyond","TheEnding"],"potions_floor_usage":[38,45,50,50,50,55,55,55,55,55,55,55,55],"damage_taken":[{"damage":3.0,"enemies":"Jaw Worm","floor":1.0,"turns":4.0},{"damage":0.0,"enemies":"2 Louse","floor":4.0,"turns":2.0},{"damage":0.0,"enemies":"Cultist","floor":5.0,"turns":3.0},{"damage":0.0,"enemies":"Exordium Wildlife","floor":7.0,"turns":3.0},{"damage":0.0,"enemies":"Large Slime","floor":10.0,"turns":5.0},{"damage":0.0,"enemies":"Looter","floor":11.0,"turns":2.0},{"damage":10.0,"enemies":"Lagavulin","floor":12.0,"turns":6.0},{"damage":6.0,"enemies":"2 Fungi Beasts","floor":13.0,"turns":3.0},{"damage":0.0,"enemies":"Large Slime","floor":14.0,"turns":4.0},{"damage":65.0,"enemies":"Hexaghost","floor":16.0,"turns":12.0},{"damage":0.0,"enemies":"3 Byrds","floor":18.0,"turns":2.0},{"damage":9.0,"enemies":"Spheric Guardian","floor":20.0,"turns":5.0},{"damage":0.0,"enemies":"Masked Bandits","floor":21.0,"turns":2.0},{"damage":62.0,"enemies":"3 Cultists","floor":22.0,"turns":8.0},{"damage":62.0,"enemies":"Slavers","floor":23.0,"turns":10.0},{"damage":24.0,"enemies":"Snake Plant","floor":24.0,"turns":5.0},{"damage":41.0,"enemies":"Book of Stabbing","floor":25.0,"turns":6.0},{"damage":43.0,"enemies":"Slavers","floor":28.0,"turns":5.0},{"damage":15.0,"enemies":"Centurion and Healer","floor":29.0,"turns":6.0},{"damage":22.0,"enemies":"Gremlin Leader","floor":30.0,"turns":5.0},{"damage":11.0,"enemies":"Cultist and Chosen","floor":31.0,"turns":5.0},{"damage":17.0,"enemies":"Champ","floor":33.0,"turns":9.0},{"damage":22.0,"enemies":"Orb Walker","floor":35.0,"turns":4.0},{"damage":54,"enemies":"3 Darklings","floor":37,"turns":5},{"damage":50,"enemies":"Jaw Worm Horde","floor":38,"turns":5},{"damage":52,"enemies":"Reptomancer","floor":40,"turns":6},{"damage":26,"enemies":"Transient","floor":42,"turns":5},{"damage":84,"enemies":"Writhing Mass","floor":45,"turns":6},{"damage":53,"enemies":"4 Shapes","floor":48,"turns":4},{"damage":123,"enemies":"conspire:OrnateMirror","floor":50,"turns":6},{"damage":50,"enemies":"hubris:Merchant","floor":53,"turns":6},{"damage":90,"enemies":"Shield and Spear","floor":54,"turns":9},{"damage":139,"enemies":"The Heart","floor":55,"turns":8}],"seed_played":"6994953545163366139","potions_obtained":[{"floor":3.0,"key":"Elixir"},{"floor":3.0,"key":"Flashbang"},{"floor":3.0,"key":"StSpp:ScatteredPotion"},{"floor":4.0,"key":"Strength Potion"},{"floor":11.0,"key":"Adrenaline Potion"},{"floor":21.0,"key":"LiquidMemories"},{"floor":29.0,"key":"Doom Potion"},{"floor":33.0,"key":"DDmod:CleansePotion"},{"floor":35.0,"key":"StSpp:SecondWindPotion"},{"floor":38,"key":"PowerPotion"},{"floor":40,"key":"AttackPotion"},{"floor":45,"key":"AttackPotion"},{"floor":54,"key":"Milkshake"}],"is_trial":false,"path_per_floor":["M","?","?","M","M","R","M","R","T","M","M","E","M","M","R","B",null,"M","?","M","?","M","E","M","E","T","R","E","M","E","M","R","B",null,"M","?","M","M","?","E","?","M","T","?","M","R","$","M","R","B",null,"R","$","E","B",null],"character_chosen":"SHADE","items_purchased":["Vajra","Omamori","ReplayTheSpireMod:CursedCoin","Toolbox","conspire:TopHat","Replay:Bottled Snecko","Shade:FuneraryJewels","Discovery","Membership Card","StSpp:SailingBoat","MiniBlackHole","Replay:Rubber Ducky","SnailShell","Shade:FreshBones","Madness"],"campfire_rested":0,"item_purchase_floors":[47,47,47,47,47,47,47,47,49,49,49,49,49,49,49],"current_hp_per_floor":[82,92,102,112,122,132,142,152,162,172,182,182,186,196,153,98,245,255,265,266,276,224,172,158,127,137,147,114,109,97,96,106,99,415,407,417,377,346,356,318,328,316,326,336,266,276,286,247,257,150,585,595,571,529,447],"gold":649,"neow_bonus":"NOSTALGIA","is_daily":false,"chose_seed":false,"campfire_upgraded":8,"win_rate":0.0,"timestamp":1612499620,"path_taken":["M","?","?","M","M","R","M","R","T","M","?","E","M","M","R","BOSS","M","?","M","?","M","E","M","E","T","R","E","M","E","M","R","BOSS","M","?","M","M","?","E","?","M","T","?","M","R","?","M","R","BOSS","R","$","E","BOSS"],"items_purchased_type":["Relic","Relic","Relic","Relic","Relic","Relic","Card","Card","Relic","Relic","Relic","Relic","Relic","Card","Card"],"build_version":"2020-12-22","purchased_purges":0,"victory":true,"max_hp_per_floor":[85,95,105,115,125,135,145,155,165,175,185,195,205,215,225,235,245,255,265,275,285,295,305,315,325,335,345,355,365,375,385,395,405,415,425,435,445,455,465,475,485,495,505,515,525,535,545,555,565,575,585,595,605,616,626],"relic_stats":{"counters":[33,174],"Bird Faced Urn":[34],"Medical Kit":[0],"obtain_stats":[{"infinitespire:BottledMercury":43,"SnailShell":49,"Shade:YorickSkull":0,"Vajra":47,"Uniform":0,"Bottled Tornado":26,"HeavenlyBonsai":53,"conspire:TopHat":47,"Replay:Rubber Ducky":49,"Toolbox":47,"MiniBlackHole":49,"Red Mask":21,"Replay:Bottled Snecko":47,"StSpp:Monolith":23,"Runic Pyramid":17,"aspiration:ChemicalBlood":28,"hubris:GlazedTorus":53,"aspiration:Nostalgia":0,"Golden Idol":15,"hubris:64BitClover":40,"ReplayTheSpireMod:CursedCoin":47,"Omamori":47,"StSpp:SailingBoat":49,"aspiration:HiddenCompartment":25,"Medical Kit":53,"aspiration:IroncladSkillbook":34,"Replay:Arrowhead":44,"Anchor":9,"Bird Faced Urn":53,"infinitespire:Satchel":12,"hubris:TenFootPole":54,"Membership Card":49,"conspire:DeflatedDodgeball":30,"ReplayTheSpireMod:Lightbulb":53,"hubris:NiceRug":53},{"infinitespire:BottledMercury":27,"SnailShell":29,"Shade:YorickSkull":0,"Vajra":28,"Uniform":0,"Bottled Tornado":17,"HeavenlyBonsai":31,"conspire:TopHat":28,"Replay:Rubber Ducky":29,"Toolbox":28,"MiniBlackHole":29,"Red Mask":13,"Replay:Bottled Snecko":28,"StSpp:Monolith":15,"Runic Pyramid":10,"aspiration:ChemicalBlood":18,"hubris:GlazedTorus":31,"aspiration:Nostalgia":0,"Golden Idol":9,"hubris:64BitClover":26,"ReplayTheSpireMod:CursedCoin":28,"Omamori":28,"StSpp:SailingBoat":29,"aspiration:HiddenCompartment":17,"Medical Kit":31,"aspiration:IroncladSkillbook":22,"Replay:Arrowhead":27,"Anchor":4,"Bird Faced Urn":31,"infinitespire:Satchel":7,"hubris:TenFootPole":32,"Membership Card":29,"conspire:DeflatedDodgeball":20,"ReplayTheSpireMod:Lightbulb":31,"hubris:NiceRug":31},{"infinitespire:BottledMercury":135,"SnailShell":145,"Shade:YorickSkull":0,"Vajra":141,"Uniform":0,"Bottled Tornado":80,"HeavenlyBonsai":157,"conspire:TopHat":141,"Replay:Rubber Ducky":145,"Toolbox":141,"MiniBlackHole":145,"Red Mask":52,"Replay:Bottled Snecko":141,"StSpp:Monolith":69,"Runic Pyramid":44,"aspiration:ChemicalBlood":85,"hubris:GlazedTorus":157,"aspiration:Nostalgia":0,"Golden Idol":32,"hubris:64BitClover":130,"ReplayTheSpireMod:CursedCoin":141,"Omamori":141,"StSpp:SailingBoat":145,"aspiration:HiddenCompartment":80,"Medical Kit":157,"aspiration:IroncladSkillbook":110,"Replay:Arrowhead":135,"Anchor":12,"Bird Faced Urn":157,"infinitespire:Satchel":25,"hubris:TenFootPole":166,"Membership Card":145,"conspire:DeflatedDodgeball":96,"ReplayTheSpireMod:Lightbulb":157,"hubris:NiceRug":157}]},"card_choices":[{"not_picked":["Shade:RitualOffering","Shade:AncientSpear"],"picked":"Shade:Bonestorm","floor":1.0},{"not_picked":["Shade:SanguineRitual","Shade:BoneShards"],"picked":"Shade:Frenzy","floor":4.0},{"not_picked":["Shade:Carnophage","Shade:LyeBath"],"picked":"Shade:Brains","floor":5.0},{"not_picked":["Shade:DangerousRitual","Shade:CoffinDance"],"picked":"Shade:ExtraLimbs","floor":7.0},{"not_picked":["TH:EnergyPotion"],"picked":"TH:BikiniMail","floor":9.0},{"not_picked":["Shade:WallOfFlesh","Shade:Trample"],"picked":"Shade:Frenzy","floor":10.0},{"not_picked":["Shade:Excise","Shade:Doomsay"],"picked":"Shade:SkeletonHug","floor":11.0},{"not_picked":["TH:BikiniMail"],"picked":"TH:CopperCoins","floor":12.0},{"not_picked":["Shade:FuneraryJewels","Shade:Brains"],"picked":"Shade:AblativeArmor","floor":12.0},{"not_picked":["Shade:MadHubris","Shade:FleshLikeOak"],"picked":"Shade:AblativeArmor","floor":13.0},{"not_picked":["Shade:PotionOfRestlessness","Shade:Brains"],"picked":"Shade:CommandSoldier","floor":14.0},{"not_picked":["TH:Mimic"],"picked":"TH:CopperCoins","floor":16.0},{"not_picked":["Shade:OminousRitual","Shade:MadHubris"],"picked":"Shade:GreaterAnimation","floor":16.0},{"not_picked":["Shade:GreyBargain","Shade:StitchTogether"],"picked":"Shade:Frenzy","floor":18.0},{"not_picked":["Poisoned Strike","Mind Blast"],"picked":"ReplayTheSpireMod:Private Reserves","floor":19.0},{"not_picked":["Bandage Up","hubris:Insight"],"picked":"Enlightenment","floor":19.0},{"not_picked":["Shade:WallOfFlesh","Shade:SkeletonHug"],"picked":"Shade:ClawBack+1","floor":20.0},{"not_picked":["Shade:Bonestorm","Shade:BoneShards"],"picked":"Shade:RavenousHorde","floor":21.0},{"not_picked":["Shade:ScuttlingHand","Shade:Doomsay"],"picked":"Shade:SpectralStrikes","floor":22.0},{"not_picked":["TH:TreasureMap"],"picked":"TH:DeckOfManyThings","floor":23.0},{"not_picked":["Shade:GraveStillness","Shade:CoffinDance"],"picked":"Shade:PoundOfFlesh+1","floor":23.0},{"not_picked":["Shade:GoDigging","Shade:SkeletonHug"],"picked":"Shade:DangerousRitual+1","floor":24.0},{"not_picked":["TH:CursedSword"],"picked":"TH:DeckOfManyThings","floor":25.0},{"not_picked":["Shade:FeralStrike","Shade:Asphyxiate"],"picked":"Shade:LichForm","floor":25.0},{"not_picked":["TH:EnergyPotion"],"picked":"TH:BikiniMail","floor":26.0},{"not_picked":["TH:EnergyPotion"],"picked":"TH:CopperCoins","floor":28.0},{"not_picked":["Shade:CommandSoldier","Shade:GreaterAnimation"],"picked":"Shade:FuneraryJewels","floor":28.0},{"not_picked":["Shade:ScuttlingHand","Shade:ExtraLimbs"],"picked":"Shade:ClawBack","floor":29.0},{"not_picked":["TH:TreasureMap"],"picked":"TH:CopperCoins","floor":30.0},{"not_picked":["Shade:SkeletonHug+1","Shade:AblativeArmor"],"picked":"Shade:FuneraryJewels+1","floor":30.0},{"not_picked":["Shade:CommandSoldier","Shade:Frenzy+1"],"picked":"Shade:CallOfTheGrave","floor":31.0},{"not_picked":["TH:CursedSword"],"picked":"TH:DeckOfManyThings","floor":33.0},{"not_picked":["Shade:Tombstone","Shade:OfferingToTheBeyond"],"picked":"Shade:Putrefaction","floor":33.0},{"not_picked":["hubris:CleavingFinish+1","Heavy Blade","Headbutt+1"],"picked":"Shade:ExtraLimbs","floor":35.0},{"not_picked":["Shade:GreyBargain+1","Shade:SpontaneousRitual+1","Feel No Pain"],"picked":"DDmod:UnstoppableAttack+1","floor":37},{"not_picked":["Shade:Doomsay+1","Havoc+1","Flex+1"],"picked":"Shade:SpectralStrikes+1","floor":38},{"not_picked":["TH:Mimic","TH:TreasureMap"],"picked":"TH:CopperCoins","floor":40},{"not_picked":["Twin Strike+1","DDmod:AllInSkill","StSpp:Vengeance"],"picked":"Shade:UnbarTheGrave","floor":40},{"not_picked":["Shade:Patience+1","Shade:CoffinDance+1","Entrench"],"picked":"DDmod:EasePowerCard+1","floor":42},{"not_picked":["TH:TreasureMap","TH:Mimic"],"picked":"TH:CopperCoins","floor":43},{"not_picked":["Shade:FingerOfDeath+1","infinitespire:OneForAll","Power Through+1"],"picked":"Cleave+1","floor":45},{"not_picked":["Warcry+1","Shade:Carnophage+1","Shade:DarkOfNight"],"picked":"Shade:FreshBones+1","floor":48},{"not_picked":[],"picked":"Shade:FingerOfDeath+1","floor":53},{"not_picked":[],"picked":"Shade:ClawBack","floor":53},{"not_picked":[],"picked":"DDmod:CallousedSkill","floor":53},{"not_picked":[],"picked":"Shade:GreyBargain","floor":53},{"not_picked":[],"picked":"DDmod:EasePowerCard","floor":53},{"not_picked":[],"picked":"conspire:Banana","floor":53},{"not_picked":[],"picked":"Violence","floor":53},{"not_picked":["TH:CopperCoins","TH:Mimic"],"picked":"TH:BikiniMail","floor":54},{"not_picked":["Shade:FingerOfDeath","Cleave","Shade:Brains+1"],"picked":"Shade:GraveStillness+1","floor":54}],"player_experience":391476,"relics_obtained":[{"floor":9.0,"key":"Anchor"},{"floor":12.0,"key":"infinitespire:Satchel"},{"floor":21.0,"key":"Red Mask"},{"floor":23.0,"key":"StSpp:Monolith"},{"floor":25.0,"key":"aspiration:HiddenCompartment"},{"floor":26.0,"key":"Bottled Tornado"},{"floor":28.0,"key":"aspiration:ChemicalBlood"},{"floor":30.0,"key":"conspire:DeflatedDodgeball"},{"floor":40,"key":"hubris:64BitClover"},{"floor":43,"key":"infinitespire:BottledMercury"},{"floor":53,"key":"hubris:GlazedTorus"},{"floor":53,"key":"ReplayTheSpireMod:Lightbulb"},{"floor":53,"key":"HeavenlyBonsai"},{"floor":53,"key":"Bird Faced Urn"},{"floor":53,"key":"Medical Kit"},{"floor":54,"key":"hubris:TenFootPole"}],"event_choices":[{"damage_healed":0.0,"max_hp_gain":0.0,"max_hp_loss":0.0,"gold_gain":0.0,"event_name":"Golden Wing","player_choice":"Ignored","floor":2.0,"gold_loss":0.0,"damage_taken":0.0},{"damage_healed":0.0,"max_hp_gain":0.0,"max_hp_loss":0.0,"gold_gain":0.0,"event_name":"The Woman in Blue","player_choice":"Bought 3 Potions","floor":3.0,"gold_loss":0.0,"damage_taken":0.0},{"damage_healed":0.0,"max_hp_gain":0.0,"max_hp_loss":0.0,"gold_gain":0.0,"event_name":"Golden Idol","player_choice":"Take Damage","floor":15.0,"gold_loss":0.0,"damage_taken":53.0,"relics_obtained":["Golden Idol"]},{"damage_healed":0.0,"max_hp_gain":0.0,"max_hp_loss":0.0,"gold_gain":2.0,"event_name":"betterStone:BetterStone","player_choice":"1","floor":19.0,"gold_loss":0.0,"damage_taken":0.0},{"damage_healed":0.0,"max_hp_gain":0.0,"max_hp_loss":0.0,"gold_gain":0.0,"event_name":"Masked Bandits","player_choice":"Fought Bandits","floor":21.0,"gold_loss":0.0,"damage_taken":0.0},{"damage_healed":0,"gold_gain":333,"player_choice":"Gave Idol","damage_taken":0,"max_hp_gain":0,"max_hp_loss":0,"event_name":"The Moai Head","floor":41,"relics_lost":["Golden Idol"],"gold_loss":0}],"is_beta":false,"boss_relics":[{"not_picked":["StSpp:CrystalBall","Replay:Bronze Core"],"picked":"Runic Pyramid"},{"not_picked":["hubris:VirtuousBlindfold","hubris:TerracottaHorce"],"picked":"aspiration:IroncladSkillbook"}],"items_purged_floors":[],"is_endless":false,"potions_floor_spawned":[4,10,11,12,13,21,22,25,29,33,35,40,45,48,54],"ascension_level":1}}