{"host":"f5gffvlv6a66yqkd","time":1612541698,"event":{"mods":["2.2 Compatiblity","BaseMod","Colored Map","Custom Start","DeckTracker","Keyboard Shortcuts","Minty Spire (QoL Compilation)","Permanent Neow","Quick Restart","Relic Stats","StSLib","SuperFastMode"],"gold_per_floor":[119,119,138,138,19,19,59,80,160,184,219,219,255,280,280,280,280],"floor_reached":16,"language":"KOR","playtime":359,"items_purged":["Strike_R"],"score":336,"play_id":"20a3bef5-42cf-41c9-a516-349e6f7074d7","local_time":"20210206011458","is_ascension_mode":true,"campfire_choices":[{"data":"Hemokinesis","floor":6.0,"key":"SMITH"},{"floor":15.0,"key":"REST"}],"circlet_count":0,"master_deck":["AscendersBane","Strike_R","Strike_R","Strike_R","Defend_R","Defend_R","Defend_R","Defend_R","Bash","Hemokinesis+1","Ghostly Armor","Battle Trance","Whirlwind+1","Flame Barrier","Second Wind","Sentinel","Wild Strike+1"],"relics":["Burning Blood","NeowsBlessing","Golden Idol","Potion Belt","Pen Nib","Paper Frog","Orichalcum","Whetstone"],"acts_visited":["Exordium"],"potions_floor_usage":[16],"damage_taken":[{"damage":0.0,"enemies":"Small Slimes","floor":1.0,"turns":1.0},{"damage":0.0,"enemies":"2 Louse","floor":3.0,"turns":1.0},{"damage":0.0,"enemies":"Lagavulin","floor":7.0,"turns":1.0},{"damage":4.0,"enemies":"Jaw Worm","floor":8.0,"turns":3.0},{"damage":9.0,"enemies":"2 Fungi Beasts","floor":10.0,"turns":3.0},{"damage":28.0,"enemies":"Gremlin Nob","floor":11.0,"turns":4.0},{"damage":2.0,"enemies":"3 Sentries","floor":13.0,"turns":3.0},{"damage":36,"enemies":"The Guardian","floor":16,"turns":12}],"seed_played":"6651060635844434937","potions_obtained":[{"floor":1.0,"key":"BlessingOfTheForge"},{"floor":7.0,"key":"Energy Potion"},{"floor":8.0,"key":"ElixirPotion"},{"floor":13.0,"key":"GamblersBrew"}],"is_trial":false,"path_per_floor":["M","?","M","?","$","R","E","M","T","M","E","?","E","T","R","B"],"character_chosen":"IRONCLAD","items_purchased":["Whirlwind"],"campfire_rested":1,"item_purchase_floors":[5],"current_hp_per_floor":[74,74,75,49,49,49,55,57,57,54,32,6,10,10,32,0,0],"gold":280,"neow_bonus":"THREE_ENEMY_KILL","is_daily":false,"chose_seed":false,"campfire_upgraded":1,"win_rate":0.0,"timestamp":1612541698,"path_taken":["M","?","M","?","$","R","E","M","T","M","E","?","E","?","R","BOSS"],"items_purchased_type":["Card"],"build_version":"2020-12-22","purchased_purges":1,"victory":false,"max_hp_per_floor":[75,75,75,75,75,75,75,75,75,75,75,75,75,75,75,75,75],"relic_stats":{"counters":[8,28],"Golden Idol":31,"Pen Nib":[1],"Whetstone":["Whirlwind","Wild Strike"],"Orichalcum":[24],"obtain_stats":[{"Potion Belt":7,"NeowsBlessing":0,"Golden Idol":4,"Pen Nib":11,"Whetstone":14,"Orichalcum":13,"Burning Blood":0,"Paper Frog":12},{"Potion Belt":3,"NeowsBlessing":0,"Golden Idol":2,"Pen Nib":6,"Whetstone":7,"Orichalcum":7,"Burning Blood":0,"Paper Frog":6},{"Potion Belt":3,"NeowsBlessing":0,"Golden Idol":2,"Pen Nib":13,"Whetstone":16,"Orichalcum":16,"Burning Blood":0,"Paper Frog":13}],"Burning Blood":37},"card_choices":[{"not_picked":["Warcry","Flex"],"picked":"Hemokinesis","floor":1.0},{"not_picked":["Thunderclap","Burning Pact"],"picked":"Battle Trance","floor":3.0},{"not_picked":["Reaper","Feed"],"picked":"Flame Barrier","floor":7.0},{"not_picked":["Anger","Clothesline"],"picked":"Second Wind","floor":8.0},{"not_picked":["Havoc","Clash"],"picked":"Sentinel","floor":10.0},{"not_picked":["Pommel Strike","Thunderclap"],"picked":"Wild Strike","floor":11.0},{"not_picked":["Flame Barrier","Pommel Strike","Hemokinesis"],"picked":"SKIP","floor":13.0}],"player_experience":1656334,"relics_obtained":[{"floor":7.0,"key":"Potion Belt"},{"floor":11.0,"key":"Pen Nib"},{"floor":13.0,"key":"Orichalcum"},{"floor":14.0,"key":"Whetstone"}],"event_choices":[{"damage_healed":0.0,"max_hp_gain":0.0,"max_hp_loss":0.0,"gold_gain":0.0,"cards_transformed":["Strike_R"],"event_name":"Living Wall","player_choice":"Change","floor":2.0,"gold_loss":0.0,"damage_taken":0.0,"cards_obtained":["Ghostly Armor"]},{"damage_healed":0.0,"max_hp_gain":0.0,"max_hp_loss":0.0,"gold_gain":0.0,"event_name":"Golden Idol","player_choice":"Take Damage","floor":4.0,"gold_loss":0.0,"damage_taken":26.0,"relics_obtained":["Golden Idol"]},{"damage_healed":0.0,"max_hp_gain":0.0,"max_hp_loss":0.0,"gold_gain":0.0,"event_name":"Scrap Ooze","player_choice":"Success","floor":12.0,"gold_loss":0.0,"damage_taken":26.0,"relics_obtained":["Paper Frog"]}],"is_beta":false,"boss_relics":[],"items_purged_floors":[5],"is_endless":false,"potions_floor_spawned":[1,7,8,13],"killed_by":"The Guardian","ascension_level":20}}