{"host":"f9mdfzi4ns4wieu7","time":1612501435,"event":{"mods":["Arknights","BaseMod","Better Note","Better Skull","Better Third Choice","Colored Powertips","Curses Come First","DeckTracker","GungeonMod","Hermit","Infinite Spire","Minty Spire (QoL Compilation)","Quick Restart","Random Character Button","Rare Cards Sparkle","Relic Sorter","Reliquary","Robot Space Explorer","Shade Mod","Smile Girya","StSLib","The Poker Player","The Saiyan","The Servant 0.9.4","TheBandit","WarShipGirlsR/????R mod","Yuyuko"],"gold_per_floor":[90,90,634,350,369,369,385,385,385],"floor_reached":8,"language":"ENG","playtime":485,"items_purged":["Saiyan:SAIYA_Strike"],"score":46,"play_id":"d062b263-c8d4-4643-90c2-1f3ba2feffbd","local_time":"20210204220355","is_ascension_mode":false,"campfire_choices":[{"data":"Saiyan:EnergyBlast","floor":6.0,"key":"SMITH"}],"circlet_count":0,"master_deck":["Saiyan:SAIYA_Strike","Saiyan:SAIYA_Strike","Saiyan:SAIYA_Strike","Saiyan:SAIYA_Defend","Saiyan:SAIYA_Defend","Saiyan:SAIYA_Defend","Saiyan:SAIYA_Defend","Saiyan:EnergyBlast+1","Saiyan:KaioKen+1","Saiyan:RuthlessBlow","Saiyan:FingerParry","Saiyan:DoubleMasenko","Saiyan:BurningSoul","Saiyan:KameHameHa","Saiyan:Quickening"],"relics":["SaiyanSoul","SaiyanHeart","NeowsBlessing","DemoMod:GnawedKey"],"acts_visited":["Exordium"],"potions_floor_usage":[8],"damage_taken":[{"damage":0.0,"enemies":"Jaw Worm","floor":1.0,"turns":1.0},{"damage":0.0,"enemies":"2 Louse","floor":5.0,"turns":3.0},{"damage":0.0,"enemies":"Cultist","floor":7.0,"turns":1.0},{"damage":33,"enemies":"Gremlin Nob","floor":8,"turns":4}],"seed_played":"6994080272858180612","potions_obtained":[{"floor":7.0,"key":"ColorlessPotion"}],"is_trial":false,"path_per_floor":["M","?","?","$","M","R","M","E"],"character_chosen":"SAIYAJIN","items_purchased":["DemoMod:GnawedKey","Saiyan:DoubleMasenko","Saiyan:BurningSoul"],"campfire_rested":0,"item_purchase_floors":[4,4,4],"current_hp_per_floor":[60,60,24,24,27,27,27,0,0],"gold":385,"neow_bonus":"THREE_ENEMY_KILL","is_daily":false,"chose_seed":false,"campfire_upgraded":1,"win_rate":0.0,"timestamp":1612501435,"path_taken":["M","?","?","$","?","R","M","E"],"items_purchased_type":["Relic","Card","Card"],"build_version":"2020-12-22","purchased_purges":1,"victory":false,"max_hp_per_floor":[60,60,60,60,63,63,63,64,64],"card_choices":[{"not_picked":["Saiyan:Quickening","Saiyan:BigBangAttack"],"picked":"Saiyan:FingerParry","floor":1.0},{"not_picked":["Saiyan:ConcussiveBlow","Saiyan:PressOn"],"picked":"Saiyan:KameHameHa","floor":5.0},{"not_picked":["Saiyan:RemoveWeights","Saiyan:PlotArmor"],"picked":"Saiyan:Quickening","floor":7.0}],"player_experience":106003,"relics_obtained":[],"event_choices":[{"damage_healed":0.0,"max_hp_gain":0.0,"max_hp_loss":0.0,"gold_gain":544.0,"event_name":"betterSkull:BetterSkull","player_choice":"GO GO GO GO GO ","floor":3.0,"gold_loss":0.0,"damage_taken":41.0,"cards_upgraded":[],"relics_obtained":[]}],"is_beta":false,"boss_relics":[],"items_purged_floors":[4],"is_endless":false,"potions_floor_spawned":[7],"killed_by":"Gremlin Nob","ascension_level":0}}