{"host":"93x13jgem5w43hjr","time":1612560860,"event":{"mods":["AchievementEnabler","BaseMod","Better Note","Colored Map","Colored Powertips","Downfall","Highlight Path","Minty Spire (QoL Compilation)","Rare Cards Sparkle","StSLib"],"gold_per_floor":[99,115,128,228,328,348,348,523,523,549,649,683,695,83,100,203,203,3,19,37,137,187,251,251,136,36,49,82,132,160,178,192,295,295,295,309,327,156,206,232,257,268,280,330,341,341,80,106,119,119,119,119],"floor_reached":50,"language":"ENG","playtime":5788,"items_purged":["Doubt","champ:IronFortress","champ:Defend","champ:Strike"],"score":762,"play_id":"cec86cc0-536c-480c-aeaa-b831fdda00da","local_time":"20210205143420","is_ascension_mode":true,"campfire_choices":[{"data":"champ:Taunt","floor":1.0,"key":"SMITH"},{"floor":18.0,"key":"RECALL"},{"data":"champ:UltimateStance","floor":26.0,"key":"SMITH"},{"data":"champ:Improvising","floor":35.0,"key":"SMITH"},{"floor":46.0,"key":"REST"}],"circlet_count":0,"master_deck":["champ:Strike","champ:Strike","champ:Strike","champ:Defend+1","champ:Defend","champ:Defend+1","champ:Execute","champ:Taunt+1","champ:GutPunch","champ:ArenaPreparation","champ:ShieldWall","champ:EnGarde","champ:Circumvent","champ:UltimateStance+1","champ:Backstep","champ:AdrenalArmor","expansioncontent:DashGenerateEvil","champ:GutPunch","champ:Improvising+1","champ:BringItOn","champ:SwordSigil+1","champ:ShieldSlam","champ:Duel+1","Pride","champ:ArenaPreparation","champ:SwordSigil+1","champ:MurderStrike","champ:FanOfKnives","champ:DeathBlow","expansioncontent:Hexaburn","champ:StanceDance+1","champ:TripleStrike","Panacea"],"relics":["champ:ChampionCrown","CloakClasp","Toy Ornithopter","Lantern","Bottled Flame","War Paint","Sling","SlaversCollar","downfall:HeartBlessingGreen","downfall:HeartBlessingBlue","downfall:CloakOfManyFaces","CultistMask","FaceOfCleric","NlothsMask","GremlinMask","SsserpentHead","downfall:HeartBlessingRed","Juzu Bracelet","Letter Opener","Potion Belt","Sozu","Boot","Dream Catcher","Strawberry"],"acts_visited":["Exordium","TheCity","TheBeyond"],"potions_floor_usage":[],"damage_taken":[{"damage":12.0,"enemies":"Jaw Worm","floor":2.0,"turns":5.0},{"damage":12.0,"enemies":"Small Slimes","floor":3.0,"turns":6.0},{"damage":59.0,"enemies":"Small Slimes","floor":4.0,"turns":10.0},{"damage":178.0,"enemies":"downfall:LadyInBlue","floor":5.0,"turns":15.0},{"damage":15.0,"enemies":"Cultist","floor":6.0,"turns":3.0},{"damage":34.0,"enemies":"Lagavulin","floor":10.0,"turns":5.0},{"damage":64.0,"enemies":"Gremlin Nob","floor":12.0,"turns":6.0},{"damage":25.0,"enemies":"3 Louse","floor":13.0,"turns":4.0},{"damage":35.0,"enemies":"downfall:FleeingMerchant","floor":14.0,"turns":4.0},{"damage":17.0,"enemies":"2 Fungi Beasts","floor":15.0,"turns":4.0},{"damage":76.0,"enemies":"SI_SHIV_ARCHETYPE","floor":16.0,"turns":12.0},{"damage":30.0,"enemies":"Spheric Guardian","floor":19.0,"turns":6.0},{"damage":35.0,"enemies":"Snake Plant","floor":20.0,"turns":5.0},{"damage":45.0,"enemies":"downfall:FaceTrader","floor":21.0,"turns":7.0},{"damage":34.0,"enemies":"Shelled Parasite and Fungi","floor":23.0,"turns":8.0},{"damage":55.0,"enemies":"downfall:FleeingMerchant","floor":25.0,"turns":4.0},{"damage":28.0,"enemies":"Snecko","floor":27.0,"turns":7.0},{"damage":55.0,"enemies":"Gremlin Leader","floor":28.0,"turns":6.0},{"damage":33.0,"enemies":"Book of Stabbing","floor":30.0,"turns":5.0},{"damage":45.0,"enemies":"Cultist and Chosen","floor":31.0,"turns":6.0},{"damage":40.0,"enemies":"3 Cultists","floor":32.0,"turns":5.0},{"damage":104.0,"enemies":"DF_ARCHETYPE_CLAW","floor":33.0,"turns":9.0},{"damage":67.0,"enemies":"3 Shapes","floor":36.0,"turns":3.0},{"damage":56.0,"enemies":"3 Darklings","floor":37.0,"turns":5.0},{"damage":44.0,"enemies":"downfall:FleeingMerchant","floor":38.0,"turns":4.0},{"damage":104.0,"enemies":"Reptomancer","floor":40.0,"turns":7.0},{"damage":59.0,"enemies":"Transient","floor":42.0,"turns":5.0},{"damage":6.0,"enemies":"Spire Growth","floor":43.0,"turns":4.0},{"damage":25.0,"enemies":"Jaw Worm Horde","floor":45.0,"turns":5.0},{"damage":105.0,"enemies":"downfall:FleeingMerchant","floor":47.0,"turns":4.0},{"damage":100.0,"enemies":"Giant Head","floor":48.0,"turns":5.0},{"damage":100.0,"enemies":"4 Shapes","floor":49.0,"turns":4.0},{"damage":159,"enemies":"IC_BLOCK_ARCHETYPE","floor":50,"turns":4}],"seed_played":"6337072066717163603","potions_obtained":[{"floor":3.0,"key":"champ:CounterPotion"},{"floor":4.0,"key":"GamblersBrew"},{"floor":5.0,"key":"champ:TechniquePotion"},{"floor":5.0,"key":"champ:OpenerPotion"},{"floor":5.0,"key":"DuplicationPotion"},{"floor":5.0,"key":"SpeedPotion"},{"floor":6.0,"key":"champ:OpenerPotion"},{"floor":19.0,"key":"AttackPotion"},{"floor":20.0,"key":"SteroidPotion"},{"floor":27.0,"key":"EssenceOfSteel"},{"floor":28.0,"key":"FearPotion"},{"floor":31.0,"key":"ColorlessPotion"}],"is_trial":false,"path_per_floor":["R","M","M","?","?","M","T","?","?","E","?","E","M","$","M","B",null,"R","M","M","?","?","M","T","$","R","M","E","?","E","M","M","B",null,"R","M","M","?","?","E","T","M","M","?","M","R","$","E","M","B"],"character_chosen":"THE_CHAMP","items_purchased":["War Paint","Sling","champ:AdrenalArmor","expansioncontent:DashGenerateEvil","champ:DeathBlow","Panacea"],"campfire_rested":1,"item_purchase_floors":[14,14,14,14,38,47],"current_hp_per_floor":[99,97,95,76,33,38,38,38,71,72,72,49,49,49,47,52,99,109,109,109,109,109,106,106,107,107,100,106,106,109,110,106,93,117,117,106,111,108,108,100,100,72,67,67,58,95,101,99,100,0,0,0],"gold":119,"neow_bonus":"TEN_PERCENT_HP_BONUS","is_daily":false,"chose_seed":false,"campfire_upgraded":3,"win_rate":0.0,"timestamp":1612560860,"path_taken":["R","M","M","?","?","?","T","?","?","E","?","E","M","$","M","BOSS","R","M","M","?","?","?","T","$","R","M","E","?","E","M","M","BOSS","R","M","M","?","?","E","T","M","M","?","M","R","$","E","M","BOSS"],"items_purchased_type":["Relic","Relic","Card","Card","Card","Card"],"build_version":"2020-12-22","purchased_purges":4,"victory":false,"max_hp_per_floor":[99,99,99,99,99,99,99,99,99,99,99,99,99,99,99,99,99,109,109,109,109,109,110,110,111,111,112,113,113,114,115,116,117,117,117,118,119,120,120,121,121,122,123,123,124,124,125,133,134,134,134,134],"card_choices":[{"not_picked":["champ:Backstep","champ:ShieldWall"],"picked":"champ:IronFortress","floor":2.0},{"not_picked":["champ:EndlessRage","champ:PreciseThrust"],"picked":"champ:GutPunch","floor":3.0},{"not_picked":["champ:PerfectedStrike","champ:EnragedBash"],"picked":"champ:ArenaPreparation","floor":4.0},{"not_picked":["champ:DefensiveStyle","champ:StanceDance"],"picked":"champ:ShieldWall","floor":5.0},{"not_picked":["champ:CrownThrow","champ:PerfectedStrike"],"picked":"champ:EnGarde","floor":6.0},{"not_picked":["champ:ShieldWall","champ:FalseCounter"],"picked":"champ:Circumvent","floor":10.0},{"not_picked":["champ:RecklessLeap","champ:RapidStrikes"],"picked":"champ:UltimateStance","floor":12.0},{"not_picked":["champ:Shatter","champ:SetATrap","champ:Haymaker"],"picked":"SKIP","floor":13.0},{"not_picked":["champ:ShieldWall","champ:GladiatorStyle"],"picked":"champ:Backstep","floor":14.0},{"not_picked":["champ:EnGarde","champ:FlashCut"],"picked":"champ:GutPunch","floor":15.0},{"not_picked":["champ:LastStand","champ:HoldFirm"],"picked":"champ:Improvising","floor":16.0},{"not_picked":["champ:Circumvent+1","champ:BerserkersShout"],"picked":"champ:BringItOn","floor":19.0},{"not_picked":["champ:GutPunch","champ:CrownThrow"],"picked":"champ:SwordSigil","floor":20.0},{"not_picked":["champ:HeartStrike","champ:RageSigil"],"picked":"champ:ShieldSlam","floor":21.0},{"not_picked":["champ:EnGarde+1","champ:ShieldWall+1","champ:DefensiveShout+1"],"picked":"SKIP","floor":23.0},{"not_picked":["champ:ShieldWall","champ:Lariat","champ:BringItOn"],"picked":"SKIP","floor":25.0},{"not_picked":["champ:Backstep","champ:EnGarde"],"picked":"champ:Duel+1","floor":27.0},{"not_picked":["champ:EndlessRage","champ:FaceSlap","champ:ViciousMockery"],"picked":"SKIP","floor":28.0},{"not_picked":["champ:BringItOn","champ:IgnorePain"],"picked":"champ:ArenaPreparation","floor":30.0},{"not_picked":["champ:FlashCut","champ:Parry"],"picked":"champ:SwordSigil+1","floor":31.0},{"not_picked":["champ:StanceDance","champ:ShieldSigil","champ:RisingSlash"],"picked":"SKIP","floor":32.0},{"not_picked":["champ:EnchantShield","champ:EnchantSword"],"picked":"champ:MurderStrike","floor":33.0},{"not_picked":["champ:FocusedDefense+1","champ:ShieldWall+1"],"picked":"champ:FanOfKnives","floor":36.0},{"not_picked":["champ:PreciseThrust","champ:FocusedDefense+1","champ:ShieldWall+1"],"picked":"SKIP","floor":37.0},{"not_picked":["champ:AdrenalArmor","champ:GutPunch","champ:CrownThrow+1"],"picked":"SKIP","floor":38.0},{"not_picked":["champ:Parry+1","champ:ViciousMockery","champ:BerserkersShout"],"picked":"SKIP","floor":40.0},{"not_picked":["champ:BerserkerStyle","champ:BladeFlurry","champ:Endure+1"],"picked":"SKIP","floor":42.0},{"not_picked":["champ:SkillfulDodge","champ:CrookedStrike+1","champ:CrownThrow+1"],"picked":"SKIP","floor":43.0},{"not_picked":["expansioncontent:PrepareCrush","expansioncontent:AwakenDeath"],"picked":"expansioncontent:Hexaburn","floor":44.0},{"not_picked":["champ:Haymaker+1","champ:TornadoPunch","champ:FocusedDefense+1"],"picked":"SKIP","floor":45.0},{"not_picked":["champ:DefensiveShout","champ:Encircle"],"picked":"champ:StanceDance+1","floor":46.0},{"not_picked":["champ:Shatter+1","champ:EnragedBash+1"],"picked":"champ:TripleStrike","floor":47.0},{"not_picked":["champ:BerserkerStyle+1","champ:CrownThrow","champ:RisingSlash+1"],"picked":"SKIP","floor":48.0},{"not_picked":["champ:PreemptiveStrike","champ:StanceDance+1","champ:FaceSlap"],"picked":"SKIP","floor":49.0}],"player_experience":181988,"relics_obtained":[{"floor":4.0,"key":"CloakClasp"},{"floor":5.0,"key":"Toy Ornithopter"},{"floor":10.0,"key":"Lantern"},{"floor":12.0,"key":"Bottled Flame"},{"floor":21.0,"key":"downfall:CloakOfManyFaces"},{"floor":28.0,"key":"Juzu Bracelet"},{"floor":30.0,"key":"Potion Belt"},{"floor":40.0,"key":"Boot"},{"floor":41.0,"key":"Dream Catcher"},{"floor":48.0,"key":"Strawberry"}],"event_choices":[{"damage_healed":33.0,"max_hp_gain":0.0,"max_hp_loss":0.0,"gold_gain":0.0,"event_name":"Big Fish","player_choice":"Banana","floor":9.0,"gold_loss":0.0,"damage_taken":0.0},{"cards_removed":["expansioncontent:DashGenerateEvil"],"damage_healed":0.0,"max_hp_gain":0.0,"max_hp_loss":0.0,"gold_gain":0.0,"event_name":"betterNote:BetterNote","player_choice":"Give","floor":22.0,"gold_loss":0.0,"damage_taken":0.0,"cards_obtained":["bronze:ItsAFeature"]},{"damage_healed":0.0,"max_hp_gain":0.0,"max_hp_loss":0.0,"gold_gain":0.0,"event_name":"Addict","player_choice":"Stole Relic","floor":29.0,"gold_loss":0.0,"damage_taken":0.0,"relics_obtained":["Letter Opener"],"cards_obtained":["Pride"]},{"damage_healed":0.0,"max_hp_gain":0.0,"max_hp_loss":0.0,"gold_gain":0.0,"event_name":"Accursed Blacksmith","player_choice":"Forge","floor":39.0,"gold_loss":0.0,"damage_taken":0.0,"cards_upgraded":["champ:SwordSigil"]}],"is_beta":false,"boss_relics":[{"not_picked":["bronze:MakeshiftBattery","Black Star"],"picked":"SlaversCollar"},{"not_picked":["SacredBark","Calling Bell"],"picked":"Sozu"}],"items_purged_floors":[14,25,38,47],"is_endless":false,"potions_floor_spawned":[3,4,5,6,19,20,27,28,31,36,42,43,48,49],"killed_by":"IC_BLOCK_ARCHETYPE","ascension_level":1}}