{"host":"ehgz297skgb1u9fr","time":1612549699,"event":{"mods":["2.2 Compatiblity","Act Like it!","Aspiration","BaseMod","Better Note","Conspire","Energized Spire","Hubris","Minty Spire (QoL Compilation)","RRrroohrrRGHHhhh!!","Reliquary","Replay The Spire","Retaliation","Shop Mod","StSLib","Wandering Minibosses","Wide Potions"],"gold_per_floor":[109,209,227,242,255,283,283,283,310,336,353,16,66,102,102,217,217,250,250,250,165,197,197,197],"floor_reached":23,"language":"ENG","playtime":2000,"items_purged":[],"score":222,"play_id":"dff66d2c-f856-4daa-b20a-7b31fe521353","local_time":"20210205122819","is_ascension_mode":true,"campfire_choices":[{"floor":8.0,"key":"REST"},{"floor":15.0,"key":"DIG"}],"circlet_count":0,"master_deck":["Strike_P","Strike_P","Strike_P","Strike_P","Defend_P","Defend_P","Defend_P","Defend_P","Eruption","Vigilance","DevaForm","rorgmod:Follow-Up","Evaluate","Pot Of Greed","Pot Of Greed","HandOfGreed","rorgmod:Follow-Up","rorgmod:Follow-Up","Wish","EmptyFist","Adaptation"],"relics":["PureWater","Mercury Hourglass","Grinning Jar","reliquary:SharkskinSheath","MealTicket","reliquary:PorcupineQuills","Pear","Pantograph","energizedSpire:RedRose","aspiration:RitualStick","aspiration:FetidBarrel","wanderingMiniBosses:CarrionFlame"],"acts_visited":["Exordium","TheCity"],"potions_floor_usage":[23,23],"damage_taken":[{"damage":2.0,"enemies":"2 Louse","floor":1.0,"turns":2.0},{"damage":6.0,"enemies":"Cultist","floor":3.0,"turns":3.0},{"damage":0.0,"enemies":"Small Slimes","floor":4.0,"turns":3.0},{"damage":40.0,"enemies":"Exordium Wildlife","floor":5.0,"turns":5.0},{"damage":16.0,"enemies":"Lagavulin","floor":6.0,"turns":8.0},{"damage":6.0,"enemies":"Replay:BlueRogue","floor":10.0,"turns":5.0},{"damage":0.0,"enemies":"conspire:2 RoseBushes","floor":11.0,"turns":4.0},{"damage":15.0,"enemies":"Lagavulin","floor":13.0,"turns":5.0},{"damage":0.0,"enemies":"Looter","floor":14.0,"turns":3.0},{"damage":31.0,"enemies":"Hexaghost","floor":16.0,"turns":7.0},{"damage":16,"enemies":"conspire:FuzzyDice","floor":18,"turns":8},{"damage":33,"enemies":"3 Byrds","floor":22,"turns":5},{"damage":17,"enemies":"Slavers","floor":23,"turns":3}],"seed_played":"97638425717853974","potions_obtained":[{"floor":1.0,"key":"BlessingOfTheForge"},{"floor":6.0,"key":"SpeedPotion"},{"floor":13.0,"key":"PowerPotion"},{"floor":14.0,"key":"SpeedPotion"}],"is_trial":false,"path_per_floor":["M","?","M","M","M","E","?","R","T","E","M","$","E","M","R","B",null,"M","?","?","?","M","E"],"character_chosen":"WATCHER","items_purchased":["MealTicket","HandOfGreed"],"campfire_rested":1,"item_purchase_floors":[12,12],"current_hp_per_floor":[70,70,64,64,24,8,32,53,53,47,47,47,32,32,42,36,82,66,66,50,50,17,0,0],"gold":197,"neow_bonus":"ONE_RANDOM_RARE_CARD","is_daily":false,"chose_seed":false,"campfire_upgraded":0,"win_rate":0.0,"timestamp":1612549699,"path_taken":["M","?","?","M","?","E","?","R","T","E","M","$","E","M","R","BOSS","M","?","?","?","M","E"],"items_purchased_type":["Relic","Card"],"build_version":"2020-12-22","purchased_purges":0,"victory":false,"max_hp_per_floor":[72,72,72,72,72,72,72,72,72,72,72,72,72,72,82,82,82,82,82,82,82,82,82,82],"card_choices":[{"not_picked":["Collect","WreathOfFlame","Halt"],"picked":"SKIP","floor":1.0},{"not_picked":["Replay:Hum","BattleHymn","Evaluate"],"picked":"SKIP","floor":3.0},{"not_picked":["Replay:BluntJabs","Protect","BowlingBash"],"picked":"SKIP","floor":4.0},{"not_picked":["Nirvana","Replay:BluntJabs"],"picked":"rorgmod:Follow-Up","floor":5.0},{"not_picked":["ThirdEye","Replay:AtTheReady"],"picked":"Evaluate","floor":6.0},{"not_picked":["PathToVictory","Nirvana","Replay:AllIn"],"picked":"SKIP","floor":10.0},{"not_picked":["Replay:Hum","Replay:BluntJabs","Consecrate"],"picked":"SKIP","floor":11.0},{"not_picked":["FlyingSleeves","Halt"],"picked":"rorgmod:Follow-Up","floor":13.0},{"not_picked":["Crescendo","ClearTheMind"],"picked":"rorgmod:Follow-Up","floor":14.0},{"not_picked":["Alpha","Replay:LoomingThreat"],"picked":"Wish","floor":16.0},{"not_picked":["ClearTheMind","BowlingBash+1"],"picked":"EmptyFist","floor":18},{"not_picked":["PathToVictory+1","WheelKick+1"],"picked":"Adaptation","floor":22}],"player_experience":416354,"relics_obtained":[{"floor":6.0,"key":"Mercury Hourglass"},{"floor":9.0,"key":"Grinning Jar"},{"floor":10.0,"key":"reliquary:SharkskinSheath"},{"floor":13.0,"key":"reliquary:PorcupineQuills"},{"floor":15.0,"key":"Pear"},{"floor":22,"key":"wanderingMiniBosses:CarrionFlame"}],"event_choices":[{"damage_healed":0.0,"max_hp_gain":0.0,"max_hp_loss":0.0,"gold_gain":100.0,"event_name":"Golden Shrine","player_choice":"Pray","floor":2.0,"gold_loss":0.0,"damage_taken":0.0},{"damage_healed":24.0,"max_hp_gain":0.0,"max_hp_loss":0.0,"gold_gain":0.0,"event_name":"Big Fish","player_choice":"Banana","floor":7.0,"gold_loss":0.0,"damage_taken":0.0},{"cards_removed":["Pot Of Greed"],"damage_healed":0,"gold_gain":0,"player_choice":"Give","damage_taken":0,"max_hp_gain":0,"max_hp_loss":0,"event_name":"betterNote:BetterNote","floor":19,"gold_loss":0,"cards_obtained":["None"]},{"damage_healed":0,"gold_gain":0,"player_choice":"Obtained Relic","damage_taken":0,"relics_obtained":["aspiration:FetidBarrel"],"max_hp_gain":0,"max_hp_loss":0,"event_name":"Addict","floor":21,"gold_loss":85}],"is_beta":false,"boss_relics":[{"not_picked":["Velvet Choker","ChewingGum"],"picked":"energizedSpire:RedRose"}],"items_purged_floors":[],"is_endless":false,"potions_floor_spawned":[1,6,13,14,16,18],"killed_by":"Slavers","ascension_level":1}}