{"host":"vqs1j3qalc1cciyt","time":1612561207,"event":{"mods":["2.2 Compatiblity","AchievementEnabler","Aspiration","BaseMod","Beaked The Cultist","Better Altar","Better Match","Better Note","Better Sensory Stone","Better Skull","Better Third Choice","Clockwork Mod","Colored Map","Conspire","Downfall","Friendly Minions","GifTheSpireLib","Glutton Mod","Halation","Highlight Path","Hubris","Infinite Spire","Minty Spire (QoL Compilation)","RRrroohrrRGHHhhh!!","Replay The Spire","Spicy Shops","StSLib","Stuff the Spire","The Construct","The Cursed","The Disciple","The Hierophant"],"gold_per_floor":[111,128,53,53,63,63,96,96,96,216,348,368,194,214,214,312,312,329,349,349,363,363,483,502,502,502,515,515,515,533,665,665,762,762,775,775,785,797,809,809,1025,1075,1075,1370,1115,1126,1126,1126,1126,1126],"floor_reached":51,"language":"ENG","playtime":2205,"items_purged":["rorgmod:Injury","Strike_R","Pain","Pain"],"score":1184,"play_id":"1c8c63c6-cc1b-43ad-8655-2f13e7723369","local_time":"20210205134007","daily_mods":["Vintage","Heirloom","DeadlyEvents","Cursed Run","Lethality","Uncertain Future"],"is_ascension_mode":true,"campfire_choices":[{"data":"Defend_R","floor":6,"key":"SMITH"},{"data":"Entrench","floor":8,"key":"SMITH"},{"data":"Body Slam","floor":15,"key":"SMITH"},{"floor":25,"key":"REST"},{"data":"Defend_R","floor":28,"key":"SMITH"},{"data":"Defend_R","floor":32,"key":"SMITH"},{"floor":40,"key":"REST"},{"data":"Armaments","floor":47,"key":"SMITH"},{"data":"ReplayTheSpireMod:Echoes of Time","floor":49,"key":"SMITH"}],"circlet_count":0,"master_deck":["Strike_R","Strike_R+1","Strike_R","Defend_R+1","Defend_R+1","Defend_R+1","Defend_R+2","Bash","Entrench+1","Replay:Undeath\u0027s Touch","Body Slam+1","Double Tap+1","Writhe","infinitespire:Execution","Body Slam+1","Languid","Offering","rorgmod:Ache","infinitespire:Fortify","Shame","Hallucinations","hubris:Gluttony","ReplayTheSpireMod:Splinters","Pummel","Armaments+1","ReplayTheSpireMod:Echoes of Time+1","Voices"],"relics":["Cursed Key","Darkstone Periapt","Du-Vu Doll","Ring of Chaos","Replay:Kaleidoscope","infinitespire:ShieldingShard","Letter Opener","infinitespire:PuzzleCube","StuffTheSpire:TintedRock","Eternal Feather","Oddly Smooth Stone","hubris:SphereOfDissonance","conspire:Dentures","hubris:BundleOfHerbs","construct:ClawGrip","StuffTheSpire:PointBlank","Simple Rune","Spirit Poop","halation:LettersToHer","champ:DuelingGlove","Runic Cube","halation:AfternoonTea","aspiration:HiddenCompartment","aspiration:Lifesprig","StuffTheSpire:Gunfinga","hubris:BottledRain","aspiration:ChemicalBlood","Potion Belt","rorgmod:Black Star","conspire:TopHat","infinitespire:BottledMercury","Onion Ring","conspire:BottledYoYo","War Paint","Replay:Wax Seal","Ring of Greed","Smiling Mask","infinitespire:Midas Blood","Ring of Peace","hubris:MysteriousPyramids","StrikeDummy","Snack Pack","StuffTheSpire:OldFever","Lantern","Replay:Ringing Soul"],"acts_visited":["Exordium","TheCity","TheBeyond"],"potions_floor_usage":[10,11,13,16,18,19,38,38,46,50,50,50],"damage_taken":[{"damage":0,"enemies":"Small Slimes","floor":1,"turns":2},{"damage":0,"enemies":"Cultist","floor":2,"turns":2},{"damage":0,"enemies":"conspire:RoseBush","floor":5,"turns":2},{"damage":15,"enemies":"Replay:BlueRogue","floor":7,"turns":4},{"damage":24,"enemies":"Gremlin Nob","floor":10,"turns":4},{"damage":11,"enemies":"Replay:BlueRogue","floor":11,"turns":6},{"damage":2,"enemies":"Lots of Slimes","floor":12,"turns":4},{"damage":8,"enemies":"Large Slime","floor":14,"turns":3},{"damage":13,"enemies":"The Guardian","floor":16,"turns":8},{"damage":49,"enemies":"3 Byrds","floor":18,"turns":4},{"damage":20,"enemies":"conspire:FuzzyDice","floor":19,"turns":2},{"damage":1,"enemies":"Cultist and Chosen","floor":21,"turns":3},{"damage":0,"enemies":"conspire:SneckoGhost","floor":23,"turns":3},{"damage":12,"enemies":"3 Cultists","floor":24,"turns":3},{"damage":0,"enemies":"Shelled Parasite and Fungi","floor":27,"turns":3},{"damage":0,"enemies":"Cultist and Chosen","floor":30,"turns":2},{"damage":18,"enemies":"Nightmare","floor":31,"turns":3},{"damage":19,"enemies":"Collector","floor":33,"turns":3},{"damage":5,"enemies":"Orb Walker","floor":35,"turns":2},{"damage":0,"enemies":"3 Shapes","floor":37,"turns":2},{"damage":11,"enemies":"Transient","floor":38,"turns":4},{"damage":18,"enemies":"Writhing Mass","floor":39,"turns":2},{"damage":7,"enemies":"Nightmare","floor":41,"turns":2},{"damage":5,"enemies":"R_Hoarder","floor":44,"turns":2},{"damage":0,"enemies":"Spire Growth","floor":46,"turns":1},{"damage":0,"enemies":"conspire:OrnateMirror","floor":50,"turns":4}],"seed_played":"4205292163101469675","potions_obtained":[{"floor":1,"key":"GamblersBrew"},{"floor":10,"key":"Weak Potion"},{"floor":11,"key":"SpeedPotion"},{"floor":14,"key":"hexamod:SoulburnPotion"},{"floor":19,"key":"BloodPotion"},{"floor":24,"key":"ElixirPotion"},{"floor":30,"key":"DuplicationPotion"},{"floor":31,"key":"Weak Potion"},{"floor":33,"key":"PowerPotion"},{"floor":39,"key":"Strength Potion"},{"floor":46,"key":"Fruit Juice"}],"is_trial":true,"path_per_floor":["M","M","?","?","M","R","E","R","T","E","E","M","$","M","R","B",null,"M","M","?","M","AVR","E","M","R","T","M","R","T","M","NM","R","B",null,"M","?","M","M","M","R","NM","?","T","E","$","M","R","AVR","R","B",null],"character_chosen":"IRONCLAD","items_purchased":["Fruit Juice","Armaments","Energy Potion","StuffTheSpire:OldFever"],"campfire_rested":2,"item_purchase_floors":[13,45,45,45],"current_hp_per_floor":[80,80,80,80,80,80,65,65,71,47,36,34,39,31,37,30,97,48,47,47,46,46,46,34,69,75,84,90,96,96,78,87,74,115,110,122,122,111,93,127,125,131,137,144,144,151,156,159,159,168],"gold":1126,"neow_bonus":"","is_daily":false,"chose_seed":false,"campfire_upgraded":7,"win_rate":0.0,"timestamp":1612561207,"path_taken":["M","M","?","?","M","R","E","R","T","E","?","M","$","M","R","BOSS","M","?","?","M","AVR","E","M","R","T","M","R","?","M","NM","R","BOSS","M","?","M","M","M","R","NM","?","T","E","?","M","R","AVR","R","BOSS"],"items_purchased_type":["Potion","Card","Potion","Relic"],"build_version":"2020-12-22","purchased_purges":4,"victory":true,"max_hp_per_floor":[80,80,80,80,80,80,80,80,86,86,86,86,91,91,91,97,97,97,97,97,97,97,97,97,97,103,103,103,109,109,109,109,115,115,115,127,127,127,127,127,127,133,139,151,151,156,156,159,159,168],"card_choices":[{"not_picked":["Thunderclap","Massacre"],"picked":"Entrench","floor":7},{"not_picked":["Shockwave","Reckless Charge"],"picked":"Replay:Undeath\u0027s Touch","floor":10},{"not_picked":["Whirlwind","Rampage"],"picked":"Body Slam","floor":11},{"not_picked":["Bludgeon","conspire:Purge"],"picked":"Double Tap","floor":16},{"not_picked":["Twin Strike+1","Run Through","Thunderclap"],"picked":"SKIP","floor":23},{"not_picked":["infinitespire:Menacing","Replay:Fractal Strike"],"picked":"infinitespire:Execution","floor":31},{"not_picked":["Run Through","Wild Strike"],"picked":"Body Slam+1","floor":31},{"not_picked":["conspire:HitWhereItHurts","Fiend Fire"],"picked":"Offering","floor":33},{"not_picked":["ReplayTheSpireMod:??????????????????????","infinitespire:SealOfDarkness+"],"picked":"infinitespire:Fortify","floor":36},{"not_picked":["Havoc","Perfected Strike+1","Eclipse"],"picked":"SKIP","floor":41},{"not_picked":["Cleave+1","Metallicize"],"picked":"Pummel","floor":44}],"player_experience":933331,"relics_obtained":[{"floor":1,"key":"infinitespire:ShieldingShard"},{"floor":2,"key":"Letter Opener"},{"floor":5,"key":"infinitespire:PuzzleCube"},{"floor":7,"key":"StuffTheSpire:TintedRock"},{"floor":9,"key":"Eternal Feather"},{"floor":10,"key":"Oddly Smooth Stone"},{"floor":11,"key":"hubris:SphereOfDissonance"},{"floor":12,"key":"conspire:Dentures"},{"floor":14,"key":"hubris:BundleOfHerbs"},{"floor":18,"key":"StuffTheSpire:PointBlank"},{"floor":19,"key":"Simple Rune"},{"floor":21,"key":"halation:LettersToHer"},{"floor":23,"key":"halation:AfternoonTea"},{"floor":24,"key":"aspiration:HiddenCompartment"},{"floor":26,"key":"halation:LettersToHer"},{"floor":26,"key":"aspiration:Lifesprig"},{"floor":27,"key":"StuffTheSpire:Gunfinga"},{"floor":29,"key":"halation:LettersToHer"},{"floor":29,"key":"hubris:BottledRain"},{"floor":30,"key":"aspiration:ChemicalBlood"},{"floor":31,"key":"Potion Belt"},{"floor":35,"key":"conspire:TopHat"},{"floor":37,"key":"infinitespire:BottledMercury"},{"floor":38,"key":"Onion Ring"},{"floor":39,"key":"conspire:BottledYoYo"},{"floor":41,"key":"War Paint"},{"floor":41,"key":"Replay:Wax Seal"},{"floor":42,"key":"Ring of Greed"},{"floor":42,"key":"Smiling Mask"},{"floor":42,"key":"infinitespire:Midas Blood"},{"floor":42,"key":"Ring of Peace"},{"floor":43,"key":"halation:LettersToHer"},{"floor":43,"key":"hubris:MysteriousPyramids"},{"floor":44,"key":"StrikeDummy"},{"floor":44,"key":"Snack Pack"},{"floor":46,"key":"Lantern"}],"event_choices":[{"damage_healed":0,"gold_gain":0,"player_choice":"2","damage_taken":0,"max_hp_gain":0,"max_hp_loss":0,"event_name":"betterMatch:BetterMatch","floor":3,"gold_loss":0,"cards_obtained":["betterMatch:CommonCard"]},{"cards_removed":["Strike_R"],"damage_healed":0,"gold_gain":0,"player_choice":"Purged","damage_taken":0,"max_hp_gain":0,"max_hp_loss":0,"event_name":"Purifier","floor":4,"gold_loss":0},{"cards_removed":["Amnesia"],"damage_healed":0,"gold_gain":0,"player_choice":"Offered Curse","damage_taken":0,"relics_obtained":["Spirit Poop"],"max_hp_gain":0,"max_hp_loss":0,"event_name":"Bonfire Elementals","floor":20,"gold_loss":0}],"is_beta":false,"boss_relics":[{"not_picked":["Sozu","conspire:SlowCooker"],"picked":"construct:ClawGrip"},{"not_picked":["conspire:SeveredTorchhead","conspire:RoyalGoblet"],"picked":"rorgmod:Black Star"}],"items_purged_floors":[13,22,45,48],"is_endless":false,"potions_floor_spawned":[1,10,11,14,19,24,30,31,33,37,39,46],"ascension_level":1}}