{"host":"1ooxfz79hmpvpehx","time":1612496432,"event":{"mods":["BaseMod","Minty Spire (QoL Compilation)","Quick Restart","Replay The Spire","StSLib","SuperFastMode"],"gold_per_floor":[115,115,43,43,118,118,158,158,158,333,333,368,408,432,432,432,432],"floor_reached":16,"language":"ENG","playtime":202,"items_purged":["Doubt"],"score":164,"play_id":"6393a0b0-3a16-45c5-989a-fa7319480ba5","local_time":"20210205004032","is_ascension_mode":false,"campfire_choices":[{"data":"Electrodynamics","floor":6,"key":"SMITH"},{"data":"White Noise","floor":8,"key":"SMITH"},{"data":"Dualcast","floor":11,"key":"SMITH"}],"circlet_count":0,"master_deck":["Strike_B","Strike_B","Strike_B","Strike_B+1","Defend_B","Defend_B","Defend_B","Defend_B","Zap+1","Dualcast+1","Electrodynamics+1","White Noise+1","Doubt","Ball Lightning+1"],"relics":["Cracked Core","NeowsBlessing","Golden Idol","ReplayTheSpireMod:CursedCoin","Replay:Multitool","WingedGreaves","Centennial Puzzle"],"acts_visited":["Exordium"],"potions_floor_usage":[12,16],"damage_taken":[{"damage":0,"enemies":"Small Slimes","floor":1,"turns":1},{"damage":0,"enemies":"Lagavulin","floor":7,"turns":1},{"damage":0,"enemies":"3 Sentries","floor":12,"turns":1},{"damage":8,"enemies":"Lagavulin","floor":13,"turns":3},{"damage":8,"enemies":"2 Louse","floor":14,"turns":2},{"damage":38,"enemies":"The Guardian","floor":16,"turns":8}],"seed_played":"5471050973219438889","potions_obtained":[{"floor":7,"key":"FocusPotion"},{"floor":14,"key":"SkillPotion"}],"is_trial":false,"path_per_floor":["M","?","$","?","?","R","E","R","T","?","R","E","E","M","R","B"],"character_chosen":"DEFECT","items_purchased":["ReplayTheSpireMod:CursedCoin","Electrodynamics"],"campfire_rested":0,"item_purchase_floors":[3,3],"current_hp_per_floor":[75,57,57,42,31,31,31,31,31,31,31,31,23,15,37,0,0],"gold":432,"neow_bonus":"THREE_ENEMY_KILL","is_daily":false,"chose_seed":false,"campfire_upgraded":3,"win_rate":0.0,"timestamp":1612496432,"path_taken":["M","?","$","?","?","R","E","R","T","?","R","E","E","M","R","BOSS"],"items_purchased_type":["Relic","Card"],"build_version":"2020-12-22","purchased_purges":1,"victory":false,"max_hp_per_floor":[75,75,75,75,75,75,75,75,75,75,75,75,75,75,75,75,75],"card_choices":[{"not_picked":["Beam Cell","BasicCrystalCard","Coolheaded"],"picked":"SKIP","floor":1},{"not_picked":["Skim","Gash"],"picked":"White Noise","floor":7},{"not_picked":["ReplayTheSpireMod:Calculation Training","Tempest","Compile Driver"],"picked":"SKIP","floor":12},{"not_picked":["Redo","Consume"],"picked":"Ball Lightning","floor":13},{"not_picked":["Barrage","Consume","ReplayTheSpireMod:Reroute Power"],"picked":"SKIP","floor":14}],"player_experience":14398,"relics_obtained":[{"floor":7,"key":"Replay:Multitool"},{"floor":9,"key":"WingedGreaves"},{"floor":13,"key":"Centennial Puzzle"}],"event_choices":[{"damage_healed":0,"gold_gain":0,"player_choice":"Take Damage","damage_taken":18,"relics_obtained":["Golden Idol"],"max_hp_gain":0,"max_hp_loss":0,"event_name":"Golden Idol","floor":2,"gold_loss":0},{"damage_healed":0,"gold_gain":0,"player_choice":"Entered Light","damage_taken":15,"max_hp_gain":0,"max_hp_loss":0,"event_name":"Shining Light","floor":4,"gold_loss":0,"cards_upgraded":["Strike_B","Zap"]},{"damage_healed":0,"gold_gain":75,"player_choice":"Gather Gold","damage_taken":11,"max_hp_gain":0,"max_hp_loss":0,"event_name":"World of Goop","floor":5,"gold_loss":0},{"damage_healed":0,"gold_gain":175,"player_choice":"AGREE","damage_taken":0,"max_hp_gain":0,"max_hp_loss":0,"event_name":"Liars Game","floor":10,"gold_loss":0,"cards_obtained":["Doubt"]}],"is_beta":false,"boss_relics":[],"items_purged_floors":[3],"is_endless":false,"potions_floor_spawned":[7,14],"killed_by":"The Guardian","ascension_level":0}}