{"host":"tgnam0g96qraiyqx","time":1612502346,"event":{"mods":["Always Whale","Arknights","Aspiration","Bartender","BaseMod","BetterRewards","CapriCore","CatGirl Mod","Chen","Colored Map","Colored Powertips","Decade(???)","Dio Mod","Downfall","Ekko","Energized Spire","Fireblade Mod","Glutton Mod","Hermit","HexUI Lib","Highlight Path","HornydragonMod","Hubris","Jorbs\u0027s Wanderer Trilogy","Kalas","KinomotoSakuraMod(????)","Koishi","Kratos Character Expansion","Luminous","Minty Spire (QoL Compilation)","Permanent Neow","Pikachu Mod","Potionbrewer","Prisma Mod","QueenMod","Railgun Mod","Random Character Button","Reimu??????","Replay The Spire","SCP261 Mod","Shade Mod","Shedinja","Shop Mod","Somnambulant","StSLib","The Alterego","The Bladedancer","The Cursed","The Death Knight","The Druid","The Hayseed","The Immortal","The Judge","The Juggle","The Jungle","The Kombatant","The Showman","The Warrior","The Wild Card","TheFirefly","TheSwordswoman","TheVacant","Warlord Emblem","[IsaacMod]????"],"gold_per_floor":[99,112,112,48,66,66,91,91,108,108,134,151,151,61,80,185,185,185,201,221,221,221,276,101,101,151,163,195,195,215,241,261,277,287,392,392,392,411,396,412,304,304,328,328,358,369,369,419,419,419,431,431,431,431],"floor_reached":52,"language":"FRA","playtime":6035,"items_purged":["Slimebound:Strike_Slimebound"],"score":572,"play_id":"7954851f-7a9c-4f29-8c4c-7ed2c016d560","local_time":"20210205061906","is_ascension_mode":false,"campfire_choices":[{"floor":1.0,"key":"DIG"},{"data":"Slimebound:RollThrough","floor":6.0,"key":"SMITH"},{"data":"Slimebound:ForwardTackle","floor":13.0,"key":"SMITH"},{"data":"Slimebound:Strike_Slimebound","floor":18.0,"key":"PURGE"},{"data":"Slimebound:MassRepurpose","floor":29.0,"key":"SMITH"},{"data":"Slimebound:Defend_Slimebound","floor":37,"key":"PURGE"},{"data":"Slimebound:LevelUp","floor":42,"key":"SMITH"},{"data":"Slimebound:LeadByExample","floor":44,"key":"SMITH"},{"floor":47,"key":"REST"},{"data":"Slimebound:CorrosiveSpit","floor":49,"key":"SMITH"}],"circlet_count":0,"master_deck":["Slimebound:Tackle","Slimebound:Defend_Slimebound","Slimebound:Defend_Slimebound","Slimebound:Split+1","Slimebound:CorrosiveSpit+1","Slimebound:SplitAcid","Slimebound:LeechEnergy","Slimebound:SplitBruiser","Slimebound:RollThrough+1","Slimebound:Schlurp","Slimebound:LeechingTouch","Slimebound:ForwardTackle+1","Slimebound:RallyTheTroops","Slimebound:MassRepurpose+1","Slimebound:GoopSpray","Slimebound:Equalize","Slimebound:Gluttony","Slimebound:LeadByExample+1","Slimebound:ItLooksTasty+1","Slimebound:LivingWall+1","Slimebound:Nibble+1","Slimebound:LevelUp+1","expansioncontent:DashGenerateEvil","Slimebound:Teamwork"],"relics":["Slimebound:AbsorbEndCombat","HushsDoor","BookOfRevelations","Bag of Preparation","ReplayTheSpireMod:TigerMarble","Dream Catcher","Peace Pipe","MagicMushroom","hubris:SlimyHat","theJungle:ShellPeas","Toy Ornithopter","Blue Doll","hubris:TenFootPole","RedLine:ReiMu","Sling","Bronze Scales","Replay:Bottled Snecko","PunchingBag"],"acts_visited":["Exordium","theJungle:Jungle","TheBeyond"],"potions_floor_usage":[52,52,52],"damage_taken":[{"damage":5.0,"enemies":"Jaw Worm","floor":2.0,"turns":6.0},{"damage":0.0,"enemies":"downfall:FleeingMerchant","floor":4.0,"turns":4.0},{"damage":7.0,"enemies":"Small Slimes","floor":5.0,"turns":3.0},{"damage":0.0,"enemies":"2 Louse","floor":9.0,"turns":3.0},{"damage":10.0,"enemies":"Gremlin Nob","floor":11.0,"turns":3.0},{"damage":0.0,"enemies":"Blue Slaver","floor":12.0,"turns":3.0},{"damage":6.0,"enemies":"2 Fungi Beasts","floor":15.0,"turns":2.0},{"damage":9.0,"enemies":"IC_STATUS_ARCHETYPE","floor":16.0,"turns":4.0},{"damage":1.0,"enemies":"theJungle:5_Spyders","floor":19.0,"turns":5.0},{"damage":6.0,"enemies":"theJungle:Flameango_and_Byrd","floor":20.0,"turns":3.0},{"damage":0.0,"enemies":"theJungle:JungleHuntersEncounter","floor":27.0,"turns":3.0},{"damage":16.0,"enemies":"theJungle:MamaSnecko","floor":28.0,"turns":5.0},{"damage":0.0,"enemies":"theJungle:Lyon","floor":30.0,"turns":3.0},{"damage":21.0,"enemies":"theJungle:2_Phrogs","floor":31.0,"turns":6.0},{"damage":19.0,"enemies":"theJungle:2_Snecko_Cultists","floor":32.0,"turns":4.0},{"damage":0.0,"enemies":"theJungle:JungleHuntersEncounter","floor":33.0,"turns":4.0},{"damage":15.0,"enemies":"theJungle:2_Flameangoes","floor":34.0,"turns":4.0},{"damage":5.0,"enemies":"DF_ARCHETYPE_CLAW","floor":35.0,"turns":6.0},{"damage":0,"enemies":"Orb Walker","floor":38,"turns":3},{"damage":0,"enemies":"downfall:FleeingMerchant","floor":39,"turns":4},{"damage":10,"enemies":"3 Shapes","floor":40,"turns":2},{"damage":0,"enemies":"downfall:FleeingMerchant","floor":41,"turns":2},{"damage":23,"enemies":"Reptomancer","floor":45,"turns":5},{"damage":10,"enemies":"Jaw Worm Horde","floor":46,"turns":5},{"damage":0,"enemies":"Jaw Worm Horde","floor":48,"turns":4},{"damage":0,"enemies":"3 Darklings","floor":51,"turns":4},{"damage":115,"enemies":"SI_POISON_ARCHETYPE","floor":52,"turns":5}],"seed_played":"-2283425794731514509","potions_obtained":[{"floor":5.0,"key":"champ:CounterPotion"},{"floor":9.0,"key":"Weak Potion"},{"floor":14.0,"key":"SCP261:BarrettColaPotion"},{"floor":20.0,"key":"SCP261:ClockworkPotion"},{"floor":23.0,"key":"Regen Potion"},{"floor":31.0,"key":"Weak Potion"},{"floor":32.0,"key":"Energy Potion"},{"floor":33.0,"key":"potionbrewer:QuicksilverPotion"},{"floor":35.0,"key":"Dexterity Potion"},{"floor":46,"key":"Dexterity Potion"},{"floor":48,"key":"Regen Potion"}],"is_trial":false,"path_per_floor":["R_BF","M","?","$","M","R","T","?","M","?","E","M","R","?","M","B",null,"R_BF","M","M","PTL","PTL","?","?","?","T","M","E","R","M","E","M","M","M","B",null,"R_BF","M","$","M","$","R","T","R","E","M","R","?","R","?","M","B"],"character_chosen":"SLIMEBOUND","items_purchased":["Slimebound:SplitBruiser","Sling","Slimebound:LevelUp","expansioncontent:DashGenerateEvil"],"campfire_rested":1,"item_purchase_floors":[4,41,41,41],"current_hp_per_floor":[65,62,62,65,60,60,60,60,60,60,56,60,60,60,58,57,72,72,72,68,68,68,68,68,68,68,71,69,69,69,56,46,68,62,69,69,69,69,66,56,63,63,63,63,45,42,61,66,66,66,66,0,0,0],"gold":431,"neow_bonus":"REMOVE_CARD","is_daily":false,"chose_seed":false,"campfire_upgraded":6,"win_rate":0.0,"timestamp":1612502346,"path_taken":["R_BF","M","?","$","M","R","T","?","M","?","E","M","R","?","M","BOSS","R_BF","M","M","PTL","PTL","?","?","?","T","M","E","R","?","E","M","M","M","BOSS","R_BF","M","$","M","$","R","T","R","E","M","R","?","R","?","M","BOSS"],"items_purchased_type":["Card","Relic","Card","Card"],"build_version":"2020-12-22","purchased_purges":1,"victory":false,"max_hp_per_floor":[65,65,65,65,65,65,65,65,65,65,65,65,65,65,65,65,72,72,72,72,72,72,72,72,72,72,72,69,69,69,69,69,69,69,69,69,69,69,66,66,66,66,66,66,66,66,66,66,66,66,66,66,66,66],"card_choices":[{"not_picked":[],"picked":"Bomb","floor":0.0},{"not_picked":["Slimebound:ItLooksTasty","Slimebound:AcidTongue"],"picked":"Slimebound:SplitAcid","floor":2.0},{"not_picked":["Slimebound:Gluttony","Slimebound:LivingWall"],"picked":"Slimebound:LeechEnergy","floor":4.0},{"not_picked":["Slimebound:SplitAcid","Slimebound:SplitBruiser"],"picked":"Slimebound:RollThrough","floor":5.0},{"not_picked":["Bomb","Slimebound:Replication"],"picked":"Slimebound:Schlurp","floor":9.0},{"not_picked":["Slimebound:DuplicatedForm","Slimebound:TongueLash"],"picked":"Slimebound:LeechingTouch","floor":11.0},{"not_picked":["Slimebound:HauntingLick","Slimebound:Grow"],"picked":"Slimebound:ForwardTackle","floor":12.0},{"not_picked":["Slimebound:SplitMire","Slimebound:ProtectTheBoss"],"picked":"Slimebound:RallyTheTroops","floor":15.0},{"not_picked":["Slimebound:LeechLife","Slimebound:DuplicatedForm"],"picked":"Slimebound:MassRepurpose","floor":16.0},{"not_picked":["Slimebound:HauntingLick","Slimebound:GoopTackle+1","Slimebound:SplitMire"],"picked":"SKIP","floor":19.0},{"not_picked":["Slimebound:SlimeSpikes","Slimebound:ComboTackle"],"picked":"Slimebound:GoopSpray","floor":20.0},{"not_picked":["Slimebound:SplitAcid","Slimebound:LeechingTouch+1"],"picked":"Slimebound:Equalize","floor":23.0},{"not_picked":["Slimebound:FormOfPuddle+1","Slimebound:LeechEnergy+1"],"picked":"Slimebound:Gluttony","floor":27.0},{"not_picked":["Slimebound:SlimeBarrage","Slimebound:GoopSpray"],"picked":"Slimebound:LeadByExample","floor":28.0},{"not_picked":["Slimebound:Dissolve+1","Slimebound:SplitBruiser","Slimebound:SlimeTap+1"],"picked":"SKIP","floor":30.0},{"not_picked":["Slimebound:FlameTackle","Slimebound:MegaLick","Slimebound:Nibble"],"picked":"SKIP","floor":31.0},{"not_picked":["Slimebound:LevelUp+1","Slimebound:PrepareCrush","Slimebound:SplitMire"],"picked":"SKIP","floor":32.0},{"not_picked":["Slimebound:Schlurp","Slimebound:GoopTackle"],"picked":"Slimebound:ItLooksTasty+1","floor":33.0},{"not_picked":["Slimebound:SplitLeeching","Slimebound:GrowthPunch","Slimebound:FirmFortitude"],"picked":"SKIP","floor":34.0},{"not_picked":["Slimebound:ProtectTheBoss","Slimebound:PressTheAttack+1","Slimebound:ItLooksTasty"],"picked":"SKIP","floor":38},{"not_picked":["Slimebound:ItLooksTasty+1","Slimebound:GrowthPunch"],"picked":"Slimebound:LivingWall+1","floor":39},{"not_picked":["Slimebound:RainOfGoop","Slimebound:SlimeBrawl"],"picked":"Slimebound:Gluttony","floor":40},{"not_picked":["Slimebound:DuplicatedForm","Slimebound:FirmFortitude"],"picked":"Slimebound:Nibble+1","floor":41},{"not_picked":["Slimebound:SamplingLick","Slimebound:HauntingLick+1","Slimebound:SlimeBarrage"],"picked":"SKIP","floor":45},{"not_picked":["Slimebound:ViciousTackle+1","Slimebound:DisruptingSlam+1","Slimebound:SlimeSpikes+1"],"picked":"SKIP","floor":46},{"not_picked":["Slimebound:RejuvenatingLick","Slimebound:ComboTackle"],"picked":"Slimebound:Teamwork","floor":51}],"player_experience":2601866,"relics_obtained":[{"floor":1.0,"key":"Bag of Preparation"},{"floor":7.0,"key":"ReplayTheSpireMod:TigerMarble"},{"floor":11.0,"key":"Peace Pipe"},{"floor":23.0,"key":"hubris:SlimyHat"},{"floor":26.0,"key":"Toy Ornithopter"},{"floor":28.0,"key":"Blue Doll"},{"floor":31.0,"key":"hubris:TenFootPole"},{"floor":43,"key":"Bronze Scales"},{"floor":45,"key":"Replay:Bottled Snecko"},{"floor":48,"key":"PunchingBag"}],"event_choices":[{"cards_removed":["Slimebound:Defend_Slimebound"],"damage_healed":0.0,"max_hp_gain":0.0,"max_hp_loss":0.0,"gold_gain":0.0,"event_name":"The Cleric","player_choice":"Card Removal","floor":10.0,"gold_loss":0.0,"damage_taken":0.0},{"cards_removed":["Slimebound:Gluttony"],"damage_healed":0,"gold_gain":0,"player_choice":"Removed Power","damage_taken":0,"max_hp_gain":0,"max_hp_loss":0,"event_name":"Falling","floor":50,"gold_loss":0}],"is_beta":false,"boss_relics":[{"not_picked":["Runic Dome","SacredBark"],"picked":"MagicMushroom"},{"not_picked":[]},{"not_picked":["aspiration:WatcherSkillbook","Pandora\u0027s Box"],"picked":"RedLine:ReiMu"},{"not_picked":[]}],"items_purged_floors":[41],"is_endless":false,"potions_floor_spawned":[5,9,12,15,20,27,31,32,33,35,46,48,51],"killed_by":"SI_POISON_ARCHETYPE","ascension_level":0}}