{"host":"rolltorest","time":1612567360,"event":{"mods":["BaseMod","Minty Spire (QoL Compilation)","Relic Stats","Slay the Relics Exporter","StSLib"],"gold_per_floor":[109,109,125,37,64,397,397,23,23,40,50,76,95,124,124,201,201,212,212,212,212,38,64,74,74,74,102,112,140,155,181,181,257,257,276,294,294,294,294],"floor_reached":38,"language":"ENG","playtime":1262,"items_purged":["Strike_P","Bite"],"score":1154,"play_id":"69c82a16-2db6-4600-89df-521ea02ae77d","local_time":"20210205152240","is_ascension_mode":true,"campfire_choices":[{"floor":7,"key":"RECALL"},{"floor":15,"key":"REST"},{"floor":25,"key":"REST"},{"floor":32,"key":"REST"}],"circlet_count":0,"master_deck":["AscendersBane","Defend_P","Defend_P","Defend_P","Defend_P","Eruption","Vigilance","Adaptation","CutThroughFate","Vengeance","Halt+1","Fasting2","BowlingBash","Consecrate","ConjureBlade","Consecrate","ThirdEye+1","Indignation","Vault","CrushJoints+1","Bite","Bite","Bite","Bite","Wireheading","Fasting2","TalkToTheHand","CutThroughFate+1","Conclude+1","Prostrate","EmptyFist","MentalFortress","Omniscience","Meditate+1","Worship","FearNoEvil+1","CutThroughFate"],"relics":["Fusion Hammer","NlothsMask","Old Coin","OrangePellets","Incense Burner","Du-Vu Doll","Prayer Wheel","Black Star","Nilry\u0027s Codex","Bag of Preparation","Ancient Tea Set","War Paint","Ice Cream","Unceasing Top","Anchor","Mercury Hourglass","Regal Pillow","SlaversCollar"],"acts_visited":["Exordium","TheCity","TheBeyond"],"potions_floor_usage":[14,16,23,29,30,36],"damage_taken":[{"damage":1,"enemies":"2 Louse","floor":1,"turns":4},{"damage":1,"enemies":"Cultist","floor":3,"turns":4},{"damage":14,"enemies":"Lagavulin","floor":6,"turns":5},{"damage":0,"enemies":"Small Slimes","floor":10,"turns":2},{"damage":0,"enemies":"3 Louse","floor":11,"turns":3},{"damage":22,"enemies":"Gremlin Nob","floor":12,"turns":3},{"damage":6,"enemies":"Looter","floor":13,"turns":3},{"damage":0,"enemies":"Lagavulin","floor":14,"turns":7},{"damage":0,"enemies":"Slime Boss","floor":16,"turns":4},{"damage":0,"enemies":"2 Thieves","floor":18,"turns":3},{"damage":7,"enemies":"Book of Stabbing","floor":23,"turns":4},{"damage":4,"enemies":"Shell Parasite","floor":24,"turns":3},{"damage":0,"enemies":"Gremlin Leader","floor":27,"turns":5},{"damage":28,"enemies":"Snake Plant","floor":28,"turns":4},{"damage":23,"enemies":"Book of Stabbing","floor":29,"turns":3},{"damage":3,"enemies":"Centurion and Healer","floor":30,"turns":3},{"damage":14,"enemies":"Collector","floor":33,"turns":10},{"damage":16,"enemies":"3 Shapes","floor":35,"turns":4},{"damage":28,"enemies":"3 Darklings","floor":36,"turns":5},{"damage":12,"enemies":"Spire Growth","floor":38,"turns":2}],"seed_played":"8564145255421283315","potions_obtained":[{"floor":1,"key":"Swift Potion"},{"floor":6,"key":"SkillPotion"},{"floor":16,"key":"DistilledChaos"},{"floor":24,"key":"Weak Potion"},{"floor":27,"key":"DistilledChaos"},{"floor":29,"key":"DistilledChaos"}],"is_trial":false,"path_per_floor":["M","?","M","$","T","E","R","$","T","M","M","E","M","E","R","B",null,"M","?","?","?","$","E","M","R","T","E","M","E","M","T","R","B",null,"M","M","?","M"],"character_chosen":"WATCHER","items_purchased":["CutThroughFate","Vengeance","OrangePellets","Fasting2","BowlingBash","Wireheading"],"campfire_rested":3,"item_purchase_floors":[4,4,8,8,8,22],"current_hp_per_floor":[60,60,59,59,59,45,45,45,45,45,45,23,17,17,37,37,60,60,39,39,39,39,40,38,47,47,47,23,4,7,7,36,30,43,31,7,7,0,0],"gold":294,"neow_bonus":"BOSS_RELIC","is_daily":false,"chose_seed":false,"campfire_upgraded":0,"win_rate":0.0,"timestamp":1612567360,"path_taken":["M","?","?","$","?","E","R","$","T","M","?","E","M","E","R","BOSS","M","?","?","?","?","E","M","R","T","E","M","E","M","?","R","BOSS","M","?","?","M"],"items_purchased_type":["Card","Card","Relic","Card","Card","Card"],"build_version":"2020-12-18","purchased_purges":2,"victory":false,"max_hp_per_floor":[68,68,68,68,68,68,68,68,68,68,68,68,68,68,68,68,68,68,68,47,47,47,47,47,47,47,47,47,47,47,47,47,47,47,47,47,47,47,47],"relic_stats":{"OrangePellets":[20],"Regal Pillow":15,"counters":[20,81],"Prayer Wheel":6,"Black Star":3,"Bag of Preparation":[18],"War Paint":["ThirdEye","Halt"],"obtain_stats":[{"Ice Cream":27,"Regal Pillow":31,"Nilry\u0027s Codex":19,"Incense Burner":9,"Bag of Preparation":23,"War Paint":26,"Ancient Tea Set":23,"Old Coin":6,"Mercury Hourglass":29,"Du-Vu Doll":12,"OrangePellets":8,"SlaversCollar":34,"Anchor":29,"Prayer Wheel":14,"Fusion Hammer":0,"Black Star":17,"PureWater":0,"Unceasing Top":27,"NlothsMask":2},{"Ice Cream":13,"Regal Pillow":16,"Nilry\u0027s Codex":10,"Incense Burner":3,"Bag of Preparation":11,"War Paint":12,"Ancient Tea Set":11,"Old Coin":3,"Mercury Hourglass":15,"Du-Vu Doll":6,"OrangePellets":3,"SlaversCollar":17,"Anchor":15,"Prayer Wheel":8,"Fusion Hammer":0,"Black Star":9,"PureWater":0,"Unceasing Top":13,"NlothsMask":1},{"Ice Cream":50,"Regal Pillow":60,"Nilry\u0027s Codex":38,"Incense Burner":13,"Bag of Preparation":42,"War Paint":45,"Ancient Tea Set":42,"Old Coin":13,"Mercury Hourglass":57,"Du-Vu Doll":21,"OrangePellets":13,"SlaversCollar":70,"Anchor":57,"Prayer Wheel":31,"Fusion Hammer":0,"Black Star":35,"PureWater":0,"Unceasing Top":50,"NlothsMask":4}],"Unceasing Top":[0],"Mercury Hourglass":[146]},"card_choices":[{"not_picked":["InnerPeace","Weave"],"picked":"Adaptation","floor":1},{"not_picked":["Crescendo","Halt","PathToVictory"],"picked":"SKIP","floor":3},{"not_picked":["PathToVictory","JustLucky"],"picked":"Halt","floor":6},{"not_picked":["EmptyBody","FollowUp"],"picked":"Consecrate","floor":10},{"not_picked":["SashWhip","WindmillStrike"],"picked":"ConjureBlade","floor":11},{"not_picked":["Study","FlyingSleeves"],"picked":"Consecrate","floor":12},{"not_picked":["PathToVictory","Evaluate"],"picked":"ThirdEye","floor":13},{"not_picked":["BowlingBash","FollowUp"],"picked":"Indignation","floor":14},{"not_picked":["DeusExMachina","ConjureBlade"],"picked":"Vault","floor":16},{"not_picked":["DeceiveReality+1","Crescendo"],"picked":"CrushJoints+1","floor":18},{"not_picked":["WindmillStrike","WreathOfFlame","ThirdEye"],"picked":"SKIP","floor":18},{"not_picked":["WreathOfFlame","Prostrate"],"picked":"Fasting2","floor":23},{"not_picked":["Halt","Wallop"],"picked":"TalkToTheHand","floor":24},{"not_picked":["PathToVictory+1","SashWhip+1","Fasting2"],"picked":"SKIP","floor":24},{"not_picked":["Wallop","FearNoEvil"],"picked":"CutThroughFate+1","floor":27},{"not_picked":["PathToVictory","SashWhip"],"picked":"Conclude+1","floor":28},{"not_picked":["Judgement","SashWhip"],"picked":"Prostrate","floor":28},{"not_picked":["CutThroughFate","DeceiveReality"],"picked":"EmptyFist","floor":29},{"not_picked":["SashWhip","FlyingSleeves+1","Devotion"],"picked":"SKIP","floor":30},{"not_picked":["MentalFortress","SashWhip","ThirdEye"],"picked":"SKIP","floor":30},{"not_picked":["SashWhip","ThirdEye"],"picked":"MentalFortress","floor":30},{"not_picked":["SashWhip","FlyingSleeves+1","Devotion"],"picked":"SKIP","floor":30},{"not_picked":["Establishment","Vault"],"picked":"Omniscience","floor":33},{"not_picked":["Protect","ThirdEye"],"picked":"Meditate+1","floor":35},{"not_picked":["CrushJoints","EmptyFist"],"picked":"Worship","floor":35},{"not_picked":["EmptyBody","ThirdEye+1"],"picked":"FearNoEvil+1","floor":36},{"not_picked":["SandsOfTime","ClearTheMind"],"picked":"CutThroughFate","floor":36}],"player_experience":1876838,"relics_obtained":[{"floor":6,"key":"Old Coin"},{"floor":9,"key":"Incense Burner"},{"floor":12,"key":"Du-Vu Doll"},{"floor":14,"key":"Prayer Wheel"},{"floor":19,"key":"Nilry\u0027s Codex"},{"floor":23,"key":"Bag of Preparation"},{"floor":23,"key":"Ancient Tea Set"},{"floor":26,"key":"War Paint"},{"floor":27,"key":"Ice Cream"},{"floor":27,"key":"Unceasing Top"},{"floor":29,"key":"Anchor"},{"floor":29,"key":"Mercury Hourglass"},{"floor":31,"key":"Regal Pillow"}],"event_choices":[{"damage_healed":0,"gold_gain":0,"player_choice":"Trade","damage_taken":0,"relics_obtained":["NlothsMask"],"max_hp_gain":0,"max_hp_loss":0,"event_name":"FaceTrader","floor":2,"gold_loss":0},{"damage_healed":0,"gold_gain":0,"player_choice":"Obtained Book","damage_taken":21,"max_hp_gain":0,"max_hp_loss":0,"event_name":"Cursed Tome","floor":19,"gold_loss":0},{"damage_healed":0,"gold_gain":0,"player_choice":"Became a vampire","damage_taken":0,"max_hp_gain":0,"max_hp_loss":21,"event_name":"Vampires","floor":20,"gold_loss":0,"cards_obtained":["Bite","Bite","Bite","Bite","Bite"]},{"damage_healed":0,"gold_gain":0,"player_choice":"Ignored","damage_taken":0,"max_hp_gain":0,"max_hp_loss":0,"event_name":"The Mausoleum","floor":21,"gold_loss":0},{"damage_healed":0,"gold_gain":0,"player_choice":"Ignored","damage_taken":0,"max_hp_gain":0,"max_hp_loss":0,"event_name":"Mysterious Sphere","floor":37,"gold_loss":0}],"is_beta":true,"boss_relics":[{"not_picked":["Cursed Key","VioletLotus"],"picked":"Black Star"},{"not_picked":["Snecko Eye","Sozu"],"picked":"SlaversCollar"}],"items_purged_floors":[8,22],"is_endless":false,"potions_floor_spawned":[1,6,11,13,16,24,27,28,29],"killed_by":"Spire Growth","ascension_level":20}}