{"host":"sav7uxregyirlf69","time":1612538412,"event":{"mods":["AchievementEnabler","BaseMod","Colored Map","DeckTracker","Keyboard Shortcuts","Minty Spire (QoL Compilation)","READ ME - Guardian Mod","StSLib","SuperFastMode"],"gold_per_floor":[110,35,49,49,49,79,79,97,97,111,140,40,53,119,119,195,195,212,262,182,182],"floor_reached":20,"language":"KOR","playtime":306,"items_purged":["Strike_G","Strike_G"],"score":418,"play_id":"972820fe-fbe8-4b2e-9719-017f370d8b04","local_time":"20210206002012","is_ascension_mode":true,"campfire_choices":[{"data":"Neutralize","floor":7,"key":"SMITH"},{"data":"Deadly Poison","floor":15,"key":"SMITH"}],"circlet_count":0,"master_deck":["AscendersBane","Strike_G","Strike_G","Strike_G","Defend_G","Defend_G","Defend_G","Defend_G","Defend_G","Survivor","Neutralize+1","Deadly Poison+1","Backstab","Dagger Throw","Poisoned Stab","Deadly Poison","Envenom"],"relics":["Ring of the Snake","NeowsBlessing","SsserpentHead","White Beast Statue","Art of War","Snake Skull","Busted Crown"],"acts_visited":["Exordium","TheCity"],"potions_floor_usage":[11,11,16,20],"damage_taken":[{"damage":0,"enemies":"Cultist","floor":1,"turns":1},{"damage":0,"enemies":"Small Slimes","floor":3,"turns":1},{"damage":0,"enemies":"Lagavulin","floor":6,"turns":1},{"damage":0,"enemies":"2 Louse","floor":8,"turns":2},{"damage":13,"enemies":"Exordium Thugs","floor":10,"turns":6},{"damage":8,"enemies":"Gremlin Nob","floor":11,"turns":3},{"damage":1,"enemies":"Blue Slaver","floor":13,"turns":3},{"damage":6,"enemies":"Exordium Wildlife","floor":14,"turns":3},{"damage":24,"enemies":"The Guardian","floor":16,"turns":8},{"damage":15,"enemies":"Spheric Guardian","floor":18,"turns":5},{"damage":18,"enemies":"2 Thieves","floor":20,"turns":2}],"seed_played":"1315194497572369877","potions_obtained":[{"floor":3,"key":"Strength Potion"},{"floor":6,"key":"Strength Potion"},{"floor":8,"key":"Explosive Potion"},{"floor":10,"key":"AttackPotion"},{"floor":11,"key":"Weak Potion"},{"floor":13,"key":"Weak Potion"},{"floor":14,"key":"PowerPotion"},{"floor":16,"key":"GhostInAJar"},{"floor":18,"key":"Poison Potion"}],"is_trial":false,"path_per_floor":["M","$","M","$","?","E","R","M","T","M","E","$","M","M","R","B",null,"M","?","M"],"character_chosen":"THE_SILENT","items_purchased":[],"campfire_rested":0,"item_purchase_floors":[],"current_hp_per_floor":[59,59,59,59,59,59,59,59,59,46,38,38,37,31,31,7,51,36,18,0,0],"gold":182,"neow_bonus":"THREE_ENEMY_KILL","is_daily":false,"chose_seed":false,"campfire_upgraded":2,"win_rate":0.0,"timestamp":1612538412,"path_taken":["M","$","M","?","?","E","R","M","T","M","E","$","M","?","R","BOSS","M","?","M"],"items_purchased_type":[],"build_version":"2020-12-22","purchased_purges":2,"victory":false,"max_hp_per_floor":[66,66,66,66,66,66,66,66,66,66,66,66,66,66,66,66,66,66,71,71,71],"card_choices":[{"not_picked":["Setup","Bane"],"picked":"Deadly Poison","floor":1},{"not_picked":["Flying Knee","Prepared"],"picked":"Backstab","floor":3},{"not_picked":["Accuracy","Bane"],"picked":"Dagger Throw","floor":6},{"not_picked":["All Out Attack","Flechettes","Outmaneuver"],"picked":"SKIP","floor":8},{"not_picked":["Prepared","Distraction"],"picked":"Poisoned Stab","floor":10},{"not_picked":["Expertise","Masterful Stab","Riddle With Holes"],"picked":"SKIP","floor":11},{"not_picked":["Quick Slash","Poisoned Stab","Deadly Poison"],"picked":"SKIP","floor":13},{"not_picked":["Concentrate","Prepared"],"picked":"Deadly Poison","floor":14},{"not_picked":["After Image","Phantasmal Killer"],"picked":"Envenom","floor":16},{"not_picked":["Expertise"],"picked":"SKIP","floor":18}],"player_experience":1498230,"relics_obtained":[{"floor":6,"key":"White Beast Statue"},{"floor":9,"key":"Art of War"},{"floor":11,"key":"Snake Skull"}],"event_choices":[{"damage_healed":0,"gold_gain":0,"player_choice":"Trade","damage_taken":0,"relics_obtained":["SsserpentHead"],"max_hp_gain":0,"max_hp_loss":0,"event_name":"FaceTrader","floor":5,"gold_loss":0},{"damage_healed":0,"gold_gain":0,"player_choice":"Shed Blood","damage_taken":23,"max_hp_gain":5,"max_hp_loss":0,"event_name":"Forgotten Altar","floor":19,"gold_loss":0}],"is_beta":false,"boss_relics":[{"not_picked":["Calling Bell","Fusion Hammer"],"picked":"Busted Crown"}],"items_purged_floors":[2,12],"is_endless":false,"potions_floor_spawned":[3,6,8,10,11,13,14,16,18],"killed_by":"2 Thieves","ascension_level":20}}