{"host":"bw00wb7p5bw58om7","time":1612564908,"event":{"mods":["100% Spire Juice","Act Like it!","BaseMod","Better Third Choice","CapriCore","Chen","Downfall","Gensokyo","KinomotoSakuraMod(????)","Koishi","KomeijiMod","Mari Mod (Legacy)","Mari\u0027s V1 Patch","Marisa????????","Minty Spire (QoL Compilation)","Onozuka Komachi Mod","Permanent Neow","Prisma Mod","Reimu??????","Remilia_Scarlet Moed?????·?????3.3.5","Remilia??????","Replay The Spire","StSLib","The Administrix","The Immortal","The Senshi","The Servant 0.9.4","TheVelvet","WarShipGirlsR/????R mod","Yakumo Yukari mod","Youmu??????","Yuyuko"],"gold_per_floor":[119,139,157,157,172,206,98,130,202,220,220,238,265,279,332,437,437,449,460,0,0,13,13,39,54,79,79,94,110,110,122,122,220,220,240,240,253,253,268,268,282,282,305,305,324,324,28,55,55,55,55],"floor_reached":50,"language":"ENG","playtime":3571,"items_purged":[],"score":829,"play_id":"922ca2a1-be6a-4601-b365-66ce07812d05","local_time":"20210205224148","is_ascension_mode":true,"campfire_choices":[{"data":"Koishi:Catatonia","floor":23,"key":"SMITH"},{"data":"Koishi:UnconsciousUrges","floor":30,"key":"SMITH"},{"data":"Koishi:BramblyRoseGarden","floor":32,"key":"SMITH"},{"data":"Koishi:Heartbroken","floor":40,"key":"SMITH"},{"data":"Koishi:BloodcurdlingScream","floor":42,"key":"SMITH"},{"data":"Koishi:YoukaiPolygraph","floor":46,"key":"SMITH"},{"floor":49,"key":"REST"}],"circlet_count":0,"master_deck":["Koishi:BasicStrike+1","Koishi:BasicStrike+1","Koishi:BasicDefend+1","Koishi:BasicDefend+1","Koishi:BloodcurdlingScream","Koishi:PhantomStrike+1","Koishi:JumpScare+1","Koishi:ParalyzingFear","Koishi:StingingMind+1","Koishi:TremblingHands+1","Koishi:DreadfulBlow","Koishi:PredatoryInstincts+1","Koishi:Catatonia+1","Koishi:PerfectMindControl+1","Koishi:ParalyzingFear+1","Koishi:UnseenTerror","Koishi:PhantomBarrier","Koishi:BloodcurdlingScream+1","Koishi:UnconsciousUrges+1","Koishi:BramblyRoseGarden+1","Koishi:Heartbroken+1","Lonely","Writhe","Koishi:SubterraneanRose","Koishi:StingingMind+1","Koishi:UnconsciousUprising","Koishi:BloodcurdlingScream","Koishi:YoukaiPolygraph+1","Koishi:UnconsciousUrges+1","Koishi:Untouchable"],"relics":["Koishi:ImaginaryFriend","Gensokyo:CelestialsFlawlessClothing","Blood Vial","Thread and Needle","theSenshi:SuperSailorFukuRelic","War Paint","Sozu","Whetstone","Nunchaku","Replay:Grab Bag","Replay:Bronze Core","ChewingGum","Kintsugi","Oddly Smooth Stone","CaptainsWheel","Guide Book","DollysMirror","Replay:Baseball"],"acts_visited":["Gensokyo:Gensokyo","Gensokyo:Gensokyoer","Gensokyo:Gensokyoest"],"potions_floor_usage":[50,50],"damage_taken":[{"damage":9,"enemies":"Gensokyo:Gryphon","floor":1,"turns":5},{"damage":0,"enemies":"Gensokyo:Python","floor":2,"turns":3},{"damage":1,"enemies":"Gensokyo:2_Kodama","floor":3,"turns":4},{"damage":12,"enemies":"Gensokyo:Gryphon_and_Rabbit","floor":5,"turns":8},{"damage":32,"enemies":"Gensokyo:Mamizou","floor":6,"turns":9},{"damage":21,"enemies":"Gensokyo:Cirno","floor":8,"turns":6},{"damage":0,"enemies":"Gensokyo:3_Kodama","floor":10,"turns":5},{"damage":0,"enemies":"Gensokyo:Kitsune","floor":12,"turns":3},{"damage":0,"enemies":"Gensokyo:Aya","floor":13,"turns":8},{"damage":0,"enemies":"Gensokyo:LivingMonolith","floor":14,"turns":3},{"damage":0,"enemies":"Gensokyo:Reimu","floor":16,"turns":8},{"damage":0,"enemies":"Gensokyo:AngelMirror","floor":18,"turns":3},{"damage":5,"enemies":"Gensokyo:3_Dogs","floor":19,"turns":5},{"damage":10,"enemies":"Gensokyo:Slime_Group","floor":22,"turns":5},{"damage":0,"enemies":"Gensokyo:Koishi","floor":24,"turns":6},{"damage":0,"enemies":"Gensokyo:Swordslinger","floor":25,"turns":4},{"damage":0,"enemies":"Gensokyo:Monolith_and_Dog","floor":28,"turns":6},{"damage":0,"enemies":"Gensokyo:Chomper_and_Gloop","floor":29,"turns":5},{"damage":8,"enemies":"Gensokyo:Slime_Group","floor":31,"turns":5},{"damage":44,"enemies":"Gensokyo:Eternal_Rivals","floor":33,"turns":9},{"damage":2,"enemies":"Gensokyo:3_Bats","floor":35,"turns":4},{"damage":6,"enemies":"Gensokyo:AncientGuardian","floor":37,"turns":6},{"damage":0,"enemies":"Gensokyo:AtlasGolem","floor":39,"turns":5},{"damage":0,"enemies":"Gensokyo:3_Boulders","floor":41,"turns":6},{"damage":0,"enemies":"Gensokyo:Sharpion","floor":45,"turns":4},{"damage":47,"enemies":"Gensokyo:Kasen","floor":48,"turns":6},{"damage":27,"enemies":"Gensokyo:Yuyuko","floor":50,"turns":10}],"seed_played":"-5298334688888740512","potions_obtained":[{"floor":3,"key":"FearPotion"},{"floor":6,"key":"champ:CounterPotion"},{"floor":8,"key":"bronze:BurnAndBuffPotion"},{"floor":10,"key":"Guardian:BlockOnCardUsePotion"},{"floor":13,"key":"Strength Potion"}],"is_trial":false,"path_per_floor":["M","M","M","?","M","E","?","E","T","M","T","M","E","M","R","B",null,"M","M","?","$","M","R","E","M","T","?","M","M","R","M","R","B",null,"M","?","M","?","M","R","M","R","T","?","M","R","COS","E","R","B"],"character_chosen":"KOISHI","items_purchased":[],"campfire_rested":1,"item_purchase_floors":[],"current_hp_per_floor":[59,60,62,46,39,12,66,45,45,52,52,60,66,66,66,66,66,66,66,66,66,56,56,66,66,66,66,66,66,66,66,66,37,66,66,66,66,66,66,66,66,66,66,40,51,51,51,23,42,0,0],"gold":55,"neow_bonus":"TEN_PERCENT_HP_BONUS","is_daily":false,"chose_seed":false,"campfire_upgraded":6,"win_rate":0.0,"timestamp":1612564908,"path_taken":["M","M","M","?","M","E","?","E","T","M","?","?","E","M","R","BOSS","M","M","?","?","M","R","E","?","T","?","M","M","R","M","R","BOSS","M","?","M","?","M","R","M","R","T","?","M","R","COS","E","R","BOSS"],"items_purchased_type":[],"build_version":"2020-12-22","purchased_purges":0,"victory":false,"max_hp_per_floor":[66,66,66,66,66,66,66,66,66,66,66,66,66,66,66,66,66,66,66,66,66,66,66,66,66,66,66,66,66,66,66,66,66,66,66,66,66,66,66,66,66,66,66,66,66,66,66,66,66,1,1],"card_choices":[{"not_picked":["Koishi:ReflexRadar","Koishi:BramblyRoseGarden"],"picked":"Koishi:BloodcurdlingScream","floor":1},{"not_picked":["Koishi:DreadfulBlow","Koishi:ReflexRadar"],"picked":"Koishi:JumpScare","floor":2},{"not_picked":["Koishi:StrangeCloudFist","Koishi:SubterraneanRose"],"picked":"Koishi:PhantomStrike","floor":3},{"not_picked":["Koishi:Prune","Koishi:SuperEgo"],"picked":"Koishi:JumpScare","floor":5},{"not_picked":["Koishi:FreudianInstinct","Koishi:StrangeCloudFist"],"picked":"Koishi:ParalyzingFear","floor":6},{"not_picked":["Koishi:PhantomStrike","Koishi:RorschachInDanmaku"],"picked":"Koishi:StingingMind","floor":8},{"not_picked":["Koishi:FourthEye","Koishi:YoukaiPolygraph"],"picked":"Koishi:TremblingHands","floor":10},{"not_picked":["Koishi:SpiritedAway","Koishi:UnconsciousUprising"],"picked":"Koishi:DreadfulBlow","floor":12},{"not_picked":["Koishi:CatchAndRose","Koishi:GrowingPain"],"picked":"Koishi:PredatoryInstincts","floor":13},{"not_picked":["Koishi:ParalyzingFear","Koishi:RacingHeart"],"picked":"Koishi:Catatonia","floor":14},{"not_picked":["Koishi:ConditionedTeleport","Koishi:Ego"],"picked":"Koishi:PerfectMindControl","floor":16},{"not_picked":["Koishi:UnansweredLove","Koishi:ReflexRadar"],"picked":"Koishi:PhantomStrike","floor":18},{"not_picked":["Koishi:EmbersOfLove+1","Koishi:Possession"],"picked":"Koishi:ParalyzingFear+1","floor":19},{"not_picked":["Koishi:Prune","Koishi:UnansweredLove+1"],"picked":"Koishi:UnseenTerror","floor":22},{"not_picked":["Koishi:EmbryosDream","Koishi:SubterraneanRose"],"picked":"Koishi:RoseHell","floor":24},{"not_picked":["Koishi:JumpScare","Koishi:UnansweredLove"],"picked":"Koishi:PhantomBarrier","floor":25},{"not_picked":["Koishi:PhantomBarrier","Koishi:EmbryosDream"],"picked":"Koishi:BloodcurdlingScream","floor":28},{"not_picked":["Koishi:FidgetySnatcher","Koishi:FleetingPhantom"],"picked":"Koishi:UnconsciousUrges","floor":29},{"not_picked":["Koishi:MassHysteria","Koishi:PhilosophyOfTheDespised"],"picked":"Koishi:BramblyRoseGarden","floor":31},{"not_picked":["Koishi:Ego","Koishi:ConfinedInnocent"],"picked":"Koishi:Heartbroken","floor":33},{"not_picked":["Koishi:ApparitionsStalkTheNight","Koishi:RacingHeart"],"picked":"Koishi:SubterraneanRose","floor":35},{"not_picked":["Koishi:Prune","Koishi:Bloodlust"],"picked":"Koishi:StingingMind+1","floor":37},{"not_picked":["Koishi:CatchAndRose","Koishi:HeartfeltFancy+1"],"picked":"Koishi:UnconsciousUprising","floor":39},{"not_picked":["Koishi:IdleWhim+1","Koishi:SubconsciousSweep+1"],"picked":"Koishi:BloodcurdlingScream","floor":41},{"not_picked":["Koishi:MassHysteria","Koishi:Prune"],"picked":"Koishi:YoukaiPolygraph","floor":45},{"not_picked":["Koishi:StrangeCloudFist","Koishi:HeartAttack"],"picked":"Koishi:Untouchable","floor":48}],"player_experience":317518,"relics_obtained":[{"floor":6,"key":"Blood Vial"},{"floor":8,"key":"Thread and Needle"},{"floor":9,"key":"theSenshi:SuperSailorFukuRelic"},{"floor":11,"key":"War Paint"},{"floor":13,"key":"Pet Ghost"},{"floor":24,"key":"Whetstone"},{"floor":26,"key":"Nunchaku"},{"floor":43,"key":"Oddly Smooth Stone"},{"floor":48,"key":"Replay:Baseball"}],"event_choices":[],"is_beta":false,"boss_relics":[{"not_picked":["Pandora\u0027s Box","Cursed Key"],"picked":"Sozu"},{"not_picked":["Velvet Choker","Busted Crown"],"picked":"Replay:Grab Bag"},{"not_picked":["Koishi:ColorfulDays","bronze:MakeshiftBattery"],"picked":"Replay:Bronze Core"},{"not_picked":["Runic Dome","ReplayTheSpireMod:Onyx Gauntlets"],"picked":"ChewingGum"},{"not_picked":["theSenshi:MoonKaleidoScopeRelic","SacredBark"],"picked":"Kintsugi"}],"items_purged_floors":[],"is_endless":false,"potions_floor_spawned":[3,6,8,10,13,18,22,29,33,35,39,48],"killed_by":"Gensokyo:Yuyuko","ascension_level":1}}