{"host":"a1eatafr7pisesky","time":1612543082,"event":{"mods":["AchievementEnabler","BaseMod","Colored Map","Keyboard Shortcuts","Minty Spire (QoL Compilation)","Say the Spire","StSLib","SuperFastMode","everything is the same but u backflip on backflip"],"gold_per_floor":[114,129,304,304,319,349,349,379,404,404,179,209,209,224,224,349,349,364,379,379,339,89,89,104,104,129,129,144,144,159,214,214,314,314,329,344,44,94,109,139,139,169,194,206,233,245,257,269,281,293],"floor_reached":51,"language":"KOR","playtime":1667,"items_purged":["Doubt","FlyingSleeves"],"score":841,"play_id":"92b8d297-460a-417a-8f5a-a2d44047bcef","local_time":"20210206013802","daily_mods":["Specialized","ControlledChaos","Elite Swarm"],"is_ascension_mode":false,"campfire_choices":[{"data":"MasterReality","floor":7.0,"key":"SMITH"},{"floor":10.0,"key":"REST"},{"data":"Adaptation","floor":13.0,"key":"SMITH"},{"data":"Vault","floor":15.0,"key":"SMITH"},{"data":"FlyingSleeves","floor":23.0,"key":"PURGE"},{"data":"FlyingSleeves","floor":25.0,"key":"PURGE"},{"data":"FlyingSleeves","floor":27.0,"key":"PURGE"},{"floor":29.0,"key":"REST"},{"data":"Strike_P","floor":32.0,"key":"PURGE"},{"data":"Defend_P","floor":41.0,"key":"PURGE"},{"floor":49.0,"key":"REST"}],"circlet_count":0,"master_deck":["Strike_P","Strike_P","Strike_P","Defend_P","Defend_P","Defend_P","Eruption+1","Vigilance","TalkToTheHand+1","MasterReality+1","Vault+1","Scrawl","Adaptation+1","DeceiveReality","Wish","FlurryOfBlows","LessonLearned","Brilliance","DeusExMachina","TalkToTheHand","LikeWater+1","Omniscience","Ragnarok","Omniscience"],"relics":["PureWater","Frozen Eye","Centennial Puzzle","Art of War","Omamori","Orrery","Torii","Calling Bell","Potion Belt","Question Card","Peace Pipe","Akabeko","Nunchaku","Lantern","Snecko Eye","CloakClasp","Ice Cream","Gremlin Horn","Damaru","MawBank"],"acts_visited":["Exordium","TheCity","TheBeyond"],"potions_floor_usage":[50,50,50,50,50],"damage_taken":[{"damage":1.0,"enemies":"2 Louse","floor":1.0,"turns":2.0},{"damage":0.0,"enemies":"Small Slimes","floor":2.0,"turns":3.0},{"damage":7.0,"enemies":"Cultist","floor":5.0,"turns":3.0},{"damage":14.0,"enemies":"3 Sentries","floor":6.0,"turns":6.0},{"damage":18.0,"enemies":"Gremlin Nob","floor":8.0,"turns":4.0},{"damage":8.0,"enemies":"Lagavulin","floor":12.0,"turns":4.0},{"damage":1.0,"enemies":"Exordium Wildlife","floor":14.0,"turns":3.0},{"damage":20.0,"enemies":"Hexaghost","floor":16.0,"turns":9.0},{"damage":0.0,"enemies":"Spheric Guardian","floor":18.0,"turns":2.0},{"damage":40.0,"enemies":"2 Thieves","floor":19.0,"turns":4.0},{"damage":1.0,"enemies":"Snake Plant","floor":24.0,"turns":3.0},{"damage":2.0,"enemies":"Snecko","floor":28.0,"turns":6.0},{"damage":12.0,"enemies":"Chosen and Byrds","floor":30.0,"turns":5.0},{"damage":10.0,"enemies":"Gremlin Leader","floor":31.0,"turns":5.0},{"damage":65.0,"enemies":"Automaton","floor":33.0,"turns":7.0},{"damage":16.0,"enemies":"Orb Walker","floor":35.0,"turns":4.0},{"damage":13.0,"enemies":"3 Shapes","floor":36.0,"turns":2.0},{"damage":1.0,"enemies":"Mind Bloom Boss Battle","floor":38.0,"turns":10.0},{"damage":1.0,"enemies":"Maw","floor":39.0,"turns":8.0},{"damage":0.0,"enemies":"Nemesis","floor":40.0,"turns":6.0},{"damage":0.0,"enemies":"Giant Head","floor":42.0,"turns":5.0},{"damage":2.0,"enemies":"Spire Growth","floor":45.0,"turns":5.0},{"damage":2,"enemies":"Donu and Deca","floor":50,"turns":6}],"seed_played":"-8643747277835071688","potions_obtained":[{"floor":1.0,"key":"BottledMiracle"},{"floor":5.0,"key":"ColorlessPotion"},{"floor":14.0,"key":"GamblersBrew"},{"floor":16.0,"key":"EntropicBrew"},{"floor":18.0,"key":"Fruit Juice"},{"floor":19.0,"key":"DuplicationPotion"},{"floor":21.0,"key":"Fruit Juice"},{"floor":21.0,"key":"SpeedPotion"},{"floor":21.0,"key":"EntropicBrew"},{"floor":28.0,"key":"ColorlessPotion"},{"floor":38.0,"key":"BottledMiracle"},{"floor":40.0,"key":"DistilledChaos"}],"is_trial":false,"path_per_floor":["M","M","?","?","M","E","R","E","T","R","$","E","R","M","R","B",null,"M","M","?","?","$","R","M","R","T","R","M","R","M","E","R","B",null,"M","M","$","?","M","E","R","E","T","?","M","?","?","?","R","B",null],"character_chosen":"WATCHER","items_purchased":["Orrery","Akabeko","CloakClasp"],"campfire_rested":3,"item_purchase_floors":[11,22,37],"current_hp_per_floor":[71,71,71,71,64,50,50,32,32,53,53,45,45,44,44,24,72,72,32,32,42,42,42,41,41,41,41,39,63,51,41,41,16,82,66,53,53,52,51,51,51,51,51,51,49,49,49,49,73,71],"gold":305,"neow_bonus":"","is_daily":true,"chose_seed":false,"campfire_upgraded":3,"win_rate":0.0,"timestamp":1612543082,"path_taken":["M","M","?","?","?","E","R","E","T","R","$","E","R","M","R","BOSS","M","M","?","?","$","R","?","R","T","R","M","R","M","E","R","BOSS","M","M","$","?","M","E","R","E","T","?","?","?","?","?","R","BOSS"],"items_purchased_type":["Relic","Relic","Relic"],"build_version":"2020-12-22","purchased_purges":2,"victory":true,"max_hp_per_floor":[72,72,72,72,72,72,72,72,72,72,72,72,72,72,72,72,72,72,72,72,82,82,82,82,82,82,82,82,82,82,82,82,82,82,82,82,82,82,82,82,82,82,82,82,82,82,82,82,82,82],"card_choices":[{"not_picked":["Sanctity","Conclude","BowlingBash"],"picked":"SKIP","floor":1.0},{"not_picked":["Consecrate","CutThroughFate"],"picked":"CrushJoints","floor":2.0},{"not_picked":["Study","Prostrate"],"picked":"TalkToTheHand","floor":5.0},{"not_picked":["Alpha","ConjureBlade"],"picked":"MasterReality","floor":6.0},{"not_picked":["MasterReality","Alpha"],"picked":"Vault","floor":8.0},{"not_picked":["Vengeance","Prostrate"],"picked":"Scrawl","floor":11.0},{"not_picked":["Meditate","JustLucky"],"picked":"Adaptation","floor":11.0},{"not_picked":["Protect","ClearTheMind"],"picked":"DeceiveReality","floor":11.0},{"not_picked":["Ragnarok","Devotion"],"picked":"Wish","floor":12.0},{"not_picked":["Weave","SashWhip"],"picked":"FlurryOfBlows","floor":14.0},{"not_picked":["MasterReality","Scrawl"],"picked":"LessonLearned","floor":16.0},{"not_picked":["Consecrate","Sanctity","ClearTheMind+1","ThirdEye"],"picked":"SKIP","floor":18.0},{"not_picked":["FlurryOfBlows","FollowUp","Judgement","Pray+1"],"picked":"SKIP","floor":19.0},{"not_picked":["ForeignInfluence","Pray","ClearTheMind+1","WaveOfTheHand"],"picked":"SKIP","floor":24.0},{"not_picked":["PathToVictory","FlurryOfBlows","Vault","FollowUp"],"picked":"SKIP","floor":28.0},{"not_picked":["Collect","PathToVictory+1","CrushJoints","Crescendo+1"],"picked":"SKIP","floor":30.0},{"not_picked":["Blasphemy","Wish","Vault"],"picked":"Brilliance","floor":31.0},{"not_picked":["Establishment","LessonLearned","Brilliance"],"picked":"DeusExMachina","floor":33.0},{"not_picked":["WreathOfFlame+1","Adaptation+1","PathToVictory","BowlingBash"],"picked":"SKIP","floor":35.0},{"not_picked":["Consecrate+1","EmptyMind","Halt","ThirdEye+1"],"picked":"SKIP","floor":36.0},{"not_picked":["BowlingBash+1","JustLucky+1","WreathOfFlame"],"picked":"TalkToTheHand","floor":38.0},{"not_picked":["BowlingBash","Adaptation","Crescendo"],"picked":"LikeWater+1","floor":39.0},{"not_picked":["Ragnarok","Alpha","Brilliance"],"picked":"Omniscience","floor":40.0},{"not_picked":["Wish","Brilliance","MasterReality"],"picked":"Ragnarok","floor":42.0},{"not_picked":["Crescendo","CutThroughFate","FlyingSleeves+1","TalkToTheHand"],"picked":"SKIP","floor":45.0}],"player_experience":411365,"relics_obtained":[{"floor":6.0,"key":"Centennial Puzzle"},{"floor":8.0,"key":"Art of War"},{"floor":9.0,"key":"Omamori"},{"floor":12.0,"key":"Torii"},{"floor":17.0,"key":"Potion Belt"},{"floor":17.0,"key":"Question Card"},{"floor":17.0,"key":"Peace Pipe"},{"floor":26.0,"key":"Nunchaku"},{"floor":31.0,"key":"Lantern"},{"floor":38.0,"key":"Ice Cream"},{"floor":40.0,"key":"Gremlin Horn"},{"floor":42.0,"key":"Damaru"},{"floor":43.0,"key":"MawBank"}],"event_choices":[{"damage_healed":0.0,"max_hp_gain":0.0,"max_hp_loss":0.0,"gold_gain":175.0,"event_name":"Liars Game","player_choice":"AGREE","floor":3.0,"gold_loss":0.0,"damage_taken":0.0,"cards_obtained":["Doubt"]},{"damage_healed":0.0,"max_hp_gain":0.0,"max_hp_loss":0.0,"gold_gain":0.0,"event_name":"Upgrade Shrine","player_choice":"Upgraded","floor":4.0,"gold_loss":0.0,"damage_taken":0.0,"cards_upgraded":["Eruption"]},{"cards_removed":["FlyingSleeves"],"damage_healed":0.0,"max_hp_gain":0.0,"max_hp_loss":0.0,"gold_gain":0.0,"event_name":"Back to Basics","player_choice":"Elegance","floor":20.0,"gold_loss":0.0,"damage_taken":0.0},{"damage_healed":0.0,"max_hp_gain":0.0,"max_hp_loss":0.0,"gold_gain":0.0,"event_name":"The Woman in Blue","player_choice":"Bought 3 Potions","floor":21.0,"gold_loss":0.0,"damage_taken":0.0},{"damage_healed":0.0,"max_hp_gain":0.0,"max_hp_loss":0.0,"gold_gain":0.0,"event_name":"MindBloom","player_choice":"Fight","floor":38.0,"gold_loss":0.0,"damage_taken":0.0},{"damage_healed":0.0,"max_hp_gain":0.0,"max_hp_loss":0.0,"gold_gain":0.0,"event_name":"Duplicator","player_choice":"Copied","floor":44.0,"gold_loss":0.0,"damage_taken":0.0,"cards_obtained":["Omniscience"]},{"damage_healed":0.0,"max_hp_gain":0.0,"max_hp_loss":0.0,"gold_gain":0.0,"event_name":"Tomb of Lord Red Mask","player_choice":"Ignored","floor":46.0,"gold_loss":0.0,"damage_taken":0.0},{"cards_removed":["CrushJoints"],"damage_healed":0.0,"max_hp_gain":0.0,"max_hp_loss":0.0,"gold_gain":0.0,"event_name":"Falling","player_choice":"Removed Attack","floor":47.0,"gold_loss":0.0,"damage_taken":0.0},{"damage_healed":0.0,"max_hp_gain":0.0,"max_hp_loss":0.0,"gold_gain":0.0,"event_name":"SensoryStone","player_choice":"Memory 1","floor":48.0,"gold_loss":0.0,"damage_taken":0.0}],"is_beta":false,"boss_relics":[{"not_picked":["HolyWater","Velvet Choker"],"picked":"Calling Bell"},{"not_picked":["Runic Pyramid","SlaversCollar"],"picked":"Snecko Eye"}],"items_purged_floors":[11,22],"is_endless":false,"potions_floor_spawned":[1,5,14,16,18,19,28,38,40,45],"ascension_level":0}}