{"host":"9kesdg97wkrx2bva","time":1612490535,"event":{"mods":["AchievementEnabler","BaseMod","Colored Map","GifTheSpireLib","Infinite Spire","Minty Spire (QoL Compilation)","Replay The Spire","StSLib"],"gold_per_floor":[114,264,264,275,293,293,308,383,383,426,448,448,448,467,467,555,555,582,632,641,660,671,671,671],"floor_reached":23,"language":"ENG","playtime":720,"items_purged":["Doubt"],"score":347,"play_id":"fe7c85c8-b124-49aa-8670-cc160cc8d0f9","local_time":"20210204200215","is_ascension_mode":true,"campfire_choices":[{"data":"Apotheosis","floor":6,"key":"SMITH"},{"floor":15,"key":"REST"}],"circlet_count":0,"master_deck":["AscendersBane","Strike_G","Strike_G","Strike_G","Strike_G","Defend_G+1","Defend_G+1","Defend_G+1","Defend_G+1","Defend_G+1","Survivor","Neutralize","Apotheosis+1","Quick Slash","Distraction","Dagger Throw","Dash","Deadly Poison","Poisoned Stab","Riddle With Holes","A Thousand Cuts","Replay:Bag of Tricks","Deadly Poison","infinitespire:Collect"],"relics":["Ring of the Snake","CeramicFish","MealTicket","Replay:Bottled Eggs","Paper Crane","Sozu","Membership Card","SlaversCollar"],"acts_visited":["Exordium","TheCity"],"potions_floor_usage":[10,16,22],"damage_taken":[{"damage":0,"enemies":"Jaw Worm","floor":1,"turns":4},{"damage":2,"enemies":"Cultist","floor":4,"turns":4},{"damage":4,"enemies":"2 Louse","floor":5,"turns":4},{"damage":0,"enemies":"Exordium Wildlife","floor":7,"turns":6},{"damage":12,"enemies":"Replay:BlueRogue","floor":10,"turns":5},{"damage":0,"enemies":"Blue Slaver","floor":11,"turns":3},{"damage":0,"enemies":"Looter","floor":14,"turns":4},{"damage":30,"enemies":"Slime Boss","floor":16,"turns":9},{"damage":2,"enemies":"Chosen","floor":18,"turns":6},{"damage":15,"enemies":"Spheric Guardian","floor":21,"turns":5},{"damage":13,"enemies":"Shelled Parasite and Fungi","floor":22,"turns":6},{"damage":16,"enemies":"Slavers","floor":23,"turns":2}],"seed_played":"2376634457980958740","potions_obtained":[{"floor":7,"key":"FearPotion"},{"floor":8,"key":"GhostInAJar"},{"floor":14,"key":"Adrenaline Potion"}],"is_trial":false,"path_per_floor":["M","?","?","M","M","R","M","?","T","E","M","?","T","M","R","B",null,"M","?","AVR","M","M","E"],"character_chosen":"THE_SILENT","items_purchased":[],"campfire_rested":1,"item_purchase_floors":[],"current_hp_per_floor":[59,59,59,57,53,53,53,29,29,17,17,17,17,17,35,5,46,44,44,44,29,16,0,0],"gold":671,"neow_bonus":"RANDOM_COLORLESS_2","is_daily":false,"chose_seed":false,"campfire_upgraded":1,"win_rate":0.0,"timestamp":1612490535,"path_taken":["M","?","?","M","M","R","?","?","T","E","M","?","?","M","R","BOSS","M","?","AVR","M","M","E"],"items_purchased_type":[],"build_version":"2020-12-22","purchased_purges":1,"victory":false,"max_hp_per_floor":[60,60,60,60,60,60,60,60,60,60,60,60,60,60,60,60,60,60,60,60,60,60,60,60],"card_choices":[{"not_picked":["Metamorphosis","Secret Technique"],"picked":"Apotheosis","floor":0},{"not_picked":["Distraction","Acrobatics"],"picked":"Quick Slash","floor":1},{"not_picked":["Bane","Hidden Blade"],"picked":"Dagger Throw","floor":4},{"not_picked":["Well Laid Plans","ReplayTheSpireMod:Exploit Weakness"],"picked":"Dash","floor":5},{"not_picked":["Sucker Punch","ReplayTheSpireMod:Speed Training"],"picked":"Deadly Poison","floor":7},{"not_picked":["Dagger Spray","Hidden Blade"],"picked":"Poisoned Stab","floor":8},{"not_picked":["Outmaneuver","Riddle With Holes","ReplayTheSpireMod:Tripwire"],"picked":"SKIP","floor":10},{"not_picked":["Outmaneuver","ReplayTheSpireMod:Tripwire"],"picked":"Riddle With Holes","floor":10},{"not_picked":["Outmaneuver","Dagger Throw"],"picked":"A Thousand Cuts","floor":11},{"not_picked":["Blade Dance","Backstab","Backflip"],"picked":"SKIP","floor":14},{"not_picked":["Poison Darts","ReplayTheSpireMod:Necrosis"],"picked":"Replay:Bag of Tricks","floor":16},{"not_picked":["Dodge and Roll","Flying Knee"],"picked":"Deadly Poison","floor":18},{"not_picked":["Bane","Slice","Sucker Punch"],"picked":"SKIP","floor":21},{"not_picked":["Bane","Underhanded Strike+1","Masterful Stab"],"picked":"SKIP","floor":22}],"player_experience":1014088,"relics_obtained":[{"floor":8,"key":"CeramicFish"},{"floor":9,"key":"MealTicket"},{"floor":10,"key":"Replay:Bottled Eggs"},{"floor":13,"key":"Paper Crane"}],"event_choices":[{"damage_healed":0,"gold_gain":150,"player_choice":"AGREE","damage_taken":0,"max_hp_gain":0,"max_hp_loss":0,"event_name":"Liars Game","floor":2,"gold_loss":0,"cards_obtained":["Doubt"]},{"damage_healed":0,"gold_gain":0,"cards_transformed":["Strike_G"],"player_choice":"Transformed","damage_taken":0,"max_hp_gain":0,"max_hp_loss":0,"event_name":"Transmorgrifier","floor":3,"gold_loss":0,"cards_obtained":["Distraction"]},{"damage_healed":0,"gold_gain":50,"player_choice":"Pray","damage_taken":0,"max_hp_gain":0,"max_hp_loss":0,"event_name":"Golden Shrine","floor":19,"gold_loss":0}],"is_beta":false,"boss_relics":[{"not_picked":["Cursed Key","Velvet Choker"],"picked":"Sozu"}],"items_purged_floors":[20],"is_endless":false,"potions_floor_spawned":[7,14,18,21],"killed_by":"Slavers","ascension_level":16}}