{"host":"5jzx1090woovszu4","time":1612491884,"event":{"mods":["BaseMod","Gremlin Mod","Minty Spire (QoL Compilation)","Robot Space Explorer","Spicy Shops","StSLib"],"gold_per_floor":[117,117,128,56,56,56,84,100,100,133,195,225,225,275,275,275,275],"floor_reached":16,"language":"ENG","playtime":875,"items_purged":[],"score":118,"play_id":"c526931b-b4fb-4586-9427-2ba9e94a63c3","local_time":"20210205032444","daily_mods":["SealedDeck","Elite Swarm"],"is_ascension_mode":false,"campfire_choices":[{"floor":6,"key":"REST"}],"circlet_count":0,"master_deck":["Gremlin:TwistTheKnife","Gremlin:Patsy","Gremlin:DaggerDance","Gremlin:InfiniteBlocks","Gremlin:GremlinArms","Gremlin:GremlinArms","Gremlin:DaggerDance","Gremlin:FanOfKnives","Gremlin:Wizardry","Gremlin:Kablamo","Gremlin:GlitterGuard","Gremlin:Raid","Gremlin:Duplicate","Gremlin:Tadah","Gremlin:Nob","Gremlin:GremlinOffensive","Gremlin:CongaLine"],"relics":["Gremlin:GremlinKnob","Unceasing Top","SsserpentHead","Gremlin Horn","Du-Vu Doll","Matryoshka","Nunchaku","Frozen Egg 2"],"acts_visited":["Exordium"],"potions_floor_usage":[10,12,16],"damage_taken":[{"damage":12,"enemies":"Small Slimes","floor":1,"turns":2},{"damage":1,"enemies":"Jaw Worm","floor":3,"turns":3},{"damage":2,"enemies":"3 Sentries","floor":7,"turns":5},{"damage":4,"enemies":"Cultist","floor":8,"turns":4},{"damage":51,"enemies":"Gremlin Nob","floor":10,"turns":6},{"damage":0,"enemies":"Exordium Wildlife","floor":11,"turns":1},{"damage":11,"enemies":"3 Sentries","floor":12,"turns":4},{"damage":35,"enemies":"Slime Boss","floor":16,"turns":4}],"seed_played":"-3324073016532968499","potions_obtained":[{"floor":1,"key":"SkillPotion"},{"floor":8,"key":"AttackPotion"},{"floor":11,"key":"Regen Potion"}],"is_trial":true,"path_per_floor":["M","?","M","$","?","R","E","M","T","E","M","E","R","?","R","B"],"character_chosen":"GREMLIN","items_purchased":["Gremlin:Raid"],"campfire_rested":1,"item_purchase_floors":[4],"current_hp_per_floor":[20,13,12,12,12,18,18,14,14,4,19,4,4,4,4,18,18],"gold":275,"neow_bonus":"","is_daily":false,"chose_seed":false,"campfire_upgraded":0,"win_rate":0.0,"timestamp":1612491884,"path_taken":["M","?","M","$","?","R","E","M","T","E","?","E","R","?","R","BOSS"],"items_purchased_type":["Card"],"build_version":"2020-12-22","purchased_purges":0,"victory":false,"max_hp_per_floor":[20,20,20,20,20,20,20,20,20,20,20,20,19,19,18,18,18],"card_choices":[{"not_picked":["Gremlin:Irritability","Gremlin:ArmsTheft","Gremlin:Tricksy"],"picked":"SKIP","floor":1},{"not_picked":["Gremlin:Tricksy","Gremlin:ArmsTheft"],"picked":"Gremlin:GlitterGuard","floor":3},{"not_picked":["Gremlin:Exacerbate","Gremlin:SecondVolley"],"picked":"Gremlin:Duplicate","floor":7},{"not_picked":["Gremlin:SharpenBlades","Gremlin:TwistTheKnife"],"picked":"Gremlin:Tadah","floor":8},{"not_picked":["Gremlin:Encore","Gremlin:FlipOut"],"picked":"Gremlin:Nob","floor":10},{"not_picked":["Gremlin:EdibleArmor","Gremlin:Tricksy"],"picked":"Gremlin:GremlinOffensive","floor":11},{"not_picked":["Gremlin:ShadowShiv","Gremlin:Unforgiving"],"picked":"Gremlin:CongaLine","floor":12}],"player_experience":643252,"relics_obtained":[{"floor":7,"key":"Gremlin Horn"},{"floor":9,"key":"Du-Vu Doll"},{"floor":10,"key":"Matryoshka"},{"floor":12,"key":"Nunchaku"}],"event_choices":[{"damage_healed":0,"gold_gain":0,"player_choice":"Success","damage_taken":7,"relics_obtained":["Unceasing Top"],"max_hp_gain":0,"max_hp_loss":0,"event_name":"Scrap Ooze","floor":2,"gold_loss":0},{"damage_healed":0,"gold_gain":0,"player_choice":"Trade","damage_taken":0,"relics_obtained":["SsserpentHead"],"max_hp_gain":0,"max_hp_loss":0,"event_name":"FaceTrader","floor":5,"gold_loss":0},{"damage_healed":0,"gold_gain":0,"player_choice":"Searched \u00272\u0027 times","damage_taken":0,"relics_obtained":["Frozen Egg 2"],"max_hp_gain":0,"max_hp_loss":0,"event_name":"Dead Adventurer","floor":14,"gold_loss":0}],"is_beta":false,"boss_relics":[],"items_purged_floors":[],"is_endless":false,"potions_floor_spawned":[1,8,11],"killed_by":"Slime Boss","ascension_level":0}}