{"host":"1sqx9dmsrxu9kvq7","time":1612569578,"event":{"mods":["2.2 Compatiblity","Act Like it!","BaseMod","CapriCore","Chen","Colored Powertips","Custom Start","Friendly Minions","Highlight Path","HololiveMod","KinomotoSakuraMod(木之本?)","Kiyohime（清?）","Koishi","Marisa（霧雨　魔理沙）","Minty Spire (QoL Compilation)","Prisma Mod","Quick Restart","Rare Cards Sparkle","Reimu（博??梦）","Relic Stats","Remilia（蕾米莉?）","Shop Mod","Spicy Shops","StSLib","Td1madao Mod","The Administrix","The Alterego","The Blue Laboratory","The Immortal","The Servant 0.9.4","Waifu the Spire","WarShipGirlsR/??少女R mod","Yakumo Yukari mod","Yuyuko"],"gold_per_floor":[114,129,143,154,154,154,154],"floor_reached":6,"language":"ENG","playtime":273,"items_purged":[],"score":38,"play_id":"9f23793b-8de9-4f09-90ff-75234c9f0797","local_time":"20210205175938","is_ascension_mode":false,"campfire_choices":[],"circlet_count":0,"master_deck":["Chen:Strike","Chen:Strike","Chen:Strike","Chen:Strike","Chen:Strike","Chen:Defend","Chen:Defend","Chen:Defend","Chen:Defend","Chen:PounceTurnTail","Chen:GlitterPoke","Chen:Clarity","Chen:Instinct","Chen:GuardCounter","Chen:Unpredictable"],"relics":["Chen:Catnip"],"acts_visited":["Exordium"],"potions_floor_usage":[],"damage_taken":[{"damage":2,"enemies":"2 Louse","floor":1,"turns":3},{"damage":6,"enemies":"Cultist","floor":2,"turns":3},{"damage":1,"enemies":"Jaw Worm","floor":3,"turns":3},{"damage":5,"enemies":"Looter","floor":4,"turns":4},{"damage":22,"enemies":"Gremlin Nob","floor":6,"turns":4}],"seed_played":"-4595657784083510556","potions_obtained":[{"floor":2,"key":"ZuzhouPotion:ReiMu"}],"is_trial":false,"path_per_floor":["M","M","M","M","?","E"],"character_chosen":"CHEN","items_purchased":[],"campfire_rested":0,"item_purchase_floors":[],"current_hp_per_floor":[68,62,61,56,61,39,39],"gold":154,"neow_bonus":"ONE_RANDOM_RARE_CARD","is_daily":false,"chose_seed":false,"campfire_upgraded":0,"win_rate":0.0,"timestamp":1612569578,"path_taken":["M","M","M","M","?","E"],"items_purchased_type":[],"build_version":"2020-12-22","purchased_purges":0,"victory":false,"max_hp_per_floor":[70,70,70,70,70,70,70],"relic_stats":{"counters":[5,17],"obtain_stats":[{"Chen:Catnip":0},{"Chen:Catnip":0},{"Chen:Catnip":0}]},"card_choices":[{"not_picked":["Chen:CatPunch","Chen:Tear"],"picked":"Chen:Instinct","floor":1},{"not_picked":["Chen:TauntHiss","Chen:Sidestep"],"picked":"Chen:GuardCounter","floor":2},{"not_picked":["Chen:Shot","Chen:Spray"],"picked":"Chen:Unpredictable","floor":3},{"not_picked":["Chen:Recuperate","Chen:Instinct"],"picked":"Chen:CatPunch","floor":4}],"player_experience":300112,"relics_obtained":[],"event_choices":[{"cards_removed":["Chen:CatPunch"],"damage_healed":5,"gold_gain":0,"player_choice":"Offered Common","damage_taken":0,"max_hp_gain":0,"max_hp_loss":0,"event_name":"Bonfire Elementals","floor":5,"gold_loss":0},{"cards_removed":["Chen:CatPunch"],"damage_healed":5,"gold_gain":0,"player_choice":"Offered Special","damage_taken":0,"max_hp_gain":0,"max_hp_loss":0,"event_name":"Bonfire Elementals","floor":5,"gold_loss":0}],"is_beta":false,"boss_relics":[],"items_purged_floors":[],"is_endless":false,"potions_floor_spawned":[2],"killed_by":"Gremlin Nob","ascension_level":0}}