{"host":"lsq35p0sdkx2xifo","time":1612500144,"event":{"mods":["AchievementEnabler","BaseMod","Highlight Path","Minty Spire (QoL Compilation)","StSLib"],"gold_per_floor":[116,129,204,216,216,216,250,250,275,293,312,331,45,65,65,139,139,150,50,65,83,8,8,37,37,37,37,37,56,89,89,89,89,89],"floor_reached":33,"language":"ENG","playtime":2579,"items_purged":["Strike_G","Strike_G"],"score":562,"play_id":"52799c92-3271-4db8-b128-782c9e2da8e1","local_time":"20210204204224","is_ascension_mode":true,"campfire_choices":[{"floor":6.0,"key":"REST"},{"floor":8.0,"key":"REST"},{"floor":15.0,"key":"REST"},{"floor":23.0,"key":"REST"},{"data":"Venomology","floor":25.0,"key":"SMITH"},{"data":"Malaise","floor":27.0,"key":"SMITH"},{"floor":32,"key":"REST"}],"circlet_count":0,"master_deck":["AscendersBane","Strike_G","Strike_G","Strike_G","Defend_G","Defend_G+1","Defend_G","Defend_G","Defend_G+1","Survivor","Neutralize","Caltrops","Distraction","Blade Dance","Malaise+1","Noxious Fumes","Poisoned Stab","Flechettes","Well Laid Plans","Prepared","Venomology+1","Poisoned Stab","Tactician","Dagger Throw","Infinite Blades","Backstab+1","Bane"],"relics":["Ring of the Snake","Dead Branch","War Paint","Akabeko","Sling","Black Star","Omamori","Happy Flower","Letter Opener","MutagenicStrength","CaptainsWheel","Blue Candle"],"acts_visited":["Exordium","TheCity"],"potions_floor_usage":[30,30,30,33],"damage_taken":[{"damage":2.0,"enemies":"Small Slimes","floor":1.0,"turns":4.0},{"damage":0.0,"enemies":"Jaw Worm","floor":2.0,"turns":6.0},{"damage":8.0,"enemies":"2 Louse","floor":4.0,"turns":2.0},{"damage":39.0,"enemies":"Gremlin Nob","floor":7.0,"turns":6.0},{"damage":1.0,"enemies":"2 Fungi Beasts","floor":10.0,"turns":4.0},{"damage":0.0,"enemies":"Blue Slaver","floor":11.0,"turns":3.0},{"damage":1.0,"enemies":"Red Slaver","floor":12.0,"turns":3.0},{"damage":6.0,"enemies":"Lots of Slimes","floor":14.0,"turns":4.0},{"damage":12.0,"enemies":"Hexaghost","floor":16.0,"turns":11.0},{"damage":17.0,"enemies":"Chosen","floor":18.0,"turns":5.0},{"damage":3.0,"enemies":"Spheric Guardian","floor":20.0,"turns":3.0},{"damage":8.0,"enemies":"Snake Plant","floor":21.0,"turns":4.0},{"damage":0.0,"enemies":"Gremlin Leader","floor":24.0,"turns":6.0},{"damage":18.0,"enemies":"Centurion and Healer","floor":29.0,"turns":4.0},{"damage":8,"enemies":"Book of Stabbing","floor":30,"turns":5},{"damage":63,"enemies":"Automaton","floor":33,"turns":6}],"seed_played":"1256205578585805995","potions_obtained":[{"floor":4.0,"key":"AttackPotion"},{"floor":7.0,"key":"Swift Potion"},{"floor":12.0,"key":"Dexterity Potion"},{"floor":16.0,"key":"CunningPotion"},{"floor":20.0,"key":"Energy Potion"}],"is_trial":false,"path_per_floor":["M","M","?","M","?","R","E","R","T","M","M","M","$","M","R","B",null,"M","$","M","M","$","R","E","R","T","R","?","M","E","?","R","B"],"character_chosen":"THE_SILENT","items_purchased":["Sling","Well Laid Plans","Infinite Blades"],"campfire_rested":5,"item_purchase_floors":[13,13,22],"current_hp_per_floor":[57,57,46,38,43,62,23,42,42,41,41,40,40,34,53,41,59,42,42,39,31,31,50,50,50,50,50,50,32,24,24,43,0,0],"gold":89,"neow_bonus":"ONE_RARE_RELIC","is_daily":false,"chose_seed":false,"campfire_upgraded":2,"win_rate":0.0,"timestamp":1612500144,"path_taken":["M","M","?","M","?","R","E","R","T","M","?","M","$","M","R","BOSS","M","$","M","M","$","R","E","R","T","R","?","M","E","?","R","BOSS"],"items_purchased_type":["Relic","Card","Card"],"build_version":"2020-12-22","purchased_purges":2,"victory":false,"max_hp_per_floor":[60,60,60,60,65,65,65,65,65,65,65,65,65,65,65,65,65,65,65,65,65,65,65,65,65,65,65,65,65,65,65,65,65,65],"card_choices":[{"not_picked":["Bane","Sucker Punch"],"picked":"Caltrops","floor":1.0},{"not_picked":["Deadly Poison","Acrobatics"],"picked":"Distraction","floor":2.0},{"not_picked":["A Thousand Cuts","Deflect"],"picked":"Blade Dance","floor":4.0},{"not_picked":["Backflip","Choke"],"picked":"Malaise","floor":7.0},{"not_picked":["Poisoned Stab","Reflex"],"picked":"Noxious Fumes","floor":10.0},{"not_picked":["Prepared","Dagger Spray"],"picked":"Poisoned Stab","floor":11.0},{"not_picked":["Quick Slash","Bouncing Flask"],"picked":"Flechettes","floor":12.0},{"not_picked":["Deflect","Dagger Throw"],"picked":"Prepared","floor":14.0},{"not_picked":["Corpse Explosion","Grand Finale"],"picked":"Venomology","floor":16.0},{"not_picked":["Cloak And Dagger","Acrobatics"],"picked":"Poisoned Stab","floor":18.0},{"not_picked":["Distraction","Bane"],"picked":"Tactician","floor":20.0},{"not_picked":["All Out Attack","Cloak And Dagger"],"picked":"Dagger Throw","floor":21.0},{"not_picked":["Terror","Calculated Gamble"],"picked":"Backstab+1","floor":24.0},{"not_picked":["Dagger Throw","All Out Attack"],"picked":"Bane","floor":29},{"not_picked":["Underhanded Strike","Dagger Spray+1","Riddle With Holes"],"picked":"SKIP","floor":30}],"player_experience":1273422,"relics_obtained":[{"floor":7.0,"key":"War Paint"},{"floor":9.0,"key":"Akabeko"},{"floor":24.0,"key":"Omamori"},{"floor":24.0,"key":"Happy Flower"},{"floor":26.0,"key":"Letter Opener"},{"floor":30,"key":"CaptainsWheel"},{"floor":30,"key":"Blue Candle"}],"event_choices":[{"damage_healed":0.0,"max_hp_gain":0.0,"max_hp_loss":0.0,"gold_gain":75.0,"event_name":"World of Goop","player_choice":"Gather Gold","floor":3.0,"gold_loss":0.0,"damage_taken":11.0},{"damage_healed":0.0,"max_hp_gain":5.0,"max_hp_loss":0.0,"gold_gain":0.0,"event_name":"Big Fish","player_choice":"Donut","floor":5.0,"gold_loss":0.0,"damage_taken":0.0},{"damage_healed":0.0,"max_hp_gain":0.0,"max_hp_loss":0.0,"gold_gain":0.0,"event_name":"Drug Dealer","player_choice":"Inject Mutagens","floor":28.0,"gold_loss":0.0,"damage_taken":0.0,"relics_obtained":["MutagenicStrength"]},{"damage_healed":0,"gold_gain":0,"player_choice":"Ignored","damage_taken":0,"max_hp_gain":0,"max_hp_loss":0,"event_name":"Ghosts","floor":31,"gold_loss":0}],"is_beta":false,"boss_relics":[{"not_picked":["Runic Dome","HoveringKite"],"picked":"Black Star"}],"items_purged_floors":[13,19],"is_endless":false,"potions_floor_spawned":[4,7,12,16,20,24],"killed_by":"Automaton","ascension_level":16}}