{"host":"ydh61a5ftgdajrbo","time":1612532809,"event":{"mods":["BaseMod","Colored Map","DeckTracker","Downfall","Hermit","Koishi","Marisa¡]Ãú«B¡@Å]²z¨F¡^","Minty Spire (QoL Compilation)","Spire Arcade","StSLib","The Administrix","The Animator","The Cursed","The Mystic","The Servant 0.9.4"],"gold_per_floor":[112,262,278,298,298,298,323,323,349,359,387,405,250,277,277,373,373,390,390,408,408,84,115,130,130,130,162,181,181,215,64,64,163,163,178,53,103,123,143,143,143,156,183,200,219,219,69,84,84,84],"floor_reached":51,"language":"ZHS","playtime":3249,"items_purged":["mysticmod:Defend_Mystic","mysticmod:Strike_Mystic","mysticmod:Defend_Mystic","mysticmod:Strike_Mystic"],"score":742,"play_id":"ed83d897-6981-4e46-b088-732e414b8b3a","local_time":"20210205214649","is_ascension_mode":false,"campfire_choices":[{"data":"mysticmod:EnchantedMoulinet","floor":6.0,"key":"SMITH"},{"data":"mysticmod:DiviningBlow","floor":8.0,"key":"SMITH"},{"data":"mysticmod:Daze","floor":15.0,"key":"SMITH"},{"data":"mysticmod:MirrorEntity","floor":25,"key":"SMITH"},{"data":"mysticmod:HeavyStrike","floor":29,"key":"SMITH"},{"floor":32,"key":"REST"},{"floor":40,"key":"REST"},{"floor":46,"key":"REST"},{"floor":49,"key":"REST"}],"circlet_count":0,"master_deck":["mysticmod:Strike_Mystic","mysticmod:Defend_Mystic","mysticmod:Defend_Mystic","mysticmod:ArcaneDodge+1","mysticmod:ShockingGrasp+1","mysticmod:DiviningBlow+1","mysticmod:EnchantedMoulinet+1","mysticmod:SuddenClarity","mysticmod:Riposte","mysticmod:Daze+1","mysticmod:PowerSlash+1","mysticmod:EbbAndFlow","mysticmod:Stoneskin","mysticmod:MirrorEntity+1","mysticmod:HeavyStrike+1","mysticmod:ComboCaster","mysticmod:Stoneskin","mysticmod:FloatingDisk","mysticmod:MightyMagic+1","mysticmod:Spellstrike+1","mysticmod:Snowball+1","mysticmod:Snowball+1","mysticmod:Grease","mysticmod:Sideswipe+1","Panacea+1","mysticmod:SpellRecall+1","mysticmod:TomeOfSpells"],"relics":["mysticmod:SpellBook","sneckomod:BlankCard","Bronze Scales","Odd Mushroom","Akabeko","Philosopher\u0027s Stone","MutagenicStrength","Pen Nib","Orichalcum","hexamod:CandleOfCauterizing","champ:DuelingGlove","Matryoshka","champ:Barbells","sneckomod:SneckoTalon","CatCart","hexamod:BolsterEngine","Whetstone"],"acts_visited":["Exordium","TheCity","TheBeyond"],"potions_floor_usage":[37,37,50,50,50],"damage_taken":[{"damage":1.0,"enemies":"Jaw Worm","floor":1.0,"turns":4.0},{"damage":7.0,"enemies":"Small Slimes","floor":3.0,"turns":4.0},{"damage":0.0,"enemies":"2 Louse","floor":4.0,"turns":2.0},{"damage":6.0,"enemies":"Gremlin Nob","floor":7.0,"turns":4.0},{"damage":0.0,"enemies":"Blue Slaver","floor":10.0,"turns":1.0},{"damage":0.0,"enemies":"The Mushroom Lair","floor":11.0,"turns":1.0},{"damage":0.0,"enemies":"3 Louse","floor":12.0,"turns":1.0},{"damage":1.0,"enemies":"3 Sentries","floor":14.0,"turns":4.0},{"damage":17.0,"enemies":"The Guardian","floor":16.0,"turns":7.0},{"damage":1.0,"enemies":"2 Thieves","floor":18.0,"turns":2.0},{"damage":10.0,"enemies":"Shell Parasite","floor":20.0,"turns":3.0},{"damage":11,"enemies":"Slavers","floor":23,"turns":3},{"damage":0,"enemies":"Centurion and Healer","floor":24,"turns":1},{"damage":0,"enemies":"Gremlin Leader","floor":27,"turns":3},{"damage":4,"enemies":"Chosen and Byrds","floor":28,"turns":5},{"damage":12,"enemies":"Slavers","floor":30,"turns":3},{"damage":37,"enemies":"Collector","floor":33,"turns":8},{"damage":0,"enemies":"Orb Walker","floor":35,"turns":3},{"damage":36,"enemies":"Orin","floor":37,"turns":7},{"damage":4,"enemies":"3 Shapes","floor":38,"turns":2},{"damage":17,"enemies":"Transient","floor":39,"turns":5},{"damage":6,"enemies":"Sphere and 2 Shapes","floor":42,"turns":3},{"damage":9,"enemies":"4 Shapes","floor":44,"turns":3},{"damage":0,"enemies":"Transient","floor":45,"turns":5},{"damage":9,"enemies":"3 Darklings","floor":48,"turns":4},{"damage":63,"enemies":"Time Eater","floor":50,"turns":8}],"seed_played":"6658891198669132277","potions_obtained":[{"floor":3.0,"key":"EssenceOfSteel"},{"floor":4.0,"key":"Strength Potion"},{"floor":11.0,"key":"LiquidBronze"},{"floor":16.0,"key":"Explosive Potion"},{"floor":18.0,"key":"Block Potion"},{"floor":42,"key":"PowerPotion"},{"floor":48,"key":"Block Potion"}],"is_trial":false,"path_per_floor":["M","?","M","M","?","R","E","R","T","M","?","M","$","E","R","B",null,"M","?","M","?","$","E","M","R","T","E","M","R","E","$","R","B",null,"M","$","?","M","M","R","?","M","T","M","M","R","$","M","R","B",null],"character_chosen":"MYSTIC_CLASS","items_purchased":["mysticmod:EbbAndFlow","mysticmod:Stoneskin","Pen Nib","champ:Barbells"],"campfire_rested":4,"item_purchase_floors":[13,22,22,31],"current_hp_per_floor":[83,83,76,76,69,69,63,63,63,63,63,63,63,62,62,45,84,83,83,73,73,73,62,62,62,62,62,58,58,46,46,71,34,84,84,84,48,44,27,52,52,46,46,37,37,62,62,53,78,15],"gold":84,"neow_bonus":"TEN_PERCENT_HP_BONUS","is_daily":false,"chose_seed":false,"campfire_upgraded":5,"win_rate":0.0,"timestamp":1612532809,"path_taken":["M","?","?","M","?","R","E","R","T","M","?","M","$","E","R","BOSS","M","?","M","?","$","E","M","R","T","E","M","R","E","$","R","BOSS","M","?","?","M","M","R","?","M","T","?","M","R","$","M","R","BOSS"],"items_purchased_type":["Card","Card","Relic","Relic"],"build_version":"2020-12-22","purchased_purges":4,"victory":true,"max_hp_per_floor":[84,84,84,84,84,84,84,84,84,84,84,84,84,84,84,84,84,84,84,84,84,84,84,84,84,84,84,84,84,84,84,84,84,84,84,84,84,84,84,84,84,84,84,84,84,84,84,84,84,84],"card_choices":[{"not_picked":["mysticmod:Riposte","mysticmod:MightyMagic"],"picked":"mysticmod:DiviningBlow","floor":1.0},{"not_picked":["mysticmod:Riposte","mysticmod:PowerSlash"],"picked":"mysticmod:EnchantedMoulinet","floor":3.0},{"not_picked":["mysticmod:Disengage","mysticmod:CorrosiveTouch"],"picked":"mysticmod:SuddenClarity","floor":4.0},{"not_picked":["mysticmod:MagicWeapon","mysticmod:Shield"],"picked":"mysticmod:Riposte","floor":7.0},{"not_picked":["mysticmod:Probe","mysticmod:Lunge","mysticmod:Daze"],"picked":"SKIP","floor":10.0},{"not_picked":["mysticmod:LightningBolt","mysticmod:DiviningBlow"],"picked":"mysticmod:Daze","floor":11.0},{"not_picked":["mysticmod:Probe","mysticmod:LightningBolt"],"picked":"mysticmod:PowerSlash","floor":12.0},{"not_picked":["mysticmod:EarthenWall","mysticmod:PowerSlash"],"picked":"mysticmod:Stoneskin","floor":14.0},{"not_picked":["mysticmod:GeminiForm","mysticmod:Natural20"],"picked":"mysticmod:MirrorEntity","floor":16.0},{"not_picked":["mysticmod:Riposte+1","mysticmod:StyleChange"],"picked":"mysticmod:HeavyStrike","floor":18.0},{"not_picked":["mysticmod:TomeOfSpells+1","mysticmod:ComponentsPouch"],"picked":"mysticmod:ComboCaster","floor":20.0},{"not_picked":["mysticmod:Alacrity","mysticmod:DiviningBlow"],"picked":"mysticmod:FloatingDisk","floor":23},{"not_picked":["mysticmod:ComponentsPouch","mysticmod:RapidCaster+1","mysticmod:CorrosiveTouch"],"picked":"SKIP","floor":24},{"not_picked":["mysticmod:VorpalThrust","mysticmod:BulkUp","mysticmod:HeavyStrike+1"],"picked":"SKIP","floor":27},{"not_picked":["mysticmod:SuddenClarity+1","mysticmod:PureInstinct","mysticmod:Flurry"],"picked":"SKIP","floor":28},{"not_picked":["mysticmod:MagicMissile","mysticmod:BulkUp"],"picked":"mysticmod:MightyMagic+1","floor":30},{"not_picked":["mysticmod:GeminiForm","mysticmod:KnowledgePool"],"picked":"mysticmod:Spellstrike","floor":33},{"not_picked":["mysticmod:LightningBolt","mysticmod:MagicWeapon"],"picked":"mysticmod:Snowball+1","floor":35},{"not_picked":["mysticmod:IllusionOfCalm+1","mysticmod:Riposte"],"picked":"mysticmod:Snowball+1","floor":37},{"not_picked":["mysticmod:Shield+1","mysticmod:HeavyStrike"],"picked":"mysticmod:Grease","floor":38},{"not_picked":["mysticmod:Disengage+1","mysticmod:PureInstinct"],"picked":"mysticmod:Sideswipe+1","floor":39},{"not_picked":["Deep Breath","Dark Shackles"],"picked":"Panacea","floor":41},{"not_picked":["mysticmod:Daze","mysticmod:BulkUp"],"picked":"mysticmod:SpellRecall","floor":42},{"not_picked":["mysticmod:Sideswipe","mysticmod:HeavyStrike"],"picked":"mysticmod:TomeOfSpells","floor":44},{"not_picked":["mysticmod:Grease","mysticmod:BulkUp","mysticmod:PreparedCaster"],"picked":"SKIP","floor":45},{"not_picked":["mysticmod:BulkUp","mysticmod:Shield","mysticmod:TomeOfSpells"],"picked":"SKIP","floor":48},{"not_picked":["mysticmod:BulkUp","mysticmod:Shield","mysticmod:TomeOfSpells"],"picked":"SKIP","floor":48}],"player_experience":359352,"relics_obtained":[{"floor":7.0,"key":"sneckomod:BlankCard"},{"floor":9.0,"key":"Bronze Scales"},{"floor":11.0,"key":"Odd Mushroom"},{"floor":14.0,"key":"Akabeko"},{"floor":23,"key":"Orichalcum"},{"floor":26,"key":"hexamod:CandleOfCauterizing"},{"floor":27,"key":"champ:DuelingGlove"},{"floor":30,"key":"Matryoshka"},{"floor":37,"key":"CatCart"},{"floor":43,"key":"hexamod:BolsterEngine"},{"floor":43,"key":"Whetstone"}],"event_choices":[{"cards_removed":["mysticmod:Strike_Mystic"],"damage_healed":0.0,"max_hp_gain":0.0,"max_hp_loss":0.0,"gold_gain":0.0,"event_name":"Golden Wing","player_choice":"Card Removal","floor":5.0,"gold_loss":0.0,"damage_taken":7.0},{"damage_healed":0.0,"max_hp_gain":0.0,"max_hp_loss":0.0,"gold_gain":0.0,"event_name":"Mushrooms","player_choice":"Fought Mushrooms","floor":11.0,"gold_loss":0.0,"damage_taken":0.0},{"damage_healed":0.0,"max_hp_gain":0.0,"max_hp_loss":0.0,"gold_gain":0.0,"event_name":"Drug Dealer","player_choice":"Inject Mutagens","floor":19.0,"gold_loss":0.0,"damage_taken":0.0,"relics_obtained":["MutagenicStrength"]},{"damage_healed":0,"gold_gain":0,"player_choice":"Ignored","damage_taken":0,"max_hp_gain":0,"max_hp_loss":0,"event_name":"Duplicator","floor":21,"gold_loss":0},{"damage_healed":0,"gold_gain":0,"player_choice":"Fight","damage_taken":0,"max_hp_gain":0,"max_hp_loss":0,"event_name":"OrinTheCat","floor":37,"gold_loss":0},{"damage_healed":0,"gold_gain":0,"player_choice":"Memory 1","damage_taken":0,"max_hp_gain":0,"max_hp_loss":0,"event_name":"SensoryStone","floor":41,"gold_loss":0}],"is_beta":false,"boss_relics":[{"not_picked":["Tiny House","Astrolabe"],"picked":"Philosopher\u0027s Stone"},{"not_picked":["Empty Cage","Cursed Key"],"picked":"sneckomod:SneckoTalon"}],"items_purged_floors":[13,22,36,47],"is_endless":false,"potions_floor_spawned":[3,4,11,16,18,23,28,30,35,39,42,48],"ascension_level":0}}