{"host":"d4nr47a59rmbesnz","time":1612534332,"event":{"mods":["A Magickal Journey","BaseMod","Better Third Choice","Hermit","Minty Spire (QoL Compilation)","Quick Restart","Replay The Spire","Shade Mod","StSLib","The Bladedancer","The Cursed","The Death Knight","The Disciple","The Forsaken","The Hierophant","The Necromancer","The Spell Scribe","The Valiant"],"gold_per_floor":[113,126,142,161,8,34,34,62,85,104,25,35,55,69,69,164,164,184,184,184],"floor_reached":19,"language":"ENG","playtime":1260,"items_purged":[],"score":183,"play_id":"d1ee0e33-ad16-4e96-9a92-6caf4bbb00f0","local_time":"20210205171212","is_ascension_mode":false,"campfire_choices":[{"floor":7,"key":"REST"}],"circlet_count":0,"master_deck":["TheCursedMod:Strike_TheCursed","TheCursedMod:Strike_TheCursed","TheCursedMod:Strike_TheCursed","TheCursedMod:Strike_TheCursed","TheCursedMod:Defend_TheCursed","TheCursedMod:Defend_TheCursed","TheCursedMod:Defend_TheCursed","TheCursedMod:CursedWand","TheCursedMod:CleanUpWorkshop","TheCursedMod:WearCloak","TheCursedMod:CursedShiv","TheCursedMod:SoulCrush","TheCursedMod:RavingStaff","TheCursedMod:Hemoplague+1","TheCursedMod:SpitefulStrike","TheCursedMod:Wield+1","TheCursedMod:SoulCrush","TheCursedMod:Stigma","TheCursedMod:CursedStaff","TheCursedMod:CursedBlade","TheCursedMod:Hemoplague","TheCursedMod:FleshFromBone","TheCursedMod:SpreadPlague"],"relics":["TheCursedMod:BlackMagic101","Potion Belt","ReplayFunnel","Orichalcum","Replay:Drink Me"],"acts_visited":["Exordium","TheCity"],"potions_floor_usage":[6,6,16],"damage_taken":[{"damage":9,"enemies":"Cultist","floor":1,"turns":6},{"damage":0,"enemies":"Small Slimes","floor":2,"turns":3},{"damage":0,"enemies":"2 Louse","floor":3,"turns":4},{"damage":7,"enemies":"Blue Slaver","floor":4,"turns":4},{"damage":31,"enemies":"Lagavulin","floor":6,"turns":4},{"damage":8,"enemies":"Gremlin Nob","floor":8,"turns":3},{"damage":8,"enemies":"2 Fungi Beasts","floor":10,"turns":3},{"damage":0,"enemies":"Gremlin Gang","floor":12,"turns":4},{"damage":0,"enemies":"Blue Slaver","floor":13,"turns":2},{"damage":0,"enemies":"Exordium Wildlife","floor":14,"turns":2},{"damage":65,"enemies":"The Guardian","floor":16,"turns":6},{"damage":32,"enemies":"Spheric Guardian","floor":18,"turns":5},{"damage":0,"enemies":"3 Byrds","floor":19,"turns":2}],"seed_played":"4630377566471437528","potions_obtained":[{"floor":1,"key":"LiquidMemories"},{"floor":2,"key":"Energy Potion"},{"floor":6,"key":"LifebloodPotion"},{"floor":10,"key":"Block Potion"},{"floor":13,"key":"Regen Potion"}],"is_trial":false,"path_per_floor":["M","M","M","M","$","E","R","E","T","M","$","M","M","M","R","B",null,"M","M"],"character_chosen":"THE_CURSED","items_purchased":["TheCursedMod:Hemoplague+1","TheCursedMod:SpitefulStrike","BlessingOfTheForge","TheCursedMod:CursedStaff"],"campfire_rested":1,"item_purchase_floors":[5,5,5,11],"current_hp_per_floor":[73,73,73,66,66,35,59,51,51,43,43,43,43,43,67,17,62,30,30,30],"gold":184,"neow_bonus":"TEN_PERCENT_HP_BONUS","is_daily":false,"chose_seed":false,"campfire_upgraded":0,"win_rate":0.0,"timestamp":1612534332,"path_taken":["M","M","M","?","?","E","R","E","T","M","$","M","M","M","R","BOSS","M","M"],"items_purchased_type":["Card","Card","Potion","Card"],"build_version":"2020-12-22","purchased_purges":0,"victory":false,"max_hp_per_floor":[82,82,82,82,82,82,82,82,82,82,82,82,82,82,82,82,62,62,62,62],"card_choices":[{"not_picked":["TheCursedMod:CursedSpellbook","TheCursedMod:VitalStrike"],"picked":"TheCursedMod:WearCloak","floor":1},{"not_picked":["TheCursedMod:RapidMovement","TheCursedMod:TroublousMinions"],"picked":"TheCursedMod:CursedShiv","floor":2},{"not_picked":["TheCursedMod:VitalStrike","TheCursedMod:FleshFromBone"],"picked":"TheCursedMod:SoulCrush","floor":3},{"not_picked":["TheCursedMod:CursedAmulet","TheCursedMod:EmpowerCircles"],"picked":"TheCursedMod:RavingStaff","floor":4},{"not_picked":["TheCursedMod:Evocation","TheCursedMod:SmokeScreen"],"picked":"TheCursedMod:Wield","floor":6},{"not_picked":["TheCursedMod:Grudge","TheCursedMod:ManaCirculation"],"picked":"TheCursedMod:SoulCrush","floor":8},{"not_picked":["TheCursedMod:TacticalStrike","TheCursedMod:Hemoplague"],"picked":"TheCursedMod:Stigma","floor":10},{"not_picked":["TheCursedMod:RavingStaff","TheCursedMod:DemonicPact"],"picked":"TheCursedMod:CursedBlade","floor":12},{"not_picked":["TheCursedMod:CircleOfAmplification","TheCursedMod:RavingStaff"],"picked":"TheCursedMod:Hemoplague","floor":13},{"not_picked":["TheCursedMod:CircleOfFlame","TheCursedMod:Wield"],"picked":"TheCursedMod:FleshFromBone","floor":14},{"not_picked":["TheCursedMod:OutForBlood","TheCursedMod:ManaCirculation"],"picked":"TheCursedMod:CursedRelics","floor":16},{"not_picked":["TheCursedMod:Obscuration","TheCursedMod:RapidMovement+1"],"picked":"TheCursedMod:SpreadPlague","floor":18}],"player_experience":80524,"relics_obtained":[{"floor":6,"key":"Potion Belt"},{"floor":8,"key":"ReplayFunnel"},{"floor":9,"key":"Orichalcum"}],"event_choices":[],"is_beta":false,"boss_relics":[{"not_picked":["Runic Dome","Empty Cage"],"picked":"Replay:Drink Me"}],"items_purged_floors":[],"is_endless":false,"potions_floor_spawned":[1,2,6,10,13],"killed_by":"3 Byrds","ascension_level":0}}