{"host":"hqvh779b89tfrjxy","time":1612546575,"event":{"mods":["Act Like it!","BaseMod","Better Third Choice","Downfall","Elementarium","GifTheSpireLib","Minty Spire (QoL Compilation)","Replay The Spire","Spicy Shops","StSLib","The Dragon Tamer"],"gold_per_floor":[111,111,111,111,122,122,150,161,161,161,181,192,61,61,61,163,163,180,180,180,197,213,213,230,230,230,256,273,302,302,330,330,432,432,445,445,455,471,471,471,308,327,402,402,433,343,358,385,385,385,385,385,13,47,47,47,47],"floor_reached":55,"language":"ENG","playtime":3830,"items_purged":["DTMod:Strike+1"],"score":935,"play_id":"49e3925a-94e4-4d19-bc85-cf89637a08a6","local_time":"20210205183615","is_ascension_mode":false,"metric_token":723,"campfire_choices":[{"data":"DTMod:SneakAttack","floor":6.0,"key":"SMITH"},{"data":"DTMod:SwitchingTactic","floor":10,"key":"SMITH"},{"data":"DTMod:CleansingStrike","floor":15,"key":"SMITH"},{"data":"DTMod:Inferno","floor":23,"key":"SMITH"},{"data":"DTMod:MagiciansMark","floor":25,"key":"SMITH"},{"floor":32,"key":"REST"},{"floor":40,"key":"RECALL"},{"floor":44,"key":"REST"},{"floor":49,"key":"REST"},{"floor":52,"key":"REST"}],"dtmod_dragon_data":[0,55,1,1,8,8],"circlet_count":0,"master_deck":["DTMod:DoubleHit+1","DTMod:TargetDefense","DTMod:TargetDefense","DTMod:TargetDefense","DTMod:TargetDefense","DTMod:SwitchingTactic+1","DTMod:PurifyingFlame","DTMod:SneakAttack+1","DTMod:ComboAttack","DTMod:FlameSlash","DTMod:MagiciansMark","DTMod:Dissolve+1","DTMod:CleansingStrike+1","DTMod:Inferno+1","DTMod:Coolant","Writhe","DTMod:MasterPlan+1","DTMod:MagiciansMark+1","DTMod:BizarreTactic+1","DTMod:BlueScale","DTMod:BurningForce+1","DTMod:Outburst+1","DTMod:DarkBreath+1","DTMod:BizarreTactic+1","DTMod:TagTeam+1","DTMod:RunningTactic+1","DTMod:Shift+1"],"relics":["DTMod:PactStone","Replay:Bottled Snecko","Replay:Mystery Machine","Incense Burner","Sozu","Nunchaku","The Courier","Replay:Kaleidoscope","DTMod:BasicTextbook","Enchiridion","Replay:Bottled Steam","Fusion Hammer","Toxic Egg 2","Replay:Bottled Flurry","Simple Rune","DTMod:TacticalNote","Kunai","Oddly Smooth Stone"],"acts_visited":["Exordium","TheCity","TheBeyond","TheEnding"],"potions_floor_usage":[27,33],"damage_taken":[{"damage":0.0,"enemies":"Jaw Worm","floor":1.0,"turns":5.0},{"damage":0.0,"enemies":"Small Slimes","floor":5.0,"turns":3.0},{"damage":0.0,"enemies":"Replay:BlueRogue","floor":7.0,"turns":4.0},{"damage":0.0,"enemies":"Cultist","floor":8.0,"turns":2.0},{"damage":0,"enemies":"Large Slime","floor":11,"turns":4},{"damage":0,"enemies":"Exordium Wildlife","floor":12,"turns":4},{"damage":13,"enemies":"Hexaghost","floor":16,"turns":8},{"damage":0,"enemies":"Chosen","floor":18,"turns":3},{"damage":0,"enemies":"3 Byrds","floor":21,"turns":4},{"damage":0,"enemies":"Centurion and Healer","floor":22,"turns":4},{"damage":1,"enemies":"Shelled Parasite and Fungi","floor":24,"turns":5},{"damage":21,"enemies":"Book of Stabbing","floor":27,"turns":5},{"damage":0,"enemies":"Sentry and Sphere","floor":28,"turns":2},{"damage":0,"enemies":"Slavers","floor":29,"turns":5},{"damage":7,"enemies":"Book of Stabbing","floor":31,"turns":5},{"damage":0,"enemies":"Collector","floor":33,"turns":8},{"damage":0,"enemies":"3 Shapes","floor":35,"turns":2},{"damage":0,"enemies":"3 Darklings","floor":37,"turns":1},{"damage":2,"enemies":"4 Shapes","floor":38,"turns":7},{"damage":10,"enemies":"Jaw Worm Horde","floor":42,"turns":3},{"damage":0,"enemies":"Giant Head","floor":45,"turns":3},{"damage":0,"enemies":"Maw","floor":47,"turns":5},{"damage":0,"enemies":"R_Hoarder","floor":48,"turns":8},{"damage":27,"enemies":"Time Eater","floor":50,"turns":9},{"damage":0,"enemies":"Shield and Spear","floor":54,"turns":3},{"damage":51,"enemies":"The Heart","floor":55,"turns":9}],"seed_played":"-1459564413629603165","potions_obtained":[{"floor":1.0,"key":"DistilledChaos"},{"floor":7.0,"key":"Fruit Juice"},{"floor":11,"key":"Weak Potion"}],"is_trial":false,"path_per_floor":["M","?","?","?","M","R","E","M","T","R","M","M","$","?","R","B",null,"M","?","?","M","M","R","M","R","T","E","M","E","?","E","R","B",null,"M","?","M","M","T","R","$","M","T","R","E","?","M","E","R","B",null,"R","$","E","B"],"character_chosen":"THE_DT","items_purchased":["Incense Burner","DTMod:Dissolve+1","Toxic Egg 2","DTMod:TagTeam+1","Kunai","DTMod:RunningTactic+1","DTMod:Shift+1"],"campfire_rested":4,"item_purchase_floors":[13,13,41,53,53,53,53],"current_hp_per_floor":[49,42,42,42,42,42,42,42,42,42,42,42,42,42,42,29,49,49,49,49,49,49,49,48,48,48,27,27,27,11,4,18,18,49,49,45,45,43,43,43,43,33,33,47,47,47,47,47,49,22,49,49,49,49,0,0,0],"gold":47,"neow_bonus":"TEN_PERCENT_HP_BONUS","is_daily":false,"chose_seed":false,"campfire_upgraded":5,"win_rate":0.0,"timestamp":1612546575,"path_taken":["M","?","?","?","M","R","E","M","T","R","M","M","?","?","R","BOSS","M","?","?","M","M","R","M","R","T","E","M","E","?","E","R","BOSS","M","?","M","?","?","R","$","M","T","R","E","?","M","E","R","BOSS","R","$","E","BOSS"],"items_purchased_type":["Relic","Card","Relic","Card","Relic","Card","Card"],"build_version":"2020-12-22","purchased_purges":1,"victory":false,"max_hp_per_floor":[49,49,49,49,49,49,49,49,49,49,49,49,49,49,49,49,49,49,49,49,49,49,49,49,49,49,49,49,49,49,49,49,49,49,49,49,49,49,49,49,49,49,49,49,49,49,49,49,49,49,49,49,49,49,49,49,49],"card_choices":[{"not_picked":["DTMod:Threaten","DTMod:GhostSkin"],"picked":"DTMod:PurifyingFlame","floor":1.0},{"not_picked":["DTMod:MasterPlan","DTMod:BurningEnergy"],"picked":"DTMod:SneakAttack","floor":5.0},{"not_picked":["DTMod:WarmUp","DTMod:Hide"],"picked":"DTMod:ComboAttack","floor":7.0},{"not_picked":["DTMod:MasterPlan","DTMod:DeepFocus","DTMod:Punisher"],"picked":"SKIP","floor":8},{"not_picked":["DTMod:ShieldDrain","DTMod:QuickFly"],"picked":"DTMod:FlameSlash","floor":11},{"not_picked":["DTMod:RecklessFlurry","DTMod:Haste"],"picked":"DTMod:MagiciansMark","floor":12},{"not_picked":["DTMod:Multitask","DTMod:OpeningTactic"],"picked":"DTMod:Inferno","floor":16},{"not_picked":["DTMod:BreakAttack","DTMod:MaximumCharge"],"picked":"DTMod:Coolant","floor":18},{"not_picked":["DTMod:Threaten","DTMod:BurningEnergy+1","DTMod:LastStand+1"],"picked":"SKIP","floor":21},{"not_picked":["DTMod:Feint","DTMod:BurningEnergy+1"],"picked":"DTMod:MasterPlan+1","floor":22},{"not_picked":["DTMod:Haste","DTMod:BreakAttack+1"],"picked":"DTMod:MagiciansMark","floor":24},{"not_picked":["DTMod:FlameSlash","DTMod:Punisher","DTMod:Astonish"],"picked":"SKIP","floor":27},{"not_picked":["DTMod:Conduct+1","DTMod:BalancedStrike+1"],"picked":"DTMod:BizarreTactic+1","floor":28},{"not_picked":["DTMod:BuildUp+1","DTMod:MaximumCharge+1"],"picked":"DTMod:BlueScale","floor":29},{"not_picked":["DTMod:SneakAttack+1","DTMod:BlazingStrike+1"],"picked":"DTMod:BurningForce+1","floor":31},{"not_picked":["DTMod:Prediction","DTMod:EchoTactic"],"picked":"DTMod:Outburst","floor":33},{"not_picked":["DTMod:BlazingStrike","DTMod:BlueScale"],"picked":"DTMod:DarkBreath+1","floor":35},{"not_picked":["DTMod:BizarreTactic+1","DTMod:HeatWave","DTMod:InvisibleFlame"],"picked":"SKIP","floor":37},{"not_picked":["DTMod:BlazingStrike","DTMod:CleansingStrike"],"picked":"DTMod:BizarreTactic+1","floor":38},{"not_picked":["DTMod:BurningEnergy+1","DTMod:DarkBreath","DTMod:LowKick"],"picked":"SKIP","floor":42},{"not_picked":["DTMod:ShieldDrain","DTMod:MasterPlan+1","DTMod:LowKick+1"],"picked":"SKIP","floor":45},{"not_picked":["DTMod:Safeguard","DTMod:DarkBreath","DTMod:Haste+1"],"picked":"SKIP","floor":47},{"not_picked":["DTMod:MasterPlan+1","DTMod:BlazingStrike+1","DTMod:BurningEnergy+1"],"picked":"SKIP","floor":48},{"not_picked":["DTMod:Weaken+1","DTMod:BurningEnergy+1","DTMod:SneakAttack"],"picked":"SKIP","floor":54}],"player_experience":220992,"relics_obtained":[{"floor":7.0,"key":"Replay:Bottled Snecko"},{"floor":9,"key":"Replay:Mystery Machine"},{"floor":26,"key":"The Courier"},{"floor":27,"key":"Replay:Kaleidoscope"},{"floor":29,"key":"DTMod:BasicTextbook"},{"floor":30,"key":"Enchiridion"},{"floor":31,"key":"Replay:Bottled Steam"},{"floor":43,"key":"Replay:Bottled Flurry"},{"floor":45,"key":"Simple Rune"},{"floor":48,"key":"DTMod:TacticalNote"},{"floor":54,"key":"Oddly Smooth Stone"}],"event_choices":[{"cards_removed":["DTMod:Strike"],"damage_healed":0.0,"max_hp_gain":0.0,"max_hp_loss":0.0,"gold_gain":0.0,"event_name":"Golden Wing","player_choice":"Card Removal","floor":2.0,"gold_loss":0.0,"damage_taken":7.0},{"damage_healed":0.0,"max_hp_gain":0.0,"max_hp_loss":0.0,"gold_gain":0.0,"event_name":"Living Wall","player_choice":"Grow","floor":3.0,"gold_loss":0.0,"damage_taken":0.0,"cards_upgraded":["DTMod:DoubleHit"]},{"damage_healed":0,"gold_gain":0,"cards_transformed":["DTMod:Strike"],"player_choice":"Transformed","damage_taken":0,"max_hp_gain":0,"max_hp_loss":0,"event_name":"Transmorgrifier","floor":14,"gold_loss":0,"cards_obtained":["DTMod:CleansingStrike"]},{"damage_healed":0,"gold_gain":0,"player_choice":"Simplicity","damage_taken":0,"max_hp_gain":0,"max_hp_loss":5,"event_name":"betterThird:BetterWriting","floor":19,"gold_loss":0},{"damage_healed":0,"gold_gain":0,"player_choice":"Opened","damage_taken":0,"relics_obtained":["Nunchaku"],"max_hp_gain":0,"max_hp_loss":0,"event_name":"The Mausoleum","floor":20,"gold_loss":0,"cards_obtained":["Writhe"]},{"damage_healed":0,"gold_gain":0,"player_choice":"Obtained Book","damage_taken":16,"max_hp_gain":0,"max_hp_loss":0,"event_name":"Cursed Tome","floor":30,"gold_loss":0},{"damage_healed":0,"gold_gain":0,"player_choice":"Damaged","damage_taken":4,"max_hp_gain":0,"max_hp_loss":0,"event_name":"Wheel of Change","floor":36,"gold_loss":0},{"cards_removed":["DTMod:Strike"],"damage_healed":0,"gold_gain":0,"player_choice":"Upgrade and Remove","damage_taken":0,"max_hp_gain":0,"max_hp_loss":0,"event_name":"Designer","floor":46,"gold_loss":90,"cards_upgraded":["DTMod:Outburst"]}],"is_beta":false,"boss_relics":[{"not_picked":["Ectoplasm","ChewingGum"],"picked":"Sozu"},{"not_picked":["ReplayTheSpireMod:DimensionalGlitch","Astrolabe"],"picked":"Fusion Hammer"}],"items_purged_floors":[41],"is_endless":false,"potions_floor_spawned":[1,7,11,21,22,28,29,33,35,47,48],"killed_by":"The Heart","ascension_level":0}}