{"host":"gl5rgsfncjl28cj1","time":1612520788,"event":{"mods":["BaseMod","Colored Map","Highlight Path","Minty Spire (QoL Compilation)","Permanent Neow","StSLib"],"gold_per_floor":[360,379,160,179,197,225,225,225,250,250,41,66,66,82,82,82,82],"floor_reached":16,"language":"KOR","playtime":590,"items_purged":["Strike_R","Strike_R"],"score":187,"play_id":"3050aada-33cd-4ae7-890c-83f042b5d180","local_time":"20210205192628","is_ascension_mode":true,"campfire_choices":[{"data":"Bash","floor":7,"key":"SMITH"},{"data":"Twin Strike","floor":10,"key":"SMITH"},{"data":"Warcry","floor":15,"key":"SMITH"}],"circlet_count":0,"master_deck":["AscendersBane","Strike_R","Strike_R","Strike_R","Defend_R","Defend_R","Defend_R","Defend_R","Bash+1","Shrug It Off","Pummel","Warcry+1","Twin Strike+1","Evolve","Second Wind","Power Through"],"relics":["Burning Blood","PreservedInsect","Lantern","Oddly Smooth Stone","Blood Vial","Toy Ornithopter"],"acts_visited":["Exordium"],"potions_floor_usage":[2,5,14],"damage_taken":[{"damage":1,"enemies":"2 Louse","floor":1,"turns":3},{"damage":8,"enemies":"Jaw Worm","floor":2,"turns":5},{"damage":7,"enemies":"Small Slimes","floor":4,"turns":4},{"damage":10,"enemies":"Gremlin Gang","floor":5,"turns":9},{"damage":35,"enemies":"3 Sentries","floor":6,"turns":10},{"damage":26,"enemies":"Lagavulin","floor":12,"turns":8},{"damage":3,"enemies":"Blue Slaver","floor":14,"turns":3},{"damage":22,"enemies":"The Guardian","floor":16,"turns":11}],"seed_played":"-4811727658458625113","potions_obtained":[{"floor":1,"key":"Block Potion"},{"floor":2,"key":"BloodPotion"},{"floor":12,"key":"EssenceOfSteel"},{"floor":14,"key":"Ancient Potion"}],"is_trial":false,"path_per_floor":["M","M","$","M","M","E","R","?","T","R","$","E","$","M","R","B"],"character_chosen":"IRONCLAD","items_purchased":["PreservedInsect","Evolve","Second Wind"],"campfire_rested":0,"item_purchase_floors":[3,11,11],"current_hp_per_floor":[55,68,68,67,63,34,34,27,27,27,27,9,9,19,19,0,0],"gold":82,"neow_bonus":"TWO_FIFTY_GOLD","is_daily":false,"chose_seed":false,"campfire_upgraded":3,"win_rate":0.0,"timestamp":1612520788,"path_taken":["M","M","$","M","M","E","R","?","T","R","$","E","$","M","R","BOSS"],"items_purchased_type":["Relic","Card","Card"],"build_version":"2020-12-22","purchased_purges":2,"victory":false,"max_hp_per_floor":[75,75,75,75,75,75,75,75,75,75,75,75,75,75,75,75,75],"card_choices":[{"not_picked":["Bloodletting","Dark Embrace"],"picked":"Shrug It Off","floor":1},{"not_picked":["Anger","Clash","Cleave"],"picked":"SKIP","floor":2},{"not_picked":["Cleave","Shrug It Off"],"picked":"Pummel","floor":4},{"not_picked":["Pummel","Combust"],"picked":"Warcry","floor":5},{"not_picked":["Corruption","True Grit"],"picked":"Twin Strike","floor":6},{"not_picked":["Cleave","Combust","Pommel Strike"],"picked":"SKIP","floor":12},{"not_picked":["Perfected Strike","Shrug It Off"],"picked":"Power Through","floor":14}],"player_experience":1019235,"relics_obtained":[{"floor":6,"key":"Lantern"},{"floor":9,"key":"Blood Vial"},{"floor":12,"key":"Toy Ornithopter"}],"event_choices":[{"damage_healed":0,"gold_gain":0,"player_choice":"Success","damage_taken":7,"relics_obtained":["Oddly Smooth Stone"],"max_hp_gain":0,"max_hp_loss":0,"event_name":"Scrap Ooze","floor":8,"gold_loss":0}],"is_beta":false,"boss_relics":[],"items_purged_floors":[3,11],"is_endless":false,"potions_floor_spawned":[1,2,12,14],"killed_by":"The Guardian","ascension_level":14}}