{"host":"odhb85ppoyjrwi3n","time":1612566144,"event":{"mods":["BaseMod","Better Third Choice","BetterRewards","Bossed Relics","Minty Spire (QoL Compilation)","Quick Restart","StSLib"],"gold_per_floor":[10109,10059,10059,10075,9141,9141,9176,5000,5000,5000,5041,5041,5041,5041,5041,5170,5170,5189,5202,5218,5239,5263,5263,4589,4625,4625,4625,4665,4715,4715,4715,4715,4839,4839,4857,4857,4857,4877,3845,3888,3888,3911,3911,3911,3911,3078,3078,3078,3078,3078,3078,3078,2096,2134,2134],"floor_reached":56,"language":"ENG","playtime":2412,"items_purged":["Strike_B","Pain","Thunder Strike","Strike_B","Strike_B"],"score":1584,"play_id":"74406846-abc7-434a-84ae-3e5460e81699","local_time":"20210206000224","is_ascension_mode":true,"campfire_choices":[{"data":"Self Repair","floor":6,"key":"SMITH"},{"floor":10,"key":"REST"},{"floor":12,"key":"REST"},{"data":"Defragment","floor":15,"key":"SMITH"},{"data":"Dramatic Entrance","floor":23,"key":"SMITH"},{"floor":27,"key":"REST"},{"floor":32,"key":"RECALL"},{"floor":41,"key":"REST"},{"data":"Apotheosis","floor":44,"key":"SMITH"},{"data":"Storm","floor":49,"key":"SMITH"},{"data":"Enlightenment","floor":52,"key":"SMITH"}],"circlet_count":0,"master_deck":["Strike_B+1","Defend_B","Defend_B","Defend_B","Zap+1","Dualcast","Turbo+1","Self Repair+1","Gash","Dramatic Entrance+1","Defragment+1","Enlightenment+1","All For One","Glacier+1","Go for the Eyes+1","Machine Learning","Apotheosis+1","Electrodynamics","Storm+1","Static Discharge"],"relics":["Pandora\u0027s Box","Golden Idol","Vajra","War Paint","OrangePellets","Pear","Letter Opener","Bag of Marbles","WarpedTongs","Busted Crown","Dream Catcher","Anchor","Strange Spoon","Tiny Chest","Bottled Lightning","Whetstone","Mummified Hand","Tiny House","Bottled Flame","Medical Kit","DataDisk","Bottled Tornado","Bronze Scales","Regal Pillow","PreservedInsect","Centennial Puzzle","TheAbacus","Singing Bowl","Turnip","FossilizedHelix","Lee\u0027s Waffle","Lantern"],"acts_visited":["Exordium","TheCity","TheBeyond","TheEnding"],"potions_floor_usage":[5,5,7,7,11,20,21,22,25,25,33,33,35,40,40,42,48,50,55],"damage_taken":[{"damage":0,"enemies":"Cultist","floor":1,"turns":4},{"damage":0,"enemies":"Small Slimes","floor":4,"turns":3},{"damage":16,"enemies":"3 Sentries","floor":7,"turns":6},{"damage":49,"enemies":"Gremlin Nob","floor":11,"turns":5},{"damage":36,"enemies":"The Guardian","floor":16,"turns":8},{"damage":22,"enemies":"Spheric Guardian","floor":18,"turns":4},{"damage":7,"enemies":"3 Byrds","floor":19,"turns":2},{"damage":17,"enemies":"Cultist and Chosen","floor":20,"turns":4},{"damage":11,"enemies":"Snake Plant","floor":21,"turns":5},{"damage":21,"enemies":"3 Cultists","floor":22,"turns":6},{"damage":0,"enemies":"Slavers","floor":25,"turns":2},{"damage":3,"enemies":"Book of Stabbing","floor":28,"turns":6},{"damage":45,"enemies":"Collector","floor":33,"turns":11},{"damage":7,"enemies":"3 Darklings","floor":35,"turns":4},{"damage":0,"enemies":"Orb Walker","floor":38,"turns":3},{"damage":25,"enemies":"Reptomancer","floor":40,"turns":9},{"damage":0,"enemies":"Jaw Worm Horde","floor":42,"turns":3},{"damage":0,"enemies":"Maw","floor":48,"turns":1},{"damage":46,"enemies":"Donu and Deca","floor":50,"turns":6},{"damage":7,"enemies":"Shield and Spear","floor":54,"turns":3},{"damage":67,"enemies":"The Heart","floor":55,"turns":10}],"seed_played":"-4486433274552006178","potions_obtained":[{"floor":7,"key":"SkillPotion"},{"floor":19,"key":"Ancient Potion"},{"floor":20,"key":"Swift Potion"},{"floor":21,"key":"Regen Potion"},{"floor":25,"key":"Block Potion"},{"floor":33,"key":"Regen Potion"},{"floor":40,"key":"Fire Potion"}],"is_trial":false,"path_per_floor":["M","?","?","M","$","R","E","?","T","R","E","R","?","?","R","B",null,"M","M","M","M","M","R","$","E","T","R","E","T","?","?","R","B",null,"M","T","?","M","$","E","R","M","T","R","?","$","T","M","R","B",null,"R","$","E","B",null],"character_chosen":"DEFECT","items_purchased":["Vajra","War Paint","OrangePellets","Self Repair","Fruit Juice","EntropicBrew","Gash","Dramatic Entrance","Dream Catcher","Anchor","Strange Spoon","Block Potion","DuplicationPotion","Apotheosis","Medical Kit","DataDisk","Bottled Tornado","PotionOfCapacity","Ancient Potion","Fire Potion","PreservedInsect","Centennial Puzzle","TheAbacus","Storm","AttackPotion","Energy Potion","SmokeBomb","Turnip","FossilizedHelix","Lee\u0027s Waffle","Static Discharge"],"campfire_rested":4,"item_purchase_floors":[5,5,5,5,5,5,5,5,24,24,24,24,24,39,39,39,39,39,39,39,46,46,46,46,46,46,46,53,53,53,53],"current_hp_per_floor":[75,75,57,57,62,62,66,72,72,96,57,85,90,90,90,64,101,89,92,85,84,88,88,88,88,88,101,101,101,101,101,101,66,101,101,101,101,101,101,86,101,101,101,101,101,101,101,101,101,65,101,101,108,110,53],"gold":2134,"neow_bonus":"BOSS_RELIC","is_daily":false,"chose_seed":false,"campfire_upgraded":6,"win_rate":0.0,"timestamp":1612566144,"path_taken":["M","?","?","M","$","R","E","?","T","R","E","R","?","?","R","BOSS","M","M","?","M","M","R","$","E","T","R","E","?","?","?","R","BOSS","M","?","?","?","$","E","R","M","T","R","?","$","?","M","R","BOSS","R","$","E","BOSS"],"items_purchased_type":["Relic","Relic","Relic","Card","Potion","Potion","Card","Card","Relic","Relic","Relic","Potion","Potion","Card","Relic","Relic","Relic","Potion","Potion","Potion","Relic","Relic","Relic","Card","Potion","Potion","Potion","Relic","Relic","Relic","Card"],"build_version":"2020-12-22","purchased_purges":5,"victory":true,"max_hp_per_floor":[75,75,75,75,80,80,90,96,96,96,96,96,101,101,101,101,101,101,101,101,101,101,101,101,101,101,101,101,101,101,101,101,101,101,101,101,101,101,101,101,101,101,101,101,101,101,101,101,101,101,101,101,108,110,110],"card_choices":[{"not_picked":["Stack","Blizzard"],"picked":"Turbo","floor":1},{"not_picked":["Steam","Blizzard","Go for the Eyes"],"picked":"SKIP","floor":4},{"not_picked":["Hello World","Sweeping Beam"],"picked":"Defragment","floor":7},{"not_picked":["Loop","Sweeping Beam"],"picked":"All For One","floor":11},{"not_picked":["Buffer","Creative AI"],"picked":"Thunder Strike","floor":16},{"not_picked":["BootSequence"],"picked":"SKIP","floor":18},{"not_picked":[],"picked":"Glacier+1","floor":19},{"not_picked":[],"picked":"Go for the Eyes","floor":20},{"not_picked":["Compile Driver"],"picked":"SKIP","floor":21},{"not_picked":["Tempest"],"picked":"SKIP","floor":22},{"not_picked":["Go for the Eyes"],"picked":"SKIP","floor":25},{"not_picked":["Turbo"],"picked":"SKIP","floor":28},{"not_picked":[],"picked":"Machine Learning","floor":33},{"not_picked":["Compile Driver"],"picked":"SKIP","floor":35},{"not_picked":["Ball Lightning"],"picked":"SKIP","floor":38},{"not_picked":["Cold Snap"],"picked":"SKIP","floor":40},{"not_picked":[],"picked":"Electrodynamics","floor":42},{"not_picked":["Gash"],"picked":"Singing Bowl","floor":54}],"player_experience":135504,"relics_obtained":[{"floor":7,"key":"Pear"},{"floor":9,"key":"Letter Opener"},{"floor":11,"key":"Bag of Marbles"},{"floor":25,"key":"Tiny Chest"},{"floor":26,"key":"Bottled Lightning"},{"floor":28,"key":"Whetstone"},{"floor":36,"key":"Bottled Flame"},{"floor":40,"key":"Bronze Scales"},{"floor":43,"key":"Regal Pillow"},{"floor":47,"key":"Singing Bowl"},{"floor":54,"key":"Lantern"}],"event_choices":[{"cards_removed":["Defend_B"],"damage_healed":0,"gold_gain":0,"player_choice":"Card Removal","damage_taken":0,"max_hp_gain":0,"max_hp_loss":0,"event_name":"The Cleric","floor":2,"gold_loss":50},{"damage_healed":0,"gold_gain":0,"player_choice":"Take Damage","damage_taken":18,"relics_obtained":["Golden Idol"],"max_hp_gain":0,"max_hp_loss":0,"event_name":"Golden Idol","floor":3,"gold_loss":0},{"damage_healed":0,"gold_gain":0,"player_choice":"RENOUNCE","damage_taken":9176,"max_hp_gain":0,"max_hp_loss":0,"event_name":"betterThird:BetterSerpent","floor":8,"gold_loss":9176,"cards_obtained":["Enlightenment"]},{"damage_healed":0,"gold_gain":0,"player_choice":"Donut","damage_taken":0,"max_hp_gain":5,"max_hp_loss":0,"event_name":"Big Fish","floor":13,"gold_loss":0},{"damage_healed":0,"gold_gain":0,"player_choice":"Rummage","damage_taken":0,"relics_obtained":["WarpedTongs"],"max_hp_gain":0,"max_hp_loss":0,"event_name":"Accursed Blacksmith","floor":14,"gold_loss":0,"cards_obtained":["Pain"]},{"damage_healed":0,"gold_gain":0,"player_choice":"Ignored","damage_taken":0,"max_hp_gain":0,"max_hp_loss":0,"event_name":"Vampires","floor":30,"gold_loss":0},{"damage_healed":0,"gold_gain":0,"player_choice":"Opened","damage_taken":0,"relics_obtained":["Mummified Hand"],"max_hp_gain":0,"max_hp_loss":0,"event_name":"The Mausoleum","floor":31,"gold_loss":0},{"damage_healed":0,"gold_gain":0,"player_choice":"Ignored","damage_taken":0,"max_hp_gain":0,"max_hp_loss":0,"event_name":"betterThird:BetterPortal","floor":37,"gold_loss":0},{"damage_healed":0,"gold_gain":0,"player_choice":"Memory 1","damage_taken":0,"max_hp_gain":0,"max_hp_loss":0,"event_name":"SensoryStone","floor":45,"gold_loss":0}],"is_beta":false,"boss_relics":[{"not_picked":["SlaversCollar","Empty Cage"],"picked":"Busted Crown"},{"not_picked":["Velvet Choker","Fusion Hammer"],"picked":"Tiny House"}],"items_purged_floors":[5,24,39,46,53],"is_endless":false,"potions_floor_spawned":[7,19,20,21,25,33,40,48],"ascension_level":2}}