{"host":"ig3ferjl2vi2q99g","time":1612560163,"event":{"mods":["AchievementEnabler","BaseMod","Colored Map","Colored Powertips","Hermit","Minty Spire (QoL Compilation)","Permanent Neow","Quick Restart","SacredBarkPlus","StSLib"],"gold_per_floor":[109,184,202,216,20,49,49,64,116,144,69,69,69,69,69,173,173,188,98,117,134,149,179,179,213,213,213],"floor_reached":26,"language":"ENG","playtime":2171,"items_purged":["Strike_G"],"score":269,"play_id":"4236f3ee-56c4-42c9-b2bb-1f1ad6b9e0a1","local_time":"20210205222243","is_ascension_mode":true,"campfire_choices":[{"floor":7.0,"key":"REST"},{"data":"Dagger Spray","floor":13.0,"key":"SMITH"},{"floor":15.0,"key":"REST"},{"floor":24.0,"key":"REST"}],"circlet_count":0,"master_deck":["Strike_G","Strike_G","Strike_G","Defend_G","Defend_G","Defend_G","Defend_G","Survivor+1","Neutralize","Terror","Dagger Spray+1","Poisoned Stab","Leg Sweep","Footwork","Deadly Poison","Deadly Poison","Backflip","Wraith Form v2","Catalyst+1","Prepared"],"relics":["Ring of the Snake","Lizard Tail","Gremlin Horn","Omamori","Velvet Choker","Mummified Hand","StoneCalendar"],"acts_visited":["Exordium","TheCity"],"potions_floor_usage":[],"damage_taken":[{"damage":5.0,"enemies":"Jaw Worm","floor":1.0,"turns":6.0},{"damage":0.0,"enemies":"2 Louse","floor":3.0,"turns":4.0},{"damage":1.0,"enemies":"Cultist","floor":4.0,"turns":4.0},{"damage":12.0,"enemies":"Gremlin Nob","floor":6.0,"turns":4.0},{"damage":0.0,"enemies":"Blue Slaver","floor":8.0,"turns":4.0},{"damage":36.0,"enemies":"3 Sentries","floor":10.0,"turns":12.0},{"damage":32.0,"enemies":"Slime Boss","floor":16.0,"turns":12.0},{"damage":2.0,"enemies":"3 Byrds","floor":18.0,"turns":5.0},{"damage":7.0,"enemies":"Shell Parasite","floor":20.0,"turns":4.0},{"damage":5.0,"enemies":"Snake Plant","floor":21.0,"turns":4.0},{"damage":11.0,"enemies":"Centurion and Healer","floor":22.0,"turns":10.0},{"damage":17.0,"enemies":"Book of Stabbing","floor":23.0,"turns":7.0},{"damage":23.0,"enemies":"Slavers","floor":25.0,"turns":7.0}],"seed_played":"5053378645556860101","potions_obtained":[{"floor":4.0,"key":"Strength Potion"},{"floor":10.0,"key":"SteroidPotion"},{"floor":16.0,"key":"SteroidPotion"},{"floor":18.0,"key":"FearPotion"}],"is_trial":false,"path_per_floor":["M","?","M","M","$","E","R","M","T","E","$","?","R","?","R","B",null,"M","?","M","M","M","E","R","E","T"],"character_chosen":"THE_SILENT","items_purchased":["Leg Sweep","Footwork","Deadly Poison"],"campfire_rested":3,"item_purchase_floors":[5,5,5],"current_hp_per_floor":[58,47,47,46,46,34,52,52,52,16,16,21,21,14,34,2,68,66,66,59,54,43,26,46,23,23,23],"gold":213,"neow_bonus":"ONE_RARE_RELIC","is_daily":false,"chose_seed":false,"campfire_upgraded":1,"win_rate":0.0,"timestamp":1612560163,"path_taken":["M","?","M","M","$","E","R","M","T","E","$","?","R","?","R","BOSS","M","?","M","?","M","E","R","E","T"],"items_purchased_type":["Card","Card","Card"],"build_version":"2020-12-22","purchased_purges":1,"victory":false,"max_hp_per_floor":[63,63,63,63,63,63,63,63,63,63,63,68,68,68,68,68,68,68,68,68,68,68,68,68,68,68,68],"card_choices":[{"not_picked":["Acrobatics","Eviscerate"],"picked":"Terror","floor":1.0},{"not_picked":["Bane","Deflect"],"picked":"Dagger Spray","floor":3.0},{"not_picked":["Flying Knee","Accuracy"],"picked":"Poisoned Stab","floor":4.0},{"not_picked":["Reflex","Backstab"],"picked":"Deadly Poison","floor":6.0},{"not_picked":["Storm of Steel","Deflect","Deadly Poison"],"picked":"SKIP","floor":8.0},{"not_picked":["Choke","Burst"],"picked":"Backflip","floor":10.0},{"not_picked":["Storm of Steel","After Image"],"picked":"Wraith Form v2","floor":16.0},{"not_picked":["All Out Attack","Tactician"],"picked":"Catalyst+1","floor":18.0},{"not_picked":["Quick Slash","Slice","Flying Knee"],"picked":"SKIP","floor":20.0},{"not_picked":["Dagger Spray","Slice","Setup"],"picked":"SKIP","floor":21.0},{"not_picked":["Masterful Stab","Distraction+1","Flying Knee"],"picked":"SKIP","floor":22.0},{"not_picked":["Blade Dance+1","Slice+1","Eviscerate"],"picked":"SKIP","floor":23.0},{"not_picked":["Terror","Distraction"],"picked":"Prepared","floor":25.0}],"player_experience":308320,"relics_obtained":[{"floor":6.0,"key":"Gremlin Horn"},{"floor":10.0,"key":"Omamori"},{"floor":23.0,"key":"Mummified Hand"},{"floor":25.0,"key":"StoneCalendar"}],"event_choices":[{"damage_healed":0.0,"max_hp_gain":0.0,"max_hp_loss":0.0,"gold_gain":75.0,"event_name":"World of Goop","player_choice":"Gather Gold","floor":2.0,"gold_loss":0.0,"damage_taken":11.0},{"damage_healed":0.0,"max_hp_gain":5.0,"max_hp_loss":0.0,"gold_gain":0.0,"event_name":"Big Fish","player_choice":"Donut","floor":12.0,"gold_loss":0.0,"damage_taken":0.0},{"cards_removed":["Strike_G"],"damage_healed":0.0,"max_hp_gain":0.0,"max_hp_loss":0.0,"gold_gain":0.0,"event_name":"Golden Wing","player_choice":"Card Removal","floor":14.0,"gold_loss":0.0,"damage_taken":7.0},{"cards_removed":["Defend_G"],"damage_healed":0.0,"max_hp_gain":0.0,"max_hp_loss":0.0,"gold_gain":0.0,"event_name":"Designer","player_choice":"Upgrade and Remove","floor":19.0,"gold_loss":90.0,"damage_taken":0.0,"cards_upgraded":["Survivor"]}],"is_beta":false,"boss_relics":[{"not_picked":["Philosopher\u0027s Stone","Runic Dome"],"picked":"Velvet Choker"}],"items_purged_floors":[11],"is_endless":false,"potions_floor_spawned":[4,10,16,18,23],"ascension_level":1}}