{"host":"f5gffvlv6a66yqkd","time":1612501628,"event":{"mods":["2.2 Compatiblity","BaseMod","Colored Map","Custom Start","DeckTracker","Keyboard Shortcuts","Minty Spire (QoL Compilation)","Permanent Neow","Quick Restart","Relic Stats","StSLib","SuperFastMode"],"gold_per_floor":[218,114,114,127,127,127,140,140,164,183,208,221,221,255,255,255,255],"floor_reached":16,"language":"KOR","playtime":329,"items_purged":["Defend_P"],"score":220,"play_id":"5075e1fa-e05a-4994-ae5a-7dd709dd98b4","local_time":"20210205140708","is_ascension_mode":true,"campfire_choices":[{"data":"Eruption","floor":6,"key":"SMITH"},{"data":"CrushJoints","floor":8,"key":"SMITH"},{"data":"WheelKick","floor":15,"key":"SMITH"}],"circlet_count":0,"master_deck":["AscendersBane","Strike_P","Strike_P","Defend_P","Defend_P","Eruption+1","Vigilance","Consecrate","CrushJoints+1","MentalFortress","EmptyBody","EmptyMind","WheelKick+1"],"relics":["PureWater","Gremlin Horn","Calipers"],"acts_visited":["Exordium"],"potions_floor_usage":[11,12],"damage_taken":[{"damage":0,"enemies":"Jaw Worm","floor":1,"turns":3},{"damage":16,"enemies":"Small Slimes","floor":4,"turns":3},{"damage":0,"enemies":"Cultist","floor":7,"turns":3},{"damage":1,"enemies":"2 Fungi Beasts","floor":10,"turns":3},{"damage":8,"enemies":"Lagavulin","floor":11,"turns":6},{"damage":3,"enemies":"Exordium Thugs","floor":12,"turns":4},{"damage":10,"enemies":"3 Sentries","floor":14,"turns":5},{"damage":36,"enemies":"Slime Boss","floor":16,"turns":4}],"seed_played":"-7966223392125402908","potions_obtained":[{"floor":10,"key":"BottledMiracle"},{"floor":11,"key":"SkillPotion"}],"is_trial":false,"path_per_floor":["M","$","?","M","?","R","M","R","T","M","E","M","?","E","R","B"],"character_chosen":"WATCHER","items_purchased":["CrushJoints"],"campfire_rested":0,"item_purchase_floors":[2],"current_hp_per_floor":[61,61,61,45,45,45,45,45,45,44,36,33,33,23,23,0,0],"gold":255,"neow_bonus":"HUNDRED_GOLD","is_daily":false,"chose_seed":false,"campfire_upgraded":3,"win_rate":0.0,"timestamp":1612501628,"path_taken":["M","$","?","M","?","R","M","R","T","M","E","?","?","E","R","BOSS"],"items_purchased_type":["Card"],"build_version":"2020-12-22","purchased_purges":1,"victory":false,"max_hp_per_floor":[68,68,68,68,68,68,68,68,68,68,68,68,68,68,68,68,68],"relic_stats":{"Gremlin Horn":[3,3],"counters":[8,31],"obtain_stats":[{"Calipers":14,"Gremlin Horn":11,"PureWater":0},{"Calipers":7,"Gremlin Horn":5,"PureWater":0},{"Calipers":27,"Gremlin Horn":18,"PureWater":0}]},"card_choices":[{"not_picked":["WaveOfTheHand","JustLucky"],"picked":"Consecrate","floor":1},{"not_picked":["Swivel","ClearTheMind","Crescendo"],"picked":"SKIP","floor":4},{"not_picked":["Perseverance","Halt"],"picked":"EmptyBody","floor":7},{"not_picked":["Perseverance","Crescendo","Pray"],"picked":"SKIP","floor":10},{"not_picked":["Perseverance","Crescendo","Pray"],"picked":"SKIP","floor":10},{"not_picked":["SashWhip","Nirvana","Meditate"],"picked":"SKIP","floor":11},{"not_picked":["Consecrate","Fasting2","Protect"],"picked":"SKIP","floor":12},{"not_picked":["Wish","Halt"],"picked":"WheelKick","floor":14}],"player_experience":1648802,"relics_obtained":[{"floor":11,"key":"Gremlin Horn"},{"floor":14,"key":"Calipers"}],"event_choices":[{"damage_healed":0,"gold_gain":0,"cards_transformed":["Defend_P"],"player_choice":"Change","damage_taken":0,"max_hp_gain":0,"max_hp_loss":0,"event_name":"Living Wall","floor":3,"gold_loss":0,"cards_obtained":["MentalFortress"]},{"cards_removed":["Strike_P"],"damage_healed":0,"gold_gain":0,"player_choice":"Purged","damage_taken":0,"max_hp_gain":0,"max_hp_loss":0,"event_name":"Purifier","floor":5,"gold_loss":0},{"damage_healed":0,"gold_gain":0,"cards_transformed":["Strike_P"],"player_choice":"Transformed","damage_taken":0,"max_hp_gain":0,"max_hp_loss":0,"event_name":"Transmorgrifier","floor":13,"gold_loss":0,"cards_obtained":["EmptyMind"]}],"is_beta":false,"boss_relics":[],"items_purged_floors":[2],"is_endless":false,"potions_floor_spawned":[10,11],"killed_by":"Slime Boss","ascension_level":20}}