{"host":"1q02rw1wpi0nrsss","time":1612529663,"event":{"mods":["AchievementEnabler","BaseMod","Better Note","Custom Start","Dark Map","DeckTracker","Disable Question Mark Monsters","Hermit","Minty Spire (QoL Compilation)","Permanent Neow","Quick Restart","Rare Cards Sparkle","Relic Stats","StSLib","??????REMEMod"],"gold_per_floor":[117,117,97,113,129,129,157,157,182,31,81,95,126,141,141,246,246,263,337,353,364,279,279,204,239,263,274,274,199,199,219,219,315,315,330,330,330,330,330,330,410,310,310,328,328,339,368,380,380,380,380,380,82,111,111,111],"floor_reached":55,"language":"ENG","playtime":1727,"items_purged":["Strike_R","Strike_R+1"],"score":889,"play_id":"eadc9c8e-8746-48ab-888c-8f134da2fcda","local_time":"20210205045423","is_ascension_mode":true,"campfire_choices":[{"data":"Whirlwind","floor":6,"key":"SMITH"},{"data":"Shrug It Off","floor":8,"key":"SMITH"},{"data":"REME_ACTH","floor":15,"key":"SMITH"},{"data":"REME_TheLastStrike","floor":23,"key":"SMITH"},{"data":"Bash","floor":28,"key":"SMITH"},{"floor":30,"key":"REST"},{"floor":32,"key":"RECALL"},{"floor":40,"key":"REST"},{"floor":45,"key":"REST"},{"floor":49,"key":"REST"},{"floor":52,"key":"REST"}],"circlet_count":0,"master_deck":["Strike_R+1","Strike_R+1","Defend_R+1","Defend_R+1","Defend_R+1","Bash+1","LessonLearned+1","Shrug It Off+1","Whirlwind+1","Inflame+1","Shockwave+1","REME_ACTH+1","Sword Boomerang+1","REME_TheLastStrike+1","Metallicize+1","REME_Cut+1","Limit Break+1","Intimidate+1"],"relics":["Burning Blood","REME_ComplimentaryCards","Tiny Chest","Dream Catcher","Bag of Marbles","Strange Spoon","Oddly Smooth Stone","Frozen Egg 2","SlaversCollar","HornCleat","Gremlin Horn","Orichalcum","PreservedInsect","Black Star","Centennial Puzzle","Bottled Flame","Gambling Chip","Lantern","Pen Nib","Anchor","Vajra","Bottled Lightning"],"acts_visited":["Exordium","TheCity","TheBeyond","TheEnding"],"potions_floor_usage":[7,16,27,33,47,55,55],"damage_taken":[{"damage":2,"enemies":"Jaw Worm","floor":1,"turns":3},{"damage":0,"enemies":"2 Louse","floor":4,"turns":2},{"damage":0,"enemies":"Cultist","floor":5,"turns":3},{"damage":8,"enemies":"Gremlin Nob","floor":7,"turns":3},{"damage":1,"enemies":"Large Slime","floor":12,"turns":5},{"damage":20,"enemies":"3 Sentries","floor":13,"turns":8},{"damage":0,"enemies":"Red Slaver","floor":14,"turns":3},{"damage":0,"enemies":"Hexaghost","floor":16,"turns":6},{"damage":0,"enemies":"Spheric Guardian","floor":18,"turns":3},{"damage":10,"enemies":"Shell Parasite","floor":20,"turns":3},{"damage":13,"enemies":"Centurion and Healer","floor":21,"turns":5},{"damage":0,"enemies":"Gremlin Leader","floor":25,"turns":3},{"damage":7,"enemies":"Snake Plant","floor":27,"turns":3},{"damage":0,"enemies":"3 Cultists","floor":31,"turns":4},{"damage":14,"enemies":"Collector","floor":33,"turns":5},{"damage":16,"enemies":"3 Shapes","floor":35,"turns":1},{"damage":3,"enemies":"Orb Walker","floor":44,"turns":2},{"damage":12,"enemies":"Sphere and 2 Shapes","floor":46,"turns":4},{"damage":2,"enemies":"Nemesis","floor":47,"turns":5},{"damage":5,"enemies":"Jaw Worm Horde","floor":48,"turns":3},{"damage":57,"enemies":"Awakened One","floor":50,"turns":8},{"damage":27,"enemies":"Shield and Spear","floor":54,"turns":6},{"damage":79,"enemies":"The Heart","floor":55,"turns":5}],"seed_played":"3146966642632177715","potions_obtained":[{"floor":3,"key":"Strength Potion"},{"floor":7,"key":"BloodPotion"},{"floor":13,"key":"Strength Potion"},{"floor":14,"key":"SteroidPotion"},{"floor":20,"key":"BloodPotion"},{"floor":27,"key":"Fruit Juice"},{"floor":33,"key":"Dexterity Potion"},{"floor":46,"key":"SkillPotion"},{"floor":48,"key":"BlessingOfTheForge"},{"floor":54,"key":"FearPotion"}],"is_trial":false,"path_per_floor":["M","?","?","M","M","R","E","R","T","$","T","M","E","M","R","B",null,"M","T","M","M","?","R","$","E","T","M","R","?","R","M","R","B",null,"M","T","?","?","?","R","T","$","T","M","R","M","E","M","R","B",null,"R","$","E","B"],"character_chosen":"IRONCLAD","items_purchased":["Strange Spoon","Pen Nib","Anchor"],"campfire_rested":5,"item_purchase_floors":[10,53,53],"current_hp_per_floor":[80,64,64,70,76,76,74,74,74,74,74,79,65,71,71,77,80,80,80,76,69,69,69,69,75,75,79,79,79,85,85,85,77,85,75,75,75,75,75,81,81,81,81,81,81,75,79,80,81,30,81,81,81,60,0,0],"gold":111,"neow_bonus":"RANDOM_COMMON_RELIC","is_daily":false,"chose_seed":false,"campfire_upgraded":5,"win_rate":0.0,"timestamp":1612529663,"path_taken":["M","?","?","M","?","R","E","R","T","$","?","M","E","M","R","BOSS","M","?","M","M","?","R","$","E","T","M","R","?","R","M","R","BOSS","M","?","?","?","?","R","?","$","T","M","R","?","E","M","R","BOSS","R","$","E","BOSS"],"items_purchased_type":["Relic","Relic","Relic"],"build_version":"2020-12-22","purchased_purges":2,"victory":false,"max_hp_per_floor":[80,80,80,80,80,80,80,80,80,80,80,80,80,80,80,80,80,80,80,80,80,80,80,80,80,80,85,85,85,85,85,85,85,85,85,85,81,81,81,81,81,81,81,81,81,81,81,81,81,81,81,81,81,81,81,81],"relic_stats":{"Gremlin Horn":[14,14],"counters":[23,93],"PreservedInsect":115,"Pen Nib":[1],"Orichalcum":[42],"Burning Blood":113,"Strange Spoon":[60],"Dream Catcher":5,"Centennial Puzzle":[21],"Gambling Chip":[13],"Tiny Chest":3,"Black Star":2,"obtain_stats":[{"Lantern":47,"Gremlin Horn":22,"Oddly Smooth Stone":11,"Vajra":54,"PreservedInsect":26,"Pen Nib":53,"Frozen Egg 2":13,"Orichalcum":25,"Burning Blood":0,"Strange Spoon":10,"SlaversCollar":17,"Dream Catcher":7,"Centennial Puzzle":36,"Bottled Flame":41,"Anchor":53,"HornCleat":19,"Gambling Chip":47,"Tiny Chest":0,"Bag of Marbles":9,"Black Star":34,"Bottled Lightning":54,"REME_ComplimentaryCards":0},{"Lantern":19,"Gremlin Horn":11,"Oddly Smooth Stone":4,"Vajra":22,"PreservedInsect":12,"Pen Nib":21,"Frozen Egg 2":6,"Orichalcum":12,"Burning Blood":0,"Strange Spoon":4,"SlaversCollar":8,"Dream Catcher":4,"Centennial Puzzle":16,"Bottled Flame":16,"Anchor":21,"HornCleat":9,"Gambling Chip":19,"Tiny Chest":0,"Bag of Marbles":4,"Black Star":15,"Bottled Lightning":22,"REME_ComplimentaryCards":0},{"Lantern":71,"Gremlin Horn":44,"Oddly Smooth Stone":11,"Vajra":88,"PreservedInsect":47,"Pen Nib":82,"Frozen Egg 2":24,"Orichalcum":47,"Burning Blood":0,"Strange Spoon":11,"SlaversCollar":33,"Dream Catcher":11,"Centennial Puzzle":60,"Bottled Flame":60,"Anchor":82,"HornCleat":36,"Gambling Chip":71,"Tiny Chest":0,"Bag of Marbles":11,"Black Star":59,"Bottled Lightning":88,"REME_ComplimentaryCards":0}]},"card_choices":[{"not_picked":["Dual Wield","Sword Boomerang"],"picked":"Shrug It Off","floor":1},{"not_picked":["Seeing Red","Inflame"],"picked":"Whirlwind","floor":4},{"not_picked":["Flex","Perfected Strike"],"picked":"Inflame","floor":5},{"not_picked":["Inflame","Perfected Strike","Wild Strike"],"picked":"SKIP","floor":7},{"not_picked":["Flex","REME_Scribble"],"picked":"Shockwave","floor":12},{"not_picked":["Cleave","Dropkick"],"picked":"REME_ACTH","floor":13},{"not_picked":["Armaments","Clothesline"],"picked":"Sword Boomerang","floor":14},{"not_picked":["Corruption+1","Impervious"],"picked":"REME_TheLastStrike","floor":16},{"not_picked":["Warcry+1","Anger+1","Heavy Blade"],"picked":"SKIP","floor":18},{"not_picked":["Inflame+1","Body Slam"],"picked":"Metallicize+1","floor":20},{"not_picked":["Flame Barrier","Searing Blow+1","Anger+1"],"picked":"SKIP","floor":21},{"not_picked":["Second Wind","Battle Trance"],"picked":"REME_Cut+1","floor":25},{"not_picked":["Burning Pact+1","Inflame+1","Warcry+1"],"picked":"SKIP","floor":27},{"not_picked":["Shrug It Off","Anger","Fire Breathing+1"],"picked":"SKIP","floor":31},{"not_picked":["Brutality+1","Corruption+1"],"picked":"Limit Break","floor":33},{"not_picked":["Feel No Pain+1","Iron Wave","Warcry+1"],"picked":"SKIP","floor":35},{"not_picked":["Body Slam","Ghostly Armor","Sword Boomerang"],"picked":"SKIP","floor":44},{"not_picked":["Flex+1","Thunderclap","Pommel Strike+1"],"picked":"SKIP","floor":46},{"not_picked":["Clash+1","Perfected Strike+1","Clothesline+1"],"picked":"SKIP","floor":47},{"not_picked":["REME_ACTH","Rage+1","True Grit"],"picked":"SKIP","floor":48},{"not_picked":["Heavy Blade+1","Pommel Strike"],"picked":"Intimidate+1","floor":49},{"not_picked":["Rage+1","Sword Boomerang","Heavy Blade+1"],"picked":"SKIP","floor":54}],"player_experience":83809,"relics_obtained":[{"floor":7,"key":"Dream Catcher"},{"floor":9,"key":"Bag of Marbles"},{"floor":11,"key":"Oddly Smooth Stone"},{"floor":13,"key":"Frozen Egg 2"},{"floor":19,"key":"HornCleat"},{"floor":25,"key":"Orichalcum"},{"floor":26,"key":"PreservedInsect"},{"floor":36,"key":"Centennial Puzzle"},{"floor":41,"key":"Bottled Flame"},{"floor":47,"key":"Gambling Chip"},{"floor":47,"key":"Lantern"},{"floor":54,"key":"Vajra"},{"floor":54,"key":"Bottled Lightning"}],"event_choices":[{"damage_healed":0,"gold_gain":0,"player_choice":"Entered Light","damage_taken":16,"max_hp_gain":0,"max_hp_loss":0,"event_name":"Shining Light","floor":2,"gold_loss":0,"cards_upgraded":["Defend_R","Strike_R"]},{"damage_healed":0,"gold_gain":0,"player_choice":"Bought 1 Potion","damage_taken":0,"max_hp_gain":0,"max_hp_loss":0,"event_name":"The Woman in Blue","floor":3,"gold_loss":0},{"damage_healed":0,"gold_gain":0,"player_choice":"Obtained Relic","damage_taken":0,"relics_obtained":["Gremlin Horn"],"max_hp_gain":0,"max_hp_loss":0,"event_name":"Addict","floor":22,"gold_loss":85},{"cards_removed":["Strike_R"],"damage_healed":0,"gold_gain":0,"player_choice":"Gave Gold","damage_taken":0,"max_hp_gain":0,"max_hp_loss":0,"event_name":"Beggar","floor":29,"gold_loss":75},{"damage_healed":0,"gold_gain":0,"player_choice":"Max HP","damage_taken":0,"max_hp_gain":0,"max_hp_loss":4,"event_name":"Winding Halls","floor":37,"gold_loss":0},{"cards_removed":["Defend_R"],"damage_healed":0,"gold_gain":0,"player_choice":"Removed Skill","damage_taken":0,"max_hp_gain":0,"max_hp_loss":0,"event_name":"Falling","floor":38,"gold_loss":0},{"damage_healed":0,"gold_gain":0,"player_choice":"Ignored","damage_taken":0,"max_hp_gain":0,"max_hp_loss":0,"event_name":"Tomb of Lord Red Mask","floor":39,"gold_loss":0}],"is_beta":false,"boss_relics":[{"not_picked":["Snecko Eye","Mark of Pain"],"picked":"SlaversCollar"},{"not_picked":["Runic Cube","Calling Bell"],"picked":"Black Star"}],"items_purged_floors":[24,42],"is_endless":false,"potions_floor_spawned":[7,13,14,20,27,33,46,48,54],"killed_by":"The Heart","ascension_level":3}}