{"host":"bpnwh7vpv9k3tssc","time":1612534585,"event":{"mods":["BaseMod","Colored Map","Colored Powertips","Curses Come First","Highlight Path","Minty Spire (QoL Compilation)","Quick Restart","Random Character Button","Relic Sorter","StSLib"],"gold_per_floor":[110,160,173,12,12,39,39,71,98,98,23,23,57,73,73,150,150,121,121,21,38,88,88,119,119,119,119,144,144,59,94,94,168,218,232,243,118,118,129,129,149,179,205,58,58,358,358,378,378,378],"floor_reached":51,"language":"ENG","playtime":2096,"items_purged":["Strike_R","Writhe","Strike_R"],"score":1316,"play_id":"d02a4e4a-0493-4374-9d2c-fa294ca5eaa7","local_time":"20210205151625","is_ascension_mode":true,"campfire_choices":[{"data":"Body Slam","floor":7,"key":"SMITH"},{"floor":10,"key":"REST"},{"data":"Flame Barrier","floor":12,"key":"SMITH"},{"floor":15,"key":"REST"},{"data":"True Grit","floor":23,"key":"SMITH"},{"data":"Juggernaut","floor":25,"key":"SMITH"},{"data":"Armaments","floor":32,"key":"SMITH"},{"data":"Impervious","floor":40,"key":"SMITH"},{"data":"Entrench","floor":49,"key":"SMITH"}],"circlet_count":0,"master_deck":["AscendersBane","Strike_R","Defend_R","Defend_R","Defend_R","Defend_R","Bash","Flame Barrier+1","Body Slam+1","Impervious","Bloodletting","Shockwave+1","Ghostly Armor","Juggernaut+1","Body Slam+1","True Grit+1","Armaments+1","Dark Embrace+1","Impervious+1","True Grit+1","Metallicize+1","Good Instincts","Warcry+1","Entrench+1"],"relics":["Burning Blood","Oddly Smooth Stone","Nunchaku","Bronze Scales","Bottled Flame","Velvet Choker","Frozen Egg 2","Juzu Bracelet","Bottled Tornado","Bag of Marbles","Singing Bowl","Question Card","Tiny House","Pear","Strange Spoon","The Courier"],"acts_visited":["Exordium","TheCity","TheBeyond"],"potions_floor_usage":[8,16,24,24,24,33,42,50],"damage_taken":[{"damage":2,"enemies":"Jaw Worm","floor":1,"turns":5},{"damage":11,"enemies":"Cultist","floor":3,"turns":5},{"damage":39,"enemies":"Lagavulin","floor":6,"turns":8},{"damage":30,"enemies":"3 Sentries","floor":8,"turns":11},{"damage":19,"enemies":"Gremlin Nob","floor":13,"turns":5},{"damage":0,"enemies":"Small Slimes","floor":14,"turns":3},{"damage":24,"enemies":"The Guardian","floor":16,"turns":12},{"damage":18,"enemies":"2 Thieves","floor":18,"turns":5},{"damage":12,"enemies":"3 Byrds","floor":21,"turns":3},{"damage":4,"enemies":"Gremlin Leader","floor":24,"turns":9},{"damage":11,"enemies":"Book of Stabbing","floor":28,"turns":5},{"damage":10,"enemies":"Gremlin Leader","floor":31,"turns":5},{"damage":33,"enemies":"Collector","floor":33,"turns":10},{"damage":2,"enemies":"3 Shapes","floor":35,"turns":6},{"damage":0,"enemies":"Orb Walker","floor":36,"turns":4},{"damage":3,"enemies":"3 Darklings","floor":39,"turns":5},{"damage":23,"enemies":"4 Shapes","floor":41,"turns":4},{"damage":19,"enemies":"Giant Head","floor":42,"turns":10},{"damage":9,"enemies":"Sphere and 2 Shapes","floor":48,"turns":6},{"damage":88,"enemies":"Donu and Deca","floor":50,"turns":14}],"seed_played":"6137903318537509886","potions_obtained":[{"floor":1,"key":"SkillPotion"},{"floor":13,"key":"ColorlessPotion"},{"floor":16,"key":"EntropicBrew"},{"floor":21,"key":"Strength Potion"},{"floor":28,"key":"EntropicBrew"},{"floor":34,"key":"PowerPotion"},{"floor":42,"key":"FairyPotion"},{"floor":45,"key":"Regen Potion"}],"is_trial":false,"path_per_floor":["M","?","M","$","?","E","R","E","T","R","$","R","E","M","R","B",null,"M","?","$","M","?","R","E","R","T","?","E","?","?","E","R","B",null,"M","M","$","?","M","R","M","E","T","$","?","?","?","M","R","B",null],"character_chosen":"IRONCLAD","items_purchased":["Impervious","Strange Spoon"],"campfire_rested":2,"item_purchase_floors":[4,44],"current_hp_per_floor":[72,72,67,67,67,34,34,10,10,32,32,32,19,25,47,29,64,52,52,52,46,46,46,48,48,48,48,43,43,43,41,41,14,66,70,78,78,78,83,83,66,65,65,65,65,65,65,62,62,35],"gold":378,"neow_bonus":"TRANSFORM_CARD","is_daily":false,"chose_seed":false,"campfire_upgraded":7,"win_rate":0.0,"timestamp":1612534585,"path_taken":["M","?","M","?","?","E","R","E","T","R","$","R","E","M","R","BOSS","M","?","$","M","?","R","E","R","T","?","E","?","?","E","R","BOSS","M","M","$","?","M","R","M","E","T","$","?","?","?","M","R","BOSS"],"items_purchased_type":["Card","Relic"],"build_version":"2020-12-22","purchased_purges":3,"victory":true,"max_hp_per_floor":[75,75,75,75,75,75,75,75,75,75,75,75,75,75,75,75,75,75,75,75,75,75,75,75,75,75,75,75,75,75,77,77,77,82,82,84,84,84,86,86,86,98,98,98,98,98,98,98,98,98],"card_choices":[{"not_picked":["Sword Boomerang","Pummel"],"picked":"Rage","floor":1},{"not_picked":["Heavy Blade","Sword Boomerang"],"picked":"Body Slam","floor":3},{"not_picked":["Perfected Strike","Sword Boomerang","Havoc"],"picked":"SKIP","floor":6},{"not_picked":["Infernal Blade","Iron Wave"],"picked":"Warcry","floor":8},{"not_picked":["Clothesline","Sword Boomerang"],"picked":"Shockwave","floor":13},{"not_picked":["Wild Strike","Bloodletting"],"picked":"Ghostly Armor","floor":14},{"not_picked":["Limit Break","Brutality"],"picked":"Juggernaut","floor":16},{"not_picked":["Shrug It Off","Iron Wave"],"picked":"Body Slam+1","floor":18},{"not_picked":["Iron Wave","Warcry"],"picked":"True Grit","floor":21},{"not_picked":["Power Through","Clothesline","Battle Trance"],"picked":"SKIP","floor":24},{"not_picked":["Clash","Havoc"],"picked":"Dark Embrace+1","floor":28},{"not_picked":["Second Wind","Burning Pact","Infernal Blade"],"picked":"Singing Bowl","floor":31},{"not_picked":["Offering","Corruption+1","Limit Break"],"picked":"Impervious","floor":33},{"not_picked":["Dropkick+1","Cleave","Pummel"],"picked":"True Grit+1","floor":34},{"not_picked":["Sword Boomerang","Blood for Blood","Thunderclap"],"picked":"Metallicize+1","floor":35},{"not_picked":["Iron Wave","Bloodletting","Clash","Sword Boomerang+1"],"picked":"Singing Bowl","floor":36},{"not_picked":["Apotheosis","Panacea","Swift Strike"],"picked":"Good Instincts","floor":38},{"not_picked":["Headbutt","Pommel Strike+1","Whirlwind","Sword Boomerang"],"picked":"Singing Bowl","floor":39},{"not_picked":["Rampage","Flex","Dropkick"],"picked":"Warcry+1","floor":41},{"not_picked":["Disarm+1","Evolve+1","Dual Wield","Twin Strike"],"picked":"Singing Bowl","floor":42},{"not_picked":["Clothesline","Perfected Strike","Seeing Red+1"],"picked":"Entrench","floor":48}],"player_experience":357176,"relics_obtained":[{"floor":6,"key":"Oddly Smooth Stone"},{"floor":8,"key":"Nunchaku"},{"floor":9,"key":"Bronze Scales"},{"floor":13,"key":"Bottled Flame"},{"floor":24,"key":"Juzu Bracelet"},{"floor":26,"key":"Bottled Tornado"},{"floor":28,"key":"Bag of Marbles"},{"floor":31,"key":"Question Card"},{"floor":42,"key":"Pear"}],"event_choices":[{"damage_healed":0,"gold_gain":50,"player_choice":"Pray","damage_taken":0,"max_hp_gain":0,"max_hp_loss":0,"event_name":"Golden Shrine","floor":2,"gold_loss":0},{"damage_healed":0,"gold_gain":0,"cards_transformed":["Rage"],"player_choice":"Change","damage_taken":0,"max_hp_gain":0,"max_hp_loss":0,"event_name":"Living Wall","floor":5,"gold_loss":0,"cards_obtained":["Bloodletting"]},{"damage_healed":0,"gold_gain":0,"player_choice":"Opened","damage_taken":0,"relics_obtained":["Frozen Egg 2"],"max_hp_gain":0,"max_hp_loss":0,"event_name":"The Mausoleum","floor":19,"gold_loss":0,"cards_obtained":["Writhe"]},{"damage_healed":0,"gold_gain":50,"player_choice":"Stole From Cult","damage_taken":0,"max_hp_gain":0,"max_hp_loss":0,"event_name":"Nest","floor":22,"gold_loss":0},{"damage_healed":0,"gold_gain":0,"player_choice":"Read","damage_taken":0,"max_hp_gain":0,"max_hp_loss":0,"event_name":"The Library","floor":27,"gold_loss":0,"cards_obtained":["Armaments"]},{"cards_removed":["Strike_R"],"damage_healed":0,"gold_gain":0,"player_choice":"Elegance","damage_taken":0,"max_hp_gain":0,"max_hp_loss":0,"event_name":"Back to Basics","floor":29,"gold_loss":0},{"damage_healed":0,"gold_gain":0,"player_choice":"Obtained Relic","damage_taken":0,"relics_obtained":["Singing Bowl"],"max_hp_gain":0,"max_hp_loss":0,"event_name":"Addict","floor":30,"gold_loss":85},{"damage_healed":0,"gold_gain":0,"player_choice":"Memory 1","damage_taken":0,"max_hp_gain":0,"max_hp_loss":0,"event_name":"SensoryStone","floor":38,"gold_loss":0},{"damage_healed":0,"gold_gain":0,"player_choice":"Got Potions","damage_taken":0,"max_hp_gain":0,"max_hp_loss":0,"event_name":"Lab","floor":45,"gold_loss":0},{"damage_healed":0,"gold_gain":300,"player_choice":"Gold","damage_taken":0,"max_hp_gain":0,"max_hp_loss":0,"event_name":"Wheel of Change","floor":46,"gold_loss":0},{"cards_removed":["Warcry"],"damage_healed":0,"gold_gain":0,"player_choice":"Gave Card","damage_taken":0,"relics_obtained":["The Courier"],"max_hp_gain":0,"max_hp_loss":0,"event_name":"WeMeetAgain","floor":47,"gold_loss":0}],"is_beta":false,"boss_relics":[{"not_picked":["Ectoplasm","Philosopher\u0027s Stone"],"picked":"Velvet Choker"},{"not_picked":["Runic Cube","SacredBark"],"picked":"Tiny House"}],"items_purged_floors":[11,20,37],"is_endless":false,"potions_floor_spawned":[1,13,16,21,28,36,41,42],"ascension_level":15}}