{"host":"gttgmv2wah99hzdm","time":1612565907,"event":{"mods":["AchievementEnabler","BaseMod","Bestiary","Block Reminder","Filter the Spire","Jorbs\u0027s Wanderer Trilogy","Minty Spire (QoL Compilation)","Relic Stats","StSLib","Weighted Paths","ojb\u0027s Info Mod"],"gold_per_floor":[213,288,213,69,69,69,103,103,179,179,198,198,208,208,277,277,277],"floor_reached":30,"language":"ENG","playtime":1305,"items_purged":[],"score":532,"play_id":"90c8863c-f1ad-4401-a848-e358d844093c","local_time":"20210205165827","is_ascension_mode":true,"campfire_choices":[{"data":"stsjorbsmod:CULLCard","floor":8.0,"key":"SMITH"},{"data":"stsjorbsmod:Double","floor":28,"key":"SMITH"}],"circlet_count":0,"master_deck":["AscendersBane","stsjorbsmod:CULLCard+1","stsjorbsmod:Apparition_Cull","stsjorbsmod:Strike_Cull","stsjorbsmod:Strike_Cull","stsjorbsmod:Strike_Cull","stsjorbsmod:Strike_Cull","stsjorbsmod:Paralysis","stsjorbsmod:SpiritShield_Cull","stsjorbsmod:Exhale","stsjorbsmod:Withering","stsjorbsmod:MirroredTechnique","stsjorbsmod:RepressedMemory","stsjorbsmod:Discordance","stsjorbsmod:SilverStrike","stsjorbsmod:Double+1","stsjorbsmod:Wail","stsjorbsmod:Sentinel_Cull","stsjorbsmod:DemonicCoup","stsjorbsmod:Sacrifice","stsjorbsmod:Wail","stsjorbsmod:Equinox","stsjorbsmod:Commune"],"relics":["stsjorbsmod:BookOfTrialsRelic","Gambling Chip","InkBottle","Mummified Hand","Coffee Dripper","Molten Egg 2"],"acts_visited":["Exordium","TheCity"],"potions_floor_usage":[25,30],"damage_taken":[{"damage":2.0,"enemies":"Jaw Worm","floor":1.0,"turns":2.0},{"damage":25.0,"enemies":"3 Sentries","floor":10.0,"turns":7.0},{"damage":0.0,"enemies":"Hexaghost","floor":18.0,"turns":2.0},{"damage":0,"enemies":"Chosen","floor":21,"turns":3},{"damage":5,"enemies":"Shell Parasite","floor":25,"turns":4},{"damage":38,"enemies":"Slavers","floor":30,"turns":3}],"seed_played":"-2070466855906438669","potions_obtained":[{"floor":18.0,"key":"Strength Potion"},{"floor":25,"key":"AttackPotion"}],"is_trial":false,"path_per_floor":["M","?","?","$","R","T","E","R","B",null,"M","?","M","R","T","E"],"character_chosen":"CULL","items_purchased":["stsjorbsmod:SilverStrike","stsjorbsmod:Double"],"campfire_rested":0,"item_purchase_floors":[7,7],"current_hp_per_floor":[52,41,41,41,41,41,16,34,34,45,45,45,38,38,38,0,0],"gold":277,"neow_bonus":"ONE_RARE_RELIC","is_daily":false,"chose_seed":false,"campfire_upgraded":2,"win_rate":0.0,"timestamp":1612565907,"path_taken":["M","?","?","$","R","T","E","R","BOSS","M","?","M","R","T","E"],"items_purchased_type":["Card","Card"],"build_version":"2020-12-22","purchased_purges":0,"victory":false,"max_hp_per_floor":[58,58,58,58,58,58,47,50,49,49,46,46,39,39,39,32,32],"relic_stats":{"counters":[6,21],"Mummified Hand":[2],"Gambling Chip":[16],"obtain_stats":[{"stsjorbsmod:BookOfTrialsRelic":0,"Mummified Hand":10,"Gambling Chip":0,"Molten Egg 2":29,"Coffee Dripper":20,"InkBottle":9},{"stsjorbsmod:BookOfTrialsRelic":0,"Mummified Hand":2,"Gambling Chip":0,"Molten Egg 2":5,"Coffee Dripper":3,"InkBottle":1},{"stsjorbsmod:BookOfTrialsRelic":0,"Mummified Hand":9,"Gambling Chip":0,"Molten Egg 2":18,"Coffee Dripper":11,"InkBottle":2}],"InkBottle":[8]},"card_choices":[{"not_picked":["stsjorbsmod:ChillTouch","stsjorbsmod:WastingStrike"],"picked":"stsjorbsmod:Discordance","floor":1.0},{"not_picked":["stsjorbsmod:Concentrate","stsjorbsmod:ChillTouch"],"picked":"stsjorbsmod:Wail","floor":10.0},{"not_picked":["stsjorbsmod:Clarify","stsjorbsmod:FalseBlessings"],"picked":"stsjorbsmod:Sentinel_Cull","floor":18.0},{"not_picked":["stsjorbsmod:ChillTouch","stsjorbsmod:FocusedRage+1"],"picked":"stsjorbsmod:Wail","floor":21},{"not_picked":["stsjorbsmod:Haunt","stsjorbsmod:Discordance"],"picked":"stsjorbsmod:Commune","floor":25}],"player_experience":1201890,"relics_obtained":[{"floor":9.0,"key":"InkBottle"},{"floor":10.0,"key":"Mummified Hand"},{"floor":29,"key":"Molten Egg 2"}],"event_choices":[{"damage_healed":0.0,"max_hp_gain":0.0,"max_hp_loss":0.0,"gold_gain":75.0,"event_name":"World of Goop","player_choice":"Gather Gold","floor":3.0,"gold_loss":0.0,"damage_taken":11.0},{"cards_removed":["stsjorbsmod:Procrastination"],"damage_healed":0.0,"max_hp_gain":0.0,"max_hp_loss":0.0,"gold_gain":0.0,"event_name":"The Cleric","player_choice":"Card Removal","floor":5.0,"gold_loss":75.0,"damage_taken":0.0},{"damage_healed":0,"gold_gain":0,"player_choice":"Read","damage_taken":0,"max_hp_gain":0,"max_hp_loss":0,"event_name":"The Library","floor":23,"gold_loss":0,"cards_obtained":["stsjorbsmod:Equinox"]}],"is_beta":false,"boss_relics":[{"not_picked":["SlaversCollar","Sozu"],"picked":"Coffee Dripper"}],"items_purged_floors":[],"is_endless":false,"potions_floor_spawned":[18,25],"killed_by":"Slavers","ascension_level":20}}