{"host":"jx3f6ezc0g3s9edc","time":1612494014,"event":{"mods":["AchievementEnabler","BaseMod","Bestiary","Colored Map","Highlight Path","Minty Spire (QoL Compilation)","StSLib"],"gold_per_floor":[119,119,129,140,150,179,24,24,24,24,35,35,55,69,69,169,169,179,179,27,27,27,54,66,66,111,111,111,137,137,156,156,252,252,269,41,51,71,346,346,380,44,71,84,95,95,370,385,385,385,385],"floor_reached":50,"language":"ENG","playtime":3393,"items_purged":["Strike_G"],"score":587,"play_id":"b6bfca33-9ad2-4c05-9166-bdf0bf65ccba","local_time":"20210204220014","is_ascension_mode":false,"campfire_choices":[{"data":"Crippling Poison","floor":8.0,"key":"SMITH"},{"data":"Dagger Spray","floor":10.0,"key":"SMITH"},{"data":"Footwork","floor":15.0,"key":"SMITH"},{"floor":25.0,"key":"REST"},{"data":"Accuracy","floor":27.0,"key":"SMITH"},{"floor":30.0,"key":"REST"},{"floor":32.0,"key":"REST"},{"data":"Envenom","floor":40.0,"key":"SMITH"},{"floor":46.0,"key":"RECALL"},{"floor":49.0,"key":"REST"}],"circlet_count":0,"master_deck":["Strike_G","Strike_G","Strike_G","Strike_G","Defend_G","Defend_G","Defend_G+1","Defend_G","Defend_G","Survivor+1","Neutralize","Crippling Poison+1","Poisoned Stab","Flying Knee","Burst","Dagger Spray+1","Catalyst+1","Blade Dance","Footwork+1","Wraith Form v2","PiercingWail+1","Necronomicurse","Accuracy+1","Blade Dance","Cloak And Dagger","Deflect+1","Envenom+1","Blur+1","Footwork+1","PiercingWail+1","Crippling Poison+1","Backflip","Acrobatics","Terror","Backflip+1"],"relics":["Ring of the Serpent","Ancient Tea Set","Lantern","Matryoshka","OrangePellets","Pear","War Paint","Necronomicon","Medical Kit","Boot","Toy Ornithopter","Sundial","Sozu","Omamori","Ornamental Fan","Kunai","Centennial Puzzle"],"acts_visited":["Exordium","TheCity","TheBeyond"],"potions_floor_usage":[],"damage_taken":[{"damage":4.0,"enemies":"Jaw Worm","floor":1.0,"turns":5.0},{"damage":0.0,"enemies":"Cultist","floor":3.0,"turns":3.0},{"damage":0.0,"enemies":"2 Louse","floor":4.0,"turns":2.0},{"damage":1.0,"enemies":"Exordium Thugs","floor":5.0,"turns":4.0},{"damage":23.0,"enemies":"Lagavulin","floor":6.0,"turns":7.0},{"damage":0.0,"enemies":"Exordium Wildlife","floor":11.0,"turns":2.0},{"damage":0.0,"enemies":"2 Fungi Beasts","floor":13.0,"turns":2.0},{"damage":3.0,"enemies":"Gremlin Gang","floor":14.0,"turns":4.0},{"damage":20.0,"enemies":"Slime Boss","floor":16.0,"turns":5.0},{"damage":5.0,"enemies":"3 Byrds","floor":18.0,"turns":3.0},{"damage":43.0,"enemies":"Gremlin Leader","floor":23.0,"turns":7.0},{"damage":1.0,"enemies":"Chosen","floor":24.0,"turns":4.0},{"damage":22.0,"enemies":"Slavers","floor":29.0,"turns":6.0},{"damage":17.0,"enemies":"Snake Plant","floor":31.0,"turns":5.0},{"damage":53.0,"enemies":"Champ","floor":33.0,"turns":10.0},{"damage":15.0,"enemies":"Orb Walker","floor":35.0,"turns":4.0},{"damage":0.0,"enemies":"3 Shapes","floor":37.0,"turns":6.0},{"damage":6.0,"enemies":"Jaw Worm Horde","floor":38.0,"turns":4.0},{"damage":7.0,"enemies":"Nemesis","floor":41.0,"turns":7.0},{"damage":4.0,"enemies":"Spire Growth","floor":44.0,"turns":6.0},{"damage":3.0,"enemies":"Sphere and 2 Shapes","floor":45.0,"turns":7.0},{"damage":12.0,"enemies":"3 Darklings","floor":48.0,"turns":4.0},{"damage":66,"enemies":"Time Eater","floor":50,"turns":12}],"seed_played":"4859970181293467528","potions_obtained":[{"floor":1.0,"key":"FearPotion"},{"floor":4.0,"key":"FearPotion"},{"floor":11.0,"key":"CunningPotion"},{"floor":16.0,"key":"Poison Potion"},{"floor":24.0,"key":"EntropicBrew"},{"floor":31.0,"key":"Block Potion"}],"is_trial":false,"path_per_floor":["M","?","M","M","M","E","$","R","T","R","M","?","M","M","R","B",null,"M","?","$","?","$","E","M","R","T","R","?","E","R","M","R","B",null,"M","$","M","M","?","R","E","$","T","M","M","R","?","M","R","B"],"character_chosen":"THE_SILENT","items_purchased":["OrangePellets","Medical Kit","Omamori","Kunai","Backflip","Acrobatics"],"campfire_rested":4,"item_purchase_floors":[7,20,36,42,42,42],"current_hp_per_floor":[66,66,66,66,65,42,42,42,52,52,52,52,52,49,49,29,80,75,59,59,59,59,16,15,39,39,39,39,22,46,29,53,15,80,65,65,65,59,59,59,52,52,52,48,45,45,45,33,57,0,0],"gold":385,"neow_bonus":"RANDOM_COMMON_RELIC","is_daily":false,"chose_seed":false,"campfire_upgraded":5,"win_rate":0.0,"timestamp":1612494014,"path_taken":["M","?","M","?","M","E","?","R","T","R","M","?","M","M","R","BOSS","M","?","$","?","?","E","M","R","T","R","?","E","R","?","R","BOSS","M","$","?","M","?","R","E","$","T","M","?","R","?","?","R","BOSS"],"items_purchased_type":["Relic","Relic","Relic","Relic","Card","Card"],"build_version":"2020-12-22","purchased_purges":1,"victory":false,"max_hp_per_floor":[70,70,70,70,70,70,70,70,80,80,80,80,80,80,80,80,80,80,80,80,80,80,80,80,80,80,80,80,80,80,80,80,80,80,80,80,80,80,80,80,80,80,80,80,80,80,80,80,80,80,80],"card_choices":[{"not_picked":["Dodge and Roll","Sucker Punch"],"picked":"Crippling Poison","floor":1.0},{"not_picked":["Cloak And Dagger","Backflip"],"picked":"Poisoned Stab","floor":3.0},{"not_picked":["Escape Plan","Dagger Throw"],"picked":"Flying Knee","floor":4.0},{"not_picked":["Poisoned Stab","Bane"],"picked":"Burst","floor":5.0},{"not_picked":["Underhanded Strike","Calculated Gamble"],"picked":"Dagger Spray","floor":6.0},{"not_picked":["Blur","Bane"],"picked":"Catalyst","floor":11.0},{"not_picked":["Dagger Spray","Sucker Punch"],"picked":"Blade Dance","floor":13.0},{"not_picked":["Predator","Dodge and Roll"],"picked":"Footwork","floor":14.0},{"not_picked":["Adrenaline","Phantasmal Killer"],"picked":"Wraith Form v2","floor":16.0},{"not_picked":["Distraction","Dodge and Roll"],"picked":"PiercingWail+1","floor":18.0},{"not_picked":["Setup","Dodge and Roll"],"picked":"Accuracy","floor":23.0},{"not_picked":["Quick Slash","Night Terror"],"picked":"Blade Dance","floor":24.0},{"not_picked":["Riddle With Holes","Slice"],"picked":"Cloak And Dagger","floor":29.0},{"not_picked":["Flying Knee","Underhanded Strike+1"],"picked":"Deflect+1","floor":31.0},{"not_picked":["Adrenaline","Doppelganger"],"picked":"Envenom","floor":33.0},{"not_picked":["Concentrate+1","All Out Attack"],"picked":"Blur+1","floor":35.0},{"not_picked":["Underhanded Strike+1","Well Laid Plans+1"],"picked":"Footwork+1","floor":37.0},{"not_picked":["Caltrops","Setup"],"picked":"PiercingWail+1","floor":38.0},{"not_picked":["Heel Hook","Masterful Stab"],"picked":"Crippling Poison+1","floor":41.0},{"not_picked":["Heel Hook","Eviscerate"],"picked":"Terror","floor":44.0},{"not_picked":["Dagger Throw","Concentrate"],"picked":"Backflip+1","floor":45.0},{"not_picked":["Quick Slash+1","Outmaneuver+1","Dagger Spray"],"picked":"SKIP","floor":48.0}],"player_experience":823837,"relics_obtained":[{"floor":6.0,"key":"Matryoshka"},{"floor":9.0,"key":"Pear"},{"floor":9.0,"key":"War Paint"},{"floor":19.0,"key":"Necronomicon"},{"floor":23.0,"key":"Boot"},{"floor":26.0,"key":"Toy Ornithopter"},{"floor":29.0,"key":"Sundial"},{"floor":41.0,"key":"Ornamental Fan"},{"floor":43.0,"key":"Centennial Puzzle"}],"event_choices":[{"damage_healed":0.0,"max_hp_gain":0.0,"max_hp_loss":0.0,"gold_gain":0.0,"event_name":"WeMeetAgain","player_choice":"Gave Potion","floor":2.0,"gold_loss":0.0,"damage_taken":0.0,"relics_obtained":["Lantern"]},{"damage_healed":0.0,"max_hp_gain":0.0,"max_hp_loss":0.0,"gold_gain":0.0,"event_name":"Upgrade Shrine","player_choice":"Upgraded","floor":12.0,"gold_loss":0.0,"damage_taken":0.0,"cards_upgraded":["Catalyst"]},{"damage_healed":0.0,"max_hp_gain":0.0,"max_hp_loss":0.0,"gold_gain":0.0,"event_name":"Cursed Tome","player_choice":"Obtained Book","floor":19.0,"gold_loss":0.0,"damage_taken":16.0},{"damage_healed":0.0,"max_hp_gain":0.0,"max_hp_loss":0.0,"gold_gain":0.0,"event_name":"N\u0027loth","player_choice":"Ignored","floor":28.0,"gold_loss":0.0,"damage_taken":0.0},{"damage_healed":0.0,"max_hp_gain":0.0,"max_hp_loss":0.0,"gold_gain":275.0,"event_name":"Golden Shrine","player_choice":"Desecrate","floor":39.0,"gold_loss":0.0,"damage_taken":0.0,"cards_obtained":["Regret"]},{"damage_healed":0.0,"max_hp_gain":0.0,"max_hp_loss":0.0,"gold_gain":275.0,"event_name":"Golden Shrine","player_choice":"Desecrate","floor":47.0,"gold_loss":0.0,"damage_taken":0.0,"cards_obtained":["Regret"]}],"is_beta":false,"boss_relics":[{"not_picked":["SacredBark","Busted Crown"],"picked":"Ring of the Serpent"},{"not_picked":["Black Star","Philosopher\u0027s Stone"],"picked":"Sozu"}],"items_purged_floors":[36],"is_endless":false,"potions_floor_spawned":[1,4,11,16,24,29,31,38,44,45,48],"killed_by":"Time Eater","ascension_level":0}}