{"host":"bvp2uifzy1c463d9","time":1612500840,"event":{"mods":["AchievementEnabler","BaseMod","Block Reminder","ChefMod","Colored Map","Colored Powertips","Hermit","Highlight Path","Infinite Spire","Minty Spire (QoL Compilation)","Random Character Button","Relic Stats","Reliquary","Replay The Spire","StSLib","The Jungle","The Servant 0.9.4"],"gold_per_floor":[117,136,150,164,174,205,205,216,216,216,216,231,260,275,275,380,380,367,379,379,401,18,44,44,44,44,44,79,25,25,25,25],"floor_reached":31,"language":"ENG","playtime":2490,"items_purged":["hermit:Maintenance"],"score":301,"play_id":"eb12b1be-373d-4657-a265-a3fffe060958","local_time":"20210204225400","is_ascension_mode":true,"campfire_choices":[{"data":"hermit:TakeAim","floor":7,"key":"SMITH"},{"data":"hermit:Dive","floor":11,"key":"SMITH"},{"floor":15,"key":"REST"},{"data":"hermit:FlashPowder","floor":15,"key":"SMITH"},{"floor":25,"key":"REST"},{"data":"hermit:Roughhouse","floor":25,"key":"SMITH"},{"floor":27,"key":"REST"},{"data":"hermit:GhostlyPresence","floor":27,"key":"SMITH"}],"circlet_count":0,"master_deck":["hermit:Snapshot","hermit:Covet","hermit:Determination","hermit:Dive+1","hermit:ItchyTrigger","hermit:Enervate+1","hermit:TakeAim+1","hermit:CalledShot","hermit:Snipe","hermit:Desperado","hermit:FlashPowder+1","hermit:GhostlyPresence+1","hermit:HeroicBravado","hermit:PistolWhip","hermit:EyeOfTheStorm","hermit:Malice","hermit:Midnight","hermit:Shortfuse","hermit:LoneWolf","hermit:Glare","hermit:Scavenge","CommonCold","hermit:Quickdraw","hermit:Roughhouse+1","hermit:LowProfile","hermit:Vantage","hermit:Coalescence"],"relics":["Philosopher\u0027s Stone","Whetstone","Frozen Egg 2","infinitespire:Magic Flask","Pandora\u0027s Box","ReplayTheSpireMod:Ring of Sloth","Lantern","Juzu Bracelet","Shovel","Replay:Bottled Flurry","Question Card"],"acts_visited":["Exordium","TheCity"],"potions_floor_usage":[16,18,18,23,28,31],"damage_taken":[{"damage":4,"enemies":"infinitespire:Voidling","floor":1,"turns":4},{"damage":0,"enemies":"Small Slimes","floor":2,"turns":3},{"damage":0,"enemies":"Cultist","floor":3,"turns":4},{"damage":5,"enemies":"Gremlin Gang","floor":4,"turns":5},{"damage":0,"enemies":"Blue Slaver","floor":5,"turns":2},{"damage":5,"enemies":"Replay:BlueRogue","floor":6,"turns":6},{"damage":0,"enemies":"Large Slime","floor":8,"turns":3},{"damage":7,"enemies":"3 Louse","floor":12,"turns":3},{"damage":31,"enemies":"Gremlin Nob","floor":13,"turns":4},{"damage":3,"enemies":"Exordium Thugs","floor":14,"turns":4},{"damage":23,"enemies":"The Guardian","floor":16,"turns":10},{"damage":26,"enemies":"2 Thieves","floor":18,"turns":4},{"damage":14,"enemies":"Chosen","floor":19,"turns":7},{"damage":15,"enemies":"Snake Plant","floor":21,"turns":5},{"damage":18,"enemies":"Slavers","floor":23,"turns":5},{"damage":37,"enemies":"Gremlin Leader","floor":28,"turns":8},{"damage":12,"enemies":"Sentry and Sphere","floor":31,"turns":3}],"seed_played":"1860211851384017216","potions_obtained":[{"floor":4,"key":"BlessingOfTheForge"},{"floor":8,"key":"ColorlessPotion"},{"floor":14,"key":"Flashbang"},{"floor":16,"key":"ColorlessPotion"},{"floor":18,"key":"DuplicationPotion"},{"floor":21,"key":"PowerPotion"},{"floor":23,"key":"PowerPotion"},{"floor":28,"key":"ColorlessPotion"}],"is_trial":false,"path_per_floor":["M","M","M","M","M","E","R","M","T","?","R","M","E","M","R","B",null,"M","M","?","M","$","E","?","R","T","R","E","$","?","M"],"character_chosen":"HERMIT","items_purchased":["Lantern","Juzu Bracelet","hermit:Vantage"],"campfire_rested":3,"item_purchase_floors":[22,22,29],"current_hp_per_floor":[71,71,71,66,66,61,61,61,61,61,61,54,23,20,42,19,75,49,35,35,20,20,2,2,24,24,46,9,9,9,0,0],"gold":25,"neow_bonus":"BOSS_RELIC","is_daily":false,"chose_seed":false,"campfire_upgraded":5,"win_rate":0.0,"timestamp":1612500840,"path_taken":["M","M","M","M","M","E","R","?","T","?","R","?","E","?","R","BOSS","M","?","?","M","$","E","?","R","T","R","E","?","?","M"],"items_purchased_type":["Relic","Relic","Card"],"build_version":"2020-12-22","purchased_purges":1,"victory":false,"max_hp_per_floor":[75,75,75,75,75,75,75,75,75,75,75,75,75,75,75,75,75,75,75,75,75,75,75,75,75,75,75,75,75,75,75,75],"relic_stats":{"Shovel":0,"counters":[17,80],"Pandora\u0027s Box":["hermit:PistolWhip","hermit:EyeOfTheStorm","hermit:Malice","hermit:Midnight","hermit:Maintenance","hermit:Shortfuse","hermit:LoneWolf"],"Juzu Bracelet":0,"Whetstone":["hermit:Strike_Hermit","hermit:Enervate"],"Question Card":0,"obtain_stats":[{"Lantern":22,"Shovel":23,"ReplayTheSpireMod:Ring of Sloth":20,"Philosopher\u0027s Stone":0,"Pandora\u0027s Box":17,"Juzu Bracelet":22,"Replay:Bottled Flurry":26,"Whetstone":6,"infinitespire:Magic Flask":13,"Frozen Egg 2":9,"Question Card":28,"hermit:Momento":0},{"Lantern":14,"Shovel":15,"ReplayTheSpireMod:Ring of Sloth":13,"Philosopher\u0027s Stone":0,"Pandora\u0027s Box":11,"Juzu Bracelet":14,"Replay:Bottled Flurry":15,"Whetstone":6,"infinitespire:Magic Flask":9,"Frozen Egg 2":7,"Question Card":16,"hermit:Momento":0},{"Lantern":64,"Shovel":69,"ReplayTheSpireMod:Ring of Sloth":59,"Philosopher\u0027s Stone":0,"Pandora\u0027s Box":48,"Juzu Bracelet":64,"Replay:Bottled Flurry":69,"Whetstone":24,"infinitespire:Magic Flask":34,"Frozen Egg 2":27,"Question Card":77,"hermit:Momento":0}]},"card_choices":[{"not_picked":["hermit:HoleUp","hermit:Headshot"],"picked":"hermit:Determination","floor":1},{"not_picked":["hermit:FlashPowder","hermit:PistolWhip"],"picked":"hermit:Dive","floor":2},{"not_picked":["hermit:Dissolve","hermit:Midnight"],"picked":"hermit:ItchyTrigger","floor":3},{"not_picked":["hermit:HighCaliber","hermit:LowProfile"],"picked":"hermit:Enervate","floor":4},{"not_picked":["hermit:Glare","hermit:WideOpen"],"picked":"hermit:TakeAim","floor":5},{"not_picked":["hermit:WideOpen","hermit:Headshot"],"picked":"hermit:CalledShot","floor":6},{"not_picked":["hermit:GoldenBullet","hermit:LowProfile"],"picked":"hermit:Snipe","floor":8},{"not_picked":["hermit:LowProfile","hermit:Coalescence"],"picked":"hermit:Desperado","floor":12},{"not_picked":["hermit:HighNoon+1","hermit:Ricochet"],"picked":"hermit:FlashPowder","floor":13},{"not_picked":["hermit:Midnight","hermit:WideOpen"],"picked":"hermit:GhostlyPresence","floor":14},{"not_picked":["hermit:FromBeyond","hermit:BlackWind"],"picked":"hermit:HeroicBravado","floor":16},{"not_picked":["hermit:NoHoldsBarred","hermit:WideOpen"],"picked":"hermit:Glare","floor":18},{"not_picked":["hermit:PistolWhip","hermit:Showdown"],"picked":"hermit:Scavenge","floor":19},{"not_picked":["hermit:CalledShot+1","hermit:Headshot"],"picked":"hermit:Quickdraw","floor":21},{"not_picked":["hermit:Malice+1","hermit:TakeCover+1"],"picked":"hermit:Roughhouse","floor":23},{"not_picked":["hermit:LuckOfTheDraw","hermit:Desperado"],"picked":"hermit:LowProfile","floor":28}],"player_experience":235718,"relics_obtained":[{"floor":6,"key":"Whetstone"},{"floor":9,"key":"Frozen Egg 2"},{"floor":13,"key":"infinitespire:Magic Flask"},{"floor":20,"key":"ReplayTheSpireMod:Ring of Sloth"},{"floor":23,"key":"Shovel"},{"floor":26,"key":"Replay:Bottled Flurry"},{"floor":28,"key":"Question Card"}],"event_choices":[{"cards_removed":["hermit:Strike_Hermit"],"damage_healed":0,"gold_gain":0,"player_choice":"Offered Basic","damage_taken":0,"max_hp_gain":0,"max_hp_loss":0,"event_name":"Bonfire Elementals","floor":10,"gold_loss":0},{"damage_healed":0,"gold_gain":0,"player_choice":"Ignored","damage_taken":0,"max_hp_gain":0,"max_hp_loss":0,"event_name":"Cursed Tome","floor":24,"gold_loss":0},{"damage_healed":0,"gold_gain":0,"player_choice":"1 cards matched","damage_taken":0,"max_hp_gain":0,"max_hp_loss":0,"event_name":"Match and Keep!","floor":30,"gold_loss":0,"cards_obtained":["hermit:Coalescence"]}],"is_beta":false,"boss_relics":[{"not_picked":["Astrolabe","Runic Dome"],"picked":"Pandora\u0027s Box"}],"items_purged_floors":[22],"is_endless":false,"potions_floor_spawned":[4,8,14,16,18,21,23,28],"killed_by":"Sentry and Sphere","ascension_level":1}}