{"host":"andja9kgajlggmm4","time":1612519677,"event":{"mods":["BaseMod","Downfall","Hubris","Infinite Spire","MarisaÅiñ∂âJÅ@ñÇóùçπÅj","Minty Spire (QoL Compilation)","StSLib","The Cursed","The Servant 0.9.4"],"gold_per_floor":[359,379,17,30,30,58,75,75,75,75,140,140,140,140,140,243,243,230,230,230,0,20,55,55,65,92,92,92,102,27,27,27,27,27],"floor_reached":33,"language":"ENG","playtime":1949,"items_purged":["hubris:Gluttony"],"score":286,"play_id":"2e560e3b-3688-4bd3-8f7a-8f52a548c2b6","local_time":"20210205110757","is_ascension_mode":false,"campfire_choices":[{"data":"True Grit","floor":8,"key":"SMITH"},{"data":"Body Slam","floor":10,"key":"SMITH"},{"floor":15,"key":"REST"},{"data":"Perfected Strike","floor":28,"key":"SMITH"},{"floor":32,"key":"REST"}],"circlet_count":0,"master_deck":["Strike_R+1","Strike_R+1","Strike_R+1","Strike_R+1","Strike_R+1","Defend_R+1","Defend_R+1","Defend_R+1","Defend_R+1","Bash+1","Body Slam+1","Second Wind","Feel No Pain","Shrug It Off","Reckless Charge","hubris:Envy","infinitespire:FinalStrike","True Grit+1","Inflame","Power Through+1","Impervious","Armaments+1","Reckless Charge","Metallicize+1","Perfected Strike+1","Perfected Strike+1"],"relics":["Burning Blood","infinitespire:ShieldingShard","infinitespire:Lucky Rock","hubris:BottledRain","Juzu Bracelet","War Paint","CultistMask","SlaversCollar","Nilry\u0027s Codex","hubris:Towel","Strange Spoon","hubris:SlimyHat","Happy Flower"],"acts_visited":["Exordium","TheCity"],"potions_floor_usage":[11,18,22,23],"damage_taken":[{"damage":6,"enemies":"Jaw Worm","floor":1,"turns":4},{"damage":2,"enemies":"2 Louse","floor":2,"turns":3},{"damage":3,"enemies":"Small Slimes","floor":4,"turns":4},{"damage":0,"enemies":"3 Sentries","floor":6,"turns":8},{"damage":16,"enemies":"3 Louse","floor":7,"turns":4},{"damage":5,"enemies":"Gremlin Nob","floor":11,"turns":3},{"damage":18,"enemies":"Slime Boss","floor":16,"turns":9},{"damage":0,"enemies":"2 Thieves","floor":18,"turns":4},{"damage":9,"enemies":"Chosen","floor":22,"turns":5},{"damage":12,"enemies":"Book of Stabbing","floor":23,"turns":6},{"damage":15,"enemies":"Shelled Parasite and Fungi","floor":25,"turns":7},{"damage":9,"enemies":"3 Cultists","floor":29,"turns":8},{"damage":55,"enemies":"hubris:MusketHawk","floor":33,"turns":8}],"seed_played":"481135228556249036","potions_obtained":[{"floor":1,"key":"FearPotion"},{"floor":2,"key":"DistilledChaos"},{"floor":4,"key":"hexamod:SoulburnPotion"},{"floor":7,"key":"SteroidPotion"},{"floor":22,"key":"infinitespire:BlackPotion"}],"is_trial":false,"path_per_floor":["M","M","$","M","?","E","M","R","T","R","?","?","?","?","R","B",null,"M","?","?","$","M","E","?","M","T","?","R","M","$","?","R","B"],"character_chosen":"IRONCLAD","items_purchased":["infinitespire:ShieldingShard","Feel No Pain","Shrug It Off","Reckless Charge","Strange Spoon"],"campfire_rested":2,"item_purchase_floors":[3,3,3,21,21],"current_hp_per_floor":[72,72,72,72,72,72,62,62,62,62,63,63,49,49,70,58,72,72,56,56,56,53,47,47,38,38,38,38,35,35,35,56,1,1],"gold":27,"neow_bonus":"TWO_FIFTY_GOLD","is_daily":false,"chose_seed":false,"campfire_upgraded":3,"win_rate":0.0,"timestamp":1612519677,"path_taken":["M","M","$","M","?","E","M","R","T","R","?","?","?","?","R","BOSS","M","?","?","$","M","E","?","M","T","?","R","M","?","?","R","BOSS"],"items_purchased_type":["Relic","Card","Card","Card","Relic"],"build_version":"2020-12-22","purchased_purges":1,"victory":false,"max_hp_per_floor":[72,72,72,72,72,72,72,72,72,72,72,72,72,72,72,72,72,72,72,72,72,72,72,72,72,72,72,72,72,72,72,72,72,72],"card_choices":[{"not_picked":["Cleave","Armaments"],"picked":"Body Slam","floor":1},{"not_picked":["hubris:ReadiedAction","Hemokinesis"],"picked":"Second Wind","floor":2},{"not_picked":["Thunderclap","Disarm"],"picked":"Reckless Charge","floor":4},{"not_picked":["infinitespire:FutureSight","infinitespire:Fortify"],"picked":"infinitespire:FinalStrike","floor":5},{"not_picked":["Reckless Charge","Anger"],"picked":"True Grit","floor":6},{"not_picked":["Cleave","Heavy Blade"],"picked":"Inflame","floor":7},{"not_picked":["hubris:ReadiedAction","hubris:SharpeningStone"],"picked":"Power Through","floor":11},{"not_picked":["Berserk","Limit Break"],"picked":"Impervious","floor":16},{"not_picked":["Thunderclap","Clash"],"picked":"Armaments+1","floor":18},{"not_picked":["Thunderclap+1","Heavy Blade+1"],"picked":"Metallicize+1","floor":22},{"not_picked":["Twin Strike","Searing Blow"],"picked":"Perfected Strike","floor":23},{"not_picked":["Body Slam","Uppercut"],"picked":"Perfected Strike+1","floor":25},{"not_picked":["Shrug It Off","Heavy Blade+1","Twin Strike"],"picked":"SKIP","floor":29}],"player_experience":18471,"relics_obtained":[{"floor":6,"key":"infinitespire:Lucky Rock"},{"floor":9,"key":"hubris:BottledRain"},{"floor":11,"key":"Juzu Bracelet"},{"floor":12,"key":"War Paint"},{"floor":19,"key":"Nilry\u0027s Codex"},{"floor":23,"key":"hubris:SlimyHat"},{"floor":26,"key":"Happy Flower"}],"event_choices":[{"damage_healed":0,"gold_gain":30,"player_choice":"Searched \u00272\u0027 times","damage_taken":0,"max_hp_gain":0,"max_hp_loss":0,"event_name":"Dead Adventurer","floor":11,"gold_loss":0},{"damage_healed":0,"gold_gain":0,"player_choice":"Entered Light","damage_taken":14,"max_hp_gain":0,"max_hp_loss":0,"event_name":"Shining Light","floor":13,"gold_loss":0,"cards_upgraded":["Power Through","Strike_R"]},{"damage_healed":0,"gold_gain":0,"player_choice":"Trade","damage_taken":0,"relics_obtained":["CultistMask"],"max_hp_gain":0,"max_hp_loss":0,"event_name":"FaceTrader","floor":14,"gold_loss":0},{"damage_healed":0,"gold_gain":0,"player_choice":"Obtained Book","damage_taken":16,"max_hp_gain":0,"max_hp_loss":0,"event_name":"Cursed Tome","floor":19,"gold_loss":0},{"damage_healed":0,"gold_gain":0,"player_choice":"Ignored","damage_taken":0,"max_hp_gain":0,"max_hp_loss":0,"event_name":"Vampires","floor":24,"gold_loss":0},{"damage_healed":0,"gold_gain":0,"player_choice":"Simplicity","damage_taken":0,"max_hp_gain":0,"max_hp_loss":0,"event_name":"Back to Basics","floor":27,"gold_loss":0,"cards_upgraded":["Strike_R","Strike_R","Strike_R","Strike_R","Defend_R","Defend_R"]}],"is_beta":false,"boss_relics":[{"not_picked":["hubris:CrackedHourglass","Philosopher\u0027s Stone"],"picked":"SlaversCollar"}],"items_purged_floors":[30],"is_endless":false,"potions_floor_spawned":[1,2,4,7,22],"killed_by":"hubris:MusketHawk","ascension_level":0}}