{"host":"0m9qzqwuh9r40nrk","time":1612491389,"event":{"mods":["BaseMod","Conspire","Downfall","Hermit","Hubris","Infinite Spire","Jorbs\u0027s Wanderer Trilogy","Minty Spire (QoL Compilation)","Quick Restart","Replay The Spire","Shop Mod","StSLib","The Animator","The Construct","The Cursed","The Disciple","The Hierophant","The Necromancer","The Runesmith","everything is the same but u backflip on backflip"],"gold_per_floor":[114,128,142,161,180,193,219,237,237,265,278,308,308,53,53,156,156,175,175,188,199,218,248,148,148,171,206,216,230,230,263,263,361,361,380,390,404,414,425,459,473,473,500,516,532,532,532,532,532,532],"floor_reached":51,"language":"ENG","playtime":8652,"items_purged":["Negative_Energy_Shield","Bone_Spikes","Bone_Bullets"],"score":1358,"play_id":"57f4f251-da80-40b9-a7a4-27317ea7bac3","local_time":"20210204181629","daily_mods":["SealedDeck","Elite Swarm"],"is_ascension_mode":true,"campfire_choices":[{"data":"Thinking Ahead","floor":15.0,"key":"SMITH"},{"data":"Bones_to_Steel","floor":25.0,"key":"SMITH"},{"data":"Cloudkill","floor":32.0,"key":"SMITH"},{"data":"Shade_Step","floor":42,"key":"SMITH"},{"data":"hubris:Rewind","floor":49,"key":"SMITH"}],"circlet_count":0,"master_deck":["Death_March_Dance","Bone_Armor+1","Bones_to_Steel+1","Bone_Shift","Bone_Armor","Shade_Step+1","Bone_Bullets","Bone_Armor","Spectral_Armor+1","Skeleton_Dragon","Detonate_Bones","Skeleton_Dragon","Thinking Ahead+1","Skeleton_Dragon","Bone_Armor","Summon_Vampire_Lady","Bone_Shift","infinitespire:Fortify","Cloudkill+1","Summon_Vampire_Lady","AbeCurse","Summon_Undead+1","Shade_Step+1","Parasite","hubris:Rewind+1","infinitespire:UltimateForm"],"relics":["Vampire_Amulet","hexamod:BolsterEngine","Gremlin Horn","hubris:CrystalStatue","Guardian:PocketSentry","Matryoshka","Empty Cage","Oddly Smooth Stone","StrikeDummy","Happy Flower","Blood Vial","Replay:Baseball","The Courier","infinitespire:Lychee Nut","Replay:Grab Bag","Abe\u0027s Treasure","conspire:SeveredTorchhead","hubris:HollowSoul","War Paint","Blue Doll","hubris:Towel"],"acts_visited":["Exordium","TheCity","TheBeyond"],"potions_floor_usage":[37,38,39,40,40],"damage_taken":[{"damage":0.0,"enemies":"Cultist","floor":1.0,"turns":5.0},{"damage":2.0,"enemies":"2 Louse","floor":2.0,"turns":4.0},{"damage":9.0,"enemies":"infinitespire:Voidling","floor":3.0,"turns":6.0},{"damage":16.0,"enemies":"conspire:2 RoseBushes","floor":4.0,"turns":11.0},{"damage":4.0,"enemies":"Large Slime","floor":5.0,"turns":13.0},{"damage":2.0,"enemies":"Blue Slaver","floor":6.0,"turns":5.0},{"damage":10.0,"enemies":"Replay:BlueRogue","floor":7.0,"turns":14.0},{"damage":8.0,"enemies":"Lots of Slimes","floor":8.0,"turns":6.0},{"damage":17.0,"enemies":"Gremlin Nob","floor":10.0,"turns":4.0},{"damage":4.0,"enemies":"Exordium Thugs","floor":11.0,"turns":5.0},{"damage":0.0,"enemies":"3 Sentries","floor":12.0,"turns":5.0},{"damage":0.0,"enemies":"Fading Forest","floor":16.0,"turns":11.0},{"damage":5.0,"enemies":"Chosen","floor":18.0,"turns":4.0},{"damage":7.0,"enemies":"Shell Parasite","floor":20.0,"turns":8.0},{"damage":1.0,"enemies":"conspire:HollyBat","floor":21.0,"turns":7.0},{"damage":14.0,"enemies":"Centurion and Healer","floor":22.0,"turns":7.0},{"damage":0.0,"enemies":"Gremlin Leader","floor":23.0,"turns":8.0},{"damage":0.0,"enemies":"Slavers","floor":27.0,"turns":3.0},{"damage":6.0,"enemies":"Snecko","floor":28.0,"turns":5.0},{"damage":6.0,"enemies":"Snake Plant","floor":29.0,"turns":6.0},{"damage":11.0,"enemies":"Replay:Snechameleon","floor":31.0,"turns":9.0},{"damage":13,"enemies":"hubris:MusketHawk","floor":33,"turns":9},{"damage":11,"enemies":"3 Darklings","floor":35,"turns":6},{"damage":12,"enemies":"Orb Walker","floor":36,"turns":4},{"damage":23,"enemies":"Jaw Worm Horde","floor":37,"turns":3},{"damage":15,"enemies":"4 Shapes","floor":38,"turns":3},{"damage":34,"enemies":"Transient","floor":39,"turns":5},{"damage":29,"enemies":"Nightmare","floor":40,"turns":8},{"damage":16,"enemies":"Jaw Worm Horde","floor":41,"turns":5},{"damage":0,"enemies":"Sphere and 2 Shapes","floor":44,"turns":3},{"damage":13,"enemies":"Writhing Mass","floor":45,"turns":4},{"damage":99,"enemies":"Awakened One","floor":50,"turns":12}],"seed_played":"-7923652455879164965","potions_obtained":[{"floor":2.0,"key":"Elixir"},{"floor":6.0,"key":"Block Potion"},{"floor":7.0,"key":"Flashbang"},{"floor":10.0,"key":"Swift Potion"},{"floor":12.0,"key":"Explosive Potion"},{"floor":16.0,"key":"Cursed Concoction"},{"floor":21.0,"key":"Weak Potion"},{"floor":29.0,"key":"BlessingOfTheForge"},{"floor":31.0,"key":"ColorlessPotion"},{"floor":33,"key":"LiquidMemories"},{"floor":37,"key":"bronze:BurnAndBuffPotion"},{"floor":38,"key":"hexamod:SoulburnPotion"},{"floor":39,"key":"hexamod:SoulburnPotion"},{"floor":44,"key":"FairyPotion"}],"is_trial":true,"path_per_floor":["M","M","M","M","M","M","E","M","T","E","M","E","T","$","R","B",null,"M","?","M","M","M","E","$","R","T","E","M","M","AVR","E","R","B",null,"M","M","M","M","M","NM","M","R","T","M","M","?","?","AVR","R","B",null],"character_chosen":"NECROMANCER","items_purchased":["Thinking Ahead"],"campfire_rested":0,"item_purchase_floors":[14],"current_hp_per_floor":[70,72,74,62,62,62,54,56,56,41,41,47,47,47,47,65,73,70,70,65,66,56,74,74,74,74,75,75,75,75,56,56,56,56,56,50,44,51,42,44,56,56,56,56,49,49,35,35,35,56],"gold":532,"neow_bonus":"","is_daily":false,"chose_seed":false,"campfire_upgraded":5,"win_rate":0.0,"timestamp":1612491389,"path_taken":["M","?","M","M","M","M","E","M","T","E","M","E","?","$","R","BOSS","M","?","M","M","M","E","$","R","T","E","?","M","AVR","E","R","BOSS","M","M","M","M","M","NM","M","R","T","M","M","?","?","AVR","R","BOSS"],"items_purchased_type":["Card"],"build_version":"2020-12-22","purchased_purges":3,"victory":true,"max_hp_per_floor":[75,75,75,75,75,75,75,75,75,75,75,75,75,75,75,75,75,75,75,75,75,75,75,75,75,75,75,75,75,75,56,56,56,56,56,56,56,56,56,56,56,56,56,56,56,56,56,56,56,56],"card_choices":[{"not_picked":["Negative_Energy_Shield","Negative_Energy_Javelin"],"picked":"Bone_Armor","floor":1.0},{"not_picked":["Death_March_Dance","Finger_Of_Death"],"picked":"Spectral_Armor","floor":2.0},{"not_picked":["Chill_Blood","Acid_Javelin","Stop_Heart"],"picked":"SKIP","floor":3.0},{"not_picked":["Negative_Energy_Sphere","Shackles_Of_Pain","Blood_Curse"],"picked":"SKIP","floor":4.0},{"not_picked":["Chill_Blood","Finger_Of_Death"],"picked":"Bone_Spikes","floor":5.0},{"not_picked":["Blood_Curse","Necromantic_Selection","Blood_Is_Power"],"picked":"SKIP","floor":6.0},{"not_picked":["Detonate_Bones","Requiem"],"picked":"Skeleton_Dragon","floor":7.0},{"not_picked":["Chill_Blood","Flesh_Made_Foul","Bone_Armory"],"picked":"SKIP","floor":8.0},{"not_picked":["Hellfire","Reap_The_Weak"],"picked":"Detonate_Bones","floor":10.0},{"not_picked":["Blood_Curse","Shackles_Of_Pain"],"picked":"Toxic_Smoke_Screen","floor":11.0},{"not_picked":["Summon_Death_Knight","Cloudkill"],"picked":"Skeleton_Dragon","floor":12.0},{"not_picked":["Requiem","Blood_Magic"],"picked":"Skeleton_Dragon","floor":16.0},{"not_picked":["Spectral_Armor","Siphon_Strength","Summon_Lich"],"picked":"SKIP","floor":18.0},{"not_picked":["Consume_Illness+1","Slay_Living"],"picked":"Bone_Armor","floor":20.0},{"not_picked":["Strike_from_Beyond","Bone_Spikes","Consume_Illness+1"],"picked":"SKIP","floor":21.0},{"not_picked":["Negative_Energy_Mist","Corrupt","Death_March_Dance"],"picked":"SKIP","floor":22.0},{"not_picked":["Negative_Energy_Bomb","Blood_Magic","Blood_Wake"],"picked":"SKIP","floor":23.0},{"not_picked":["Grasp_Heart","Reap_The_Weak"],"picked":"Summon_Vampire_Lady","floor":27.0},{"not_picked":["Negative_Energy_Mist","Chill_Blood","Bones_to_Steel"],"picked":"SKIP","floor":28.0},{"not_picked":["Negative_Energy_Mist","Chill_Blood","Bones_to_Steel"],"picked":"SKIP","floor":28.0},{"not_picked":["Negative_Energy_Sphere","Blood_Is_Power"],"picked":"Bone_Shift","floor":29.0},{"not_picked":["Reap_The_Weak","Requiem"],"picked":"Cloudkill","floor":31.0},{"not_picked":["Reap_The_Weak","Summon_Death_Knight"],"picked":"Summon_Vampire_Lady","floor":33},{"not_picked":["Bone_Shift","Negative_Energy_Javelin+1"],"picked":"Summon_Undead+1","floor":35},{"not_picked":["Plague_Bolt","Negative_Energy_Shield","Bone_Spikes"],"picked":"SKIP","floor":36},{"not_picked":["Shackles_Of_Pain","Blood_for_Blood+1","Finger_Of_Death"],"picked":"SKIP","floor":37},{"not_picked":["Violent_Necrosis+1","Acid_Javelin+1","Blood_Magic"],"picked":"SKIP","floor":38},{"not_picked":["Negative_Energy_Shield","Death_March_Dance"],"picked":"Shade_Step+1","floor":39},{"not_picked":["Hellfire","Negative_Energy_Bomb","Detonate_Bones"],"picked":"SKIP","floor":40},{"not_picked":["Negative_Energy_Mist+1","Summon_Lich+1","Corrupt+1"],"picked":"SKIP","floor":41},{"not_picked":["Negative_Energy_Mist+1","Summon_Lich+1","Corrupt+1"],"picked":"SKIP","floor":41},{"not_picked":["Bones_to_Steel+1","Necromantic_Selection+1","Chill_Blood"],"picked":"SKIP","floor":44},{"not_picked":["Thousand_Bone_Knives","Bone_Spikes","Corrupt+1"],"picked":"SKIP","floor":45},{"not_picked":["infinitespire:Menacing","infinitespire:TheBestDefense"],"picked":"hubris:Rewind","floor":47}],"player_experience":524261,"relics_obtained":[{"floor":7.0,"key":"hexamod:BolsterEngine"},{"floor":9.0,"key":"Gremlin Horn"},{"floor":10.0,"key":"hubris:CrystalStatue"},{"floor":12.0,"key":"Guardian:PocketSentry"},{"floor":13.0,"key":"Matryoshka"},{"floor":23.0,"key":"StrikeDummy"},{"floor":26.0,"key":"Happy Flower"},{"floor":26.0,"key":"Blood Vial"},{"floor":27.0,"key":"Replay:Baseball"},{"floor":31.0,"key":"infinitespire:Lychee Nut"},{"floor":40,"key":"War Paint"},{"floor":43,"key":"Blue Doll"}],"event_choices":[{"damage_healed":0.0,"max_hp_gain":0.0,"max_hp_loss":0.0,"gold_gain":0.0,"event_name":"WeMeetAgain","player_choice":"Gave Potion","floor":19.0,"gold_loss":0.0,"damage_taken":0.0,"relics_obtained":["Oddly Smooth Stone"]}],"is_beta":false,"boss_relics":[{"not_picked":["conspire:SpecialSausage","ChewingGum"],"picked":"Empty Cage"},{"not_picked":["Busted Crown","Black Star"],"picked":"Replay:Grab Bag"},{"not_picked":["hubris:VirtuousBlindfold","hubris:TerracottaHorce"],"picked":"Abe\u0027s Treasure"},{"not_picked":["Runic Dome","Sozu"],"picked":"conspire:SeveredTorchhead"},{"not_picked":["Kintsugi","SacredBark"],"picked":"hubris:HollowSoul"}],"items_purged_floors":[14,24,30],"is_endless":false,"potions_floor_spawned":[2,6,7,10,12,16,21,29,31,33,37,38,39,44],"ascension_level":9}}