{"host":"9mz6x6ekz95y53i5","time":1612527546,"event":{"mods":["AchievementEnabler","BaseMod","Colored Map","Colored Powertips","Downfall","Energized Spire","Minty Spire (QoL Compilation)","Quick Restart","Reliquary","Replay The Spire","SIMod","Spicy Shops","StSLib","The Bug Knight","UnlockEverythingMod","Warlord Emblem","¡¾ÒÅÎï¿¨ÅÆ¡¿REMEMod"],"gold_per_floor":[112,126,136,190,190,190,190,190,190,200,200,200,219,232,232,329,329,341,360,387,404,404,404,404,421,421,421,63,63,63,94,94,196,196,215,270,280,0,0,0,0,0,0,100,100,113,141,159,159,159],"floor_reached":51,"language":"ZHS","playtime":3247,"items_purged":["ReplayTheSpireMod:Splinters","sneckomod:UnlimitedRolls","Regret"],"score":783,"play_id":"a20bbbb9-042b-49e4-a87e-38efd140e99f","local_time":"20210205201906","is_ascension_mode":false,"campfire_choices":[{"data":"FriendshipIsMagic","floor":6.0,"key":"SMITH"},{"data":"Batlization","floor":8.0,"key":"SMITH"},{"data":"FriendOfNature","floor":12.0,"key":"SMITH"},{"floor":15.0,"key":"REST"},{"data":"Harmanyblast","floor":23.0,"key":"SMITH"},{"data":"Sisterhood","floor":27.0,"key":"SMITH"},{"floor":32,"key":"REST"},{"data":"Flutterguy","floor":40,"key":"SMITH"},{"data":"MirrorLake","floor":42,"key":"SMITH"},{"data":"Transmutation","floor":45,"key":"SMITH"},{"data":"PinkieSense","floor":49,"key":"SMITH"}],"circlet_count":0,"master_deck":["Strike_AJ+1","Strike_TS+1","Strike_RR+1","Strike_RD+1","Defend_TS+1","Defend_PP+1","Defend_FS+1","Defend_AJ+1","ConcertedEfforts","HarmonyShield","FollowTherRainbow","PinkiePromise","AllByMyself","FriendshipIsMagic+1","Honesty","Batlization+1","FriendOfNature+1","Lasso","TenInstruments","Lasso","GemstoneDetection","Sisterhood+1","Overwhelming","Harmanyblast+1","Celebrities+1","AppleFever","ServeMeal","Lasso","Tornado","Anxiousness","PinkiePromise","Return_To_Past","Smile","Boundary+1","ISayNo+1","Celebrities+1","BehindTheScene+1","Anxiousness","BehindTheScene+1","Return_To_Past+1","AppleFever","FriendOfNature+1","Anxiousness","FollowTherRainbow+1","AppleFeast+1","RunningOfTheLeaves+1","Flutterguy+1","TakeTheLead","MirrorLake+1","MessyAndOrderly","Generousity","RunningOfTheLeaves","SwiftKick","Celebrities+1","HideCarefully+1","PinkiePromise+1","DynamicVision","Anxiousness+1","Smile+1","PartyAlone+1","REME_ShortnessOfBreath","Transmutation+1","Enlightenment","PartyTime+1","BigDeal+1","Batlization+1","Charge","TenInstruments+1","RushToSky+1","ISayNo","PinkieSense+1"],"relics":["The_element_of_harmony","REME_ComplimentaryCards","reliquary:WeakTea","Strawberry","Pyrelight","Pantograph","Celestia","energizedSpire:StickyHand","Red Mask","Snack Pack","reliquary:PurpleTingedLeaf","reliquary:Stiletto","Pen Nib","Replay:Bronze Core","FossilizedHelix","reliquary:PartyBalloon","Luna","Replay:Bottled Steam"],"acts_visited":["Exordium","TheCity","TheBeyond"],"potions_floor_usage":[31,31,33,47,50,50],"damage_taken":[{"damage":6.0,"enemies":"Jaw Worm","floor":1.0,"turns":4.0},{"damage":12.0,"enemies":"Small Slimes","floor":2.0,"turns":3.0},{"damage":4.0,"enemies":"2 Louse","floor":3.0,"turns":3.0},{"damage":10.0,"enemies":"Lots of Slimes","floor":10.0,"turns":1.0},{"damage":0.0,"enemies":"3 Louse","floor":13.0,"turns":1.0},{"damage":10.0,"enemies":"Exordium Wildlife","floor":14.0,"turns":4.0},{"damage":54.0,"enemies":"The Guardian","floor":16.0,"turns":7.0},{"damage":10.0,"enemies":"Shell Parasite","floor":18.0,"turns":4.0},{"damage":0.0,"enemies":"Spheric Guardian","floor":19.0,"turns":3.0},{"damage":40.0,"enemies":"Masked Bandits","floor":20.0,"turns":6.0},{"damage":10.0,"enemies":"Snecko","floor":21.0,"turns":4.0},{"damage":17.0,"enemies":"Cultist and Chosen","floor":25.0,"turns":5.0},{"damage":54,"enemies":"Book of Stabbing","floor":31,"turns":6},{"damage":22,"enemies":"Automaton","floor":33,"turns":6},{"damage":20,"enemies":"3 Darklings","floor":35,"turns":4},{"damage":70,"enemies":"2 Orb Walkers","floor":36,"turns":5},{"damage":0,"enemies":"Orb Walker","floor":37,"turns":2},{"damage":3,"enemies":"Sphere and 2 Shapes","floor":46,"turns":4},{"damage":74,"enemies":"Reptomancer","floor":47,"turns":5},{"damage":0,"enemies":"Maw","floor":48,"turns":8},{"damage":87,"enemies":"Time Eater","floor":50,"turns":12}],"seed_played":"-2371917254053000175","potions_obtained":[{"floor":2.0,"key":"AttackPotion"},{"floor":4.0,"key":"Slimebound:ThreeZeroPotion"},{"floor":4.0,"key":"Regen Potion"},{"floor":18.0,"key":"Adrenaline Potion"},{"floor":20.0,"key":"champ:CounterPotion"},{"floor":25.0,"key":"SkillPotion"},{"floor":31,"key":"Explosive Potion"},{"floor":36,"key":"bronze:BurnAndBuffPotion"},{"floor":46,"key":"SkillPotion"},{"floor":48,"key":"SpeedPotion"}],"is_trial":false,"path_per_floor":["M","M","M","?","?","R","?","R","T","M","?","R","M","M","R","B",null,"M","M","?","M","?","R","?","M","T","R","$","?","?","E","R","B",null,"M","?","M","$","?","R","?","R","T","?","R","M","E","M","R","B",null],"character_chosen":"TWI_CLASS","items_purchased":["reliquary:PurpleTingedLeaf","reliquary:Stiletto","reliquary:PartyBalloon","REME_ShortnessOfBreath"],"campfire_rested":2,"item_purchase_floors":[28,28,38,38],"current_hp_per_floor":[76,64,60,67,67,67,60,60,60,50,50,50,50,40,66,45,89,84,84,49,60,89,89,89,72,72,72,72,55,55,10,38,46,94,81,42,50,50,50,50,50,50,50,50,50,48,18,35,35,20],"gold":159,"neow_bonus":"RANDOM_COMMON_RELIC","is_daily":false,"chose_seed":false,"campfire_upgraded":9,"win_rate":0.0,"timestamp":1612527546,"path_taken":["M","M","M","?","?","R","?","R","T","M","?","R","?","M","R","BOSS","M","M","?","M","?","R","?","?","T","R","$","?","?","E","R","BOSS","M","?","M","$","?","R","?","R","T","?","R","?","E","M","R","BOSS"],"items_purchased_type":["Relic","Relic","Relic","Card"],"build_version":"2020-12-22","purchased_purges":3,"victory":true,"max_hp_per_floor":[82,82,82,89,89,89,89,89,89,89,89,89,89,89,89,89,89,89,89,89,89,89,89,89,89,89,89,89,94,94,94,94,94,94,94,94,94,94,94,94,94,94,94,94,94,94,94,94,94,94],"card_choices":[{"not_picked":["Celebrities"],"picked":"FollowTherRainbow","floor":1.0},{"not_picked":["Lasso"],"picked":"PinkiePromise","floor":1.0},{"not_picked":["CheerUp"],"picked":"AllByMyself","floor":2.0},{"not_picked":["Smile"],"picked":"FriendshipIsMagic","floor":2.0},{"not_picked":["Anxiousness"],"picked":"Honesty","floor":3.0},{"not_picked":["Whining","Return_To_Past"],"picked":"SKIP","floor":3.0},{"not_picked":["HideCarefully"],"picked":"Batlization","floor":4.0},{"not_picked":["ThunderCloud"],"picked":"FriendOfNature","floor":10.0},{"not_picked":["RunningOfTheLeaves"],"picked":"Lasso","floor":10.0},{"not_picked":["RashStunts"],"picked":"TenInstruments","floor":13.0},{"not_picked":["PinkiePromise"],"picked":"Lasso","floor":13.0},{"not_picked":["Lasso"],"picked":"GemstoneDetection","floor":14.0},{"not_picked":["Batlization"],"picked":"Sisterhood","floor":14.0},{"not_picked":["FriendshipIsMagic"],"picked":"Overwhelming","floor":16.0},{"not_picked":["InspirationRecovery"],"picked":"Harmanyblast","floor":16.0},{"not_picked":["Celebrities+1"],"picked":"AppleFever","floor":18.0},{"not_picked":["Mischief+1","Return_To_Past"],"picked":"SKIP","floor":18.0},{"not_picked":["ServeMeal"],"picked":"Lasso","floor":19.0},{"not_picked":["Tornado"],"picked":"Anxiousness","floor":19.0},{"not_picked":["PinkiePromise"],"picked":"Return_To_Past","floor":20.0},{"not_picked":["Smile"],"picked":"Boundary+1","floor":20.0},{"not_picked":["Celebrities+1"],"picked":"ISayNo+1","floor":21.0},{"not_picked":["Anxiousness"],"picked":"BehindTheScene+1","floor":21.0},{"not_picked":["BehindTheScene+1"],"picked":"Return_To_Past+1","floor":25.0},{"not_picked":["AppleFever"],"picked":"FriendOfNature+1","floor":25.0},{"not_picked":["Anxiousness"],"picked":"FollowTherRainbow+1","floor":31},{"not_picked":["RunningOfTheLeaves+1"],"picked":"AppleFeast+1","floor":31},{"not_picked":["Flutterguy"],"picked":"TakeTheLead","floor":33},{"not_picked":["MessyAndOrderly"],"picked":"MirrorLake","floor":33},{"not_picked":["RunningOfTheLeaves"],"picked":"Generousity","floor":35},{"not_picked":["SwiftKick"],"picked":"Celebrities+1","floor":35},{"not_picked":["PinkiePromise+1"],"picked":"HideCarefully+1","floor":36},{"not_picked":["Anxiousness+1"],"picked":"DynamicVision","floor":37},{"not_picked":["Smile+1"],"picked":"PartyAlone+1","floor":37},{"not_picked":["Transmutation"],"picked":"Enlightenment","floor":41},{"not_picked":["PartyTime+1"],"picked":"BigDeal+1","floor":46},{"not_picked":["Batlization+1"],"picked":"Charge","floor":46},{"not_picked":["TenInstruments+1"],"picked":"RushToSky+1","floor":47},{"not_picked":["ISayNo"],"picked":"PinkieSense","floor":47},{"not_picked":["ISayNo","PartyAlone+1"],"picked":"SKIP","floor":48},{"not_picked":["Lasso+1","Celebrities"],"picked":"SKIP","floor":48}],"player_experience":259710,"relics_obtained":[{"floor":4.0,"key":"Strawberry"},{"floor":9.0,"key":"Celestia"},{"floor":20.0,"key":"Red Mask"},{"floor":26.0,"key":"Snack Pack"},{"floor":31,"key":"Pen Nib"},{"floor":36,"key":"FossilizedHelix"},{"floor":43,"key":"Luna"},{"floor":47,"key":"Replay:Bottled Steam"}],"event_choices":[{"damage_healed":0.0,"max_hp_gain":0.0,"max_hp_loss":0.0,"gold_gain":0.0,"event_name":"Scrap Ooze","player_choice":"Success","floor":7.0,"gold_loss":0.0,"damage_taken":7.0,"relics_obtained":["Pantograph"]},{"damage_healed":0.0,"max_hp_gain":0.0,"max_hp_loss":0.0,"gold_gain":0.0,"event_name":"The Woman in Blue","player_choice":"Bought 0 Potions","floor":11.0,"gold_loss":0.0,"damage_taken":0.0},{"damage_healed":0.0,"max_hp_gain":0.0,"max_hp_loss":0.0,"gold_gain":0.0,"event_name":"Masked Bandits","player_choice":"Fought Bandits","floor":20.0,"gold_loss":0.0,"damage_taken":0.0},{"damage_healed":29.0,"max_hp_gain":0.0,"max_hp_loss":0.0,"gold_gain":0.0,"event_name":"The Library","player_choice":"Heal","floor":22.0,"gold_loss":0.0,"damage_taken":0.0},{"damage_healed":0.0,"max_hp_gain":0.0,"max_hp_loss":0.0,"gold_gain":0.0,"event_name":"Vampires","player_choice":"Ignored","floor":24.0,"gold_loss":0.0,"damage_taken":0.0},{"damage_healed":0.0,"max_hp_gain":5.0,"max_hp_loss":0.0,"gold_gain":0.0,"event_name":"Forgotten Altar","player_choice":"Shed Blood","floor":29.0,"gold_loss":0.0,"damage_taken":22.0},{"damage_healed":0.0,"max_hp_gain":0.0,"max_hp_loss":0.0,"gold_gain":0.0,"event_name":"Back to Basics","player_choice":"Simplicity","floor":30.0,"gold_loss":0.0,"damage_taken":0.0,"cards_upgraded":["Strike_AJ","Strike_TS","Strike_RR","Strike_RD","Defend_TS","Defend_PP","Defend_FS","Defend_AJ"]},{"damage_healed":0,"gold_gain":0,"player_choice":"Fight","damage_taken":0,"max_hp_gain":0,"max_hp_loss":0,"event_name":"Mysterious Sphere","floor":36,"gold_loss":0},{"damage_healed":0,"gold_gain":0,"player_choice":"Memory 1","damage_taken":0,"max_hp_gain":0,"max_hp_loss":0,"event_name":"SensoryStone","floor":41,"gold_loss":0},{"damage_healed":0,"gold_gain":100,"player_choice":"Pray","damage_taken":0,"max_hp_gain":0,"max_hp_loss":0,"event_name":"Golden Shrine","floor":44,"gold_loss":0}],"is_beta":false,"boss_relics":[{"not_picked":["Runic Dome","REME_DuelDisc"],"picked":"energizedSpire:StickyHand"},{"not_picked":["Honey Jar","energizedSpire:HugeHouse"],"picked":"Replay:Bronze Core"}],"items_purged_floors":[28,28,38],"is_endless":false,"potions_floor_spawned":[2,10,18,20,25,31,36,46,48],"ascension_level":0}}