{"host":"5trcja4hacd149zc","time":1612505534,"event":{"mods":["BaseMod","Colored Map","GifTheSpireLib","Minty Spire (QoL Compilation)","Relic Stats","StSLib"],"gold_per_floor":[109,5,16,36,50,81,81,81,81],"floor_reached":8,"language":"ENG","playtime":353,"items_purged":[],"score":116,"play_id":"7506a7fa-5d86-4254-b1f0-390452d8d04e","local_time":"20210205001214","is_ascension_mode":true,"campfire_choices":[{"floor":7,"key":"DIG"}],"circlet_count":0,"master_deck":["AscendersBane","Strike_P","Strike_P","Strike_P","Strike_P","Defend_P","Defend_P","Defend_P","Defend_P","Eruption","Vigilance","ClearTheMind","EmptyFist","Consecrate","EmptyBody"],"relics":["Busted Crown","Shovel","Vajra"],"acts_visited":["Exordium"],"potions_floor_usage":[6],"damage_taken":[{"damage":1,"enemies":"Small Slimes","floor":1,"turns":4},{"damage":0,"enemies":"Cultist","floor":3,"turns":2},{"damage":14,"enemies":"Jaw Worm","floor":4,"turns":5},{"damage":13,"enemies":"Blue Slaver","floor":5,"turns":5},{"damage":7,"enemies":"3 Sentries","floor":6,"turns":5},{"damage":56,"enemies":"Gremlin Nob","floor":8,"turns":3}],"seed_played":"3834116987951062868","potions_obtained":[{"floor":3,"key":"SpeedPotion"}],"is_trial":false,"path_per_floor":["M","$","M","M","M","E","R","E"],"character_chosen":"WATCHER","items_purchased":["EmptyFist","ColorlessPotion"],"campfire_rested":0,"item_purchase_floors":[2,2],"current_hp_per_floor":[60,60,60,46,33,26,26,0,0],"gold":81,"neow_bonus":"BOSS_RELIC","is_daily":false,"chose_seed":false,"campfire_upgraded":0,"win_rate":0.0,"timestamp":1612505534,"path_taken":["M","$","M","M","M","E","R","E"],"items_purchased_type":["Card","Potion"],"build_version":"2020-12-22","purchased_purges":0,"victory":false,"max_hp_per_floor":[68,68,68,68,68,68,68,68,68],"relic_stats":{"Busted Crown":10,"Shovel":1,"counters":[6,24],"obtain_stats":[{"Busted Crown":0,"Shovel":6,"Vajra":7,"PureWater":0},{"Busted Crown":0,"Shovel":5,"Vajra":5,"PureWater":0},{"Busted Crown":0,"Shovel":21,"Vajra":21,"PureWater":0}]},"card_choices":[{"not_picked":[],"picked":"ClearTheMind","floor":1},{"not_picked":["Evaluate"],"picked":"SKIP","floor":3},{"not_picked":[],"picked":"Consecrate","floor":4},{"not_picked":["Evaluate"],"picked":"SKIP","floor":5},{"not_picked":[],"picked":"EmptyBody","floor":6}],"player_experience":770741,"relics_obtained":[{"floor":6,"key":"Shovel"},{"floor":7,"key":"Vajra"}],"event_choices":[],"is_beta":false,"boss_relics":[],"items_purged_floors":[],"is_endless":false,"potions_floor_spawned":[3],"killed_by":"Gremlin Nob","ascension_level":20}}