{"host":"lklj3eidp7g5an38","time":1612554874,"event":{"mods":["AchievementEnabler","BaseMod","Colored Map","Colored Powertips","Curses Come First","DeckTracker","Highlight Path","Minty Spire (QoL Compilation)","Relic Stats","StSLib"],"gold_per_floor":[117,117,42,57,75,75,110,110,185,211,211,226,246,280,280,371,371,391,316,316,366,35,35,35,35],"floor_reached":24,"language":"ENG","playtime":2768,"items_purged":["Decay"],"score":517,"play_id":"c44649fa-a8fb-45f8-8f83-bec52874814e","local_time":"20210205195434","is_ascension_mode":true,"campfire_choices":[{"floor":6.0,"key":"RECALL"},{"floor":8.0,"key":"REST"},{"floor":15.0,"key":"REST"},{"floor":23,"key":"REST"}],"circlet_count":0,"master_deck":["AscendersBane","Strike_P","Strike_P","Strike_P","Defend_P","Defend_P","Defend_P","Defend_P","Eruption","Vigilance","Consecrate","Study","FlurryOfBlows","Perseverance","FlurryOfBlows","Crescendo","Devotion","Conclude","FlurryOfBlows"],"relics":["Fusion Hammer","PreservedInsect","Shuriken","WingedGreaves","Golden Idol","Oddly Smooth Stone","SacredBark","Nilry\u0027s Codex","TeardropLocket"],"acts_visited":["Exordium","TheCity"],"potions_floor_usage":[],"damage_taken":[{"damage":1.0,"enemies":"Jaw Worm","floor":1.0,"turns":4.0},{"damage":0.0,"enemies":"Cultist","floor":4.0,"turns":2.0},{"damage":0.0,"enemies":"Small Slimes","floor":5.0,"turns":2.0},{"damage":0.0,"enemies":"Gremlin Nob","floor":7.0,"turns":2.0},{"damage":0.0,"enemies":"3 Sentries","floor":10.0,"turns":3.0},{"damage":8.0,"enemies":"Blue Slaver","floor":12.0,"turns":4.0},{"damage":12.0,"enemies":"2 Fungi Beasts","floor":13.0,"turns":4.0},{"damage":0.0,"enemies":"Gremlin Nob","floor":14.0,"turns":2.0},{"damage":1.0,"enemies":"The Guardian","floor":16.0,"turns":9.0},{"damage":11,"enemies":"2 Thieves","floor":18,"turns":4},{"damage":55,"enemies":"Book of Stabbing","floor":24,"turns":5}],"seed_played":"5413474830172385619","potions_obtained":[{"floor":1.0,"key":"SneckoOil"},{"floor":4.0,"key":"CultistPotion"},{"floor":14.0,"key":"Explosive Potion"}],"is_trial":false,"path_per_floor":["M","?","$","M","M","R","E","R","T","E","?","M","M","E","R","B",null,"M","?","?","?","$","R","E"],"character_chosen":"WATCHER","items_purchased":["TeardropLocket","FlurryOfBlows"],"campfire_rested":3,"item_purchase_floors":[22,22],"current_hp_per_floor":[60,60,60,60,60,60,60,68,68,68,45,37,25,25,45,44,62,51,51,30,30,30,50,0,0],"gold":35,"neow_bonus":"BOSS_RELIC","is_daily":false,"chose_seed":false,"campfire_upgraded":0,"win_rate":0.0,"timestamp":1612554874,"path_taken":["M","?","?","M","M","R","E","R","T","E","?","M","M","E","R","BOSS","M","?","?","?","$","R","E"],"items_purchased_type":["Relic","Card"],"build_version":"2020-12-22","purchased_purges":1,"victory":false,"max_hp_per_floor":[68,68,68,68,68,68,68,68,68,68,68,68,68,68,68,68,68,68,68,68,68,68,68,68,68],"relic_stats":{"counters":[11,41],"Shuriken":[15],"Golden Idol":36,"PreservedInsect":96,"obtain_stats":[{"Shuriken":9,"Golden Idol":11,"Nilry\u0027s Codex":20,"SacredBark":17,"Oddly Smooth Stone":14,"Fusion Hammer":0,"PreservedInsect":7,"WingedGreaves":10,"TeardropLocket":22,"PureWater":0},{"Shuriken":4,"Golden Idol":5,"Nilry\u0027s Codex":10,"SacredBark":9,"Oddly Smooth Stone":8,"Fusion Hammer":0,"PreservedInsect":4,"WingedGreaves":5,"TeardropLocket":10,"PureWater":0},{"Shuriken":10,"Golden Idol":13,"Nilry\u0027s Codex":36,"SacredBark":32,"Oddly Smooth Stone":23,"Fusion Hammer":0,"PreservedInsect":10,"WingedGreaves":13,"TeardropLocket":36,"PureWater":0}]},"card_choices":[{"not_picked":["Collect","CrushJoints"],"picked":"Consecrate","floor":1.0},{"not_picked":["SashWhip","CutThroughFate"],"picked":"Study","floor":4.0},{"not_picked":["Indignation","SashWhip"],"picked":"FlurryOfBlows","floor":5.0},{"not_picked":["Vengeance","CutThroughFate"],"picked":"Perseverance","floor":7.0},{"not_picked":["ClearTheMind","Halt"],"picked":"FlurryOfBlows","floor":10.0},{"not_picked":["SashWhip","Evaluate","FlyingSleeves"],"picked":"SKIP","floor":12.0},{"not_picked":["CutThroughFate","MasterReality","Evaluate"],"picked":"SKIP","floor":13.0},{"not_picked":["Worship","WaveOfTheHand"],"picked":"Crescendo","floor":14.0},{"not_picked":["Brilliance","Alpha"],"picked":"Devotion","floor":16.0},{"not_picked":["EmptyBody","Evaluate"],"picked":"Conclude","floor":18}],"player_experience":929426,"relics_obtained":[{"floor":7.0,"key":"PreservedInsect"},{"floor":9.0,"key":"Shuriken"},{"floor":10.0,"key":"WingedGreaves"},{"floor":14.0,"key":"Oddly Smooth Stone"},{"floor":20,"key":"Nilry\u0027s Codex"}],"event_choices":[{"damage_healed":0.0,"max_hp_gain":0.0,"max_hp_loss":0.0,"gold_gain":0.0,"event_name":"Wheel of Change","player_choice":"Cursed","floor":2.0,"gold_loss":0.0,"damage_taken":0.0,"cards_obtained":["Decay"]},{"damage_healed":0.0,"max_hp_gain":0.0,"max_hp_loss":0.0,"gold_gain":0.0,"event_name":"Golden Idol","player_choice":"Take Damage","floor":11.0,"gold_loss":0.0,"damage_taken":23.0,"relics_obtained":["Golden Idol"]},{"cards_removed":["Strike_P"],"damage_healed":0,"gold_gain":0,"player_choice":"Gave Gold","damage_taken":0,"max_hp_gain":0,"max_hp_loss":0,"event_name":"Beggar","floor":19,"gold_loss":75},{"damage_healed":0,"gold_gain":0,"player_choice":"Obtained Book","damage_taken":21,"max_hp_gain":0,"max_hp_loss":0,"event_name":"Cursed Tome","floor":20,"gold_loss":0},{"damage_healed":0,"gold_gain":50,"player_choice":"Stole From Cult","damage_taken":0,"max_hp_gain":0,"max_hp_loss":0,"event_name":"Nest","floor":21,"gold_loss":0}],"is_beta":false,"boss_relics":[{"not_picked":["Velvet Choker","Snecko Eye"],"picked":"SacredBark"}],"items_purged_floors":[3],"is_endless":false,"potions_floor_spawned":[1,4,14],"killed_by":"Book of Stabbing","ascension_level":16}}