{"host":"7j2n82b2zha9fuyn","time":1612508599,"event":{"mods":["BaseMod","Block Reminder","Minty Spire (QoL Compilation)","StSLib"],"gold_per_floor":[215,62,79,96,96,96,132,132,132,170,150,184,184,197,197,197,197],"floor_reached":16,"language":"ENG","playtime":1294,"items_purged":[],"score":189,"play_id":"0af4cf73-0567-4b4f-80af-f5d8af0af99b","local_time":"20210205000319","is_ascension_mode":true,"campfire_choices":[{"data":"Perfected Strike","floor":6,"key":"SMITH"},{"data":"Bash","floor":8,"key":"SMITH"},{"data":"Rage","floor":13,"key":"SMITH"},{"data":"Shrug It Off","floor":15,"key":"SMITH"}],"circlet_count":0,"master_deck":["AscendersBane","Strike_R","Strike_R","Strike_R","Strike_R","Strike_R","Defend_R","Defend_R","Defend_R","Defend_R","Bash+1","Twin Strike","Perfected Strike+1","Rage+1","Cleave+1","Shrug It Off+1","Corruption"],"relics":["Burning Blood","Bronze Scales","Golden Idol","Tiny Chest","Molten Egg 2","Mango","Orichalcum"],"acts_visited":["Exordium"],"potions_floor_usage":[10,16],"damage_taken":[{"damage":6.0,"enemies":"Cultist","floor":1.0,"turns":3.0},{"damage":7,"enemies":"2 Louse","floor":3,"turns":2},{"damage":4,"enemies":"Jaw Worm","floor":4,"turns":3},{"damage":22,"enemies":"Lagavulin","floor":7,"turns":5},{"damage":17,"enemies":"3 Sentries","floor":10,"turns":7},{"damage":16,"enemies":"Gremlin Nob","floor":12,"turns":3},{"damage":2,"enemies":"Exordium Wildlife","floor":14,"turns":4},{"damage":56,"enemies":"Hexaghost","floor":16,"turns":11}],"seed_played":"-706466858365944195","potions_obtained":[{"floor":3,"key":"SpeedPotion"},{"floor":4,"key":"Block Potion"},{"floor":10,"key":"Explosive Potion"}],"is_trial":false,"path_per_floor":["M","$","M","M","?","R","E","R","T","E","?","E","R","M","R","B"],"character_chosen":"IRONCLAD","items_purchased":["Bronze Scales"],"campfire_rested":0,"item_purchase_floors":[2],"current_hp_per_floor":[72,72,71,73,73,73,57,57,57,60,60,50,50,54,54,0,0],"gold":197,"neow_bonus":"HUNDRED_GOLD","is_daily":false,"chose_seed":false,"campfire_upgraded":4,"win_rate":0.0,"timestamp":1612508599,"path_taken":["M","$","M","M","?","R","E","R","T","E","?","E","R","M","R","BOSS"],"items_purchased_type":["Relic"],"build_version":"2020-12-22","purchased_purges":0,"victory":false,"max_hp_per_floor":[80,80,80,80,74,74,74,74,74,88,88,88,88,88,88,88,88],"card_choices":[{"not_picked":["Thunderclap","Flex"],"picked":"Twin Strike","floor":1.0},{"not_picked":["Warcry","Seeing Red"],"picked":"Perfected Strike","floor":3},{"not_picked":["Headbutt","Reckless Charge"],"picked":"Rage","floor":4},{"not_picked":["Sever Soul","Iron Wave","Combust"],"picked":"SKIP","floor":7},{"not_picked":["Disarm","Warcry"],"picked":"Cleave+1","floor":10},{"not_picked":["Feel No Pain","Anger+1"],"picked":"Shrug It Off","floor":12},{"not_picked":["Uppercut+1","Cleave+1"],"picked":"Corruption","floor":14}],"player_experience":1996611,"relics_obtained":[{"floor":7,"key":"Tiny Chest"},{"floor":9,"key":"Molten Egg 2"},{"floor":10,"key":"Mango"},{"floor":12,"key":"Orichalcum"}],"event_choices":[{"damage_healed":0,"gold_gain":0,"player_choice":"Lose Max HP","damage_taken":0,"relics_obtained":["Golden Idol"],"max_hp_gain":0,"max_hp_loss":6,"event_name":"Golden Idol","floor":5,"gold_loss":0},{"damage_healed":0,"gold_gain":0,"player_choice":"Bought 1 Potion","damage_taken":0,"max_hp_gain":0,"max_hp_loss":0,"event_name":"The Woman in Blue","floor":11,"gold_loss":0}],"is_beta":false,"boss_relics":[],"items_purged_floors":[],"is_endless":false,"potions_floor_spawned":[3,4,10],"killed_by":"Hexaghost","ascension_level":12}}