{"host":"c95txy58ipbu969e","time":1612505523,"event":{"mods":["Act Like it!","BaseMod","Downfall","Minty Spire (QoL Compilation)","Quick Restart","StSLib"],"gold_per_floor":[99,119,131,39,214,214,237,237,271,291,304,204,218,259,283,394,394,394,414,440,540,325,325,350,350,375,412,442,551,501,552,584,704,716,628,666,695,718,746,786,877,898,937,966,978,1003,915,965,994,1006,1018,1071,453,453,453,453],"floor_reached":57,"language":"ZHS","playtime":3367,"items_purged":["Doubt","Slimebound:Tackle","Slimebound:Strike_Slimebound"],"score":1821,"play_id":"a6451bb1-e25c-4183-b2f6-def87fe34f61","local_time":"20210205141203","is_ascension_mode":true,"campfire_choices":[{"data":"Slimebound:Split","floor":1.0,"key":"SMITH"},{"data":"Slimebound:DouseInSlime","floor":8.0,"key":"SMITH"},{"data":"Slimebound:Equalize","floor":12.0,"key":"SMITH"},{"data":"Slimebound:LevelUp","floor":18.0,"key":"SMITH"},{"data":"Slimebound:MassFeed","floor":23.0,"key":"SMITH"},{"data":"Slimebound:MassRepurpose","floor":25.0,"key":"SMITH"},{"data":"Slimebound:OneTwoCombo","floor":35.0,"key":"SMITH"},{"floor":45,"key":"RECALL"},{"data":"Slimebound:LevelUp","floor":47,"key":"SMITH"},{"data":"Slimebound:WasteNot","floor":54,"key":"SMITH"}],"circlet_count":0,"master_deck":["Slimebound:Strike_Slimebound","Slimebound:Strike_Slimebound","Slimebound:Defend_Slimebound","Slimebound:Defend_Slimebound","Slimebound:Defend_Slimebound","Slimebound:Defend_Slimebound","Slimebound:Split+1","Slimebound:CorrosiveSpit","Slimebound:SplitMire","Slimebound:LevelUp+1","Slimebound:LeadByExample","Slimebound:Equalize+1","Slimebound:SplitMire","Slimebound:OneTwoCombo+1","Slimebound:SplitAcid","Slimebound:MassRepurpose+1","Slimebound:Dissolve+1","Slimebound:SplitLeeching","Slimebound:MassFeed+1","Slimebound:ViciousTackle+1","Slimebound:SlimeTap","Slimebound:WasteNot+1","Slimebound:LevelUp+1","Slimebound:ProtectTheBoss","Slimebound:RallyTheTroops","Slimebound:SplitLeeching+1","Slimebound:Darklings","Slimebound:SplitSpecialist","Slimebound:HauntingLick","Slimebound:Gluttony"],"relics":["Black Star","Slimebound:AggressiveSlimeRelic","sneckomod:BlankCard","Akabeko","downfall:HeartBlessingBlue","Slimebound:StickyStick","CeramicFish","Runic Pyramid","Tiny Chest","Pantograph","PreservedInsect","Slimebound:SlimedSkullRelic","Mercury Hourglass","MawBank","Busted Crown","downfall:HeartBlessingGreen","Girya","Dream Catcher","Slimebound:MaxSlimesRelic","Toy Ornithopter","Incense Burner","downfall:HeartBlessingRed","Bag of Marbles","Boot","hexamod:CandleOfCauterizing","bronze:BronzeIdol","Pen Nib","Turnip"],"acts_visited":["Exordium","TheCity","TheBeyond","TheEnding"],"potions_floor_usage":[46,48],"damage_taken":[{"damage":1.0,"enemies":"Cultist","floor":2.0,"turns":5.0},{"damage":3.0,"enemies":"2 Louse","floor":3.0,"turns":2.0},{"damage":5.0,"enemies":"downfall:FleeingMerchant","floor":4.0,"turns":4.0},{"damage":30.0,"enemies":"Gremlin Nob","floor":9.0,"turns":4.0},{"damage":2.0,"enemies":"Small Slimes","floor":10.0,"turns":2.0},{"damage":3.0,"enemies":"Blue Slaver","floor":11.0,"turns":2.0},{"damage":14.0,"enemies":"Lots of Slimes","floor":13.0,"turns":3.0},{"damage":15.0,"enemies":"Lagavulin","floor":14.0,"turns":5.0},{"damage":3.0,"enemies":"Large Slime","floor":15.0,"turns":3.0},{"damage":33.0,"enemies":"WA_ARCHETYPE_RETAIN","floor":16.0,"turns":5.0},{"damage":9.0,"enemies":"Spheric Guardian","floor":19.0,"turns":3.0},{"damage":12.0,"enemies":"Chosen","floor":20.0,"turns":3.0},{"damage":10.0,"enemies":"downfall:FleeingMerchant","floor":22.0,"turns":4.0},{"damage":13.0,"enemies":"3 Cultists","floor":26.0,"turns":3.0},{"damage":14.0,"enemies":"downfall:FleeingMerchant","floor":27.0,"turns":4.0},{"damage":19.0,"enemies":"Slavers","floor":28.0,"turns":3.0},{"damage":25.0,"enemies":"IC_STATUS_ARCHETYPE","floor":29.0,"turns":3.0},{"damage":21.0,"enemies":"Snake Plant","floor":32.0,"turns":3.0},{"damage":63.0,"enemies":"DF_ARCHETYPE_CLAW","floor":33.0,"turns":6.0},{"damage":1.0,"enemies":"Orb Walker","floor":36.0,"turns":2.0},{"damage":32.0,"enemies":"3 Darklings","floor":37.0,"turns":3.0},{"damage":3.0,"enemies":"Sphere and 2 Shapes","floor":38.0,"turns":3.0},{"damage":0.0,"enemies":"Transient","floor":39.0,"turns":5.0},{"damage":0.0,"enemies":"Reptomancer","floor":40.0,"turns":3.0},{"damage":53,"enemies":"Nemesis","floor":43,"turns":4},{"damage":16,"enemies":"Writhing Mass","floor":44,"turns":3},{"damage":13,"enemies":"Jaw Worm Horde","floor":46,"turns":3},{"damage":4,"enemies":"Giant Head","floor":48,"turns":4},{"damage":0,"enemies":"Maw","floor":49,"turns":4},{"damage":14,"enemies":"SI_POISON_ARCHETYPE","floor":50,"turns":7},{"damage":18,"enemies":"downfall:CharBossMerchant","floor":52,"turns":5},{"damage":35,"enemies":"downfall:NeowBoss","floor":55,"turns":8},{"damage":96,"enemies":"downfall:NeowBossFinal","floor":56,"turns":8}],"seed_played":"-7874039421626940416","potions_obtained":[{"floor":3.0,"key":"ColorlessPotion"},{"floor":9.0,"key":"Fire Potion"},{"floor":11.0,"key":"SpeedPotion"},{"floor":14.0,"key":"FearPotion"},{"floor":16.0,"key":"PowerPotion"},{"floor":19.0,"key":"Strength Potion"},{"floor":26.0,"key":"Explosive Potion"},{"floor":28.0,"key":"EssenceOfSteel"},{"floor":29.0,"key":"SteroidPotion"},{"floor":33.0,"key":"Slimebound:ThreeZeroPotion"},{"floor":40.0,"key":"BlessingOfTheForge"},{"floor":46,"key":"Fire Potion"},{"floor":48,"key":"SpeedPotion"}],"is_trial":false,"path_per_floor":["R","M","M","$","?","?","T","R","E","M","M","R","M","E","M","B",null,"R","M","M","?","$","R","T","R","M","$","E","?","?","T","M","B",null,"R","M","M","M","M","E","T","?","E","M","R","M","R","E","M","B",null,"E","$","R","B","B",null],"character_chosen":"SLIMEBOUND","items_purchased":["Slimebound:LevelUp","Slimebound:MassFeed","Slimebound:WasteNot","Slimebound:LevelUp","Pen Nib","Turnip","Slimebound:Gluttony"],"campfire_rested":0,"item_purchase_floors":[4,22,27,27,53,53,53],"current_hp_per_floor":[59,58,55,50,50,47,47,47,17,15,12,22,14,11,20,5,58,58,61,61,61,51,51,51,51,46,32,17,21,54,54,37,15,78,78,77,45,58,70,86,86,86,45,39,39,35,35,52,64,81,110,101,101,101,96,35],"gold":453,"neow_bonus":"BOSS_RELIC","is_daily":false,"chose_seed":false,"campfire_upgraded":9,"win_rate":0.0,"timestamp":1612505523,"path_taken":["R","M","M","?","?","?","T","R","E","M","M","R","M","E","M","BOSS","R","M","M","?","$","R","T","R","?","$","E","?","?","?","M","BOSS","R","M","M","M","M","E","T","?","E","M","R","M","R","E","M","BOSS","E","$","R","BOSS","BOSS"],"items_purchased_type":["Card","Card","Card","Card","Relic","Relic","Card"],"build_version":"2020-12-22","purchased_purges":3,"victory":true,"max_hp_per_floor":[65,65,65,65,65,65,65,65,65,65,65,75,75,75,75,75,75,75,75,75,75,75,75,75,75,83,83,87,91,91,91,95,99,99,99,99,99,103,103,107,107,107,107,111,111,115,115,119,119,119,119,119,119,119,119,119],"card_choices":[{"not_picked":["Slimebound:SamplingLick","Slimebound:FinishingTackle","Slimebound:Schlurp"],"picked":"SKIP","floor":2.0},{"not_picked":["Slimebound:Prepare","Slimebound:BestDefense"],"picked":"Slimebound:SplitMire","floor":3.0},{"not_picked":["Slimebound:GrowthPunch","Slimebound:Dissolve"],"picked":"Slimebound:DouseInSlime","floor":4.0},{"not_picked":["Slimebound:Prepare","Slimebound:HauntingLick"],"picked":"Slimebound:LeadByExample","floor":9.0},{"not_picked":["Slimebound:ComboTackle","Slimebound:SamplingLick"],"picked":"Slimebound:Equalize","floor":10.0},{"not_picked":["Slimebound:ComboTackle","Slimebound:SamplingLick"],"picked":"Slimebound:SplitMire","floor":11.0},{"not_picked":["Slimebound:Gluttony","Slimebound:FlameTackle","Slimebound:HungryTackle"],"picked":"SKIP","floor":13.0},{"not_picked":["Slimebound:Prepare","Slimebound:ForwardTackle"],"picked":"Slimebound:OneTwoCombo","floor":14.0},{"not_picked":["Slimebound:SlimeSpikes","Slimebound:Chomp"],"picked":"Slimebound:SplitAcid","floor":15.0},{"not_picked":["Slimebound:OneTwoCombo","Slimebound:WasteNot"],"picked":"Slimebound:MassRepurpose","floor":16.0},{"not_picked":["Slimebound:Nibble","Slimebound:FinishingTackle","Slimebound:SlimeSpikes+1"],"picked":"SKIP","floor":19.0},{"not_picked":["Slimebound:Schlurp","Slimebound:SplitLeeching"],"picked":"Slimebound:Dissolve+1","floor":20.0},{"not_picked":["Slimebound:Schlurp","Slimebound:Dissolve+1"],"picked":"Slimebound:SplitLeeching","floor":22.0},{"not_picked":["Slimebound:SplitBruiser","Slimebound:FinishingTackle+1"],"picked":"Slimebound:ViciousTackle+1","floor":26.0},{"not_picked":["Slimebound:SplitMire+1","Slimebound:GoopSpray"],"picked":"Slimebound:SlimeTap","floor":27.0},{"not_picked":["Slimebound:FormOfPuddle","Slimebound:Teamwork","Slimebound:Replication"],"picked":"SKIP","floor":28.0},{"not_picked":["Slimebound:LeechEnergy","Slimebound:TongueLash"],"picked":"Slimebound:ProtectTheBoss","floor":29.0},{"not_picked":["Slimebound:LeechEnergy","Slimebound:ComboTackle","Slimebound:LivingWall"],"picked":"SKIP","floor":32.0},{"not_picked":["Slimebound:DuplicatedForm","Slimebound:CheckThePlaybook"],"picked":"Slimebound:RallyTheTroops","floor":33.0},{"not_picked":[],"picked":"Slimebound:SplitLeeching+1","floor":36.0},{"not_picked":["Slimebound:Replication+1"],"picked":"SKIP","floor":37.0},{"not_picked":["Slimebound:FormOfPuddle+1"],"picked":"SKIP","floor":38.0},{"not_picked":["Slimebound:SlimeSpikes+1"],"picked":"SKIP","floor":39.0},{"not_picked":["Slimebound:PressTheAttack"],"picked":"SKIP","floor":40.0},{"not_picked":["Slimebound:LeechEnergy"],"picked":"SKIP","floor":43},{"not_picked":["Slimebound:PressTheAttack+1"],"picked":"SKIP","floor":44},{"not_picked":["Slimebound:Prepare"],"picked":"SKIP","floor":46},{"not_picked":[],"picked":"Slimebound:SplitSpecialist","floor":48},{"not_picked":["Slimebound:BestDefense+1"],"picked":"SKIP","floor":49},{"not_picked":[],"picked":"Slimebound:HauntingLick","floor":52}],"player_experience":548624,"relics_obtained":[{"floor":9.0,"key":"sneckomod:BlankCard"},{"floor":9.0,"key":"Akabeko"},{"floor":14.0,"key":"Slimebound:StickyStick"},{"floor":14.0,"key":"CeramicFish"},{"floor":24.0,"key":"Tiny Chest"},{"floor":28.0,"key":"Pantograph"},{"floor":28.0,"key":"PreservedInsect"},{"floor":29.0,"key":"Slimebound:SlimedSkullRelic"},{"floor":29.0,"key":"Mercury Hourglass"},{"floor":31.0,"key":"MawBank"},{"floor":40.0,"key":"Girya"},{"floor":40.0,"key":"Dream Catcher"},{"floor":41.0,"key":"Slimebound:MaxSlimesRelic"},{"floor":43,"key":"Toy Ornithopter"},{"floor":43,"key":"Incense Burner"},{"floor":48,"key":"Bag of Marbles"},{"floor":48,"key":"Boot"},{"floor":52,"key":"hexamod:CandleOfCauterizing"},{"floor":52,"key":"bronze:BronzeIdol"}],"event_choices":[{"damage_healed":0.0,"max_hp_gain":0.0,"max_hp_loss":0.0,"gold_gain":0.0,"event_name":"Scrap Ooze","player_choice":"Success","floor":6.0,"gold_loss":0.0,"damage_taken":3.0,"relics_obtained":["Slimebound:AggressiveSlimeRelic"]}],"is_beta":false,"boss_relics":[{"not_picked":["Calling Bell","Cursed Key"],"picked":"Runic Pyramid"},{"not_picked":["Runic Dome","bronze:MakeshiftBattery"],"picked":"Busted Crown"}],"items_purged_floors":[22,27,53],"is_endless":false,"potions_floor_spawned":[3,9,11,14,16,19,26,28,29,33,40,44,46,48,52],"ascension_level":6}}