{"host":"89iuq2p5kwriuwfq","time":1612527894,"event":{"mods":["BaseMod","Curses Come First","Minty Spire (QoL Compilation)","Permanent Neow","StSLib"],"gold_per_floor":[114,124,124,2,2,30,30,56,56,76,86,115,15,15,15,114,114,125,125,103,103,123,153,173,208,256,268,268,278,297,323,323,323,323],"floor_reached":33,"language":"ENG","playtime":1818,"items_purged":["Pain","Regret"],"score":550,"play_id":"74c53287-c06f-4e61-96f5-5b842c7cd83d","local_time":"20210205122454","is_ascension_mode":true,"campfire_choices":[{"data":"Bash","floor":7,"key":"SMITH"},{"data":"Demon Form","floor":15,"key":"SMITH"},{"data":"Feed","floor":28,"key":"SMITH"},{"data":"Fiend Fire","floor":32,"key":"SMITH"}],"circlet_count":0,"master_deck":["AscendersBane","Bash+1","Demon Form+1","Cleave+1","Heavy Blade","Sword Boomerang","Dropkick","Feed+1","True Grit+1","Iron Wave+1","Clothesline","Fiend Fire+1","Power Through+1","Clothesline","Wild Strike","Anger","Battle Trance+1","Burning Pact+1","Warcry+1","Inflame+1","Shrug It Off+1","Thunderclap","Ghostly Armor+1","Shrug It Off+1","Bloodletting+1","Brutality+1","Pummel+1","Double Tap+1"],"relics":["Burning Blood","WarpedTongs","Gremlin Horn","Shuriken","Matryoshka","Vajra","Toxic Egg 2","Toy Ornithopter","Pandora\u0027s Box","HornCleat","Ancient Tea Set","Frozen Egg 2","Whetstone","Regal Pillow","The Courier"],"acts_visited":["Exordium","TheCity"],"potions_floor_usage":[6,6,23,25,31,31],"damage_taken":[{"damage":6,"enemies":"Cultist","floor":1,"turns":4},{"damage":9,"enemies":"2 Louse","floor":2,"turns":2},{"damage":14,"enemies":"Gremlin Nob","floor":6,"turns":4},{"damage":29,"enemies":"3 Sentries","floor":8,"turns":5},{"damage":7,"enemies":"Jaw Worm","floor":10,"turns":3},{"damage":16,"enemies":"Blue Slaver","floor":11,"turns":5},{"damage":19,"enemies":"Lagavulin","floor":12,"turns":5},{"damage":4,"enemies":"Hexaghost","floor":16,"turns":6},{"damage":33,"enemies":"2 Thieves","floor":18,"turns":4},{"damage":4,"enemies":"Spheric Guardian","floor":22,"turns":5},{"damage":32,"enemies":"Gremlin Leader","floor":23,"turns":5},{"damage":6,"enemies":"Centurion and Healer","floor":24,"turns":5},{"damage":18,"enemies":"Book of Stabbing","floor":25,"turns":5},{"damage":0,"enemies":"Snake Plant","floor":27,"turns":4},{"damage":5,"enemies":"Chosen and Byrds","floor":29,"turns":3},{"damage":19,"enemies":"Cultist and Chosen","floor":30,"turns":5},{"damage":1,"enemies":"Slavers","floor":31,"turns":2},{"damage":76,"enemies":"Automaton","floor":33,"turns":8}],"seed_played":"-2744383845467018524","potions_obtained":[{"floor":1,"key":"Block Potion"},{"floor":2,"key":"ElixirPotion"},{"floor":16,"key":"Dexterity Potion"},{"floor":22,"key":"SneckoOil"},{"floor":24,"key":"Regen Potion"},{"floor":27,"key":"DistilledChaos"},{"floor":30,"key":"PowerPotion"}],"is_trial":false,"path_per_floor":["M","M","?","$","?","E","R","E","T","M","M","E","$","?","R","B",null,"M","?","$","T","M","E","M","E","T","M","R","M","M","E","R","B"],"character_chosen":"IRONCLAD","items_purchased":["Sword Boomerang","Shrug It Off+1"],"campfire_rested":0,"item_purchase_floors":[4,20],"current_hp_per_floor":[72,69,69,69,69,61,61,38,38,37,31,18,18,18,18,20,68,45,88,88,88,91,69,73,66,66,72,72,73,60,75,75,0,0],"gold":323,"neow_bonus":"TRANSFORM_CARD","is_daily":false,"chose_seed":false,"campfire_upgraded":4,"win_rate":0.0,"timestamp":1612527894,"path_taken":["M","M","?","?","?","E","R","E","T","?","M","E","$","?","R","BOSS","M","?","?","?","M","E","M","E","T","M","R","?","M","E","R","BOSS"],"items_purchased_type":["Card","Card"],"build_version":"2020-12-22","purchased_purges":2,"victory":false,"max_hp_per_floor":[80,80,80,80,80,80,80,80,80,80,84,84,84,84,84,84,84,88,88,88,88,91,95,99,99,99,99,99,99,99,99,99,99,99],"card_choices":[{"not_picked":["Burning Pact","Hemokinesis"],"picked":"Cleave","floor":1},{"not_picked":["Dual Wield","True Grit"],"picked":"Heavy Blade","floor":2},{"not_picked":["Dropkick","Heavy Blade","Evolve"],"picked":"SKIP","floor":6},{"not_picked":["Heavy Blade","Evolve"],"picked":"Dropkick","floor":6},{"not_picked":["Metallicize","Ghostly Armor"],"picked":"Feed","floor":8},{"not_picked":["Power Through+1","Heavy Blade"],"picked":"True Grit+1","floor":10},{"not_picked":["Intimidate+1","Carnage"],"picked":"Iron Wave","floor":11},{"not_picked":["Feel No Pain","Heavy Blade"],"picked":"Clothesline","floor":12},{"not_picked":["Corruption","Brutality"],"picked":"Fiend Fire","floor":16},{"not_picked":["True Grit+1","Clothesline"],"picked":"Inflame+1","floor":18},{"not_picked":["Headbutt","Power Through+1"],"picked":"Thunderclap","floor":22},{"not_picked":["Headbutt","Warcry+1"],"picked":"Ghostly Armor+1","floor":23},{"not_picked":["Infernal Blade+1","Clothesline"],"picked":"Shrug It Off+1","floor":24},{"not_picked":["Blood for Blood+1","Searing Blow"],"picked":"Bloodletting+1","floor":25},{"not_picked":["Anger","Reckless Charge"],"picked":"Brutality+1","floor":27},{"not_picked":["Cleave","Heavy Blade","Headbutt"],"picked":"SKIP","floor":29},{"not_picked":["Clash","Heavy Blade+1"],"picked":"Pummel+1","floor":30},{"not_picked":["True Grit+1","Power Through+1"],"picked":"Double Tap+1","floor":31}],"player_experience":634956,"relics_obtained":[{"floor":6,"key":"Shuriken"},{"floor":8,"key":"Matryoshka"},{"floor":9,"key":"Vajra"},{"floor":9,"key":"Toxic Egg 2"},{"floor":12,"key":"Toy Ornithopter"},{"floor":21,"key":"HornCleat"},{"floor":21,"key":"Ancient Tea Set"},{"floor":23,"key":"Frozen Egg 2"},{"floor":25,"key":"Whetstone"},{"floor":26,"key":"Regal Pillow"},{"floor":31,"key":"The Courier"}],"event_choices":[{"damage_healed":0,"gold_gain":0,"player_choice":"Rummage","damage_taken":0,"relics_obtained":["WarpedTongs"],"max_hp_gain":0,"max_hp_loss":0,"event_name":"Accursed Blacksmith","floor":3,"gold_loss":0,"cards_obtained":["Pain"]},{"damage_healed":0,"gold_gain":0,"player_choice":"Box","damage_taken":0,"relics_obtained":["Gremlin Horn"],"max_hp_gain":0,"max_hp_loss":0,"event_name":"Big Fish","floor":5,"gold_loss":0,"cards_obtained":["Regret"]},{"damage_healed":0,"gold_gain":0,"player_choice":"Ignored","damage_taken":0,"max_hp_gain":0,"max_hp_loss":0,"event_name":"Liars Game","floor":14,"gold_loss":0},{"cards_removed":["Dark Embrace"],"damage_healed":43,"gold_gain":0,"player_choice":"Offered Uncommon","damage_taken":0,"max_hp_gain":0,"max_hp_loss":0,"event_name":"Bonfire Elementals","floor":19,"gold_loss":0}],"is_beta":false,"boss_relics":[{"not_picked":["Philosopher\u0027s Stone","Ectoplasm"],"picked":"Pandora\u0027s Box"}],"items_purged_floors":[4,13],"is_endless":false,"potions_floor_spawned":[1,2,16,22,24,27,30],"killed_by":"Automaton","ascension_level":10}}