{"host":"w3q5ijqu8eoknil3","time":1612550965,"event":{"mods":["AchievementEnabler","BaseMod","Block Reminder","Colored Map","Colored Powertips","Curses Come First","Dark Map","Minty Spire (QoL Compilation)","Quick Restart","Relic Stats","StSLib","ojb\u0027s Better Paths Mod","ojb\u0027s Info Mod","slay the spire mod where everything is the same but ironclad has a cowboy hat"],"gold_per_floor":[119,138,153,228,228,258,258,277,358,385,385,415,434,47,47,125,125,139,159,209,19,29,29,29,55,80,80,80],"floor_reached":27,"language":"ENG","playtime":696,"items_purged":["Strike_G"],"score":470,"play_id":"2654fa74-2be0-4aec-b8e2-a917b227f44f","local_time":"20210205184925","is_ascension_mode":true,"campfire_choices":[{"data":"Crippling Poison","floor":7,"key":"SMITH"},{"data":"Dagger Spray","floor":11,"key":"SMITH"},{"floor":15,"key":"REST"},{"floor":23,"key":"REST"}],"circlet_count":0,"master_deck":["AscendersBane","Strike_G","Strike_G","Defend_G","Defend_G","Defend_G","Defend_G","Defend_G","Survivor","Neutralize","Poisoned Stab","Crippling Poison+1","Dagger Spray","Skewer","Dagger Throw","Dagger Spray+1","Noxious Fumes","Deadly Poison","Die Die Die","Deadly Poison","Poisoned Stab+1","Blade Dance","PiercingWail","Caltrops","Wraith Form v2","Glass Knife"],"relics":["Ring of the Snake","NeowsBlessing","TungstenRod","Sundial","Happy Flower","OrangePellets","Fusion Hammer","Bag of Preparation","Toy Ornithopter","Blood Vial"],"acts_visited":["Exordium","TheCity"],"potions_floor_usage":[6,6,10,10,16,16,22],"damage_taken":[{"damage":0,"enemies":"Cultist","floor":1,"turns":1},{"damage":0,"enemies":"2 Louse","floor":2,"turns":1},{"damage":0,"enemies":"Small Slimes","floor":3,"turns":1},{"damage":24,"enemies":"3 Sentries","floor":6,"turns":9},{"damage":2,"enemies":"Looter","floor":8,"turns":3},{"damage":20,"enemies":"Lagavulin","floor":10,"turns":5},{"damage":0,"enemies":"Exordium Thugs","floor":13,"turns":4},{"damage":21,"enemies":"The Guardian","floor":16,"turns":10},{"damage":11,"enemies":"Shell Parasite","floor":18,"turns":4},{"damage":27,"enemies":"2 Thieves","floor":19,"turns":3},{"damage":0,"enemies":"Centurion and Healer","floor":22,"turns":5},{"damage":22,"enemies":"Slavers","floor":25,"turns":4},{"damage":18,"enemies":"Cultist and Chosen","floor":27,"turns":3}],"seed_played":"-3890768527487309955","potions_obtained":[{"floor":2,"key":"DistilledChaos"},{"floor":3,"key":"Dexterity Potion"},{"floor":6,"key":"Strength Potion"},{"floor":8,"key":"BlessingOfTheForge"},{"floor":13,"key":"SpeedPotion"},{"floor":19,"key":"ColorlessPotion"}],"is_trial":false,"path_per_floor":["M","M","M","?","?","E","R","M","T","E","R","?","M","$","R","B",null,"M","M","?","$","M","R","?","E","T","M"],"character_chosen":"THE_SILENT","items_purchased":["OrangePellets","Noxious Fumes","Deadly Poison","Fire Potion","Bag of Preparation","Blade Dance"],"campfire_rested":2,"item_purchase_floors":[14,14,14,14,21,21],"current_hp_per_floor":[59,59,59,48,53,29,29,27,27,7,7,7,7,7,28,7,55,44,17,17,17,17,38,38,16,16,0,0],"gold":80,"neow_bonus":"THREE_ENEMY_KILL","is_daily":false,"chose_seed":false,"campfire_upgraded":2,"win_rate":0.0,"timestamp":1612550965,"path_taken":["M","M","?","?","?","E","R","M","T","E","R","?","M","$","R","BOSS","M","M","?","?","?","R","?","E","T","M"],"items_purchased_type":["Relic","Card","Card","Potion","Relic","Card"],"build_version":"2020-12-22","purchased_purges":1,"victory":false,"max_hp_per_floor":[66,66,66,66,71,71,71,71,71,71,71,71,71,71,71,71,71,71,71,71,71,71,71,71,71,71,71,71],"relic_stats":{"Blood Vial":2,"OrangePellets":[0],"Happy Flower":[11],"counters":[13,53],"Sundial":[4],"Bag of Preparation":[6],"obtain_stats":[{"Blood Vial":26,"OrangePellets":14,"NeowsBlessing":0,"Happy Flower":10,"Sundial":9,"Fusion Hammer":17,"Bag of Preparation":21,"TungstenRod":6,"Toy Ornithopter":25,"Ring of the Snake":0},{"Blood Vial":12,"OrangePellets":7,"NeowsBlessing":0,"Happy Flower":6,"Sundial":5,"Fusion Hammer":8,"Bag of Preparation":10,"TungstenRod":4,"Toy Ornithopter":12,"Ring of the Snake":0},{"Blood Vial":50,"OrangePellets":24,"NeowsBlessing":0,"Happy Flower":20,"Sundial":15,"Fusion Hammer":34,"Bag of Preparation":41,"TungstenRod":12,"Toy Ornithopter":50,"Ring of the Snake":0}],"TungstenRod":26,"Toy Ornithopter":0,"Ring of the Snake":[26]},"card_choices":[{"not_picked":["Cloak And Dagger","Concentrate"],"picked":"Poisoned Stab","floor":1},{"not_picked":["PiercingWail","Setup"],"picked":"Crippling Poison","floor":2},{"not_picked":["Cloak And Dagger","Bane"],"picked":"Dagger Spray","floor":3},{"not_picked":["Endless Agony","Bane"],"picked":"Skewer","floor":6},{"not_picked":["Backflip","Prepared"],"picked":"Dagger Throw","floor":8},{"not_picked":["Tactician","Distraction"],"picked":"Dagger Spray","floor":10},{"not_picked":["Quick Slash","Prepared","Dodge and Roll"],"picked":"SKIP","floor":13},{"not_picked":["Unload","Tools of the Trade"],"picked":"Die Die Die","floor":16},{"not_picked":["Cloak And Dagger","Underhanded Strike"],"picked":"Deadly Poison","floor":18},{"not_picked":["Leg Sweep","Dagger Throw"],"picked":"Poisoned Stab+1","floor":19},{"not_picked":["Dodge and Roll","Acrobatics"],"picked":"PiercingWail","floor":22},{"not_picked":["Acrobatics","Calculated Gamble"],"picked":"Glass Knife","floor":25}],"player_experience":1035320,"relics_obtained":[{"floor":6,"key":"TungstenRod"},{"floor":9,"key":"Sundial"},{"floor":10,"key":"Happy Flower"},{"floor":25,"key":"Toy Ornithopter"},{"floor":26,"key":"Blood Vial"}],"event_choices":[{"damage_healed":0,"gold_gain":75,"player_choice":"Gather Gold","damage_taken":11,"max_hp_gain":0,"max_hp_loss":0,"event_name":"World of Goop","floor":4,"gold_loss":0},{"damage_healed":0,"gold_gain":0,"player_choice":"Donut","damage_taken":0,"max_hp_gain":5,"max_hp_loss":0,"event_name":"Big Fish","floor":5,"gold_loss":0},{"damage_healed":0,"gold_gain":30,"player_choice":"Searched \u00271\u0027 times","damage_taken":0,"max_hp_gain":0,"max_hp_loss":0,"event_name":"Dead Adventurer","floor":12,"gold_loss":0},{"damage_healed":0,"gold_gain":50,"player_choice":"Stole From Cult","damage_taken":0,"max_hp_gain":0,"max_hp_loss":0,"event_name":"Nest","floor":20,"gold_loss":0},{"damage_healed":0,"gold_gain":0,"cards_transformed":["Strike_G","Strike_G"],"player_choice":"Became Test Subject","damage_taken":0,"max_hp_gain":0,"max_hp_loss":0,"event_name":"Drug Dealer","floor":24,"gold_loss":0,"cards_obtained":["Caltrops","Wraith Form v2"]}],"is_beta":false,"boss_relics":[{"not_picked":["Runic Dome","Velvet Choker"],"picked":"Fusion Hammer"}],"items_purged_floors":[14],"is_endless":false,"potions_floor_spawned":[2,3,6,8,13,19],"killed_by":"Cultist and Chosen","ascension_level":19}}