{"host":"gknpnudn4hog7rzv","time":1612549182,"event":{"mods":["BaseMod","BetterRewards","Downfall","Hermit","Minty Spire (QoL Compilation)","Robot Space Explorer","StSLib","The Bug Knight"],"gold_per_floor":[99,199,215,122,139,158,158,173,187,187,201,32,52,37,54,54,54,54],"floor_reached":16,"language":"ENG","playtime":678,"items_purged":[],"score":96,"play_id":"2f7c62c9-95e6-43b7-9b34-fe0cb1d612ee","local_time":"20210205111942","is_ascension_mode":false,"campfire_choices":[{"data":"Guardian:TwinSlam","floor":1,"key":"SMITH"}],"circlet_count":0,"master_deck":["Guardian:Strike_Guardian","Guardian:Strike_Guardian","Guardian:Strike_Guardian","Guardian:Strike_Guardian","Guardian:Defend_Guardian","Guardian:Defend_Guardian","Guardian:Defend_Guardian","Guardian:Defend_Guardian","Guardian:CurlUp","Guardian:TwinSlam+1","Guardian:Gem_Cyan","Guardian:PolyBeam+1","Guardian:Gem_Crimson","Guardian:PrimingBeam","Guardian:Gem_Lightblue","Guardian:TemporalStrike"],"relics":["Guardian:ModeShifter","Boot","Akabeko","PreservedInsect"],"acts_visited":["Exordium"],"potions_floor_usage":[8,9,12,14],"damage_taken":[{"damage":6,"enemies":"Cultist","floor":3,"turns":3},{"damage":2,"enemies":"downfall:FleeingMerchant","floor":4,"turns":4},{"damage":3,"enemies":"2 Louse","floor":5,"turns":2},{"damage":1,"enemies":"Jaw Worm","floor":6,"turns":3},{"damage":11,"enemies":"3 Louse","floor":8,"turns":2},{"damage":11,"enemies":"Lots of Slimes","floor":9,"turns":4},{"damage":5,"enemies":"3 Louse","floor":11,"turns":3},{"damage":0,"enemies":"downfall:FleeingMerchant","floor":12,"turns":4},{"damage":13,"enemies":"Gremlin Gang","floor":13,"turns":3},{"damage":12,"enemies":"downfall:FleeingMerchant","floor":14,"turns":4},{"damage":0,"enemies":"Large Slime","floor":15,"turns":2},{"damage":0,"enemies":"DF_ARCHETYPE_STREAMLINE","floor":16,"turns":3}],"seed_played":"-3362959831885434532","potions_obtained":[{"floor":5,"key":"Dexterity Potion"},{"floor":6,"key":"sneckomod:MuddlingPotion"},{"floor":8,"key":"champ:CounterPotion"},{"floor":9,"key":"Block Potion"},{"floor":13,"key":"Fruit Juice"}],"is_trial":false,"path_per_floor":["R","?","M","$","M","M","T","M","M","?","M","$","M","$","M","B"],"character_chosen":"GUARDIAN","items_purchased":["Guardian:PolyBeam","PreservedInsect"],"campfire_rested":0,"item_purchase_floors":[4,12],"current_hp_per_floor":[80,80,74,72,69,68,68,57,46,46,41,41,28,21,21,21,21,21],"gold":54,"neow_bonus":"RANDOM_COMMON_RELIC","is_daily":false,"chose_seed":false,"campfire_upgraded":1,"win_rate":0.0,"timestamp":1612549182,"path_taken":["R","?","M","?","M","M","T","M","M","?","M","$","M","?","M","BOSS"],"items_purchased_type":["Card","Relic"],"build_version":"2020-12-22","purchased_purges":0,"victory":false,"max_hp_per_floor":[80,80,80,80,80,80,80,80,80,80,80,80,80,85,85,85,85,85],"card_choices":[{"not_picked":["Guardian:TemporalShield","Guardian:RollAttack"],"picked":"Guardian:Gem_Cyan","floor":3},{"not_picked":["Guardian:PiercingHide","Guardian:Planning","Guardian:BodySlam"],"picked":"SKIP","floor":4},{"not_picked":["Guardian:PrimingBeam","Guardian:TimeBomb"],"picked":"Guardian:Gem_Crimson","floor":5},{"not_picked":["Guardian:ArmoredProtocol","Guardian:ShieldCharger"],"picked":"Guardian:PrimingBeam","floor":6},{"not_picked":["Guardian:TemporalStrike","Guardian:SpikerProtocol","Guardian:Planning"],"picked":"SKIP","floor":8},{"not_picked":["Guardian:Gem_Synthetic","Guardian:DonusPower","Guardian:Suspension"],"picked":"SKIP","floor":9},{"not_picked":["Guardian:PrimingBeam","Guardian:Planning"],"picked":"Guardian:Gem_Lightblue","floor":11},{"not_picked":["Guardian:AncientConstruct","Guardian:TemporalShield"],"picked":"Guardian:TemporalStrike","floor":12},{"not_picked":["Guardian:ChargeCore","Guardian:PrimingBeam","Guardian:Gem_White"],"picked":"SKIP","floor":13},{"not_picked":["Guardian:Gem_Cyan","Guardian:ConstructionForm","Guardian:Gem_Synthetic"],"picked":"SKIP","floor":14},{"not_picked":["Guardian:TemporalShield","Guardian:GuardianWhirl","Guardian:ChargeCore"],"picked":"SKIP","floor":15}],"player_experience":373054,"relics_obtained":[{"floor":7,"key":"Akabeko"}],"event_choices":[{"damage_healed":0,"gold_gain":0,"player_choice":"Grow","damage_taken":0,"max_hp_gain":0,"max_hp_loss":0,"event_name":"Living Wall","floor":10,"gold_loss":0,"cards_upgraded":["Guardian:PolyBeam"]}],"is_beta":false,"boss_relics":[],"items_purged_floors":[],"is_endless":false,"potions_floor_spawned":[5,6,8,9,13],"killed_by":"DF_ARCHETYPE_STREAMLINE","ascension_level":0}}