{"host":"126yiuos2nq86se7","time":1612498207,"event":{"mods":["AchievementEnabler","Act Like it!","BaseMod","Colored Map","Colored Powertips","Friendly Minions","Highlight Path","Hubris","Minty Spire (QoL Compilation)","Reimu??????","StSLib","SuperFastMode","The Animator"],"gold_per_floor":[116,41,54,129,129,129,164,164,188,207,222,222,47,66,66,161,161,161,161],"floor_reached":18,"language":"ENG","playtime":1030,"items_purged":["Strike_G","Strike_G"],"score":221,"play_id":"14d047cf-a448-4d98-b306-37c53321c231","local_time":"20210205151007","is_ascension_mode":true,"campfire_choices":[{"data":"Neutralize","floor":6,"key":"SMITH"},{"floor":8,"key":"REST"},{"data":"Burst","floor":12,"key":"SMITH"},{"floor":15,"key":"REST"}],"circlet_count":0,"master_deck":["Strike_G","Defend_G","Defend_G","Defend_G","Defend_G","Defend_G","Survivor+1","Neutralize+1","Burst+1","Blur","Deflect","Footwork","Caltrops","Bullet Time"],"relics":["Ring of the Snake","Meat on the Bone","Mastiff:ReiMu","Cursed Key"],"acts_visited":["Exordium","TheCity"],"potions_floor_usage":[7,16],"damage_taken":[{"damage":0,"enemies":"Jaw Worm","floor":1,"turns":4},{"damage":4,"enemies":"Cultist","floor":3,"turns":6},{"damage":45,"enemies":"Gremlin Nob","floor":7,"turns":7},{"damage":0,"enemies":"Small Slimes","floor":10,"turns":7},{"damage":9,"enemies":"Exordium Wildlife","floor":11,"turns":17},{"damage":0,"enemies":"2 Fungi Beasts","floor":14,"turns":11},{"damage":0,"enemies":"The Guardian","floor":16,"turns":29},{"damage":94,"enemies":"Chosen","floor":18,"turns":17}],"seed_played":"4353223583743742582","potions_obtained":[{"floor":3,"key":"Poison Potion"},{"floor":14,"key":"Fire Potion"},{"floor":16,"key":"GrandPatriotsElixir:ReiMu"}],"is_trial":false,"path_per_floor":["M","$","M","?","?","R","E","R","T","M","M","R","$","M","R","B",null,"M"],"character_chosen":"THE_SILENT","items_purchased":["Footwork"],"campfire_rested":2,"item_purchase_floors":[13],"current_hp_per_floor":[63,63,59,48,48,48,3,21,21,33,36,36,36,36,54,54,63,0,0],"gold":161,"neow_bonus":"REMOVE_TWO","is_daily":false,"chose_seed":false,"campfire_upgraded":2,"win_rate":0.0,"timestamp":1612498207,"path_taken":["M","$","M","?","?","R","E","R","T","?","M","R","$","M","R","BOSS","M"],"items_purchased_type":["Card"],"build_version":"2020-12-22","purchased_purges":2,"victory":false,"max_hp_per_floor":[63,63,63,63,63,63,63,63,63,63,63,63,63,63,63,63,63,63,63],"card_choices":[{"not_picked":["Quick Slash","Dodge and Roll","Backstab"],"picked":"SKIP","floor":1},{"not_picked":["Predator","hubris:Sniper","Acrobatics"],"picked":"SKIP","floor":3},{"not_picked":["Crippling Poison","Acrobatics"],"picked":"Burst","floor":7},{"not_picked":["Dodge and Roll","Backflip"],"picked":"Blur","floor":10},{"not_picked":["Flying Knee","Blade Dance"],"picked":"Deflect","floor":11},{"not_picked":["Blade Dance","Accuracy"],"picked":"Caltrops","floor":14},{"not_picked":["Night Terror","Doppelganger"],"picked":"Bullet Time","floor":16}],"player_experience":1592262,"relics_obtained":[{"floor":7,"key":"Meat on the Bone"},{"floor":9,"key":"Mastiff:ReiMu"}],"event_choices":[{"damage_healed":0,"gold_gain":75,"player_choice":"Gather Gold","damage_taken":11,"max_hp_gain":0,"max_hp_loss":0,"event_name":"World of Goop","floor":4,"gold_loss":0},{"damage_healed":0,"gold_gain":0,"player_choice":"Forge","damage_taken":0,"max_hp_gain":0,"max_hp_loss":0,"event_name":"Accursed Blacksmith","floor":5,"gold_loss":0,"cards_upgraded":["Survivor"]}],"is_beta":false,"boss_relics":[{"not_picked":["Pandora\u0027s Box","SacredBark"],"picked":"Cursed Key"}],"items_purged_floors":[2,13],"is_endless":false,"potions_floor_spawned":[3,14,16],"killed_by":"Chosen","ascension_level":1}}