{"host":"xiain65d2hovry7l","time":1612563048,"event":{"mods":["2.2 Compatiblity","Act Like it!","BaseMod","Better Match","Better Note","BetterRewards","Challenge The Spire","Colored Map","Colored Powertips","Downfall","Faster Ascension Climbing","Friendly Minions","Gremlin Mod","Highlight Path","Mimic Mod","Minty Spire (QoL Compilation)","Relic Sorter","Remilia??????","StSLib","The Administrix","The Construct","The Necromancer","The Servant 0.9.4","Unknown Chances"],"gold_per_floor":[99,99,274,274,128,128,128,28,59,70,98,113,127,143,159,159,159,159],"floor_reached":16,"language":"ENG","playtime":757,"items_purged":["Pain"],"score":165,"play_id":"1f10fb47-2cf4-45d1-811d-d299d6428d2b","local_time":"20210205231048","is_ascension_mode":true,"campfire_choices":[{"floor":1,"key":"RECALL"},{"data":"Guardian:TwinSlam","floor":8,"key":"SMITH"}],"circlet_count":0,"master_deck":["AscendersBane","Guardian:Strike_Guardian","Guardian:Strike_Guardian","Guardian:Strike_Guardian","Guardian:Defend_Guardian","Guardian:Defend_Guardian","Guardian:CurlUp","Guardian:TwinSlam+1","Guardian:Clone","Doubt","Guardian:Recover","Guardian:TimeCapacitor","Guardian:Harden","Guardian:Recover","Guardian:BronzeArmor","Guardian:BronzeOrb","Guardian:Planning","Guardian:Gem_Blue","Guardian:HyperBeam_Guardian","Guardian:VentSteam","Guardian:ShieldCharger","Guardian:Gem_Crimson","Guardian:Gem_Yellow"],"relics":["Guardian:ModeShifter","downfall:HeartsMalice","downfall:HeartBlessingRed","Happy Flower","Potion Belt"],"acts_visited":["Exordium"],"potions_floor_usage":[11,15,15,16],"damage_taken":[{"damage":0,"enemies":"Cultist","floor":2,"turns":1},{"damage":0,"enemies":"downfall:FleeingMerchant","floor":5,"turns":1},{"damage":0,"enemies":"2 Louse","floor":6,"turns":1},{"damage":5,"enemies":"3 Sentries","floor":9,"turns":10},{"damage":2,"enemies":"Small Slimes","floor":10,"turns":4},{"damage":35,"enemies":"Gremlin Nob","floor":11,"turns":5},{"damage":13,"enemies":"Blue Slaver","floor":12,"turns":4},{"damage":2,"enemies":"2 Fungi Beasts","floor":13,"turns":2},{"damage":11,"enemies":"Exordium Wildlife","floor":14,"turns":2},{"damage":2,"enemies":"3 Louse","floor":15,"turns":4},{"damage":5,"enemies":"WA_ARCHETYPE_RETAIN","floor":16,"turns":2}],"seed_played":"-6033982114449290203","potions_obtained":[{"floor":10,"key":"FearPotion"},{"floor":13,"key":"SpeedPotion"},{"floor":14,"key":"Swift Potion"},{"floor":15,"key":"Guardian:AcceleratePotion"}],"is_trial":false,"path_per_floor":["R","M","?","?","$","M","T","R","E","M","E","M","M","M","M","B"],"character_chosen":"GUARDIAN","items_purchased":["Guardian:BronzeArmor"],"campfire_rested":0,"item_purchase_floors":[5],"current_hp_per_floor":[72,72,72,72,72,72,72,72,67,65,30,17,15,4,2,0,0,0],"gold":159,"neow_bonus":"THREE_ENEMY_KILL","is_daily":false,"chose_seed":false,"campfire_upgraded":1,"win_rate":0.0,"timestamp":1612563048,"path_taken":["R","M","?","?","$","M","T","R","E","M","E","M","M","?","M","BOSS"],"items_purchased_type":["Card"],"build_version":"2020-12-22","purchased_purges":1,"victory":false,"max_hp_per_floor":[80,80,80,80,80,80,80,80,80,80,80,80,80,80,80,80,80,80],"card_choices":[{"not_picked":["Guardian:PrimingBeam","Guardian:RollAttack"],"picked":"Guardian:Clone","floor":2},{"not_picked":["Guardian:PiercingHide","Guardian:Gem_Cyan"],"picked":"Guardian:Recover","floor":5},{"not_picked":["Guardian:Gem_Lightblue","Guardian:TemporalShield"],"picked":"Guardian:BronzeOrb","floor":6},{"not_picked":["Guardian:RollAttack","Guardian:Recover"],"picked":"Guardian:Planning","floor":9},{"not_picked":["Guardian:Planning","Guardian:CrystalBeam"],"picked":"Guardian:Gem_Blue","floor":10},{"not_picked":["Guardian:PrimingBeam","Guardian:SpikerProtocol"],"picked":"Guardian:HyperBeam_Guardian","floor":11},{"not_picked":["Guardian:Planning","Guardian:TemporalStrike"],"picked":"Guardian:VentSteam","floor":12},{"not_picked":["Guardian:BronzeArmor","Guardian:Incinerate"],"picked":"Guardian:ShieldCharger","floor":13},{"not_picked":["Guardian:Incinerate","Guardian:GuardianWhirl"],"picked":"Guardian:Gem_Crimson","floor":14},{"not_picked":["Guardian:Gem_Purple","Guardian:Gem_Green"],"picked":"Guardian:Gem_Yellow","floor":15}],"player_experience":726584,"relics_obtained":[{"floor":9,"key":"Happy Flower"},{"floor":11,"key":"Potion Belt"}],"event_choices":[],"is_beta":false,"boss_relics":[],"items_purged_floors":[5],"is_endless":false,"potions_floor_spawned":[10,13,14,15],"killed_by":"WA_ARCHETYPE_RETAIN","ascension_level":10}}