{"host":"am0cr9xwekqmrere","time":1612564666,"event":{"mods":["AchievementEnabler","Act Like it!","BaseMod","Better Altar","Better Match","Better Note","Better Sensory Stone","Better Skull","Better Third Choice","BetterRewards","Conspire","Downfall","Hubris","Infinite Spire","Minty Spire (QoL Compilation)","Rare Cards Sparkle","Spicy Shops","StSLib","Unceasing Turn Reminder"],"gold_per_floor":[99,111,96,114,114,114,114,132,32,132,151,136,136,136,150,255,255,255],"floor_reached":16,"language":"ENG","playtime":672,"items_purged":[],"score":172,"play_id":"0df31230-19de-45b8-b88a-2e7b9bb3bd5e","local_time":"20210205163746","is_ascension_mode":true,"campfire_choices":[{"data":"champ:Taunt","floor":1,"key":"SMITH"},{"data":"champ:SetATrap","floor":6,"key":"SMITH"},{"floor":9,"key":"REST"},{"floor":13,"key":"REST"}],"circlet_count":0,"master_deck":["champ:Strike","champ:Strike","champ:Strike","champ:Strike","champ:Defend","champ:Defend","champ:Defend","champ:Defend","champ:Execute","champ:Taunt+1","champ:ShieldSigil","champ:SetATrap+1","champ:Haymaker","champ:ShieldSigil","champ:FocusedDefense","champ:DefensiveShout","champ:CrownThrow","champ:SwordSigil","Panacea","champ:UltimateStance"],"relics":["champ:ChampionCrown","downfall:HeartBlessingBlue","Toy Ornithopter"],"acts_visited":["Exordium"],"potions_floor_usage":[10,11,12,15],"damage_taken":[{"damage":20,"enemies":"Small Slimes","floor":2,"turns":4},{"damage":20,"enemies":"downfall:FleeingMerchant","floor":3,"turns":4},{"damage":2,"enemies":"Cultist","floor":4,"turns":5},{"damage":8,"enemies":"Jaw Worm","floor":8,"turns":2},{"damage":71,"enemies":"downfall:LadyInBlue","floor":10,"turns":11},{"damage":4,"enemies":"Blue Slaver","floor":11,"turns":2},{"damage":10,"enemies":"downfall:FleeingMerchant","floor":12,"turns":4},{"damage":13,"enemies":"Lots of Slimes","floor":15,"turns":4},{"damage":32,"enemies":"IC_STATUS_ARCHETYPE","floor":16,"turns":8}],"seed_played":"-2761823277279384683","potions_obtained":[{"floor":4,"key":"EssenceOfSteel"},{"floor":8,"key":"FearPotion"},{"floor":10,"key":"LiquidMemories"},{"floor":10,"key":"AttackPotion"},{"floor":11,"key":"SkillPotion"},{"floor":15,"key":"FearPotion"},{"floor":16,"key":"Regen Potion"}],"is_trial":false,"path_per_floor":["R","M","$","M","?","R","T","M","R","?","M","$","R","?","M","B"],"character_chosen":"THE_CHAMP","items_purchased":[],"campfire_rested":2,"item_purchase_floors":[],"current_hp_per_floor":[99,89,89,87,87,87,87,79,109,38,39,44,76,76,68,36,36,36],"gold":255,"neow_bonus":"TEN_PERCENT_HP_BONUS","is_daily":false,"chose_seed":false,"campfire_upgraded":2,"win_rate":0.0,"timestamp":1612564666,"path_taken":["R","M","$","M","?","R","T","?","R","?","?","$","R","?","M","BOSS"],"items_purchased_type":[],"build_version":"2020-12-22","purchased_purges":0,"victory":false,"max_hp_per_floor":[99,99,99,99,99,99,99,99,109,109,109,109,109,109,109,109,109,109],"card_choices":[{"not_picked":["champ:EnGarde","champ:Backstep"],"picked":"champ:ShieldSigil","floor":2},{"not_picked":["champ:FancyFootwork","champ:BerserkersShout"],"picked":"champ:SetATrap","floor":3},{"not_picked":["champ:BerserkersShout","champ:Backstep"],"picked":"champ:Haymaker","floor":4},{"not_picked":["champ:ShieldSigil","champ:Haymaker"],"picked":"champ:FocusedDefense","floor":8},{"not_picked":["champ:MurderStrike","champ:Haymaker"],"picked":"champ:DefensiveShout","floor":10},{"not_picked":["champ:FanOfKnives","champ:AdrenalArmor"],"picked":"champ:CrownThrow","floor":11},{"not_picked":["champ:ViciousMockery","champ:Circumvent"],"picked":"champ:SwordSigil","floor":12},{"not_picked":["Discovery","Dramatic Entrance"],"picked":"Panacea","floor":14},{"not_picked":["champ:HeartStrike","champ:EnragedBash","champ:PerfectedStrike"],"picked":"SKIP","floor":15},{"not_picked":["champ:SwordThrow","champ:HoldFirm"],"picked":"champ:UltimateStance","floor":16}],"player_experience":2731010,"relics_obtained":[{"floor":10,"key":"Toy Ornithopter"}],"event_choices":[{"damage_healed":0,"gold_gain":1,"player_choice":"1","damage_taken":0,"max_hp_gain":0,"max_hp_loss":0,"event_name":"betterStone:BetterStone","floor":14,"gold_loss":0}],"is_beta":false,"boss_relics":[],"items_purged_floors":[],"is_endless":false,"potions_floor_spawned":[4,8,11,15,16],"killed_by":"IC_STATUS_ARCHETYPE","ascension_level":1}}