{"host":"cfx7gfywkfguge4j","time":1612504970,"event":{"mods":["BaseMod","Lobotomy","LobotomyExtend","Minty Spire (QoL Compilation)","Replay The Spire","Shop Mod","StSLib","The Servant 0.9.4","[IsaacMod]ÒÔÈö¼âËþ"],"gold_per_floor":[119,119,69,81,96,130,130,165,165,182,193,225,225,277,277,375,375,394,394,394],"floor_reached":19,"language":"ZHS","playtime":914,"items_purged":["Strike_S"],"score":330,"play_id":"430be16e-114a-4e08-bea5-c92612944e7a","local_time":"20210205140250","is_ascension_mode":true,"campfire_choices":[{"data":"Initiator","floor":7.0,"key":"SMITH"},{"data":"Spin","floor":15.0,"key":"SMITH"}],"circlet_count":0,"master_deck":["Strike_S","Strike_S","Defend_S+1","Defend_S+1","Defend_S+1","Defend_S+1","KidneyShot","Exchange","SuicideKing","MurderousAura","UniverseFragment","Gouge","QueenBee","StarChef","Initiator+1","DualDimension","MeatLantern","CherryBlossoms","Spin+1","SilverBlades","Embodiment","MurderousAura","BlackArmy"],"relics":["Uniform","HushsDoor","Chaos","CogitoBucket","RabbitCall","LetterFromLob","Replay:Bottled Eggs","Tiny Chest","AspirationHeart","Blue Doll","Prayer Wheel","Damocles","Damocles","Divine Protection","Question Card"],"acts_visited":["Exordium","TheCity"],"potions_floor_usage":[18,18],"damage_taken":[{"damage":7.0,"enemies":"Small Slimes","floor":1.0,"turns":4.0},{"damage":2.0,"enemies":"Jaw Worm","floor":4.0,"turns":5.0},{"damage":0.0,"enemies":"2 Louse","floor":5.0,"turns":2.0},{"damage":19.0,"enemies":"Gremlin Nob","floor":6.0,"turns":4.0},{"damage":0.0,"enemies":"Lagavulin","floor":8.0,"turns":3.0},{"damage":23.0,"enemies":"Exordium Thugs","floor":10.0,"turns":4.0},{"damage":0.0,"enemies":"Looter","floor":11.0,"turns":1.0},{"damage":0.0,"enemies":"3 Sentries","floor":12.0,"turns":5.0},{"damage":0.0,"enemies":"Fading Forest","floor":16.0,"turns":11.0},{"damage":20,"enemies":"Chosen","floor":18,"turns":6},{"damage":5,"enemies":"3 Byrds","floor":19,"turns":2}],"seed_played":"-7312106848471723181","potions_obtained":[{"floor":6.0,"key":"Cursed Concoction"},{"floor":8.0,"key":"SmokeBomb"},{"floor":10.0,"key":"Swift Potion"},{"floor":13.0,"key":"Fruit Juice"},{"floor":13.0,"key":"Adrenaline Potion"}],"is_trial":false,"path_per_floor":["M","?","?","M","M","E","R","E","T","M","M","E","?","T","R","B",null,"M","M"],"character_chosen":"THE_SERVANT","items_purchased":["MurderousAura","Damocles"],"campfire_rested":0,"item_purchase_floors":[17,17],"current_hp_per_floor":[58,58,58,56,56,37,37,37,37,24,24,24,29,29,29,29,61,41,0,0],"gold":394,"neow_bonus":"","is_daily":false,"chose_seed":false,"campfire_upgraded":2,"win_rate":0.0,"timestamp":1612504970,"path_taken":["M","?","?","M","M","E","R","E","T","M","M","E","?","?","R","BOSS","M","M"],"items_purchased_type":["Card","Relic"],"build_version":"2020-12-22","purchased_purges":1,"victory":false,"max_hp_per_floor":[65,65,65,65,65,65,65,65,65,75,75,75,80,80,80,80,61,61,61,61],"card_choices":[{"not_picked":[],"picked":"SuicideKing","floor":0.0},{"not_picked":["ReturningBlade","Rewind"],"picked":"Luminosity","floor":1.0},{"not_picked":["BigBadWolf","OSAHOGD"],"picked":"UniverseFragment","floor":4.0},{"not_picked":["TheWorld","BottledTime"],"picked":"Gouge","floor":4.0},{"not_picked":["WallGazer","FairyFestival"],"picked":"QueenBee","floor":5.0},{"not_picked":["Rewind","WasteNot"],"picked":"StarChef","floor":5.0},{"not_picked":["Shuttle","Ricochet"],"picked":"Initiator","floor":6.0},{"not_picked":["Rewind","Ricochet"],"picked":"DualDimension","floor":8.0},{"not_picked":["CherryBlossoms","Mercenary"],"picked":"MeatLantern","floor":8.0},{"not_picked":["VoidDream","BeautyBeast"],"picked":"CherryBlossoms","floor":10.0},{"not_picked":["Unruled","Sabotage"],"picked":"Spin","floor":10.0},{"not_picked":["Spin","Potential","RealityMarble"],"picked":"SKIP","floor":11.0},{"not_picked":["Alleviate","Revamp"],"picked":"SilverBlades","floor":12.0},{"not_picked":["ForgedInTime","PendulumOfEternity"],"picked":"Embodiment","floor":16.0},{"not_picked":["PunishingBird","SpiderBud"],"picked":"BlackArmy","floor":18},{"not_picked":["RealityMarble","Defy","Rewind"],"picked":"SKIP","floor":18},{"not_picked":["FastForward","ShatteredReality","Ricochet"],"picked":"SKIP","floor":18}],"player_experience":100527,"relics_obtained":[{"floor":1.0,"key":"LetterFromLob"},{"floor":6.0,"key":"Replay:Bottled Eggs"},{"floor":8.0,"key":"Tiny Chest"},{"floor":12.0,"key":"Blue Doll"},{"floor":14.0,"key":"Prayer Wheel"},{"floor":18,"key":"Divine Protection"},{"floor":18,"key":"Question Card"}],"event_choices":[{"damage_healed":0.0,"max_hp_gain":0.0,"max_hp_loss":0.0,"gold_gain":0.0,"cards_transformed":["Luminosity"],"event_name":"Living Wall","player_choice":"Change","floor":2.0,"gold_loss":0.0,"damage_taken":0.0,"cards_obtained":["MurderousAura"]},{"cards_removed":["Strike_S"],"damage_healed":0.0,"max_hp_gain":0.0,"max_hp_loss":0.0,"gold_gain":0.0,"event_name":"The Cleric","player_choice":"Card Removal","floor":3.0,"gold_loss":50.0,"damage_taken":0.0},{"damage_healed":0.0,"max_hp_gain":0.0,"max_hp_loss":0.0,"gold_gain":0.0,"event_name":"Lab","player_choice":"Got Potions","floor":13.0,"gold_loss":0.0,"damage_taken":0.0}],"is_beta":false,"boss_relics":[{"not_picked":["SteamSale","OrangePellets"],"picked":"Diplopia"},{"not_picked":[]}],"items_purged_floors":[17],"is_endless":false,"potions_floor_spawned":[6,8,10,16],"killed_by":"3 Byrds","ascension_level":3}}