{"host":"2haferq23ht5nrlk","time":1612527824,"event":{"mods":["ATMod(°¢èªMod)","BaseMod","BetterRewards","Colored Powertips","Conspire","Dota2Spire","KomeijiMod","Lobotomy","Minty Spire (QoL Compilation)","Quick Restart","Relic Filter Mod","Relic Stats","Reliquary","Replay The Spire","Spicy Shops","StSLib","UnlockEverythingMod","¡¾ÒÅÎï¿¨ÅÆ¡¿REMEMod"],"gold_per_floor":[109,121,132,65,83,83,110,110,137,171,171,171,41,53,53,126,126,140,150,150],"floor_reached":19,"language":"ZHS","playtime":1045,"items_purged":["Strike_R"],"score":404,"play_id":"3377ad0c-9af6-42ad-8c09-7c256de85dce","local_time":"20210205202344","is_ascension_mode":true,"campfire_choices":[{"data":"AT_EssenceShift","floor":6,"key":"SMITH"},{"floor":8,"key":"REST"},{"floor":11,"key":"REST"},{"data":"Flex","floor":15,"key":"SMITH"}],"circlet_count":0,"master_deck":["Strike_R","Strike_R","Strike_R","Strike_R","Defend_R","Defend_R","Defend_R","Defend_R","Bash","Strike_G","Neutralize","Reboot","AT_EssenceShift+1","Cleave","Replay:Undeath\u0027s Touch","Replay:Undeath\u0027s Touch","REME_Cut+1","AT_DrawKnifeCut","conspire:HitWhereItHurts","Run Through","Flex+1","Heavy Blade","Limit Break","Bloodletting+1"],"relics":["Burning Blood","AT_ATBox","REME_ComplimentaryCards","Torii","Dota2Spire:DrumOfEndurance","Bag of Preparation","ReplayTheSpireMod:DimensionalGlitch"],"acts_visited":["Exordium","TheCity"],"potions_floor_usage":[7,16,18],"damage_taken":[{"damage":11,"enemies":"Cultist","floor":1,"turns":4},{"damage":14,"enemies":"Jaw Worm","floor":2,"turns":4},{"damage":8,"enemies":"conspire:RoseBush","floor":3,"turns":4},{"damage":21,"enemies":"3 Louse","floor":5,"turns":3},{"damage":26,"enemies":"Gremlin Nob","floor":7,"turns":4},{"damage":11,"enemies":"3 Sentries","floor":10,"turns":3},{"damage":12,"enemies":"Exordium Wildlife","floor":14,"turns":3},{"damage":3,"enemies":"Fading Forest","floor":16,"turns":13},{"damage":29,"enemies":"Shell Parasite","floor":18,"turns":3},{"damage":53,"enemies":"conspire:MimicChest","floor":19,"turns":5}],"seed_played":"5656075469610996465","potions_obtained":[{"floor":5,"key":"Milkshake"},{"floor":10,"key":"SneckoOil"},{"floor":14,"key":"ColorlessPotion"}],"is_trial":false,"path_per_floor":["M","M","M","$","M","R","E","R","T","E","R","?","$","M","R","B",null,"M","?"],"character_chosen":"IRONCLAD","items_purchased":["REME_Cut+1","Flex"],"campfire_rested":2,"item_purchase_floors":[4,13],"current_hp_per_floor":[63,55,53,53,38,38,18,40,40,35,57,57,57,51,51,62,72,46,0,0],"gold":150,"neow_bonus":"ONE_RARE_RELIC","is_daily":false,"chose_seed":false,"campfire_upgraded":2,"win_rate":0.0,"timestamp":1612527824,"path_taken":["M","?","M","$","?","R","E","R","T","E","R","?","$","M","R","BOSS","M","?"],"items_purchased_type":["Card","Card"],"build_version":"2020-12-22","purchased_purges":1,"victory":false,"max_hp_per_floor":[75,75,75,75,75,75,75,75,75,75,75,75,75,75,75,75,75,75,75,75],"relic_stats":{"Torii":27,"counters":[10,46],"Bag of Preparation":[8],"obtain_stats":[{"AT_ATBox":0,"Torii":0,"Dota2Spire:DrumOfEndurance":7,"Bag of Preparation":10,"ReplayTheSpireMod:DimensionalGlitch":17,"Burning Blood":0,"REME_ComplimentaryCards":0},{"AT_ATBox":0,"Torii":0,"Dota2Spire:DrumOfEndurance":5,"Bag of Preparation":6,"ReplayTheSpireMod:DimensionalGlitch":8,"Burning Blood":0,"REME_ComplimentaryCards":0},{"AT_ATBox":0,"Torii":0,"Dota2Spire:DrumOfEndurance":19,"Bag of Preparation":22,"ReplayTheSpireMod:DimensionalGlitch":38,"Burning Blood":0,"REME_ComplimentaryCards":0}],"Burning Blood":51},"card_choices":[{"not_picked":["Run Through","Body Slam"],"picked":"Cleave","floor":1},{"not_picked":["Headbutt","Anger"],"picked":"Replay:Undeath\u0027s Touch","floor":2},{"not_picked":["Inflame","Whirlwind"],"picked":"Replay:Undeath\u0027s Touch","floor":3},{"not_picked":["Perfected Strike","Sword Boomerang"],"picked":"AT_DrawKnifeCut","floor":5},{"not_picked":["AT_BodySlamDance","Wild Strike"],"picked":"conspire:HitWhereItHurts","floor":7},{"not_picked":["Clash","Life Link"],"picked":"Run Through","floor":10},{"not_picked":["Wild Strike","REME_Cut"],"picked":"Heavy Blade","floor":14},{"not_picked":["Berserk","Demon Form"],"picked":"Limit Break","floor":16},{"not_picked":["Warcry","True Grit"],"picked":"Bloodletting+1","floor":18}],"player_experience":18103,"relics_obtained":[{"floor":7,"key":"Dota2Spire:DrumOfEndurance"},{"floor":10,"key":"Bag of Preparation"}],"event_choices":[],"is_beta":false,"boss_relics":[{"not_picked":["REME_ChargedStone","Snecko Eye"],"picked":"ReplayTheSpireMod:DimensionalGlitch"}],"items_purged_floors":[13],"is_endless":false,"potions_floor_spawned":[5,10,14],"killed_by":"conspire:MimicChest","ascension_level":20}}