{"host":"j4nfyhit1dl35m08","time":1612495404,"event":{"mods":["BaseMod","Downfall","Highlight Path","Minty Spire (QoL Compilation)","StSLib"],"gold_per_floor":[99,114,128,228,241,241,264,275,175,203,203,254,254,10,30,134,134,34,34,134,234,254,279,302,314,333,333,105,105,117,149,163,264,264,264,319,330,343,343,372,446,546,580,9,43,56,56,90,110,110],"floor_reached":51,"language":"ENG","playtime":8027,"items_purged":["Regret","bronze:Strike+1"],"score":1149,"play_id":"f5b340ed-61d0-4673-abfd-460fefee476d","local_time":"20210204212324","is_ascension_mode":true,"campfire_choices":[{"data":"bronze:Goto","floor":1,"key":"SMITH"},{"data":"bronze:BuggyMess","floor":9,"key":"SMITH"},{"data":"bronze:ClassDefault","floor":18,"key":"SMITH"},{"data":"bronze:Library","floor":27,"key":"SMITH"},{"data":"bronze:Deprecate","floor":29,"key":"SMITH"},{"data":"bronze:HardenedForm","floor":35,"key":"SMITH"},{"data":"1","floor":47,"key":"LIFT"}],"circlet_count":0,"master_deck":["bronze:Strike+1","bronze:Defend","bronze:Defend","bronze:Defend","bronze:Defend","bronze:Replicate","bronze:Goto+1","bronze:WhirlingStrike","bronze:ClassDefault+1","bronze:BuggyMess+1","bronze:FollowUp","bronze:FindAndReplace","bronze:Constructor","bronze:Branch","bronze:Library+1","bronze:BitShift","bronze:Allocate","bronze:Boost+1","bronze:MaxOutput","bronze:Repair+1","bronze:ChosenStrike","bronze:Deprecate+1","bronze:Repulsor","bronze:Optimize+1","bronze:CleanCode","bronze:HardenedForm+1","bronze:ItsAFeature+1","bronze:CutThrough+1","bronze:Shell+1","bronze:Iterate+1","bronze:Boost+1","bronze:Mutator","bronze:ClassDefault","Apotheosis","bronze:BitShift","bronze:Repulsor","bronze:Frontload+1","bronze:Fortify+1"],"relics":["Coffee Dripper","Bronze Scales","downfall:HeartBlessingBlue","Whetstone","Strawberry","Akabeko","bronze:BronzeIdol","Lee\u0027s Waffle","bronze:MakeshiftBattery","downfall:HeartBlessingGreen","Pantograph","Lantern","ClockworkSouvenir","Eternal Feather","bronze:ElectromagneticCoil","Girya","MealTicket","Mummified Hand","White Beast Statue","Dead Branch","Toolbox","Centennial Puzzle","bronze:ProtectiveGoggles","Regal Pillow","Ancient Tea Set"],"acts_visited":["Exordium","TheCity","TheBeyond"],"potions_floor_usage":[12,12,31,36,36,36,42,43,50,50],"damage_taken":[{"damage":0,"enemies":"Small Slimes","floor":2,"turns":3},{"damage":0,"enemies":"Jaw Worm","floor":3,"turns":4},{"damage":2,"enemies":"2 Louse","floor":5,"turns":3},{"damage":13,"enemies":"Blue Slaver","floor":8,"turns":4},{"damage":10,"enemies":"3 Sentries","floor":10,"turns":6},{"damage":16,"enemies":"Lagavulin","floor":12,"turns":5},{"damage":3,"enemies":"downfall:FleeingMerchant","floor":14,"turns":4},{"damage":0,"enemies":"Exordium Wildlife","floor":15,"turns":2},{"damage":7,"enemies":"SI_SHIV_ARCHETYPE","floor":16,"turns":7},{"damage":2,"enemies":"Shell Parasite","floor":22,"turns":4},{"damage":3,"enemies":"Book of Stabbing","floor":23,"turns":5},{"damage":6,"enemies":"3 Byrds","floor":25,"turns":3},{"damage":0,"enemies":"Shelled Parasite and Fungi","floor":26,"turns":4},{"damage":0,"enemies":"downfall:FleeingMerchant","floor":28,"turns":4},{"damage":9,"enemies":"Snake Plant","floor":30,"turns":3},{"damage":9,"enemies":"Gremlin Leader","floor":31,"turns":6},{"damage":0,"enemies":"Centurion and Healer","floor":32,"turns":4},{"damage":10,"enemies":"WA_ARCHETYPE_CALM","floor":33,"turns":9},{"damage":0,"enemies":"2 Orb Walkers","floor":36,"turns":4},{"damage":0,"enemies":"3 Shapes","floor":37,"turns":8},{"damage":2,"enemies":"Orb Walker","floor":38,"turns":3},{"damage":16,"enemies":"Nemesis","floor":40,"turns":7},{"damage":5,"enemies":"downfall:LadyInBlue","floor":42,"turns":5},{"damage":51,"enemies":"Reptomancer","floor":43,"turns":6},{"damage":3,"enemies":"downfall:FleeingMerchant","floor":44,"turns":4},{"damage":0,"enemies":"Nemesis","floor":45,"turns":5},{"damage":0,"enemies":"Maw","floor":46,"turns":4},{"damage":1,"enemies":"Giant Head","floor":48,"turns":5},{"damage":10,"enemies":"Jaw Worm Horde","floor":49,"turns":4},{"damage":9,"enemies":"IC_BLOCK_ARCHETYPE","floor":50,"turns":10}],"seed_played":"2044359340709901584","potions_obtained":[{"floor":2,"key":"ColorlessPotion"},{"floor":8,"key":"FearPotion"},{"floor":16,"key":"Guardian:BlockOnCardUsePotion"},{"floor":23,"key":"Regen Potion"},{"floor":25,"key":"Swift Potion"},{"floor":26,"key":"AttackPotion"},{"floor":32,"key":"SkillPotion"},{"floor":38,"key":"Energy Potion"},{"floor":40,"key":"SkillPotion"},{"floor":42,"key":"SkillPotion"},{"floor":42,"key":"ColorlessPotion"},{"floor":42,"key":"Guardian:BlockOnCardUsePotion"},{"floor":43,"key":"Block Potion"},{"floor":44,"key":"FairyPotion"}],"is_trial":false,"path_per_floor":["R","M","M","?","M","T","T","M","R","E","?","E","?","$","M","B",null,"R","?","?","?","M","E","T","M","M","R","$","R","M","E","M","B",null,"R","?","M","M","?","E","T","?","E","$","E","M","R","E","M","B",null],"character_chosen":"THE_AUTOMATON","items_purchased":["Lee\u0027s Waffle","bronze:Repulsor","ClockworkSouvenir","bronze:ClassDefault","Toolbox","Apotheosis","Centennial Puzzle","bronze:BitShift","bronze:ProtectiveGoggles","PowerPotion"],"campfire_rested":0,"item_purchase_floors":[14,28,28,44,44,44,44,44,44,44],"current_hp_per_floor":[63,63,63,63,61,61,61,48,58,48,48,32,32,94,94,87,92,92,92,92,92,90,87,87,81,94,94,94,94,85,85,94,94,94,94,94,94,92,92,79,79,94,53,75,94,94,94,94,84,94],"gold":110,"neow_bonus":"BOSS_RELIC","is_daily":false,"chose_seed":false,"campfire_upgraded":6,"win_rate":0.0,"timestamp":1612495404,"path_taken":["R","M","M","?","M","?","T","M","R","E","?","E","?","$","M","BOSS","R","?","?","?","?","E","T","M","?","R","$","R","M","E","M","BOSS","R","?","M","M","?","E","T","?","E","$","E","M","R","E","M","BOSS"],"items_purchased_type":["Relic","Card","Relic","Card","Relic","Card","Relic","Card","Relic","Potion"],"build_version":"2020-12-22","purchased_purges":2,"victory":true,"max_hp_per_floor":[70,70,70,70,70,70,70,70,80,80,87,87,87,94,94,94,94,94,94,94,94,94,94,94,94,94,94,94,94,94,94,94,94,94,94,94,94,94,94,94,94,94,94,94,94,94,94,94,94,94],"card_choices":[{"not_picked":["bronze:Philosophize","bronze:OilSpill"],"picked":"bronze:WhirlingStrike","floor":2},{"not_picked":["bronze:BitShift","bronze:DigitalCarnage"],"picked":"bronze:ClassDefault","floor":3},{"not_picked":["bronze:BitShift","bronze:OilSpill"],"picked":"bronze:BuggyMess","floor":5},{"not_picked":["bronze:Backtrace","bronze:BugBarrage","bronze:DelayedSlice"],"picked":"SKIP","floor":8},{"not_picked":["bronze:ForceShield","bronze:DelayedGuard"],"picked":"bronze:FollowUp","floor":10},{"not_picked":["bronze:FineTuning","bronze:Branch"],"picked":"bronze:FindAndReplace","floor":12},{"not_picked":["bronze:DelayedGuard","bronze:WildBeam"],"picked":"bronze:Constructor","floor":14},{"not_picked":["bronze:Backtrace","bronze:WildBeam"],"picked":"bronze:Branch","floor":15},{"not_picked":["bronze:Assembly","bronze:FindAndReplace"],"picked":"bronze:Library","floor":16},{"not_picked":["bronze:FollowUp","bronze:DigitalCarnage"],"picked":"bronze:Boost+1","floor":22},{"not_picked":["bronze:BronzeArmor+1","bronze:Separator"],"picked":"bronze:MaxOutput","floor":23},{"not_picked":["bronze:DelayedSlice","bronze:Allocate"],"picked":"bronze:Repair+1","floor":25},{"not_picked":["bronze:Invalidate","bronze:OilSpill"],"picked":"bronze:ChosenStrike","floor":26},{"not_picked":["bronze:BitShift","bronze:Shield"],"picked":"bronze:Deprecate","floor":28},{"not_picked":["bronze:BuggyMess","bronze:BronzeOrb","bronze:ForLoop"],"picked":"SKIP","floor":30},{"not_picked":["bronze:SpaghettiCode","bronze:Constructor"],"picked":"bronze:Optimize+1","floor":31},{"not_picked":["bronze:WhirlingStrike","bronze:Shield+1"],"picked":"bronze:CleanCode","floor":32},{"not_picked":["bronze:FindAndReplace","bronze:InfiniteLoop"],"picked":"bronze:HardenedForm","floor":33},{"not_picked":["bronze:Constructor+1","bronze:Overload"],"picked":"bronze:ItsAFeature+1","floor":36},{"not_picked":["bronze:Shield+1","bronze:Backtrace+1"],"picked":"bronze:CutThrough+1","floor":37},{"not_picked":["bronze:CloningBeam","bronze:Constructor"],"picked":"bronze:Shell+1","floor":38},{"not_picked":["bronze:ChildClass","bronze:InfiniteBeams"],"picked":"bronze:Iterate+1","floor":40},{"not_picked":["bronze:BitShift","bronze:Turbo+1"],"picked":"bronze:Boost+1","floor":42},{"not_picked":["bronze:ChildClass+1","bronze:Shell"],"picked":"bronze:Mutator","floor":43},{"not_picked":["bronze:ChosenStrike","bronze:Invalidate+1","bronze:BuggyMess+1"],"picked":"SKIP","floor":44},{"not_picked":["bronze:WildBeam","bronze:InfiniteBeams+1"],"picked":"bronze:Repulsor","floor":45},{"not_picked":["bronze:BuggyMess","bronze:Allocate+1"],"picked":"bronze:Frontload+1","floor":46},{"not_picked":["bronze:DarkDash","bronze:BronzeArmor"],"picked":"bronze:Fortify+1","floor":48},{"not_picked":["bronze:DelayedSlice+1","bronze:Overheat","bronze:Shell"],"picked":"SKIP","floor":49}],"player_experience":404965,"relics_obtained":[{"floor":7,"key":"Bronze Scales"},{"floor":10,"key":"Whetstone"},{"floor":12,"key":"Akabeko"},{"floor":23,"key":"Pantograph"},{"floor":24,"key":"Lantern"},{"floor":31,"key":"Eternal Feather"},{"floor":36,"key":"Girya"},{"floor":40,"key":"MealTicket"},{"floor":41,"key":"Mummified Hand"},{"floor":42,"key":"White Beast Statue"},{"floor":43,"key":"Dead Branch"},{"floor":45,"key":"Regal Pillow"},{"floor":48,"key":"Ancient Tea Set"}],"event_choices":[{"damage_healed":0,"gold_gain":0,"player_choice":"Success","damage_taken":7,"relics_obtained":["Strawberry"],"max_hp_gain":0,"max_hp_loss":0,"event_name":"Scrap Ooze","floor":11,"gold_loss":0},{"damage_healed":0,"gold_gain":0,"player_choice":"Box","damage_taken":0,"relics_obtained":["bronze:BronzeIdol"],"max_hp_gain":0,"max_hp_loss":0,"event_name":"Big Fish","floor":13,"gold_loss":0,"cards_obtained":["Regret"]},{"damage_healed":0,"gold_gain":0,"cards_transformed":["bronze:Strike","bronze:Strike"],"player_choice":"Became Test Subject","damage_taken":0,"max_hp_gain":0,"max_hp_loss":0,"event_name":"Drug Dealer","floor":19,"gold_loss":0,"cards_obtained":["bronze:BitShift","bronze:Allocate"]},{"damage_healed":0,"gold_gain":0,"player_choice":"Fight","damage_taken":0,"max_hp_gain":0,"max_hp_loss":0,"event_name":"Mysterious Sphere","floor":36,"gold_loss":0}],"is_beta":false,"boss_relics":[{"not_picked":["Philosopher\u0027s Stone","Empty Cage"],"picked":"bronze:MakeshiftBattery"},{"not_picked":["Runic Pyramid","Sozu"],"picked":"bronze:ElectromagneticCoil"}],"items_purged_floors":[14,44],"is_endless":false,"potions_floor_spawned":[2,8,16,23,25,26,30,32,38,40,42,43,44,45,46,48,49],"ascension_level":6}}