{"host":"r91i8wii3z9p67t1","time":1612504680,"event":{"mods":["BaseMod","Minty Spire (QoL Compilation)","Relic Stats","Reliquary","StSLib"],"gold_per_floor":[110,129,304,44,61,92,92,92,92,125,139,139,139,169,169,265,265,280,280,290,290,300,300,328,328,328,346,346,366,465,477,477,575,575,590,590,590,610,248,274,274,324,324,324,336,352,34,34,34,34,34],"floor_reached":50,"language":"ENG","playtime":7885,"items_purged":["Doubt","Strike_P"],"score":672,"play_id":"13aaff53-805f-4acc-a379-0d3dbb1e9a55","local_time":"20210205135800","is_ascension_mode":true,"campfire_choices":[{"floor":7.0,"key":"REST"},{"data":"Eruption","floor":13.0,"key":"SMITH"},{"floor":15.0,"key":"REST"},{"floor":23.0,"key":"REST"},{"floor":25.0,"key":"REST"},{"floor":28.0,"key":"REST"},{"floor":32.0,"key":"REST"},{"data":"DeusExMachina","floor":41,"key":"SMITH"},{"data":"Halt","floor":44,"key":"SMITH"},{"data":"Evaluate","floor":49,"key":"SMITH"}],"circlet_count":0,"master_deck":["Strike_P+1","Defend_P","Defend_P+1","Defend_P","Defend_P","Eruption+1","Vigilance","Evaluate+1","FlurryOfBlows","Finesse","FollowUp+1","ReachHeaven","EmptyFist+1","Halt+1","DeusExMachina","WindmillStrike+1","Discovery","TalkToTheHand","FollowUp","FlurryOfBlows","Protect","Study+1","DeusExMachina+1","SandsOfTime+1","Evaluate","FlyingSleeves+1","Adaptation+1","Crescendo+1"],"relics":["PureWater","Yang","Turnip","Blue Candle","Ice Cream","Empty Cage","Enchiridion","StoneCalendar","CloakClasp","Busted Crown","Membership Card","Darkstone Periapt","Lantern","Whetstone","Prayer Wheel","Strawberry","OrangePellets","Mummified Hand","Anchor"],"acts_visited":["Exordium","TheCity","TheBeyond"],"potions_floor_usage":[40,50,50],"damage_taken":[{"damage":6.0,"enemies":"2 Louse","floor":1.0,"turns":5.0},{"damage":2.0,"enemies":"Jaw Worm","floor":2.0,"turns":6.0},{"damage":0.0,"enemies":"Small Slimes","floor":5.0,"turns":5.0},{"damage":27.0,"enemies":"Gremlin Nob","floor":6.0,"turns":4.0},{"damage":4.0,"enemies":"Lagavulin","floor":10.0,"turns":5.0},{"damage":1.0,"enemies":"Exordium Wildlife","floor":11.0,"turns":4.0},{"damage":53.0,"enemies":"The Guardian","floor":16.0,"turns":9.0},{"damage":9.0,"enemies":"2 Thieves","floor":18.0,"turns":4.0},{"damage":2.0,"enemies":"3 Byrds","floor":20.0,"turns":5.0},{"damage":12.0,"enemies":"Snake Plant","floor":22.0,"turns":4.0},{"damage":26.0,"enemies":"Slavers","floor":24.0,"turns":6.0},{"damage":10.0,"enemies":"Sentry and Sphere","floor":27.0,"turns":3.0},{"damage":1.0,"enemies":"Centurion and Healer","floor":29.0,"turns":4.0},{"damage":7.0,"enemies":"Chosen and Byrds","floor":31.0,"turns":3.0},{"damage":47.0,"enemies":"Automaton","floor":33.0,"turns":9.0},{"damage":2.0,"enemies":"Orb Walker","floor":35.0,"turns":4.0},{"damage":3.0,"enemies":"3 Shapes","floor":38.0,"turns":4.0},{"damage":26,"enemies":"Giant Head","floor":40,"turns":8},{"damage":0,"enemies":"Mind Bloom Boss Battle","floor":42,"turns":3},{"damage":29,"enemies":"Writhing Mass","floor":45,"turns":6},{"damage":34,"enemies":"Jaw Worm Horde","floor":46,"turns":4},{"damage":79,"enemies":"Time Eater","floor":50,"turns":10}],"seed_played":"4493170505399557668","potions_obtained":[{"floor":1.0,"key":"SneckoOil"},{"floor":10.0,"key":"SkillPotion"},{"floor":16.0,"key":"Dexterity Potion"},{"floor":24.0,"key":"Strength Potion"},{"floor":42,"key":"LiquidMemories"},{"floor":46,"key":"BlessingOfTheForge"}],"is_trial":false,"path_per_floor":["M","M","?","$","M","E","R","?","T","E","M","?","R","?","R","B",null,"M","?","M","?","M","R","E","R","T","M","R","M","?","M","R","B",null,"M","?","?","M","$","E","R","?","T","R","M","M","$","?","R","B"],"character_chosen":"WATCHER","items_purchased":["FairyPotion","Finesse","Membership Card","Darkstone Periapt","Lantern","Evaluate","OrangePellets","Mummified Hand","Anchor"],"campfire_rested":6,"item_purchase_floors":[4,4,39,39,39,39,47,47,47],"current_hp_per_floor":[66,64,64,64,64,37,60,57,57,53,52,36,36,36,59,6,61,52,40,38,22,10,33,7,30,30,20,43,42,42,35,58,11,62,60,60,79,76,76,50,50,50,57,57,28,25,25,75,75,0,0],"gold":34,"neow_bonus":"TEN_PERCENT_HP_BONUS","is_daily":false,"chose_seed":false,"campfire_upgraded":4,"win_rate":0.0,"timestamp":1612504680,"path_taken":["M","M","?","$","M","E","R","?","T","E","M","?","R","?","R","BOSS","M","?","?","?","M","R","E","R","T","M","R","M","?","M","R","BOSS","M","?","?","?","$","E","R","?","T","R","M","M","?","?","R","BOSS"],"items_purchased_type":["Potion","Card","Relic","Relic","Relic","Card","Relic","Relic","Relic"],"build_version":"2020-12-22","purchased_purges":2,"victory":false,"max_hp_per_floor":[79,79,79,79,79,79,79,79,79,79,79,79,79,79,79,79,79,79,79,79,79,79,79,79,79,79,79,79,79,79,79,79,79,79,79,79,79,79,79,79,79,79,86,86,86,86,86,75,75,75,75],"relic_stats":{"Darkstone Periapt":0,"counters":[22,115],"Blue Candle":[0],"Yang":[306],"StoneCalendar":[156],"CloakClasp":[170],"Whetstone":["FollowUp","EmptyFist"],"OrangePellets":[6],"Busted Crown":16,"Mummified Hand":[4],"Prayer Wheel":2,"Turnip":[9],"obtain_stats":[{"Ice Cream":11,"Darkstone Periapt":39,"Lantern":39,"Blue Candle":9,"Enchiridion":21,"Yang":6,"StoneCalendar":24,"CloakClasp":26,"Whetstone":40,"Empty Cage":17,"reliquary:FerryPass":10,"OrangePellets":47,"Anchor":47,"Busted Crown":34,"Mummified Hand":47,"Strawberry":43,"Prayer Wheel":42,"Turnip":8,"Membership Card":39,"PureWater":0},{"Ice Cream":6,"Darkstone Periapt":17,"Lantern":17,"Blue Candle":4,"Enchiridion":9,"Yang":4,"StoneCalendar":11,"CloakClasp":11,"Whetstone":18,"Empty Cage":7,"reliquary:FerryPass":5,"OrangePellets":21,"Anchor":21,"Busted Crown":15,"Mummified Hand":21,"Strawberry":19,"Prayer Wheel":19,"Turnip":4,"Membership Card":17,"PureWater":0},{"Ice Cream":29,"Darkstone Periapt":84,"Lantern":84,"Blue Candle":20,"Enchiridion":47,"Yang":20,"StoneCalendar":57,"CloakClasp":57,"Whetstone":92,"Empty Cage":38,"reliquary:FerryPass":25,"OrangePellets":105,"Anchor":105,"Busted Crown":76,"Mummified Hand":105,"Strawberry":95,"Prayer Wheel":95,"Turnip":20,"Membership Card":84,"PureWater":0}]},"card_choices":[{"not_picked":["Pray","PathToVictory"],"picked":"Evaluate","floor":1.0},{"not_picked":["Study","EmptyFist"],"picked":"FlurryOfBlows","floor":2.0},{"not_picked":["Weave","CrushJoints"],"picked":"FollowUp","floor":5.0},{"not_picked":["Vault","ClearTheMind"],"picked":"ReachHeaven","floor":6.0},{"not_picked":["ThirdEye","Protect"],"picked":"EmptyFist","floor":10.0},{"not_picked":["BowlingBash","CrushJoints"],"picked":"Halt","floor":11.0},{"not_picked":["Blasphemy","Wish"],"picked":"DeusExMachina","floor":16.0},{"not_picked":["JustLucky","CutThroughFate"],"picked":"WindmillStrike+1","floor":18.0},{"not_picked":["JustLucky+1","Crescendo"],"picked":"TalkToTheHand","floor":20.0},{"not_picked":["Nirvana","ForeignInfluence"],"picked":"FollowUp","floor":22.0},{"not_picked":["Crescendo","Ragnarok"],"picked":"FlurryOfBlows","floor":24.0},{"not_picked":["Crescendo","Fasting2"],"picked":"Protect","floor":27.0},{"not_picked":["FollowUp","LikeWater+1"],"picked":"InnerPeace","floor":29.0},{"not_picked":["Consecrate","ReachHeaven+1"],"picked":"Study+1","floor":31.0},{"not_picked":["LessonLearned","Devotion"],"picked":"DeusExMachina","floor":33.0},{"not_picked":["CrushJoints"],"picked":"SKIP","floor":35.0},{"not_picked":[],"picked":"SandsOfTime+1","floor":38.0},{"not_picked":[],"picked":"FlyingSleeves+1","floor":40},{"not_picked":[],"picked":"Adaptation+1","floor":45},{"not_picked":["Prostrate"],"picked":"SKIP","floor":45},{"not_picked":[],"picked":"Crescendo+1","floor":46},{"not_picked":["LikeWater"],"picked":"SKIP","floor":46}],"player_experience":980099,"relics_obtained":[{"floor":6.0,"key":"Yang"},{"floor":9.0,"key":"Blue Candle"},{"floor":10.0,"key":"reliquary:FerryPass"},{"floor":11.0,"key":"Ice Cream"},{"floor":21.0,"key":"Enchiridion"},{"floor":24.0,"key":"StoneCalendar"},{"floor":26.0,"key":"CloakClasp"},{"floor":40,"key":"Whetstone"},{"floor":42,"key":"Prayer Wheel"},{"floor":43,"key":"Strawberry"}],"event_choices":[{"damage_healed":0.0,"max_hp_gain":0.0,"max_hp_loss":0.0,"gold_gain":175.0,"event_name":"Liars Game","player_choice":"AGREE","floor":3.0,"gold_loss":0.0,"damage_taken":0.0,"cards_obtained":["Doubt"]},{"damage_healed":0.0,"max_hp_gain":0.0,"max_hp_loss":0.0,"gold_gain":0.0,"event_name":"Scrap Ooze","player_choice":"Success","floor":8.0,"gold_loss":0.0,"damage_taken":3.0,"relics_obtained":["Turnip"]},{"damage_healed":0.0,"max_hp_gain":0.0,"max_hp_loss":0.0,"gold_gain":0.0,"event_name":"Shining Light","player_choice":"Entered Light","floor":12.0,"gold_loss":0.0,"damage_taken":16.0,"cards_upgraded":["Strike_P","Defend_P"]},{"damage_healed":0.0,"max_hp_gain":0.0,"max_hp_loss":0.0,"gold_gain":30.0,"event_name":"Dead Adventurer","player_choice":"Searched \u00271\u0027 times","floor":14.0,"gold_loss":0.0,"damage_taken":0.0},{"damage_healed":0.0,"max_hp_gain":0.0,"max_hp_loss":0.0,"gold_gain":0.0,"event_name":"Knowing Skull","player_choice":"CARD ","floor":19.0,"potions_obtained":[],"gold_loss":0.0,"damage_taken":12.0,"cards_obtained":["Discovery"]},{"damage_healed":0.0,"max_hp_gain":0.0,"max_hp_loss":0.0,"gold_gain":0.0,"event_name":"Cursed Tome","player_choice":"Obtained Book","floor":21.0,"gold_loss":0.0,"damage_taken":16.0},{"damage_healed":0.0,"max_hp_gain":0.0,"max_hp_loss":0.0,"gold_gain":99.0,"event_name":"Nest","player_choice":"Stole From Cult","floor":30.0,"gold_loss":0.0,"damage_taken":0.0},{"damage_healed":0.0,"max_hp_gain":0.0,"max_hp_loss":0.0,"gold_gain":0.0,"event_name":"Tomb of Lord Red Mask","player_choice":"Ignored","floor":36.0,"gold_loss":0.0,"damage_taken":0.0},{"cards_removed":["InnerPeace"],"damage_healed":19.0,"max_hp_gain":0.0,"max_hp_loss":0.0,"gold_gain":0.0,"event_name":"Bonfire Elementals","player_choice":"Offered Uncommon","floor":37.0,"gold_loss":0.0,"damage_taken":0.0},{"damage_healed":0,"gold_gain":0,"player_choice":"Fight","damage_taken":0,"max_hp_gain":0,"max_hp_loss":0,"event_name":"MindBloom","floor":42,"gold_loss":0},{"damage_healed":75,"gold_gain":0,"player_choice":"Heal","damage_taken":0,"max_hp_gain":0,"max_hp_loss":11,"event_name":"The Moai Head","floor":48,"gold_loss":0}],"is_beta":false,"boss_relics":[{"not_picked":["Velvet Choker","Cursed Key"],"picked":"Empty Cage"},{"not_picked":["Snecko Eye","reliquary:WritOfMandamus"],"picked":"Busted Crown"}],"items_purged_floors":[4,47],"is_endless":false,"potions_floor_spawned":[1,10,16,24,29,33,42,45,46],"killed_by":"Time Eater","ascension_level":7}}