{"host":"zsnmfqgcm92hlreo","time":1612565442,"event":{"mods":["AchievementEnabler","BaseMod","Bestiary","Block Reminder","Colored Map","Colored Powertips","Minty Spire (QoL Compilation)","Permanent Neow","Quick Restart","Relic Stats","StSLib","Weighted Paths"],"gold_per_floor":[20,20,39,54,54,97,97,132,132,167,167,187,187,200,200,299,299,315,331,331,349,57,57,88,88,111,135,150,150,166,209,209,209,209],"floor_reached":33,"language":"ENG","playtime":1296,"items_purged":["Strike_B"],"score":664,"play_id":"b6eac1cc-c645-4386-82d9-af5c4a6b826d","local_time":"20210205165042","is_ascension_mode":true,"campfire_choices":[{"data":"Consume","floor":7.0,"key":"SMITH"},{"floor":13.0,"key":"REST"},{"data":"Chill","floor":15.0,"key":"SMITH"},{"floor":23.0,"key":"REST"},{"data":"Loop","floor":25.0,"key":"SMITH"},{"floor":29.0,"key":"REST"},{"data":"Coolheaded","floor":32,"key":"SMITH"}],"circlet_count":0,"master_deck":["AscendersBane","Strike_B","Defend_B","Defend_B","Defend_B","Defend_B","Zap","Dualcast","Hyperbeam+1","Chill+1","Cold Snap","Ball Lightning","Self Repair","Consume+1","Doom and Gloom+1","BootSequence","Barrage+1","Auto Shields","Core Surge+1","Ball Lightning+1","Compile Driver+1","Undo","Coolheaded+1","Loop+1","Sunder+1","Cold Snap+1","Chill","FTL+1"],"relics":["Cracked Core","Golden Idol","Turnip","Molten Egg 2","HornCleat","Toy Ornithopter","Philosopher\u0027s Stone","Regal Pillow","Shuriken","Bronze Scales","Tiny Chest"],"acts_visited":["Exordium","TheCity"],"potions_floor_usage":[31,33,33],"damage_taken":[{"damage":0.0,"enemies":"2 Louse","floor":1.0,"turns":1.0},{"damage":8.0,"enemies":"Jaw Worm","floor":3.0,"turns":3.0},{"damage":0.0,"enemies":"Cultist","floor":4.0,"turns":3.0},{"damage":10.0,"enemies":"3 Sentries","floor":6.0,"turns":3.0},{"damage":20.0,"enemies":"Lagavulin","floor":8.0,"turns":7.0},{"damage":26.0,"enemies":"Gremlin Nob","floor":10.0,"turns":4.0},{"damage":0.0,"enemies":"3 Louse","floor":12.0,"turns":1.0},{"damage":1.0,"enemies":"Large Slime","floor":14.0,"turns":3.0},{"damage":29.0,"enemies":"The Guardian","floor":16.0,"turns":12.0},{"damage":17.0,"enemies":"Spheric Guardian","floor":18.0,"turns":4.0},{"damage":17.0,"enemies":"Shell Parasite","floor":19.0,"turns":5.0},{"damage":14.0,"enemies":"Sentry and Sphere","floor":21.0,"turns":4.0},{"damage":36.0,"enemies":"Book of Stabbing","floor":24.0,"turns":5.0},{"damage":7.0,"enemies":"Centurion and Healer","floor":27.0,"turns":6.0},{"damage":17.0,"enemies":"Shelled Parasite and Fungi","floor":28.0,"turns":4.0},{"damage":11.0,"enemies":"Sentry and Sphere","floor":30.0,"turns":4.0},{"damage":0,"enemies":"Gremlin Leader","floor":31,"turns":5},{"damage":76,"enemies":"Champ","floor":33,"turns":10}],"seed_played":"-6430107522595405654","potions_obtained":[{"floor":1.0,"key":"SkillPotion"},{"floor":8.0,"key":"SpeedPotion"},{"floor":10.0,"key":"Block Potion"},{"floor":16.0,"key":"LiquidMemories"},{"floor":31,"key":"LiquidMemories"}],"is_trial":false,"path_per_floor":["M","?","M","M","?","E","R","E","T","E","$","M","R","M","R","B",null,"M","M","$","M","$","R","E","R","T","M","M","R","M","E","R","B"],"character_chosen":"DEFECT","items_purchased":["Regal Pillow","Coolheaded"],"campfire_rested":3,"item_purchase_floors":[22,22],"current_hp_per_floor":[64,64,56,56,56,53,53,33,33,14,14,14,33,39,39,22,54,44,34,34,27,27,61,32,32,32,32,22,56,52,64,64,0,0],"gold":209,"neow_bonus":"TRANSFORM_TWO_CARDS","is_daily":false,"chose_seed":false,"campfire_upgraded":4,"win_rate":0.0,"timestamp":1612565442,"path_taken":["M","?","M","M","?","E","R","E","T","E","$","?","R","M","R","BOSS","M","M","$","M","$","R","E","R","T","M","M","R","M","E","R","BOSS"],"items_purchased_type":["Relic","Card"],"build_version":"2020-12-22","purchased_purges":1,"victory":false,"max_hp_per_floor":[71,64,64,64,64,64,64,64,64,64,64,64,64,64,64,64,64,64,64,64,64,64,64,64,64,64,64,64,64,64,64,64,64,64],"relic_stats":{"Regal Pillow":30,"counters":[18,84],"Golden Idol":93,"Shuriken":[8],"Bronze Scales":[75],"Tiny Chest":0,"Turnip":[31],"obtain_stats":[{"Regal Pillow":22,"HornCleat":9,"Golden Idol":2,"Shuriken":24,"Bronze Scales":26,"Molten Egg 2":8,"Philosopher\u0027s Stone":17,"Tiny Chest":31,"Turnip":6,"Cracked Core":0,"Toy Ornithopter":10},{"Regal Pillow":12,"HornCleat":5,"Golden Idol":1,"Shuriken":13,"Bronze Scales":13,"Molten Egg 2":5,"Philosopher\u0027s Stone":9,"Tiny Chest":17,"Turnip":4,"Cracked Core":0,"Toy Ornithopter":6},{"Regal Pillow":50,"HornCleat":17,"Golden Idol":1,"Shuriken":55,"Bronze Scales":55,"Molten Egg 2":17,"Philosopher\u0027s Stone":37,"Tiny Chest":74,"Turnip":10,"Cracked Core":0,"Toy Ornithopter":21}],"Toy Ornithopter":20},"card_choices":[{"not_picked":["Steam Power","Rebound"],"picked":"Cold Snap","floor":1.0},{"not_picked":["Scrape","Redo"],"picked":"Ball Lightning","floor":3.0},{"not_picked":["Steam","Auto Shields"],"picked":"Self Repair","floor":4.0},{"not_picked":["Cold Snap","White Noise"],"picked":"Consume","floor":6.0},{"not_picked":["Sweeping Beam+1","Buffer"],"picked":"Doom and Gloom+1","floor":8.0},{"not_picked":["Compile Driver+1","Cold Snap+1"],"picked":"BootSequence","floor":10.0},{"not_picked":["Hello World","Coolheaded"],"picked":"Barrage+1","floor":12.0},{"not_picked":["Self Repair","Sweeping Beam+1"],"picked":"Auto Shields","floor":14.0},{"not_picked":["Multi-Cast","Machine Learning"],"picked":"Core Surge+1","floor":16.0},{"not_picked":["Stack","FTL+1"],"picked":"Ball Lightning+1","floor":18.0},{"not_picked":["Go for the Eyes+1","Leap"],"picked":"Compile Driver+1","floor":19.0},{"not_picked":["Rip and Tear+1","Conserve Battery"],"picked":"Undo","floor":21.0},{"not_picked":["Leap","Chill"],"picked":"Loop","floor":24.0},{"not_picked":["Redo","Heatsinks"],"picked":"Sunder+1","floor":27.0},{"not_picked":["Barrage+1","Leap"],"picked":"Cold Snap+1","floor":28.0},{"not_picked":["Sweeping Beam+1","Auto Shields"],"picked":"Chill","floor":30.0},{"not_picked":["Ball Lightning+1","Storm"],"picked":"FTL+1","floor":31}],"player_experience":1026896,"relics_obtained":[{"floor":6.0,"key":"Turnip"},{"floor":8.0,"key":"Molten Egg 2"},{"floor":9.0,"key":"HornCleat"},{"floor":10.0,"key":"Toy Ornithopter"},{"floor":24.0,"key":"Shuriken"},{"floor":26.0,"key":"Bronze Scales"},{"floor":31,"key":"Tiny Chest"}],"event_choices":[{"damage_healed":0.0,"max_hp_gain":0.0,"max_hp_loss":7.0,"gold_gain":0.0,"event_name":"Golden Idol","player_choice":"Lose Max HP","floor":2.0,"gold_loss":0.0,"damage_taken":0.0,"relics_obtained":["Golden Idol"]},{"damage_healed":0.0,"max_hp_gain":0.0,"max_hp_loss":0.0,"gold_gain":0.0,"event_name":"Upgrade Shrine","player_choice":"Upgraded","floor":5.0,"gold_loss":0.0,"damage_taken":0.0,"cards_upgraded":["Hyperbeam"]}],"is_beta":false,"boss_relics":[{"not_picked":["SacredBark","Black Star"],"picked":"Philosopher\u0027s Stone"}],"items_purged_floors":[22],"is_endless":false,"potions_floor_spawned":[1,8,10,16,18,24,27,31],"killed_by":"Champ","ascension_level":20}}