{"host":"0y7rggrn2c7yxnri","time":1612489863,"event":{"mods":["AchievementEnabler","Act Like it!","AlwaysNeverKeys","Aspiration","Bartender","BaseMod","Better Altar","Better Sensory Stone","Better Skull","Better Third Choice","Better Vampires","BetterRewards","Colored Map","Colored Powertips","Displayed Cursed Tome","Gensokyo","GifTheSpireLib","Good Game Mod","Magitek Elite","Minty Spire (QoL Compilation)","Permanent Neow","Quick Restart","Rare Cards Sparkle","Relic Filter Mod","Reliquary","Replay The Spire","Shop Mod","Spicy Shops","Spire Arcade","StSLib","Stuff the Spire","The Alterego","The Animator","The Marked","The Servant 0.9.4","Transform Curses","Virulent Crown","Wandering Minibosses"],"gold_per_floor":[162,181,181,216,291,291,322,322,347,365,391,391,24,54,54,152,152,194,194,194,232,244,244,244,244,244,244,301,301,312,83,83,186,186,200,269,269,295,308,308,324,355,379,411,686,717,737,780,780,780,780,780,179,248,248],"floor_reached":56,"language":"ENG","playtime":2767,"items_purged":["Regret"],"score":2113,"play_id":"569af365-bee6-4665-98ac-6be2f74661a1","local_time":"20210204205103","is_ascension_mode":true,"campfire_choices":[{"data":"1","floor":6,"key":"LIFT"},{"data":"2","floor":8,"key":"LIFT"},{"data":"3","floor":12,"key":"LIFT"},{"data":"alterego_mod:Tantrum","floor":15,"key":"SMITH"},{"data":"alterego_mod:PainIsPleasure","floor":23,"key":"SMITH"},{"data":"StuffTheSpire:Ambrosia","floor":25,"key":"SMITH"},{"data":"alterego_mod:Birthday","floor":27,"key":"SMITH"},{"data":"alterego_mod:TrickOrTreatment","floor":32,"key":"SMITH"},{"data":"A Thousand Cuts","floor":40,"key":"SMITH"},{"data":"StuffTheSpire:Vigor","floor":49,"key":"SMITH"},{"data":"StuffTheSpire:Vigor","floor":52,"key":"SMITH"}],"circlet_count":0,"master_deck":["alterego_mod:Strike","alterego_mod:Strike","alterego_mod:Strike","alterego_mod:Strike","alterego_mod:Defend","alterego_mod:Defend","alterego_mod:Impale","alterego_mod:BigMeatyClaws","alterego_mod:BrynhildrsRune","alterego_mod:SideboobHour","alterego_mod:Tantrum+1","HandOfGreed+1","alterego_mod:Bounce","alterego_mod:Weigh+1","StuffTheSpire:Ambrosia+1","alterego_mod:SakuraFive","alterego_mod:Birthday+1","alterego_mod:PainIsPleasure+1","wanderingMiniBosses:FinaleOfPromise","alterego_mod:Birthday+1","StuffTheSpire:Vigor+1","alterego_mod:SakuraFive","StuffTheSpire:Vigor+1","alterego_mod:TrickOrTreatment+1","A Thousand Cuts+1","alterego_mod:Bounce+1","StuffTheSpire:Vigor+1","alterego_mod:GIGAMILK"],"relics":["alterego_mod:MasochisticConstitution","REME:ComplimentaryCards","StuffTheSpire:SapphireSignet","reliquary:QuartzCube","StuffTheSpire:Saxophone","Orichalcum","Girya","Replay:Rubber Ducky","aspiration:Lifesprig","MerchantsRug","Onion Ring","reliquary:PurpleTingedLeaf","Golden_Hairpin","wanderingMiniBosses:Blackblade","MutagenicStrength","ReplayTheSpireMod:Ring of Exchange","Ring of Peace","reliquary:BallBearing","Choco_Feather","Gremlin Horn","CeramicFish","Toolbox","Happy Flower","Bag of Preparation","Omamori","Protect_Vest","DollysMirror","Mango","reliquary:PorcupineQuills"],"acts_visited":["Exordium","TheCity","TheBeyond","TheEnding"],"potions_floor_usage":[21,54,55,55,55,55,55],"damage_taken":[{"damage":8,"enemies":"Small Slimes","floor":1,"turns":6},{"damage":6,"enemies":"Jaw Worm","floor":2,"turns":2},{"damage":1,"enemies":"2 Louse","floor":4,"turns":3},{"damage":18,"enemies":"3 Sentries","floor":7,"turns":9},{"damage":7,"enemies":"Blue Slaver","floor":10,"turns":2},{"damage":13,"enemies":"Replay:BlueRogue","floor":11,"turns":3},{"damage":8,"enemies":"3 Sentries","floor":14,"turns":3},{"damage":21,"enemies":"Fading Forest","floor":16,"turns":11},{"damage":41,"enemies":"Shell Parasite","floor":18,"turns":8},{"damage":0,"enemies":"3 Byrds","floor":21,"turns":3},{"damage":0,"enemies":"Shelled Parasite and Fungi","floor":22,"turns":3},{"damage":0,"enemies":"Replay:Snechameleon","floor":28,"turns":2},{"damage":0,"enemies":"Cultist and Chosen","floor":30,"turns":2},{"damage":0,"enemies":"Champ","floor":33,"turns":6},{"damage":0,"enemies":"3 Shapes","floor":35,"turns":3},{"damage":0,"enemies":"Orb Walker","floor":38,"turns":1},{"damage":0,"enemies":"Maw","floor":39,"turns":3},{"damage":0,"enemies":"Spire Growth","floor":41,"turns":2},{"damage":0,"enemies":"Reptomancer","floor":42,"turns":2},{"damage":0,"enemies":"Nemesis","floor":44,"turns":4},{"damage":0,"enemies":"Transient","floor":47,"turns":5},{"damage":0,"enemies":"Sphere and 2 Shapes","floor":48,"turns":3},{"damage":17,"enemies":"Time Eater","floor":50,"turns":6},{"damage":0,"enemies":"Shield and Spear","floor":54,"turns":3},{"damage":23,"enemies":"The Heart","floor":55,"turns":5}],"seed_played":"2540268665817189004","potions_obtained":[{"floor":1,"key":"Reflective Coating"},{"floor":4,"key":"Ancient Potion"},{"floor":7,"key":"Explosive Potion"},{"floor":14,"key":"FairyPotion"},{"floor":22,"key":"Weak Potion"},{"floor":41,"key":"Elixir"},{"floor":42,"key":"DistilledChaos"}],"is_trial":false,"path_per_floor":["M","M","?","M","?","R","E","R","T","M","E","R","$","E","R","B",null,"M","?","?","M","M","R","?","R","T","R","E","T","M","$","R","B",null,"M","?","?","M","M","R","M","E","T","E","?","$","M","M","R","B",null,"R","$","E","B",null],"character_chosen":"The_Alterego","items_purchased":["StuffTheSpire:SapphireSignet","alterego_mod:SideboobHour","alterego_mod:Tantrum","HandOfGreed","reliquary:QuartzCube","alterego_mod:Bounce","StuffTheSpire:Saxophone","Orichalcum","alterego_mod:Weigh","Guide Book","MerchantsRug","Onion Ring","CeramicFish","Toolbox","Protect_Vest","DollysMirror","Mango"],"campfire_rested":0,"item_purchase_floors":[0,0,0,0,0,0,0,0,0,0,13,13,31,31,53,53,53],"current_hp_per_floor":[69,64,64,65,54,54,52,52,52,47,36,36,36,32,32,37,72,39,39,39,57,65,65,49,49,49,49,56,56,63,63,63,77,90,95,95,95,97,100,100,102,104,104,106,106,106,108,110,110,98,109,109,123,129,109],"gold":248,"neow_bonus":"","is_daily":false,"chose_seed":false,"campfire_upgraded":8,"win_rate":0.0,"timestamp":1612489863,"path_taken":["M","M","?","M","?","R","E","R","T","M","E","R","?","E","R","BOSS","M","?","?","M","?","R","?","R","T","R","E","?","M","$","R","BOSS","M","?","?","?","M","R","M","E","T","E","?","$","?","M","R","BOSS","R","$","E","BOSS"],"items_purchased_type":["Relic","Card","Card","Card","Relic","Card","Relic","Relic","Card","Relic","Relic","Relic","Relic","Relic","Relic","Relic","Relic"],"build_version":"2020-12-22","purchased_purges":1,"victory":true,"max_hp_per_floor":[71,72,72,74,74,74,76,76,76,78,80,80,80,82,82,84,84,86,86,86,87,88,88,88,88,88,88,90,90,92,92,92,94,94,96,96,96,98,100,100,102,104,104,106,106,106,108,110,110,113,113,113,127,129,132],"card_choices":[{"not_picked":["alterego_mod:MagicResistance","alterego_mod:PurpleHair","alterego_mod:PerceptionDisorder"],"picked":"SKIP","floor":1},{"not_picked":["alterego_mod:BreastValley","alterego_mod:Maid","alterego_mod:1TonWallop"],"picked":"SKIP","floor":2},{"not_picked":["alterego_mod:DeftHands","alterego_mod:1TonWallop","alterego_mod:ChallengeComplete"],"picked":"SKIP","floor":4},{"not_picked":["alterego_mod:RidiculouslyBig","alterego_mod:Bloomers"],"picked":"alterego_mod:SakuraFive","floor":7},{"not_picked":["alterego_mod:Bloomers","alterego_mod:DiscoLights","alterego_mod:MaintainEyeContact"],"picked":"SKIP","floor":10},{"not_picked":["alterego_mod:DestructionOfProperty","alterego_mod:Cycle"],"picked":"alterego_mod:Birthday","floor":11},{"not_picked":["alterego_mod:Mirror","alterego_mod:Punishment","alterego_mod:RingBreak"],"picked":"SKIP","floor":14},{"not_picked":["alterego_mod:RingBreak","alterego_mod:ClassAdvantage"],"picked":"alterego_mod:PainIsPleasure","floor":16},{"not_picked":[],"picked":"wanderingMiniBosses:FinaleOfPromise","floor":18},{"not_picked":["alterego_mod:DeftHands","alterego_mod:Complex"],"picked":"alterego_mod:Birthday+1","floor":18},{"not_picked":["alterego_mod:Punishment+1","alterego_mod:Undulate","alterego_mod:Maid+1"],"picked":"SKIP","floor":21},{"not_picked":["alterego_mod:BeGentle+1","alterego_mod:BustOut"],"picked":"alterego_mod:SakuraFive","floor":22},{"not_picked":["alterego_mod:Maid","alterego_mod:DiscoLights"],"picked":"alterego_mod:TrickOrTreatment","floor":28},{"not_picked":["alterego_mod:Punishment","alterego_mod:BusterCard+1","alterego_mod:Cooking+1"],"picked":"SKIP","floor":30},{"not_picked":["alterego_mod:PerceptionDisorder","alterego_mod:Complex","alterego_mod:Skirt"],"picked":"SKIP","floor":35},{"not_picked":["alterego_mod:Santa","alterego_mod:Bloomers+1"],"picked":"alterego_mod:Bounce+1","floor":38},{"not_picked":["alterego_mod:Pet+1","alterego_mod:Bunnysuit+1","alterego_mod:Cycle+1"],"picked":"SKIP","floor":39},{"not_picked":["alterego_mod:DestructionOfProperty","alterego_mod:PurpleHair+1","alterego_mod:Mirror+1"],"picked":"SKIP","floor":41},{"not_picked":["alterego_mod:HighServant+1","alterego_mod:DeftHands","alterego_mod:Undulate"],"picked":"SKIP","floor":42},{"not_picked":["alterego_mod:DeftHands","alterego_mod:DestructionOfProperty+1","alterego_mod:HighServant+1"],"picked":"SKIP","floor":44},{"not_picked":["alterego_mod:Pet+1","alterego_mod:Table","alterego_mod:Maid"],"picked":"SKIP","floor":47},{"not_picked":["alterego_mod:Cycle+1","alterego_mod:GoddessCore+1","alterego_mod:Complex"],"picked":"SKIP","floor":48},{"not_picked":["alterego_mod:PerceptionDisorder","alterego_mod:Birthday+1"],"picked":"alterego_mod:GIGAMILK","floor":54}],"player_experience":309180,"relics_obtained":[{"floor":7,"key":"Replay:Rubber Ducky"},{"floor":9,"key":"aspiration:Lifesprig"},{"floor":11,"key":"Pet Ghost"},{"floor":14,"key":"reliquary:PurpleTingedLeaf"},{"floor":18,"key":"wanderingMiniBosses:Blackblade"},{"floor":20,"key":"ReplayTheSpireMod:Ring of Exchange"},{"floor":20,"key":"Ring of Peace"},{"floor":26,"key":"reliquary:BallBearing"},{"floor":28,"key":"Choco_Feather"},{"floor":29,"key":"Gremlin Horn"},{"floor":42,"key":"Happy Flower"},{"floor":43,"key":"Bag of Preparation"},{"floor":44,"key":"Omamori"},{"floor":54,"key":"reliquary:PorcupineQuills"}],"event_choices":[{"damage_healed":0,"gold_gain":0,"player_choice":"Box","damage_taken":0,"relics_obtained":["Art of War"],"max_hp_gain":0,"max_hp_loss":0,"event_name":"Big Fish","floor":3,"gold_loss":0,"cards_obtained":["Regret"]},{"damage_healed":0,"gold_gain":75,"player_choice":"Gold","damage_taken":11,"max_hp_gain":0,"max_hp_loss":0,"event_name":"betterThird:BetterGoop","floor":5,"gold_loss":0},{"damage_healed":0,"gold_gain":0,"player_choice":"Inject Mutagens","damage_taken":0,"relics_obtained":["MutagenicStrength"],"max_hp_gain":0,"max_hp_loss":0,"event_name":"Drug Dealer","floor":19,"gold_loss":0},{"cards_removed":["alterego_mod:Defend"],"damage_healed":0,"gold_gain":0,"player_choice":"Offered Basic","damage_taken":0,"max_hp_gain":0,"max_hp_loss":0,"event_name":"Bonfire Elementals","floor":37,"gold_loss":0},{"damage_healed":0,"gold_gain":275,"player_choice":"Desecrate","damage_taken":0,"max_hp_gain":0,"max_hp_loss":0,"event_name":"Golden Shrine","floor":45,"gold_loss":0,"cards_obtained":["Regret"]}],"is_beta":false,"boss_relics":[{"not_picked":["Ring of Chaos","Cursed Key"],"picked":"Golden_Hairpin"},{"not_picked":["TheAbacus","aspiration:SecretTechniqueScroll"],"picked":"Empty Cage"}],"items_purged_floors":[13],"is_endless":false,"potions_floor_spawned":[1,4,7,14,16,22,28,30,38,41,42,47,48],"ascension_level":6}}