{"host":"rtczl7o4e2em2rmi","time":1612560702,"event":{"mods":["AchievementEnabler","BaseMod","Bestiary","Block Reminder","Filter the Spire","Minty Spire (QoL Compilation)","Permanent Neow","Relic Filter","Relic Stats","StSLib"],"gold_per_floor":[117,39,51,51,16,43,43,43,116,131,166,183,183,183,183,272,272,287,306,306,306],"floor_reached":20,"language":"ZHS","playtime":839,"items_purged":[],"score":319,"play_id":"7e3f2460-863a-4a59-b998-6a8500fa5e0e","local_time":"20210205163142","is_ascension_mode":true,"campfire_choices":[{"floor":7.0,"key":"REST"},{"floor":13,"key":"REST"},{"floor":15,"key":"REST"}],"circlet_count":0,"master_deck":["AscendersBane","Strike_B","Strike_B","Strike_B","Strike_B","Defend_B+1","Defend_B","Defend_B","Defend_B","Zap","Dualcast","Aggregate+1","Self Repair","Ball Lightning","Conserve Battery","Defragment","Conserve Battery","Steam","Seek","Glacier","Sweeping Beam"],"relics":["Fusion Hammer","Mango","Regal Pillow","Potion Belt","Bottled Lightning","Golden Idol","SlaversCollar"],"acts_visited":["Exordium","TheCity"],"potions_floor_usage":[12,16,16],"damage_taken":[{"damage":10.0,"enemies":"Small Slimes","floor":1.0,"turns":4.0},{"damage":4.0,"enemies":"2 Louse","floor":3.0,"turns":3.0},{"damage":26.0,"enemies":"Gremlin Nob","floor":6.0,"turns":4.0},{"damage":10.0,"enemies":"Jaw Worm","floor":10.0,"turns":4.0},{"damage":53,"enemies":"3 Sentries","floor":11,"turns":9},{"damage":6,"enemies":"Looter","floor":12,"turns":3},{"damage":52,"enemies":"The Guardian","floor":16,"turns":13},{"damage":39,"enemies":"Spheric Guardian","floor":18,"turns":6},{"damage":12,"enemies":"Shell Parasite","floor":19,"turns":12},{"damage":47,"enemies":"Chosen and Byrds","floor":20,"turns":10}],"seed_played":"3109981349250331793","potions_obtained":[{"floor":1.0,"key":"SkillPotion"},{"floor":10.0,"key":"SpeedPotion"},{"floor":11,"key":"FearPotion"},{"floor":12,"key":"Weak Potion"},{"floor":16,"key":"BlessingOfTheForge"},{"floor":19,"key":"CultistPotion"}],"is_trial":false,"path_per_floor":["M","$","M","?","?","E","R","?","T","M","E","M","R","?","R","B",null,"M","M","M"],"character_chosen":"DEFECT","items_purchased":["Self Repair"],"campfire_rested":3,"item_purchase_floors":[2],"current_hp_per_floor":[54,54,57,53,74,55,85,59,59,56,10,11,51,22,62,17,68,36,31,0,0],"gold":306,"neow_bonus":"BOSS_RELIC","is_daily":false,"chose_seed":false,"campfire_upgraded":0,"win_rate":0.0,"timestamp":1612560702,"path_taken":["M","$","M","?","?","E","R","?","T","M","E","M","R","?","R","BOSS","M","M","M"],"items_purchased_type":["Card"],"build_version":"2020-12-22","purchased_purges":0,"victory":false,"max_hp_per_floor":[71,71,71,85,85,85,85,85,85,85,85,85,85,85,85,85,85,85,85,85,85],"relic_stats":{"Regal Pillow":35,"counters":[10,68],"Golden Idol":25,"obtain_stats":[{"Potion Belt":9,"SlaversCollar":17,"Regal Pillow":6,"Golden Idol":14,"Mango":4,"Fusion Hammer":0,"Bottled Lightning":11,"Cracked Core":0},{"Potion Belt":3,"SlaversCollar":7,"Regal Pillow":3,"Golden Idol":6,"Mango":2,"Fusion Hammer":0,"Bottled Lightning":5,"Cracked Core":0},{"Potion Belt":11,"SlaversCollar":40,"Regal Pillow":11,"Golden Idol":27,"Mango":7,"Fusion Hammer":0,"Bottled Lightning":24,"Cracked Core":0}]},"card_choices":[{"not_picked":["Leap","Tempest"],"picked":"Aggregate","floor":1.0},{"not_picked":["Turbo","Hologram"],"picked":"Ball Lightning","floor":3.0},{"not_picked":["Turbo","Hologram"],"picked":"Conserve Battery","floor":6.0},{"not_picked":["Rip and Tear","Skim"],"picked":"Defragment","floor":10.0},{"not_picked":["Rebound","Amplify"],"picked":"Conserve Battery","floor":11},{"not_picked":["Barrage","Rebound"],"picked":"Steam","floor":12},{"not_picked":["Rainbow","Amplify"],"picked":"Seek","floor":16},{"not_picked":["Ball Lightning","Hologram"],"picked":"Glacier","floor":18},{"not_picked":["Coolheaded","Hello World"],"picked":"Sweeping Beam","floor":19}],"player_experience":543920,"relics_obtained":[{"floor":6.0,"key":"Regal Pillow"},{"floor":9.0,"key":"Potion Belt"},{"floor":11,"key":"Bottled Lightning"}],"event_choices":[{"damage_healed":0.0,"max_hp_gain":0.0,"max_hp_loss":0.0,"gold_gain":0.0,"event_name":"Scrap Ooze","player_choice":"Success","floor":4.0,"gold_loss":0.0,"damage_taken":18.0,"relics_obtained":["Mango"]},{"damage_healed":21.0,"max_hp_gain":0.0,"max_hp_loss":0.0,"gold_gain":0.0,"event_name":"The Cleric","player_choice":"Healed","floor":5.0,"gold_loss":35.0,"damage_taken":0.0},{"damage_healed":0.0,"max_hp_gain":0.0,"max_hp_loss":0.0,"gold_gain":0.0,"event_name":"Shining Light","player_choice":"Entered Light","floor":8.0,"gold_loss":0.0,"damage_taken":26.0,"cards_upgraded":["Defend_B","Aggregate"]},{"damage_healed":0,"gold_gain":0,"player_choice":"Take Damage","damage_taken":29,"relics_obtained":["Golden Idol"],"max_hp_gain":0,"max_hp_loss":0,"event_name":"Golden Idol","floor":14,"gold_loss":0}],"is_beta":false,"boss_relics":[{"not_picked":["Tiny House","Cursed Key"],"picked":"SlaversCollar"}],"items_purged_floors":[],"is_endless":false,"potions_floor_spawned":[1,10,11,12,16,19],"killed_by":"Chosen and Byrds","ascension_level":15}}