{"host":"yqw1zpryoutrnocq","time":1612543941,"event":{"mods":["2.2 Compatiblity","AchievementEnabler","BaseMod","Colored Map","Custom Start","DeckTracker","Minty Spire (QoL Compilation)","StSLib","SuperFastMode"],"gold_per_floor":[114,114,14,14,25,52,52,83,83,83,83],"floor_reached":10,"language":"KOR","playtime":172,"items_purged":[],"score":107,"play_id":"e80acf5e-4724-4c26-83a8-57a5d3ef24f6","local_time":"20210205105221","is_ascension_mode":true,"campfire_choices":[{"floor":7,"key":"REST"}],"circlet_count":0,"master_deck":["Strike_G","Strike_G","Strike_G","Strike_G","Defend_G","Defend_G","Defend_G","Defend_G","Defend_G","Survivor","Neutralize","Glass Knife+1","Prepared","Quick Slash","PiercingWail","Cloak And Dagger","Eviscerate","Sucker Punch"],"relics":["Ring of the Snake","Eternal Feather","Pantograph"],"acts_visited":["Exordium"],"potions_floor_usage":[],"damage_taken":[{"damage":0,"enemies":"Cultist","floor":1,"turns":3},{"damage":0,"enemies":"Jaw Worm","floor":5,"turns":2},{"damage":39,"enemies":"Lagavulin","floor":6,"turns":7},{"damage":33,"enemies":"Gremlin Nob","floor":8,"turns":4},{"damage":19,"enemies":"3 Sentries","floor":10,"turns":2}],"seed_played":"6967677975326486872","potions_obtained":[{"floor":8,"key":"Weak Potion"}],"is_trial":false,"path_per_floor":["M","?","$","?","M","E","R","E","T","E"],"character_chosen":"THE_SILENT","items_purchased":["Quick Slash","PiercingWail"],"campfire_rested":1,"item_purchase_floors":[3,3],"current_hp_per_floor":[63,56,56,56,56,17,44,11,11,0,0],"gold":83,"neow_bonus":"THREE_RARE_CARDS","is_daily":false,"chose_seed":false,"campfire_upgraded":0,"win_rate":0.0,"timestamp":1612543941,"path_taken":["M","?","$","?","?","E","R","E","T","E"],"items_purchased_type":["Card","Card"],"build_version":"2020-12-22","purchased_purges":0,"victory":false,"max_hp_per_floor":[63,63,63,63,63,63,63,63,63,63,63],"card_choices":[{"not_picked":["Tools of the Trade","After Image"],"picked":"Glass Knife","floor":0},{"not_picked":["Deflect","Deadly Poison"],"picked":"Prepared","floor":1},{"not_picked":["Noxious Fumes","Underhanded Strike"],"picked":"Cloak And Dagger","floor":5},{"not_picked":["Flying Knee","Deadly Poison"],"picked":"Eviscerate","floor":6},{"not_picked":["Leg Sweep","Eviscerate"],"picked":"Sucker Punch","floor":8}],"player_experience":286288,"relics_obtained":[{"floor":6,"key":"Eternal Feather"},{"floor":8,"key":"Pantograph"}],"event_choices":[{"cards_removed":["Strike_G"],"damage_healed":0,"gold_gain":0,"player_choice":"Card Removal","damage_taken":7,"max_hp_gain":0,"max_hp_loss":0,"event_name":"Golden Wing","floor":2,"gold_loss":0},{"damage_healed":0,"gold_gain":0,"player_choice":"Forge","damage_taken":0,"max_hp_gain":0,"max_hp_loss":0,"event_name":"Accursed Blacksmith","floor":4,"gold_loss":0,"cards_upgraded":["Glass Knife"]}],"is_beta":false,"boss_relics":[],"items_purged_floors":[],"is_endless":false,"potions_floor_spawned":[8],"killed_by":"3 Sentries","ascension_level":9}}