{"host":"soyfmymeou4emntr","time":1612500752,"event":{"mods":["BaseMod","BetterRewards","Minty Spire (QoL Compilation)","Relic Sorter","Relic Stats","StSLib"],"gold_per_floor":[111,111,22,40,53,53,78,93,93,118,134,154,154,29,29,107,107,125,140,65,65,96,96,108,108,108],"floor_reached":25,"language":"ENG","playtime":2159,"items_purged":[],"score":451,"play_id":"b1cc8c71-3b4f-402d-902d-a6c68f1bb13f","local_time":"20210204215232","is_ascension_mode":true,"campfire_choices":[{"data":"Infinite Blades","floor":6.0,"key":"SMITH"},{"data":"Malaise","floor":13,"key":"SMITH"},{"data":"Terror","floor":15,"key":"SMITH"},{"floor":23,"key":"REST"}],"circlet_count":0,"master_deck":["AscendersBane","Strike_G","Strike_G","Strike_G","Defend_G","Defend_G","Defend_G","Defend_G","Survivor","Neutralize","Malaise+1","Deflect","Blade Dance","Terror+1","Sucker Punch","Infinite Blades+1","Glass Knife","Blade Dance","A Thousand Cuts","Footwork","Blade Dance","After Image","Dodge and Roll","Blade Dance","Backflip"],"relics":["Ring of the Snake","Singing Bowl","Letter Opener","Bottled Lightning","HoveringKite","Red Mask"],"acts_visited":["Exordium","TheCity"],"potions_floor_usage":[16,22,24,25,25,25],"damage_taken":[{"damage":5.0,"enemies":"Small Slimes","floor":1.0,"turns":5.0},{"damage":0.0,"enemies":"Cultist","floor":4.0,"turns":4.0},{"damage":0.0,"enemies":"Jaw Worm","floor":5.0,"turns":4.0},{"damage":15.0,"enemies":"3 Sentries","floor":7.0,"turns":8.0},{"damage":6.0,"enemies":"Looter","floor":8.0,"turns":3.0},{"damage":2.0,"enemies":"Lagavulin","floor":10.0,"turns":7.0},{"damage":4.0,"enemies":"Lots of Slimes","floor":11.0,"turns":3.0},{"damage":5,"enemies":"2 Fungi Beasts","floor":12,"turns":2},{"damage":11,"enemies":"The Guardian","floor":16,"turns":11},{"damage":2,"enemies":"Chosen","floor":18,"turns":6},{"damage":1,"enemies":"3 Byrds","floor":19,"turns":3},{"damage":49,"enemies":"Masked Bandits","floor":22,"turns":6},{"damage":5,"enemies":"Snecko","floor":24,"turns":3},{"damage":53,"enemies":"Gremlin Leader","floor":25,"turns":6}],"seed_played":"5257895343782093690","potions_obtained":[{"floor":1.0,"key":"GamblersBrew"},{"floor":5.0,"key":"LiquidBronze"},{"floor":11.0,"key":"Fruit Juice"},{"floor":12,"key":"EntropicBrew"},{"floor":16,"key":"Regen Potion"},{"floor":22,"key":"CunningPotion"},{"floor":24,"key":"SkillPotion"}],"is_trial":false,"path_per_floor":["M","?","$","M","M","R","E","M","T","E","M","M","R","$","R","B",null,"M","M","?","?","?","R","M","E"],"character_chosen":"THE_SILENT","items_purchased":["Terror","Sucker Punch","Footwork","Blade Dance"],"campfire_rested":1,"item_purchase_floors":[3,3,14,14],"current_hp_per_floor":[54,54,54,54,54,54,39,33,33,33,29,26,26,26,26,20,61,59,60,60,60,26,49,44,0,0],"gold":108,"neow_bonus":"TRANSFORM_CARD","is_daily":false,"chose_seed":false,"campfire_upgraded":3,"win_rate":0.0,"timestamp":1612500752,"path_taken":["M","?","?","M","M","R","E","M","T","E","?","?","R","$","R","BOSS","M","M","?","?","?","R","M","E"],"items_purchased_type":["Card","Card","Card","Card"],"build_version":"2020-12-22","purchased_purges":0,"victory":false,"max_hp_per_floor":[66,66,66,66,66,66,66,66,66,68,68,70,70,70,70,75,75,75,77,77,77,77,77,77,77,77],"relic_stats":{"Singing Bowl":6,"counters":[14,71],"HoveringKite":[5],"Letter Opener":[126],"obtain_stats":[{"Singing Bowl":7,"HoveringKite":17,"Red Mask":22,"Letter Opener":9,"Bottled Lightning":10,"Ring of the Snake":0},{"Singing Bowl":4,"HoveringKite":9,"Red Mask":12,"Letter Opener":5,"Bottled Lightning":6,"Ring of the Snake":0},{"Singing Bowl":21,"HoveringKite":47,"Red Mask":62,"Letter Opener":24,"Bottled Lightning":31,"Ring of the Snake":0}],"Ring of the Snake":[28]},"card_choices":[{"not_picked":["Distraction","Acrobatics"],"picked":"Deflect","floor":1.0},{"not_picked":["Backflip","Cloak And Dagger"],"picked":"Infinite Blades","floor":4.0},{"not_picked":["Escape Plan","Sucker Punch","Deflect"],"picked":"SKIP","floor":5.0},{"not_picked":["Dagger Throw","Blur"],"picked":"Glass Knife","floor":7.0},{"not_picked":["Poisoned Stab","Outmaneuver"],"picked":"Blade Dance","floor":8.0},{"not_picked":["Prepared","Escape Plan","Dodge and Roll"],"picked":"Singing Bowl","floor":10.0},{"not_picked":["Skewer","Dodge and Roll"],"picked":"A Thousand Cuts","floor":11.0},{"not_picked":["Outmaneuver","Catalyst","Sucker Punch"],"picked":"Singing Bowl","floor":12},{"not_picked":["Doppelganger","Venomology"],"picked":"After Image","floor":16},{"not_picked":["Deadly Poison","Escape Plan"],"picked":"Dodge and Roll","floor":18},{"not_picked":["Deflect","Backstab","Expertise"],"picked":"Singing Bowl","floor":19},{"not_picked":["Backflip","Quick Slash"],"picked":"Blade Dance","floor":22},{"not_picked":["Distraction","Dash"],"picked":"Backflip","floor":24}],"player_experience":3051001,"relics_obtained":[{"floor":7.0,"key":"Singing Bowl"},{"floor":9.0,"key":"Letter Opener"},{"floor":10.0,"key":"Bottled Lightning"},{"floor":22,"key":"Red Mask"}],"event_choices":[{"damage_healed":0.0,"max_hp_gain":0.0,"max_hp_loss":0.0,"gold_gain":0.0,"cards_transformed":["Defend_G"],"event_name":"Transmorgrifier","player_choice":"Transformed","floor":2.0,"gold_loss":0.0,"damage_taken":0.0,"cards_obtained":["Blade Dance"]},{"cards_removed":["Strike_G"],"damage_healed":0,"gold_gain":0,"player_choice":"Gave Gold","damage_taken":0,"max_hp_gain":0,"max_hp_loss":0,"event_name":"Beggar","floor":20,"gold_loss":75},{"damage_healed":0,"gold_gain":0,"player_choice":"Fought Bandits","damage_taken":0,"max_hp_gain":0,"max_hp_loss":0,"event_name":"Masked Bandits","floor":22,"gold_loss":0}],"is_beta":false,"boss_relics":[{"not_picked":["Fusion Hammer","Velvet Choker"],"picked":"HoveringKite"}],"items_purged_floors":[],"is_endless":false,"potions_floor_spawned":[1,5,11,12,16,18,22,24],"killed_by":"Gremlin Leader","ascension_level":20}}