{"host":"3utruza25chulvet","time":1612526842,"event":{"mods":["2.2 Compatiblity","BaseMod","Colored Map","Colored Powertips","Duelist Mod","Infinite Spire","Minty Spire (QoL Compilation)","Quick Restart","StSLib","SuperFastMode"],"gold_per_floor":[110,128,146,21,39,49,49,76,94,112,139,164,164,204,154,178,56,71,71,71,194,194,207,207,207,207,82,66,101,16,16,16,39,64,77,77,120,135,153,153,278,278,291,291,316,316,339,354,354,354],"floor_reached":49,"language":"ENG","playtime":1828,"items_purged":["Defend_R","Strike_R","Writhe"],"score":666,"play_id":"b3d63a0f-d365-42ca-96ff-517e5aafea7b","local_time":"20210205060722","is_ascension_mode":true,"campfire_choices":[{"data":"Carnage","floor":7.0,"key":"SMITH"},{"data":"Body Slam","floor":19.0,"key":"SMITH"},{"data":"True Grit","floor":20.0,"key":"SMITH"},{"data":"Armaments","floor":36,"key":"SMITH"},{"data":"Entrench","floor":40,"key":"SMITH"}],"circlet_count":0,"master_deck":["Strike_R","Strike_R","Strike_R","Defend_R","Defend_R","Defend_R","Bash","Clash","Ghostly Armor","Impervious","Shrug It Off","Carnage+1","Pommel Strike","True Grit+1","Body Slam+1","True Grit","Whirlwind","Impervious","Shrug It Off","Entrench+1","Disarm+1","Armaments+1","Shrug It Off","Metallicize+1","Bloodletting"],"relics":["Burning Blood","infinitespire:PuzzleCube","Happy Flower","Tiny Chest","Red Skull","Golden Idol","Nunchaku","Black Star","Mango","Centennial Puzzle","Boot","Blood Vial","Dead Branch","infinitespire:Lucky Rock","Incense Burner","Juzu Bracelet","Regal Pillow","Snecko Eye"],"acts_visited":["Exordium","TheCity","TheBeyond"],"potions_floor_usage":[37,41,41,41,41,41],"damage_taken":[{"damage":6.0,"enemies":"Cultist","floor":1.0,"turns":3.0},{"damage":8.0,"enemies":"2 Louse","floor":2.0,"turns":2.0},{"damage":6.0,"enemies":"Small Slimes","floor":3.0,"turns":4.0},{"damage":0.0,"enemies":"Exordium Wildlife","floor":5.0,"turns":4.0},{"damage":0.0,"enemies":"2 Fungi Beasts","floor":6.0,"turns":4.0},{"damage":12.0,"enemies":"Lagavulin","floor":8.0,"turns":5.0},{"damage":0.0,"enemies":"Blue Slaver","floor":9.0,"turns":2.0},{"damage":3.0,"enemies":"Large Slime","floor":10.0,"turns":5.0},{"damage":25.0,"enemies":"3 Sentries","floor":11.0,"turns":8.0},{"damage":16.0,"enemies":"Gremlin Nob","floor":14.0,"turns":4.0},{"damage":0.0,"enemies":"3 Louse","floor":16.0,"turns":3.0},{"damage":7.0,"enemies":"Looter","floor":18.0,"turns":3.0},{"damage":35.0,"enemies":"Hexaghost","floor":21.0,"turns":9.0},{"damage":6.0,"enemies":"Spheric Guardian","floor":23.0,"turns":4.0},{"damage":2.0,"enemies":"2 Thieves","floor":28.0,"turns":4.0},{"damage":0.0,"enemies":"theDuelist:KaibaA2","floor":29.0,"turns":9.0},{"damage":26,"enemies":"Cultist and Chosen","floor":33,"turns":5},{"damage":17,"enemies":"Sentry and Sphere","floor":34,"turns":7},{"damage":11,"enemies":"Shelled Parasite and Fungi","floor":35,"turns":7},{"damage":12,"enemies":"Book of Stabbing","floor":37,"turns":6},{"damage":12,"enemies":"Chosen and Byrds","floor":38,"turns":3},{"damage":0,"enemies":"Snecko","floor":39,"turns":5},{"damage":48,"enemies":"Automaton","floor":41,"turns":12},{"damage":57,"enemies":"3 Darklings","floor":43,"turns":4},{"damage":17,"enemies":"Orb Walker","floor":45,"turns":4},{"damage":13,"enemies":"Jaw Worm Horde","floor":47,"turns":4},{"damage":11,"enemies":"Spire Growth","floor":48,"turns":5},{"damage":44,"enemies":"Giant Head","floor":49,"turns":9}],"seed_played":"8762285692484391107","potions_obtained":[{"floor":3.0,"key":"Fire Potion"},{"floor":5.0,"key":"AttackPotion"},{"floor":10.0,"key":"FearPotion"},{"floor":14.0,"key":"FearPotion"},{"floor":18.0,"key":"DistilledChaos"},{"floor":23.0,"key":"EntropicBrew"},{"floor":37,"key":"Ancient Potion"},{"floor":47,"key":"SmokeBomb"},{"floor":48,"key":"EssenceOfSteel"}],"is_trial":false,"path_per_floor":["M","M","M","$","M","M","R","E","M","M","E","T","?","E","?","M","$","M","R","R","B",null,"M","T","?","?","$","M","E","?","T","T","M","M","M","R","E","M","M","R","B",null,"M","?","M","?","M","M","E"],"character_chosen":"IRONCLAD","items_purchased":["Shrug It Off","True Grit"],"campfire_rested":0,"item_purchase_floors":[4,17],"current_hp_per_floor":[80,78,78,78,80,80,80,74,80,80,61,61,61,51,51,57,57,56,56,56,27,74,74,88,88,88,88,88,88,88,88,88,68,59,56,56,52,48,56,56,16,88,37,37,28,28,23,20,0,0],"gold":354,"neow_bonus":"RANDOM_COMMON_RELIC","is_daily":false,"chose_seed":false,"campfire_upgraded":5,"win_rate":0.0,"timestamp":1612526842,"path_taken":["M","?","M","$","M","M","R","E","M","M","E","T","?","E","?","M","?","M","R","R","BOSS","M","?","?","?","$","M","E","?","?","T","M","M","?","R","E","M","M","R","BOSS","M","?","M","?","M","M","E"],"items_purchased_type":["Card","Card"],"build_version":"2020-12-22","purchased_purges":3,"victory":false,"max_hp_per_floor":[80,80,80,80,80,80,80,80,80,80,80,80,74,74,74,74,74,74,74,74,74,74,74,88,88,88,88,88,88,88,88,88,88,88,88,88,88,88,88,88,88,88,88,88,88,88,88,88,88,88],"card_choices":[{"not_picked":["Heavy Blade","Clothesline"],"picked":"Clash","floor":1.0},{"not_picked":["Clash","Anger"],"picked":"Ghostly Armor","floor":2.0},{"not_picked":["Twin Strike","True Grit"],"picked":"Impervious","floor":3.0},{"not_picked":["Clothesline","Spot Weakness"],"picked":"Carnage","floor":5.0},{"not_picked":["Thunderclap","Blood for Blood","Anger"],"picked":"SKIP","floor":6.0},{"not_picked":["Berserk","Impervious"],"picked":"Pommel Strike","floor":8.0},{"not_picked":["Rampage","Rupture","Headbutt"],"picked":"SKIP","floor":9.0},{"not_picked":["Warcry","Twin Strike"],"picked":"True Grit","floor":10.0},{"not_picked":["Wild Strike","Combust","Anger"],"picked":"SKIP","floor":11.0},{"not_picked":["Limit Break","Seeing Red"],"picked":"Body Slam","floor":14.0},{"not_picked":["Dual Wield","Headbutt","Flex"],"picked":"SKIP","floor":16.0},{"not_picked":["Sword Boomerang","Havoc"],"picked":"Whirlwind","floor":18.0},{"not_picked":["Berserk","Brutality"],"picked":"Impervious","floor":21.0},{"not_picked":["Thunderclap","Headbutt"],"picked":"Shrug It Off","floor":23.0},{"not_picked":["Sword Boomerang","Hemokinesis+1"],"picked":"Disarm+1","floor":28.0},{"not_picked":["Thunderclap","Rupture","Headbutt+1"],"picked":"SKIP","floor":29.0},{"not_picked":["Entrench","Flex","Anger"],"picked":"SKIP","floor":33},{"not_picked":["Shockwave","Havoc+1","True Grit"],"picked":"SKIP","floor":34},{"not_picked":["Twin Strike","Battle Trance+1"],"picked":"Armaments","floor":35},{"not_picked":["Burning Pact","Immolate"],"picked":"Shrug It Off","floor":37},{"not_picked":["Sword Boomerang","Perfected Strike"],"picked":"Metallicize+1","floor":38},{"not_picked":["Headbutt","Rage","Sentinel"],"picked":"SKIP","floor":39},{"not_picked":["Bludgeon","Feed"],"picked":"Berserk","floor":41},{"not_picked":["Shrug It Off","Clash"],"picked":"Bloodletting","floor":43},{"not_picked":["Searing Blow","Sword Boomerang","Sentinel+1"],"picked":"SKIP","floor":45},{"not_picked":["Inflame+1","Heavy Blade","Searing Blow"],"picked":"SKIP","floor":47},{"not_picked":["Disarm+1","infinitespire:OneForAll+1","Feel No Pain"],"picked":"SKIP","floor":48}],"player_experience":217124,"relics_obtained":[{"floor":8.0,"key":"Happy Flower"},{"floor":11.0,"key":"Tiny Chest"},{"floor":12.0,"key":"Red Skull"},{"floor":14.0,"key":"Nunchaku"},{"floor":24.0,"key":"Mango"},{"floor":29.0,"key":"Boot"},{"floor":29.0,"key":"Blood Vial"},{"floor":31,"key":"infinitespire:Lucky Rock"},{"floor":32,"key":"Incense Burner"},{"floor":37,"key":"Juzu Bracelet"},{"floor":37,"key":"Regal Pillow"}],"event_choices":[{"damage_healed":0.0,"max_hp_gain":0.0,"max_hp_loss":6.0,"gold_gain":0.0,"event_name":"Golden Idol","player_choice":"Lose Max HP","floor":13.0,"gold_loss":0.0,"damage_taken":0.0,"relics_obtained":["Golden Idol"]},{"cards_removed":["Strike_R"],"damage_healed":0.0,"max_hp_gain":0.0,"max_hp_loss":0.0,"gold_gain":0.0,"event_name":"The Cleric","player_choice":"Card Removal","floor":15.0,"gold_loss":50.0,"damage_taken":0.0},{"damage_healed":0.0,"max_hp_gain":0.0,"max_hp_loss":0.0,"gold_gain":0.0,"event_name":"The Mausoleum","player_choice":"Opened","floor":25.0,"gold_loss":0.0,"damage_taken":0.0,"relics_obtained":["Centennial Puzzle"],"cards_obtained":["Writhe"]},{"damage_healed":0.0,"max_hp_gain":0.0,"max_hp_loss":0.0,"gold_gain":0.0,"event_name":"The Library","player_choice":"Read","floor":26.0,"gold_loss":0.0,"damage_taken":0.0,"cards_obtained":["Entrench"]},{"damage_healed":0.0,"max_hp_gain":0.0,"max_hp_loss":0.0,"gold_gain":0.0,"event_name":"Addict","player_choice":"Obtained Relic","floor":30.0,"gold_loss":85.0,"damage_taken":0.0,"relics_obtained":["Dead Branch"]},{"cards_removed":["Berserk"],"damage_healed":0,"gold_gain":0,"player_choice":"Removed Power","damage_taken":0,"max_hp_gain":0,"max_hp_loss":0,"event_name":"Falling","floor":46,"gold_loss":0}],"is_beta":false,"boss_relics":[{"not_picked":["Pandora\u0027s Box","Runic Cube"],"picked":"Black Star"},{"not_picked":["SlaversCollar","Mark of Pain"],"picked":"Snecko Eye"}],"items_purged_floors":[4,17,27],"is_endless":false,"potions_floor_spawned":[3,5,10,14,18,23,33,37,38,47,48],"killed_by":"Giant Head","ascension_level":4}}