{"host":"ylxam20yo7j5dy26","time":1612501020,"event":{"mods":["100% Spire Juice","ATMod(°¢èªMod)","Act Like it!","Aspiration","BaseMod","BetterRewards","Conspire","Defuse TimeMaze Blight","Downfall","Energized Spire","Gensokyo","GungeonMod","Hubris","Infinite Spire","Jedi Mod","KomeijiMod","Marisa£¨ìFÓê¡¡Ä§ÀíÉ³£©","Minty Spire (QoL Compilation)","MostiFishMod","Quarter Circle Forward PUNCH!","Quick Restart","Red Circlet Mod","Reimu£¨²©ÀöÁéÃÎ£©","Reliquary","Remilia£¨ÀÙÃ×ÀòÑÇ£©","Replay The Spire","Robot Space Explorer","RumiaBox-Â¶Ã×æ«µÄÉñÃØºÐ×Ó","Spicy Shops","StSLib","TestMod","The Animator","The Jungle","The Runesmith","¡¾¹¦ÄÜMod¡¿»ìãçÖ®»·ÐÞ¸´²¹¶¡","¡¾ÒÅÎï¿¨ÅÆ¡¿REMEMod"],"gold_per_floor":[99,112,112,123,133,158,158,171,186,217,667,667,567,580,596,596,596],"floor_reached":16,"language":"ZHS","playtime":924,"items_purged":[],"score":114,"play_id":"d9f47ed2-5ef6-40ce-bcaf-4f745ba29ccb","local_time":"20210205125700","is_ascension_mode":false,"campfire_choices":[{"data":"champ:Taunt","floor":1.0,"key":"SMITH"},{"data":"champ:BerserkersShout","floor":13.0,"key":"SMITH"}],"circlet_count":0,"master_deck":["champ:Strike","champ:Strike","champ:Strike","champ:Strike","champ:Defend","champ:Defend","champ:Defend","champ:Defend","champ:Execute","champ:Taunt+1","AT_CaressingTears","champ:Strike","champ:RisingSlash","champ:BerserkersShout+1","champ:FaceSlap","champ:PreciseThrust","champ:Duel","champ:StrikeOfGenius","animator:Curse_GriefSeed"],"relics":["AT_ATBox","DaveBox","REME_ComplimentaryCards","testmod-TestBox","testmod-SaigiyounoYou","SynthV","reliquary:WritOfMandamus","Chameleon Ring","reliquary:SilkGlove","downfall:HeartBlessingGreen"],"acts_visited":["Exordium"],"potions_floor_usage":[16,16],"damage_taken":[{"damage":3.0,"enemies":"Jaw Worm","floor":2.0,"turns":2.0},{"damage":11.0,"enemies":"Cultist","floor":4.0,"turns":3.0},{"damage":20.0,"enemies":"2 Louse","floor":5.0,"turns":2.0},{"damage":68.0,"enemies":"Gremlin Nob","floor":6.0,"turns":4.0},{"damage":45.0,"enemies":"Exordium Thugs","floor":8.0,"turns":4.0},{"damage":23.0,"enemies":"Exordium Wildlife","floor":9.0,"turns":2.0},{"damage":72.0,"enemies":"3 Sentries","floor":10.0,"turns":5.0},{"damage":24.0,"enemies":"3 Louse","floor":14.0,"turns":3.0},{"damage":46.0,"enemies":"Lots of Slimes","floor":15.0,"turns":4.0},{"damage":50,"enemies":"SI_SHIV_ARCHETYPE","floor":16,"turns":4}],"seed_played":"-6746060331792468720","potions_obtained":[{"floor":6.0,"key":"PowerPotion"},{"floor":8.0,"key":"Explosive Potion"},{"floor":9.0,"key":"DuplicationPotion"},{"floor":14.0,"key":"LiquidMemories"}],"is_trial":false,"path_per_floor":["R","M","?","M","M","E","T","M","M","E","?","?","R","M","M","B"],"character_chosen":"THE_CHAMP","items_purchased":[],"campfire_rested":0,"item_purchase_floors":[],"current_hp_per_floor":[90,90,90,90,90,67,67,59,50,60,60,60,60,47,41,1,1],"gold":596,"neow_bonus":"BOSS_RELIC","is_daily":false,"chose_seed":false,"campfire_upgraded":2,"win_rate":0.0,"timestamp":1612501020,"path_taken":["R","M","?","M","?","E","T","M","M","E","?","?","R","?","M","BOSS"],"items_purchased_type":[],"build_version":"2020-12-22","purchased_purges":0,"victory":false,"max_hp_per_floor":[90,90,90,90,90,90,90,90,90,90,90,90,90,90,90,90,90],"card_choices":[{"not_picked":["champ:GutPunch","champ:Endure"],"picked":"champ:RisingSlash","floor":2.0},{"not_picked":["champ:Backstep","champ:PerfectedStrike"],"picked":"champ:BerserkersShout","floor":4.0},{"not_picked":["champ:DefensiveShout","champ:Backstep","champ:RapidStrikes"],"picked":"SKIP","floor":5.0},{"not_picked":["champ:FocusedBerserking","champ:CheapShot"],"picked":"champ:FaceSlap","floor":6.0},{"not_picked":["champ:Circumvent","champ:FocusedBerserking"],"picked":"champ:PreciseThrust","floor":8.0},{"not_picked":["champ:RapidStrikes","champ:DeathBlow"],"picked":"champ:Duel","floor":9.0},{"not_picked":["champ:DancingMaster","champ:DefensiveShout"],"picked":"champ:StrikeOfGenius","floor":10.0},{"not_picked":["champ:GutPunch","champ:FlashCut","champ:TornadoPunch"],"picked":"SKIP","floor":14.0},{"not_picked":["champ:DefensiveShout","champ:ShieldSlam","champ:BerserkersShout"],"picked":"SKIP","floor":15.0}],"player_experience":209522,"relics_obtained":[{"floor":6.0,"key":"Chameleon Ring"},{"floor":10.0,"key":"reliquary:SilkGlove"}],"event_choices":[],"is_beta":false,"boss_relics":[],"items_purged_floors":[],"is_endless":false,"potions_floor_spawned":[6,8,9,14],"killed_by":"SI_SHIV_ARCHETYPE","ascension_level":0}}