{"host":"msmkw03x1o7nq45i","time":1612546445,"event":{"mods":["AchievementEnabler","BaseMod","Bestiary","Colored Powertips","GifTheSpireLib","Highlight Path","Minty Spire (QoL Compilation)","Random Character Button","StSLib","everything is the same but u backflip on backflip"],"gold_per_floor":[119,119,194,208,208,239,269,297,297,323,340,108,108,125,125,224,224,251,260,269,96,109,109,118,128,128,162,240,275,275,303,303,417,480,503,503,503,503,526,526,550,17,17,17,17,44,58,83,83,83],"floor_reached":51,"language":"ENG","playtime":856,"items_purged":["Defend_R","Dropkick"],"score":770,"play_id":"52931bf3-7de6-4f95-854b-de97eab19830","local_time":"20210205193405","is_ascension_mode":false,"campfire_choices":[{"data":"Bludgeon","floor":13,"key":"SMITH"},{"data":"Flex","floor":15,"key":"SMITH"},{"data":"Whirlwind","floor":23,"key":"SMITH"},{"data":"Pummel","floor":30,"key":"SMITH"},{"data":"Berserk","floor":32,"key":"SMITH"},{"data":"Inflame","floor":40,"key":"SMITH"},{"data":"Inflame","floor":44,"key":"SMITH"},{"data":"Fiend Fire","floor":49,"key":"SMITH"}],"circlet_count":0,"master_deck":["Bash","Blood for Blood","Perfected Strike","Bludgeon+1","Perfected Strike","Flex+1","Battle Trance","Whirlwind+1","RitualDagger","Pummel+1","Berserk+1","Battle Trance","Flame Barrier+1","Flex+1","Fiend Fire+1","Thunderclap","Inflame+1","Body Slam","Blood for Blood","Sever Soul","Burning Pact+1","Disarm+1","Shrug It Off+1","Inflame+1","Panache","Inflame+1","Burning Pact+1"],"relics":["Burning Blood","NeowsBlessing","StrikeDummy","Akabeko","CeramicFish","Pen Nib","Velvet Choker","ClockworkSouvenir","Shuriken","Nunchaku","Meat on the Bone","Toxic Egg 2","Pandora\u0027s Box","Self Forming Clay","OrangePellets","TungstenRod"],"acts_visited":["Exordium","TheCity","TheBeyond"],"potions_floor_usage":[27,27,33,33,41,50,50,50],"damage_taken":[{"damage":0,"enemies":"Jaw Worm","floor":1,"turns":1},{"damage":0,"enemies":"2 Louse","floor":4,"turns":1},{"damage":0,"enemies":"3 Sentries","floor":6,"turns":2},{"damage":20,"enemies":"Gremlin Nob","floor":8,"turns":4},{"damage":7,"enemies":"Small Slimes","floor":10,"turns":2},{"damage":9,"enemies":"2 Fungi Beasts","floor":11,"turns":2},{"damage":12,"enemies":"Blue Slaver","floor":14,"turns":2},{"damage":23,"enemies":"Slime Boss","floor":16,"turns":6},{"damage":22,"enemies":"Shell Parasite","floor":18,"turns":3},{"damage":0,"enemies":"Chosen","floor":22,"turns":1},{"damage":0,"enemies":"Snake Plant","floor":25,"turns":2},{"damage":8,"enemies":"Gremlin Leader","floor":27,"turns":2},{"damage":0,"enemies":"Slavers","floor":29,"turns":1},{"damage":0,"enemies":"Chosen and Byrds","floor":31,"turns":3},{"damage":14,"enemies":"Automaton","floor":33,"turns":4},{"damage":0,"enemies":"Orb Walker","floor":35,"turns":1},{"damage":0,"enemies":"3 Darklings","floor":39,"turns":1},{"damage":9,"enemies":"Writhing Mass","floor":41,"turns":2},{"damage":16,"enemies":"4 Shapes","floor":46,"turns":2},{"damage":2,"enemies":"Jaw Worm Horde","floor":47,"turns":2},{"damage":23,"enemies":"3 Darklings","floor":48,"turns":4},{"damage":47,"enemies":"Time Eater","floor":50,"turns":5}],"seed_played":"-1317278291304887318","potions_obtained":[{"floor":6,"key":"Regen Potion"},{"floor":8,"key":"SteroidPotion"},{"floor":14,"key":"Swift Potion"},{"floor":18,"key":"DuplicationPotion"},{"floor":22,"key":"Strength Potion"},{"floor":31,"key":"SteroidPotion"},{"floor":35,"key":"Block Potion"},{"floor":47,"key":"BloodPotion"},{"floor":48,"key":"GamblersBrew"}],"is_trial":false,"path_per_floor":["M","?","?","M","?","E","?","E","T","M","M","$","R","M","R","B",null,"M","?","?","$","M","R","?","M","T","E","T","E","R","M","R","B",null,"M","?","?","T","M","R","M","$","T","R","$","M","M","M","R","B",null],"character_chosen":"IRONCLAD","items_purchased":["Pen Nib","ClockworkSouvenir","Pummel","OrangePellets","Inflame","Panache","Strength Potion"],"campfire_rested":0,"item_purchase_floors":[12,21,21,42,42,42,42],"current_hp_per_floor":[80,64,53,59,59,65,65,51,51,50,47,47,47,41,41,24,80,64,64,58,58,64,64,64,70,70,68,68,74,74,80,80,72,80,80,80,76,76,76,76,73,73,73,73,73,63,67,50,50,36],"gold":83,"neow_bonus":"THREE_ENEMY_KILL","is_daily":false,"chose_seed":false,"campfire_upgraded":8,"win_rate":0.0,"timestamp":1612546445,"path_taken":["M","?","?","M","?","E","?","E","T","?","M","?","R","M","R","BOSS","M","?","?","$","M","R","?","?","T","E","?","E","R","M","R","BOSS","M","?","?","?","M","R","M","$","T","R","$","M","M","M","R","BOSS"],"items_purchased_type":["Relic","Relic","Card","Relic","Card","Card","Potion"],"build_version":"2020-12-22","purchased_purges":2,"victory":true,"max_hp_per_floor":[80,80,80,80,80,80,80,80,80,80,80,80,80,80,80,80,80,80,80,80,80,80,80,80,80,80,80,80,80,80,80,80,80,80,80,80,76,76,76,76,76,76,76,76,76,76,76,76,76,76],"card_choices":[{"not_picked":["Body Slam","Warcry"],"picked":"Blood for Blood","floor":1},{"not_picked":["Havoc","Perfected Strike","Clash"],"picked":"SKIP","floor":4},{"not_picked":["Wild Strike","Flex"],"picked":"Bludgeon","floor":6},{"not_picked":["Havoc","Fire Breathing"],"picked":"Perfected Strike","floor":8},{"not_picked":["Flex","Armaments","Body Slam"],"picked":"SKIP","floor":10},{"not_picked":["Armaments","Body Slam"],"picked":"Flex","floor":10},{"not_picked":["Clash","Headbutt","Iron Wave"],"picked":"SKIP","floor":11},{"not_picked":["Thunderclap","Reckless Charge","Sentinel"],"picked":"SKIP","floor":14},{"not_picked":["Clash","Intimidate"],"picked":"Battle Trance","floor":18},{"not_picked":["Searing Blow","Infernal Blade+1","Cleave+1"],"picked":"SKIP","floor":22},{"not_picked":["Armaments","Anger+1","Dark Embrace"],"picked":"SKIP","floor":25},{"not_picked":["Fire Breathing","Infernal Blade"],"picked":"Battle Trance","floor":27},{"not_picked":["Combust+1","Sever Soul"],"picked":"Flame Barrier+1","floor":29},{"not_picked":["Bloodletting+1","Dark Embrace"],"picked":"Flex+1","floor":31},{"not_picked":["Barricade","Juggernaut"],"picked":"Fiend Fire","floor":33},{"not_picked":["Clash","Twin Strike"],"picked":"Burning Pact+1","floor":35},{"not_picked":["Wild Strike","Anger+1"],"picked":"Disarm+1","floor":39},{"not_picked":["Sentinel+1","Pommel Strike+1"],"picked":"Shrug It Off+1","floor":41},{"not_picked":["Armaments+1","Uppercut"],"picked":"Inflame+1","floor":46},{"not_picked":["Headbutt+1","Clothesline","Corruption"],"picked":"SKIP","floor":47},{"not_picked":["Wild Strike","Perfected Strike+1"],"picked":"Burning Pact+1","floor":48}],"player_experience":487113,"relics_obtained":[{"floor":6,"key":"StrikeDummy"},{"floor":8,"key":"Akabeko"},{"floor":9,"key":"CeramicFish"},{"floor":26,"key":"Shuriken"},{"floor":27,"key":"Nunchaku"},{"floor":28,"key":"Meat on the Bone"},{"floor":29,"key":"Toxic Egg 2"},{"floor":38,"key":"Self Forming Clay"},{"floor":43,"key":"TungstenRod"}],"event_choices":[{"damage_healed":0,"gold_gain":0,"player_choice":"Entered Light","damage_taken":16,"max_hp_gain":0,"max_hp_loss":0,"event_name":"Shining Light","floor":2,"gold_loss":0,"cards_upgraded":["Defend_R","Defend_R"]},{"damage_healed":0,"gold_gain":75,"player_choice":"Gather Gold","damage_taken":11,"max_hp_gain":0,"max_hp_loss":0,"event_name":"World of Goop","floor":3,"gold_loss":0},{"damage_healed":0,"gold_gain":0,"cards_transformed":["Defend_R"],"player_choice":"Change","damage_taken":0,"max_hp_gain":0,"max_hp_loss":0,"event_name":"Living Wall","floor":5,"gold_loss":0,"cards_obtained":["Perfected Strike"]},{"damage_healed":0,"gold_gain":30,"player_choice":"Searched \u00271\u0027 times","damage_taken":0,"max_hp_gain":0,"max_hp_loss":0,"event_name":"Dead Adventurer","floor":7,"gold_loss":0},{"damage_healed":0,"gold_gain":0,"player_choice":"Read","damage_taken":0,"max_hp_gain":0,"max_hp_loss":0,"event_name":"The Library","floor":19,"gold_loss":0,"cards_obtained":["Whirlwind"]},{"damage_healed":0,"gold_gain":0,"player_choice":"Joined the Cult","damage_taken":6,"max_hp_gain":0,"max_hp_loss":0,"event_name":"Nest","floor":20,"gold_loss":0,"cards_obtained":["RitualDagger"]},{"damage_healed":0,"gold_gain":0,"player_choice":"1 cards matched","damage_taken":0,"max_hp_gain":0,"max_hp_loss":0,"event_name":"Match and Keep!","floor":24,"gold_loss":0,"cards_obtained":["Berserk"]},{"cards_removed":["Feel No Pain"],"damage_healed":0,"gold_gain":0,"player_choice":"Removed Power","damage_taken":0,"max_hp_gain":0,"max_hp_loss":0,"event_name":"Falling","floor":36,"gold_loss":0},{"damage_healed":0,"gold_gain":0,"player_choice":"Max HP","damage_taken":0,"max_hp_gain":0,"max_hp_loss":4,"event_name":"Winding Halls","floor":37,"gold_loss":0}],"is_beta":false,"boss_relics":[{"not_picked":["Tiny House","Calling Bell"],"picked":"Velvet Choker"},{"not_picked":["Black Blood","Runic Dome"],"picked":"Pandora\u0027s Box"}],"items_purged_floors":[12,42],"is_endless":false,"potions_floor_spawned":[6,8,14,18,22,31,35,47,48],"ascension_level":0}}