{"host":"a1eatafr7pisesky","time":1612511807,"event":{"mods":["AchievementEnabler","BaseMod","Colored Map","Keyboard Shortcuts","Minty Spire (QoL Compilation)","Say the Spire","StSLib","SuperFastMode","everything is the same but u backflip on backflip"],"gold_per_floor":[112,124,46,46,46,80,80,107,175,29,39,66,66,93,93,168,168,180,180,180],"floor_reached":19,"language":"KOR","playtime":393,"items_purged":["Strike_B"],"score":354,"play_id":"b09949c3-2661-4bd5-9bb3-0b724911b25a","local_time":"20210205165647","is_ascension_mode":true,"campfire_choices":[{"data":"Defragment","floor":7.0,"key":"SMITH"},{"data":"Coolheaded","floor":15.0,"key":"SMITH"}],"circlet_count":0,"master_deck":["AscendersBane","Strike_B","Strike_B+1","Defend_B","Defend_B","Defend_B","Defend_B","Zap+1","Dualcast","Barrage","Cold Snap","Defragment+1","Coolheaded+1","Coolheaded","Capacitor","Undo","Echo Form","Glacier"],"relics":["Cracked Core","NeowsBlessing","Blue Candle","Bag of Preparation","Turnip","Eternal Feather","Blood Vial","Omamori","Black Star"],"acts_visited":["Exordium","TheCity"],"potions_floor_usage":[],"damage_taken":[{"damage":0.0,"enemies":"Small Slimes","floor":1.0,"turns":1.0},{"damage":0.0,"enemies":"Jaw Worm","floor":2.0,"turns":1.0},{"damage":0.0,"enemies":"Gremlin Nob","floor":6.0,"turns":1.0},{"damage":6.0,"enemies":"Lagavulin","floor":8.0,"turns":7.0},{"damage":10.0,"enemies":"2 Louse","floor":11.0,"turns":2.0},{"damage":2.0,"enemies":"Gremlin Nob","floor":14.0,"turns":4.0},{"damage":26.0,"enemies":"Hexaghost","floor":16.0,"turns":16.0},{"damage":18.0,"enemies":"3 Byrds","floor":18.0,"turns":5.0},{"damage":45,"enemies":"Masked Bandits","floor":19,"turns":3}],"seed_played":"7785845506197993939","potions_obtained":[{"floor":6.0,"key":"LiquidMemories"},{"floor":8.0,"key":"Block Potion"}],"is_trial":false,"path_per_floor":["M","M","$","?","T","E","R","E","T","$","M","T","?","E","R","B",null,"M","?"],"character_chosen":"DEFECT","items_purchased":["Defragment","Capacitor"],"campfire_rested":0,"item_purchase_floors":[3,10],"current_hp_per_floor":[64,64,64,50,50,50,50,44,44,44,34,34,27,27,36,12,56,40,0,0],"gold":180,"neow_bonus":"THREE_ENEMY_KILL","is_daily":false,"chose_seed":false,"campfire_upgraded":2,"win_rate":0.0,"timestamp":1612511807,"path_taken":["M","M","$","?","?","E","R","E","T","$","?","?","?","E","R","BOSS","M","?"],"items_purchased_type":["Card","Card"],"build_version":"2020-12-22","purchased_purges":1,"victory":false,"max_hp_per_floor":[71,71,71,71,71,71,71,71,71,71,71,71,71,71,71,71,71,71,71,71],"card_choices":[{"not_picked":["Compile Driver","Loop"],"picked":"Barrage","floor":1.0},{"not_picked":["Go for the Eyes","Barrage"],"picked":"Cold Snap","floor":2.0},{"not_picked":["Chill","Hologram"],"picked":"Coolheaded","floor":6.0},{"not_picked":["Redo","Compile Driver"],"picked":"Coolheaded","floor":8.0},{"not_picked":["Coolheaded","Melter"],"picked":"Undo","floor":11.0},{"not_picked":["Reinforced Body","Tempest","Barrage"],"picked":"SKIP","floor":14.0},{"not_picked":["Hyperbeam","All For One"],"picked":"Echo Form","floor":16.0},{"not_picked":["Cold Snap","Skim"],"picked":"Glacier","floor":18.0}],"player_experience":407195,"relics_obtained":[{"floor":5.0,"key":"Blue Candle"},{"floor":6.0,"key":"Bag of Preparation"},{"floor":8.0,"key":"Turnip"},{"floor":9.0,"key":"Eternal Feather"},{"floor":12.0,"key":"Blood Vial"},{"floor":14.0,"key":"Omamori"}],"event_choices":[{"damage_healed":0.0,"max_hp_gain":0.0,"max_hp_loss":0.0,"gold_gain":0.0,"event_name":"Shining Light","player_choice":"Entered Light","floor":4.0,"gold_loss":0.0,"damage_taken":14.0,"cards_upgraded":["Strike_B","Zap"]},{"cards_removed":["Strike_B"],"damage_healed":0.0,"max_hp_gain":0.0,"max_hp_loss":0.0,"gold_gain":0.0,"event_name":"Golden Wing","player_choice":"Card Removal","floor":13.0,"gold_loss":0.0,"damage_taken":7.0},{"damage_healed":0,"gold_gain":0,"player_choice":"Fought Bandits","damage_taken":0,"max_hp_gain":0,"max_hp_loss":0,"event_name":"Masked Bandits","floor":19,"gold_loss":0}],"is_beta":false,"boss_relics":[{"not_picked":["Calling Bell","SacredBark"],"picked":"Black Star"}],"items_purged_floors":[10],"is_endless":false,"potions_floor_spawned":[6,8],"killed_by":"Masked Bandits","ascension_level":14}}