{"host":"Troy","time":1612543596,"event":{"mods":["BaseMod","Colored Map","Highlight Path","Minty Spire (QoL Compilation)","Permanent Neow"],"gold_per_floor":[109,109,122,137,137,169,169,179,179,196,225,225,255,283,295,411,423,451,463,486,108,141,141,14,33,33,53,53,83,83,115,115,212,212,227,241,64,286,298,298,298,298],"floor_reached":41,"language":"ENG","playtime":4699,"items_purged":["Strike_P","FlurryOfBlows"],"score":626,"play_id":"bfadc835-7c0f-4a59-8f48-590d1a79799a","local_time":"20210205114636","is_ascension_mode":true,"campfire_choices":[{"floor":12.0,"key":"REST"},{"floor":15.0,"key":"REST"},{"data":"Judgement","floor":23.0,"key":"SMITH"},{"data":"Vault","floor":30,"key":"SMITH"},{"data":"MentalFortress","floor":32,"key":"SMITH"},{"floor":40,"key":"RECALL"}],"circlet_count":0,"master_deck":["Strike_P+1","Strike_P","Defend_P","Eruption+1","Vigilance","Nirvana","Swivel+1","Halt","BowlingBash","EmptyMind+1","JustLucky+1","Wireheading","Wireheading","InnerPeace","Meditate+1","MentalFortress+1","Judgement+1","Vault+1","Weave","LessonLearned","DeusExMachina+1","ThirdEye+1","Judgement+1","Sanctity+1","Ragnarok","WreathOfFlame+1","Adaptation","SandsOfTime"],"relics":["HolyWater","Torii","Bird Faced Urn","Unceasing Top","MawBank","Toxic Egg 2","Red Mask","Mummified Hand","Blood Vial","Snecko Eye"],"acts_visited":["Exordium","TheCity","TheBeyond"],"potions_floor_usage":[29,41,41],"damage_taken":[{"damage":4.0,"enemies":"Small Slimes","floor":1.0,"turns":4.0},{"damage":0.0,"enemies":"Cultist","floor":3.0,"turns":3.0},{"damage":0.0,"enemies":"2 Louse","floor":4.0,"turns":2.0},{"damage":32.0,"enemies":"Gremlin Nob","floor":6.0,"turns":3.0},{"damage":0.0,"enemies":"2 Fungi Beasts","floor":8.0,"turns":2.0},{"damage":0.0,"enemies":"Exordium Thugs","floor":10.0,"turns":3.0},{"damage":0.0,"enemies":"Lagavulin","floor":11.0,"turns":6.0},{"damage":30.0,"enemies":"Gremlin Nob","floor":13.0,"turns":4.0},{"damage":0.0,"enemies":"Large Slime","floor":14.0,"turns":4.0},{"damage":16.0,"enemies":"Hexaghost","floor":16.0,"turns":14.0},{"damage":7.0,"enemies":"Shell Parasite","floor":18.0,"turns":6.0},{"damage":9.0,"enemies":"2 Thieves","floor":20.0,"turns":4.0},{"damage":17.0,"enemies":"Masked Bandits","floor":22.0,"turns":6.0},{"damage":9.0,"enemies":"Snake Plant","floor":25.0,"turns":4.0},{"damage":0.0,"enemies":"Cultist and Chosen","floor":27.0,"turns":4.0},{"damage":2,"enemies":"Slavers","floor":29,"turns":4},{"damage":2,"enemies":"Book of Stabbing","floor":31,"turns":6},{"damage":49,"enemies":"Champ","floor":33,"turns":14},{"damage":0,"enemies":"Orb Walker","floor":35,"turns":2},{"damage":0,"enemies":"3 Shapes","floor":36,"turns":2},{"damage":30,"enemies":"Maw","floor":39,"turns":9},{"damage":71,"enemies":"Reptomancer","floor":41,"turns":9}],"seed_played":"-6836073486907011025","potions_obtained":[{"floor":6.0,"key":"SpeedPotion"},{"floor":8.0,"key":"EssenceOfSteel"},{"floor":10.0,"key":"BlessingOfTheForge"},{"floor":11.0,"key":"DuplicationPotion"},{"floor":16.0,"key":"EssenceOfSteel"},{"floor":18.0,"key":"FearPotion"},{"floor":20.0,"key":"EssenceOfSteel"},{"floor":27.0,"key":"BottledMiracle"},{"floor":33,"key":"SkillPotion"},{"floor":39,"key":"DuplicationPotion"}],"is_trial":false,"path_per_floor":["M","?","M","M","?","E","?","M","T","M","E","R","E","M","R","B",null,"M","?","M","$","?","R","$","M","T","M","?","E","R","E","R","B",null,"M","M","$","?","M","R","E"],"character_chosen":"WATCHER","items_purchased":["Toxic Egg 2","LessonLearned","Explosive Potion","Adaptation"],"campfire_rested":2,"item_purchase_floors":[21,21,24,37],"current_hp_per_floor":[47,47,47,47,33,1,1,1,1,3,9,30,6,12,33,27,61,62,62,57,57,48,48,48,47,47,53,53,59,59,65,65,23,60,70,72,72,72,42,42,0,0],"gold":298,"neow_bonus":"TRANSFORM_TWO_CARDS","is_daily":false,"chose_seed":false,"campfire_upgraded":3,"win_rate":0.0,"timestamp":1612543596,"path_taken":["M","?","?","M","?","E","?","M","T","M","E","R","E","M","R","BOSS","M","?","M","?","?","R","$","M","T","M","?","E","R","E","R","BOSS","M","?","$","?","M","R","E"],"items_purchased_type":["Relic","Card","Potion","Card"],"build_version":"2020-12-18","purchased_purges":2,"victory":false,"max_hp_per_floor":[72,72,72,72,72,72,72,72,72,72,72,72,72,72,72,72,72,72,72,72,72,72,72,72,72,72,72,72,72,72,72,72,72,72,72,72,72,72,72,72,72,72],"card_choices":[{"not_picked":["FollowUp","Pray"],"picked":"Halt","floor":1.0},{"not_picked":["MentalFortress","Sanctity"],"picked":"BowlingBash","floor":3.0},{"not_picked":["EmptyFist","Evaluate"],"picked":"EmptyMind","floor":4.0},{"not_picked":["CrushJoints","Pray"],"picked":"JustLucky","floor":6.0},{"not_picked":["Weave","Worship"],"picked":"Wireheading","floor":8.0},{"not_picked":["Evaluate","EmptyBody"],"picked":"Wireheading","floor":10.0},{"not_picked":["Protect","LikeWater"],"picked":"InnerPeace","floor":11.0},{"not_picked":["Vengeance","Wallop"],"picked":"Meditate","floor":13.0},{"not_picked":["WheelKick","FollowUp"],"picked":"MentalFortress","floor":14.0},{"not_picked":["Omniscience","Brilliance"],"picked":"Judgement","floor":16.0},{"not_picked":["Consecrate","Protect"],"picked":"FlurryOfBlows","floor":18.0},{"not_picked":["FlurryOfBlows","JustLucky"],"picked":"Weave","floor":20.0},{"not_picked":["SashWhip","FlurryOfBlows"],"picked":"DeusExMachina+1","floor":22.0},{"not_picked":["Halt+1","CutThroughFate"],"picked":"ThirdEye+1","floor":25.0},{"not_picked":["FlyingSleeves+1","MentalFortress","Evaluate+1"],"picked":"SKIP","floor":27.0},{"not_picked":["CutThroughFate+1","WindmillStrike"],"picked":"Sanctity+1","floor":29},{"not_picked":["PathToVictory+1","EmptyFist","FlyingSleeves+1"],"picked":"SKIP","floor":31},{"not_picked":["SpiritShield+1","Alpha+1"],"picked":"Ragnarok","floor":33},{"not_picked":["CrushJoints","FlurryOfBlows"],"picked":"WreathOfFlame+1","floor":35},{"not_picked":["FlyingSleeves+1","Crescendo+1","Worship+1"],"picked":"SKIP","floor":36},{"not_picked":["Crescendo+1","Halt+1"],"picked":"SandsOfTime","floor":39}],"player_experience":4163357,"relics_obtained":[{"floor":6.0,"key":"Torii"},{"floor":9.0,"key":"Bird Faced Urn"},{"floor":11.0,"key":"Unceasing Top"},{"floor":13.0,"key":"MawBank"},{"floor":22.0,"key":"Red Mask"},{"floor":29,"key":"Mummified Hand"},{"floor":31,"key":"Blood Vial"}],"event_choices":[{"cards_removed":["Defend_P"],"damage_healed":0.0,"max_hp_gain":0.0,"max_hp_loss":0.0,"gold_gain":0.0,"event_name":"Purifier","player_choice":"Purged","floor":2.0,"gold_loss":0.0,"damage_taken":0.0},{"damage_healed":0.0,"max_hp_gain":0.0,"max_hp_loss":0.0,"gold_gain":0.0,"event_name":"Shining Light","player_choice":"Entered Light","floor":5.0,"gold_loss":0.0,"damage_taken":14.0,"cards_upgraded":["EmptyMind","Eruption"]},{"damage_healed":0.0,"max_hp_gain":0.0,"max_hp_loss":0.0,"gold_gain":0.0,"event_name":"Scrap Ooze","player_choice":"Fled","floor":7.0,"gold_loss":0.0,"damage_taken":0.0},{"damage_healed":0.0,"max_hp_gain":0.0,"max_hp_loss":0.0,"gold_gain":0.0,"cards_transformed":["Strike_P"],"event_name":"Transmorgrifier","player_choice":"Transformed","floor":19.0,"gold_loss":0.0,"damage_taken":0.0,"cards_obtained":["Vault"]},{"damage_healed":0.0,"max_hp_gain":0.0,"max_hp_loss":0.0,"gold_gain":0.0,"event_name":"Masked Bandits","player_choice":"Fought Bandits","floor":22.0,"gold_loss":0.0,"damage_taken":0.0},{"damage_healed":0,"gold_gain":0,"player_choice":"Copied","damage_taken":0,"max_hp_gain":0,"max_hp_loss":0,"event_name":"Duplicator","floor":28,"gold_loss":0,"cards_obtained":["Judgement"]},{"damage_healed":0,"gold_gain":222,"player_choice":"Wore Mask","damage_taken":0,"max_hp_gain":0,"max_hp_loss":0,"event_name":"Tomb of Lord Red Mask","floor":38,"gold_loss":0}],"is_beta":true,"boss_relics":[{"not_picked":["Cursed Key","Astrolabe"],"picked":"HolyWater"},{"not_picked":["Busted Crown","SacredBark"],"picked":"Snecko Eye"}],"items_purged_floors":[24,37],"is_endless":false,"potions_floor_spawned":[6,8,10,11,16,18,20,27,33,39],"killed_by":"Reptomancer","ascension_level":5}}