{"host":"072lmn9sfokvtood","time":1612487774,"event":{"mods":["BaseMod","Colored Powertips","Curses Come First","Minty Spire (QoL Compilation)","StSLib"],"gold_per_floor":[219,219,73,84,95,95,120,146,173,205,205,205,154,169,169,274,274,287,111,111,61,80,107,107,107,133,133,143,171,131,50,50,50,50],"floor_reached":33,"language":"ENG","playtime":1992,"items_purged":[],"score":318,"play_id":"ea553d33-4632-4dfd-a948-26a7b1dc7b45","local_time":"20210204191614","is_ascension_mode":true,"campfire_choices":[{"data":"Thunderclap","floor":6,"key":"SMITH"},{"floor":12,"key":"REST"},{"floor":15,"key":"RECALL"},{"floor":25,"key":"REST"},{"floor":27,"key":"REST"},{"floor":32,"key":"REST"}],"circlet_count":0,"master_deck":["Bash","Flex","Thunderclap+1","Reaper","Twin Strike","Whirlwind","Iron Wave+1","Flex","Immolate","Cleave","True Grit","Sword Boomerang","True Grit","Double Tap","Double Tap","Corruption","Immolate","Barricade","Metallicize","Apotheosis","Anger","Evolve","Berserk+1","Entrench","PanicButton"],"relics":["Burning Blood","HandDrill","Odd Mushroom","Toy Ornithopter","Regal Pillow","White Beast Statue","Pandora\u0027s Box","Art of War","Meat on the Bone","Peace Pipe"],"acts_visited":["Exordium","TheCity"],"potions_floor_usage":[14,16,16,23,23,29,29,29,33],"damage_taken":[{"damage":1,"enemies":"Cultist","floor":1,"turns":4},{"damage":8,"enemies":"Jaw Worm","floor":4,"turns":4},{"damage":6,"enemies":"2 Louse","floor":5,"turns":3},{"damage":35,"enemies":"The Mushroom Lair","floor":7,"turns":5},{"damage":34,"enemies":"3 Sentries","floor":8,"turns":8},{"damage":30,"enemies":"Gremlin Nob","floor":10,"turns":5},{"damage":9,"enemies":"Red Slaver","floor":14,"turns":4},{"damage":64,"enemies":"Hexaghost","floor":16,"turns":9},{"damage":44,"enemies":"2 Thieves","floor":18,"turns":3},{"damage":8,"enemies":"Chosen","floor":22,"turns":3},{"damage":44,"enemies":"Book of Stabbing","floor":23,"turns":5},{"damage":44,"enemies":"Shelled Parasite and Fungi","floor":28,"turns":6},{"damage":81,"enemies":"Slavers","floor":29,"turns":4},{"damage":78,"enemies":"Champ","floor":33,"turns":8}],"seed_played":"-1761490998539155740","potions_obtained":[{"floor":10,"key":"BloodPotion"},{"floor":14,"key":"Strength Potion"},{"floor":16,"key":"LiquidBronze"},{"floor":18,"key":"ColorlessPotion"},{"floor":22,"key":"DuplicationPotion"},{"floor":23,"key":"Dexterity Potion"},{"floor":28,"key":"Weak Potion"},{"floor":29,"key":"Dexterity Potion"}],"is_trial":false,"path_per_floor":["M","?","$","M","M","R","?","E","T","E","?","R","$","M","R","B",null,"M","$","?","$","M","E","?","R","T","R","M","E","?","$","R","B"],"character_chosen":"IRONCLAD","items_purchased":["HandDrill","Fire Potion","Apotheosis","Anger","PanicButton"],"campfire_rested":4,"item_purchase_floors":[3,13,19,21,31],"current_hp_per_floor":[80,80,80,78,78,78,53,43,43,23,23,62,62,80,80,35,80,50,50,50,50,67,39,24,64,64,85,59,27,27,27,67,0,0],"gold":50,"neow_bonus":"HUNDRED_GOLD","is_daily":false,"chose_seed":false,"campfire_upgraded":1,"win_rate":0.0,"timestamp":1612487774,"path_taken":["M","?","$","M","?","R","?","E","T","E","?","R","$","?","R","BOSS","M","$","?","$","M","E","?","R","T","R","M","E","?","$","R","BOSS"],"items_purchased_type":["Relic","Potion","Card","Card","Card"],"build_version":"2020-12-22","purchased_purges":0,"victory":false,"max_hp_per_floor":[80,80,80,80,80,80,80,80,80,80,80,80,80,80,80,80,80,80,80,80,80,80,80,85,85,85,85,85,85,85,85,85,85,85],"card_choices":[{"not_picked":["Sword Boomerang","Warcry"],"picked":"Flex","floor":1},{"not_picked":["Iron Wave","Disarm"],"picked":"Thunderclap","floor":4},{"not_picked":["Heavy Blade","Pummel"],"picked":"Reaper","floor":5},{"not_picked":["Perfected Strike","Sword Boomerang"],"picked":"Twin Strike","floor":7},{"not_picked":["Rage","True Grit"],"picked":"Whirlwind","floor":8},{"not_picked":["True Grit","Exhume"],"picked":"Iron Wave","floor":10},{"not_picked":["Havoc","Flame Barrier"],"picked":"Flex","floor":14},{"not_picked":["Corruption","Double Tap"],"picked":"Immolate","floor":16},{"not_picked":["Dark Embrace","Twin Strike"],"picked":"Metallicize","floor":18},{"not_picked":["Pommel Strike","Heavy Blade"],"picked":"Evolve","floor":22},{"not_picked":["Thunderclap+1","Combust"],"picked":"Berserk","floor":23},{"not_picked":["Flex","Headbutt","Cleave"],"picked":"SKIP","floor":28},{"not_picked":["Uppercut","Clash"],"picked":"Entrench","floor":29}],"player_experience":269313,"relics_obtained":[{"floor":7,"key":"Odd Mushroom"},{"floor":8,"key":"Toy Ornithopter"},{"floor":9,"key":"Regal Pillow"},{"floor":10,"key":"White Beast Statue"},{"floor":23,"key":"Meat on the Bone"},{"floor":29,"key":"Peace Pipe"}],"event_choices":[{"damage_healed":0,"gold_gain":0,"player_choice":"Ignored","damage_taken":0,"max_hp_gain":0,"max_hp_loss":0,"event_name":"Purifier","floor":2,"gold_loss":0},{"damage_healed":0,"gold_gain":0,"player_choice":"Fought Mushrooms","damage_taken":0,"max_hp_gain":0,"max_hp_loss":0,"event_name":"Mushrooms","floor":7,"gold_loss":0},{"damage_healed":0,"gold_gain":0,"player_choice":"Forge","damage_taken":0,"max_hp_gain":0,"max_hp_loss":0,"event_name":"Accursed Blacksmith","floor":11,"gold_loss":0,"cards_upgraded":["Iron Wave"]},{"damage_healed":0,"gold_gain":0,"player_choice":"Opened","damage_taken":0,"relics_obtained":["Art of War"],"max_hp_gain":0,"max_hp_loss":0,"event_name":"The Mausoleum","floor":20,"gold_loss":0},{"damage_healed":0,"gold_gain":0,"player_choice":"Shed Blood","damage_taken":20,"max_hp_gain":5,"max_hp_loss":0,"event_name":"Forgotten Altar","floor":24,"gold_loss":0},{"damage_healed":0,"gold_gain":0,"player_choice":"Upgrade","damage_taken":0,"max_hp_gain":0,"max_hp_loss":0,"event_name":"Designer","floor":30,"gold_loss":40,"cards_upgraded":["Berserk"]}],"is_beta":false,"boss_relics":[{"not_picked":["Calling Bell","Mark of Pain"],"picked":"Pandora\u0027s Box"}],"items_purged_floors":[],"is_endless":false,"potions_floor_spawned":[10,14,16,18,22,23,28,29],"killed_by":"Champ","ascension_level":2}}