{"host":"uceopoba4zvqsgiy","time":1612527674,"event":{"mods":["2.2 Compatiblity","Act Like it!","BaseMod","Better Skull","Better Third Choice","Elementarium","Evolution","GifTheSpireLib","Hermit","Humility","Infinite Spire","Jorbs\u0027s Wanderer Trilogy","Marked Mod","Minty Spire (QoL Compilation)","Potionbrewer","Reliquary","Replay The Spire","Robot Space Explorer","Shade Mod","Spicy Shops","StS++","StSLib","Stuff the Spire","The Blue Laboratory","The Caster","The Cursed","The Dragon Tamer","The Hierophant","The Judge","The Jungle","TheSurvivalist","Wandering Minibosses"],"gold_per_floor":[110,84,192,203,203,235,235,359,382,382,394,394,414,425,425,425,425],"floor_reached":16,"language":"ENG","playtime":541,"items_purged":[],"score":260,"play_id":"2ae41d4c-58e8-4575-8e06-2cc5a2791e81","local_time":"20210205225114","is_ascension_mode":false,"campfire_choices":[{"floor":7,"key":"REST"},{"floor":15,"key":"REST"}],"circlet_count":0,"master_deck":["WordoMod:StrikeCard","WordoMod:StrikeCard","WordoMod:StrikeCard","WordoMod:StrikeCard","WordoMod:DefendCard","WordoMod:DefendCard","WordoMod:DefendCard","WordoMod:DefendCard","WordoMod:Accursed","WordoMod:IllWill+1","WordoMod:Sacrilege","Replay:Hysterical Blindness","WordoMod:Petrified","infinitespire:Gouge","Looming Evil","WordoMod:FalseDiagnosis","Regret","WordoMod:Pestilence"],"relics":["WordoMod:Obsidian","WordoMod:Effigy","EVO:Axolotl","NeowsBlessing","Toy Ornithopter","reliquary:WeakTea","ReplayTheSpireMod:Lightbulb","StuffTheSpire:TintedRock","potionbrewer:RamsHorn","Gremlin Food"],"acts_visited":["Exordium"],"potions_floor_usage":[8,14],"damage_taken":[{"damage":0,"enemies":"Jaw Worm","floor":1,"turns":1},{"damage":0,"enemies":"Cultist","floor":4,"turns":1},{"damage":0,"enemies":"Lagavulin","floor":6,"turns":1},{"damage":12,"enemies":"3 Sentries","floor":8,"turns":4},{"damage":0,"enemies":"2 Louse","floor":11,"turns":1},{"damage":9,"enemies":"Blue Slaver","floor":13,"turns":3},{"damage":0,"enemies":"Exordium Thugs","floor":14,"turns":3},{"damage":49,"enemies":"Slime Boss","floor":16,"turns":7}],"seed_played":"1055543484220941029","potions_obtained":[{"floor":6,"key":"Elixir"},{"floor":8,"key":"AttackPotion"}],"is_trial":false,"path_per_floor":["M","$","?","M","?","E","R","E","T","?","M","?","M","M","R","B"],"character_chosen":"JUDGE_CLASS","items_purchased":["WordoMod:Sacrilege"],"campfire_rested":2,"item_purchase_floors":[2],"current_hp_per_floor":[75,75,12,12,12,12,34,27,27,27,27,27,18,23,45,0,0],"gold":425,"neow_bonus":"THREE_ENEMY_KILL","is_daily":false,"chose_seed":false,"campfire_upgraded":0,"win_rate":0.0,"timestamp":1612527674,"path_taken":["M","$","?","?","?","E","R","E","T","?","?","?","?","M","R","BOSS"],"items_purchased_type":["Card"],"build_version":"2020-12-22","purchased_purges":0,"victory":false,"max_hp_per_floor":[75,75,75,75,75,75,75,75,75,75,75,75,75,75,75,75,75],"card_choices":[{"not_picked":["WordoMod:ICurseThee","WordoMod:Malice","WordoMod:Repent"],"picked":"SKIP","floor":1},{"not_picked":["WordoMod:Vulgarity","WordoMod:Exorcism","WordoMod:ProfanedFlame"],"picked":"SKIP","floor":4},{"not_picked":["ReplayTheSpireMod:Black Plague","infinitespire:SevenWalls"],"picked":"infinitespire:Gouge","floor":5},{"not_picked":["StuffTheSpire:GnomedCurse","Elementarium:StickyTar"],"picked":"Looming Evil","floor":6},{"not_picked":["WordoMod:Sickness","WordoMod:WillOWisp"],"picked":"WordoMod:FalseDiagnosis","floor":6},{"not_picked":["WordoMod:BurdenOfSin","WordoMod:ShackleGuard","WordoMod:SoulSpear"],"picked":"SKIP","floor":8},{"not_picked":["WordoMod:WillOWisp","WordoMod:Resurrection","WordoMod:MementoMori"],"picked":"SKIP","floor":11},{"not_picked":["Languid","stsjorbsmod:Amnesia"],"picked":"Regret","floor":13},{"not_picked":["WordoMod:SoulSpear","WordoMod:MementoMori","WordoMod:FalseDiagnosis"],"picked":"SKIP","floor":13},{"not_picked":["WordoMod:Retaliate","WordoMod:BurdenOfSin"],"picked":"WordoMod:Pestilence","floor":14}],"player_experience":1766353,"relics_obtained":[{"floor":6,"key":"StuffTheSpire:TintedRock"},{"floor":8,"key":"potionbrewer:RamsHorn"},{"floor":9,"key":"Gremlin Food"}],"event_choices":[{"damage_healed":0,"gold_gain":108,"player_choice":"RE RE RE GO ","damage_taken":70,"relics_obtained":["Toy Ornithopter","reliquary:WeakTea","ReplayTheSpireMod:Lightbulb"],"max_hp_gain":0,"max_hp_loss":0,"event_name":"betterSkull:BetterSkull","floor":3,"gold_loss":0,"cards_upgraded":[]},{"damage_healed":0,"gold_gain":0,"player_choice":"Ignored","damage_taken":0,"max_hp_gain":0,"max_hp_loss":0,"event_name":"Fountain of Cleansing","floor":10,"gold_loss":0},{"damage_healed":0,"gold_gain":0,"player_choice":"Ignored","damage_taken":0,"max_hp_gain":0,"max_hp_loss":0,"event_name":"NoteForYourself","floor":12,"gold_loss":0}],"is_beta":false,"boss_relics":[],"items_purged_floors":[],"is_endless":false,"potions_floor_spawned":[6,8],"killed_by":"Slime Boss","ascension_level":0,"is_humility":true}}