{"host":"23qk1co0p3p8qz56","time":1612519730,"event":{"mods":["100% Spire Juice","AchievementEnabler","Act Like it!","Arknights","BaseMod","Better Note","Better Third Choice","BetterRewards","CapriCore","Chen","Colored Map","Gensokyo","Gold Saver","KinomotoSakuraMod(木之本?)","Koishi","Lobotomy","LobotomyExtend","Marisa（霧雨　魔理沙）","Minty Spire (QoL Compilation)","Prisma Mod","Reimu（博??梦）","Remilia（蕾米莉?）","StSLib","The Alterego","The Animator","The Immortal","The Senshi","Waifu the Spire","Yakumo Yukari mod"],"gold_per_floor":[137,148,148,148,159,159,177,191,191,137,137,151,171,182,199,216,247,247,167,167,198,218,238,238,256,256,356,356,356,376,376,77,93,93,127,89,112,130,140,151,151,151],"floor_reached":30,"language":"ENG","playtime":3309,"items_purged":[],"score":311,"play_id":"68a80ba9-4235-4971-8e43-84efcd3ed417","local_time":"20210205030850","is_ascension_mode":false,"campfire_choices":[{"data":"FitfulNightmare","floor":6,"key":"SMITH"},{"data":"QueenOfMidnight","floor":11,"key":"SMITH"},{"data":"EternalNight","floor":7,"key":"SMITH"},{"data":"Maim","floor":13,"key":"SMITH"},{"data":"ScarletNetherworld","floor":15,"key":"SMITH"},{"data":"BloodyTrap","floor":23,"key":"SMITH"}],"circlet_count":0,"master_deck":["Strike_RM","Strike_RM","Strike_RM","Strike_RM","Defend_RM","Defend_RM","Defend_RM","Defend_RM","RedMoon","BloodyCatastrophe","RedRainbow","FitfulNightmare+1","EmergencyRegeneration","MastersStateliness","QueenOfMidnight+1","EndlessAdversity+1","VampireKiss+1","BlasphemousPunishment","Stigmanizer","RedRainbow","EternalNight+1","ScarletNetherworld+1","VampireClaw","Maim+1","DiffusionOfMisfortune","ScarletGensokyo","KillingBlow","VampireKiss+1","BloodyTrap+1","TwelveNightmare+1","BombardNight+1","SuperhumanBloodyKnife","ForbiddenFruit+1","BlasphemousPunishment+1","VampirishNight+1"],"relics":["ScarletHat","Happy Flower","Mango","LetterFromLob","Whetstone","Kunai","Pocketwatch","Sozu","Ornamental Fan","Toy Ornithopter","Dream Catcher"],"acts_visited":["Gensokyo:Gensokyo","TheBeyond"],"potions_floor_usage":[],"damage_taken":[{"damage":4,"enemies":"Gensokyo:2_Kodama","floor":1,"turns":3},{"damage":4,"enemies":"Gensokyo:3_Fairies","floor":2,"turns":4},{"damage":6,"enemies":"Gensokyo:Gryphon","floor":5,"turns":7},{"damage":28,"enemies":"Gensokyo:VengefulSpirit","floor":7,"turns":8},{"damage":13,"enemies":"Gensokyo:3_Kodama","floor":8,"turns":9},{"damage":0,"enemies":"Cultist","floor":1,"turns":4},{"damage":4,"enemies":"Small Slimes","floor":2,"turns":2},{"damage":17,"enemies":"Jaw Worm","floor":3,"turns":4},{"damage":32,"enemies":"Large Slime","floor":4,"turns":6},{"damage":24,"enemies":"3 Louse","floor":5,"turns":2},{"damage":17,"enemies":"Lagavulin","floor":6,"turns":4},{"damage":11,"enemies":"Gremlin Nob","floor":10,"turns":3},{"damage":20,"enemies":"Gremlin Gang","floor":11,"turns":2},{"damage":35,"enemies":"Looter","floor":12,"turns":3},{"damage":24,"enemies":"Large Slime","floor":14,"turns":6},{"damage":29,"enemies":"The Guardian","floor":16,"turns":5},{"damage":45,"enemies":"3 Shapes","floor":19,"turns":2},{"damage":28,"enemies":"Orb Walker","floor":22,"turns":4},{"damage":45,"enemies":"Nemesis","floor":24,"turns":7},{"damage":124,"enemies":"Writhing Mass","floor":27,"turns":5},{"damage":38,"enemies":"Maw","floor":28,"turns":5},{"damage":57,"enemies":"3 Darklings","floor":29,"turns":3},{"damage":89,"enemies":"Orin","floor":30,"turns":6}],"seed_played":"3112975886493169929","potions_obtained":[{"floor":2,"key":"DuplicationPotion"},{"floor":2,"key":"FearPotion"},{"floor":4,"key":"SpeedPotion"}],"is_trial":false,"path_per_floor":["M","M","COS","?","M","R","M","M","T","$","R","M","M","M","M","M","M","E","R","$","T","E","M","M","R","M","R","B",null,"M","M","?","$","M","R","E","$","T","M","M","M","?"],"character_chosen":"REMILIA","items_purchased":["CharismaGuard","ScarletNetherworld","BloodyTrap","Ornamental Fan","SuperhumanBloodyKnife"],"campfire_rested":0,"item_purchase_floors":[10,8,21,21,25],"current_hp_per_floor":[71,67,67,67,63,63,54,43,57,57,57,89,89,89,89,89,89,89,89,89,88,74,89,89,89,89,89,89,89,78,78,78,69,69,66,66,66,89,89,66,0,0],"gold":151,"neow_bonus":"ONE_RANDOM_RARE_CARD","is_daily":false,"chose_seed":false,"campfire_upgraded":6,"win_rate":0.0,"timestamp":1612519730,"path_taken":["M","M","COS","?","M","R","M","M","T","?","R","M","M","M","M","M","M","E","R","?","T","E","M","M","R","M","R","BOSS","M","M","?","$","M","R","E","?","T","M","M","M","?"],"items_purchased_type":["Card","Card","Card","Relic","Card"],"build_version":"2020-12-22","purchased_purges":0,"victory":false,"max_hp_per_floor":[75,75,75,75,75,75,75,75,89,89,89,89,89,89,89,89,89,89,89,89,89,89,89,89,89,89,89,89,89,89,89,89,89,89,89,89,89,89,89,89,89,89],"card_choices":[{"not_picked":["Stigmanizer","NightDance"],"picked":"RedRainbow","floor":1},{"not_picked":["ScarletDevilSign","Stigmanizer"],"picked":"FitfulNightmare","floor":2},{"not_picked":["StarOfDavid","VampireKiss"],"picked":"EmergencyRegeneration","floor":5},{"not_picked":["DiffusionOfMisfortune","RedMagic"],"picked":"MastersStateliness","floor":7},{"not_picked":["VampireClaw","NightDance"],"picked":"QueenOfMidnight","floor":8},{"not_picked":["EmergencyRegeneration","UltimateOffering"],"picked":"EndlessAdversity","floor":1},{"not_picked":["MastersStateliness","StarOfDavid"],"picked":"VampireKiss","floor":2},{"not_picked":["StarOfDavid","DevilSight"],"picked":"BlasphemousPunishment","floor":3},{"not_picked":["CharismaGuard","BadLadyScramble"],"picked":"Stigmanizer","floor":4},{"not_picked":["BlasphemousPunishment","VampireKiss"],"picked":"RedRainbow","floor":5},{"not_picked":["DiffusionOfMisfortune","TransientEternity"],"picked":"EternalNight","floor":6},{"not_picked":["Septette","FavorOfDestiny"],"picked":"VampireClaw","floor":10},{"not_picked":["MastersStateliness","BombardNight"],"picked":"Maim","floor":11},{"not_picked":["Stigmanizer","ForbiddenFruit"],"picked":"DiffusionOfMisfortune","floor":12},{"not_picked":["ReincarnationDial","RedRainbow"],"picked":"ScarletGensokyo","floor":14},{"not_picked":["CurseOfVladTepes","QueenOfMidnight"],"picked":"KillingBlow","floor":16},{"not_picked":["EndlessAdversity+1","ScarletDevil"],"picked":"VampireKiss+1","floor":19},{"not_picked":["RedRainbow","StarOfDavid"],"picked":"TwelveNightmare+1","floor":22},{"not_picked":["ScarletDevilSign+1","VampireSweep"],"picked":"BombardNight+1","floor":24},{"not_picked":["DiffusionOfMisfortune+1","RedNightlessCastle"],"picked":"ForbiddenFruit+1","floor":27},{"not_picked":["VampireSweep+1","Stigmanizer+1"],"picked":"BlasphemousPunishment+1","floor":28},{"not_picked":["ScarletGensokyo+1","UnstableMagic+1"],"picked":"VampirishNight+1","floor":29}],"player_experience":34424,"relics_obtained":[{"floor":1,"key":"LetterFromLob"},{"floor":9,"key":"Mango"},{"floor":1,"key":"LetterFromLob"},{"floor":6,"key":"Whetstone"},{"floor":9,"key":"Kunai"},{"floor":10,"key":"Pocketwatch"},{"floor":24,"key":"Toy Ornithopter"},{"floor":26,"key":"Dream Catcher"}],"event_choices":[{"cards_removed":["CharismaGuard"],"damage_healed":0,"gold_gain":0,"player_choice":"Purged","damage_taken":0,"max_hp_gain":0,"max_hp_loss":0,"event_name":"Purifier","floor":20,"gold_loss":0},{"damage_healed":0,"gold_gain":0,"player_choice":"Fight","damage_taken":0,"max_hp_gain":0,"max_hp_loss":0,"event_name":"OrinTheCat","floor":30,"gold_loss":0}],"is_beta":false,"boss_relics":[{"not_picked":["Empty Cage","Runic Pyramid"],"picked":"Sozu"}],"items_purged_floors":[],"is_endless":false,"potions_floor_spawned":[2,2,4,5,10,12,16,27,29],"killed_by":"Orin","ascension_level":0}}