{"host":"fff5e1uasnm04x18","time":1612533105,"event":{"mods":["BaseMod","Minty Spire (QoL Compilation)"],"gold_per_floor":[12,23,98,109,129,129,159,159,159,159,159,193,193,218,218,323,323,337,62,62,62,62,62,62,62],"floor_reached":24,"language":"ENG","playtime":1104,"items_purged":["Strike_B"],"score":231,"play_id":"efebe2ef-1525-4e6a-a799-640aaa5db05f","local_time":"20210205085145","is_ascension_mode":true,"campfire_choices":[{"floor":6,"key":"REST"},{"floor":8,"key":"REST"},{"data":"Machine Learning","floor":10,"key":"SMITH"},{"floor":13,"key":"REST"},{"data":"Hyperbeam","floor":15,"key":"SMITH"},{"floor":23,"key":"REST"}],"circlet_count":0,"master_deck":["Strike_B","Strike_B","Strike_B","Defend_B","Defend_B","Defend_B","Defend_B","Zap","Dualcast","Hyperbeam+1","Reprogram","Hologram","Rebound","Machine Learning+1","Gash+1","Gash","Machine Learning+1","RitualDagger"],"relics":["Cracked Core","Toxic Egg 2","Question Card","Orichalcum","Gambling Chip","Lantern","Black Star","DollysMirror","MutagenicStrength"],"acts_visited":["Exordium","TheCity"],"potions_floor_usage":[5,14,24],"damage_taken":[{"damage":0,"enemies":"Cultist","floor":1,"turns":3},{"damage":10,"enemies":"Small Slimes","floor":2,"turns":3},{"damage":2,"enemies":"Jaw Worm","floor":4,"turns":3},{"damage":1,"enemies":"Looter","floor":5,"turns":2},{"damage":31,"enemies":"3 Sentries","floor":7,"turns":6},{"damage":18,"enemies":"Gremlin Nob","floor":12,"turns":4},{"damage":6,"enemies":"3 Sentries","floor":14,"turns":3},{"damage":58,"enemies":"The Guardian","floor":16,"turns":10},{"damage":13,"enemies":"Chosen","floor":18,"turns":5},{"damage":69,"enemies":"Slavers","floor":24,"turns":3}],"seed_played":"1124349162824399596","potions_obtained":[{"floor":2,"key":"Energy Potion"},{"floor":5,"key":"FairyPotion"},{"floor":7,"key":"Explosive Potion"},{"floor":12,"key":"LiquidBronze"}],"is_trial":false,"path_per_floor":["M","M","?","M","M","R","E","R","T","R","?","E","R","E","R","B",null,"M","$","?","?","?","R","E"],"character_chosen":"DEFECT","items_purchased":["Gash","DollysMirror"],"campfire_rested":4,"item_purchase_floors":[19,19],"current_hp_per_floor":[75,65,54,52,51,73,42,64,64,64,57,39,61,55,55,22,75,62,62,48,48,42,66,0,0],"gold":62,"neow_bonus":"THREE_RARE_CARDS","is_daily":false,"chose_seed":false,"campfire_upgraded":2,"win_rate":0.0,"timestamp":1612533105,"path_taken":["M","?","?","M","M","R","E","R","T","R","?","E","R","E","R","BOSS","M","$","?","?","?","R","E"],"items_purchased_type":["Card","Relic"],"build_version":"2020-12-22","purchased_purges":1,"victory":false,"max_hp_per_floor":[75,75,75,75,75,75,75,75,75,75,75,75,75,75,75,75,75,75,75,80,80,80,80,80,80],"card_choices":[{"not_picked":["Biased Cognition","Core Surge"],"picked":"Hyperbeam","floor":0},{"not_picked":["Leap","Fusion"],"picked":"Reprogram","floor":1},{"not_picked":["Redo","Leap"],"picked":"Hologram","floor":2},{"not_picked":["Consume","Tempest","Ball Lightning"],"picked":"SKIP","floor":4},{"not_picked":["Stack","Conserve Battery"],"picked":"Rebound","floor":5},{"not_picked":["Leap+1","Barrage"],"picked":"Machine Learning","floor":7},{"not_picked":["Streamline","Redo+1","Doom and Gloom","Meteor Strike"],"picked":"SKIP","floor":12},{"not_picked":["Cold Snap","Stack+1","Redo+1","Chill+1"],"picked":"SKIP","floor":14},{"not_picked":["Barrage","Compile Driver","Genetic Algorithm+1"],"picked":"Gash+1","floor":18}],"player_experience":494632,"relics_obtained":[{"floor":7,"key":"Toxic Egg 2"},{"floor":9,"key":"Question Card"},{"floor":12,"key":"Gambling Chip"},{"floor":14,"key":"Lantern"}],"event_choices":[{"damage_healed":0,"gold_gain":75,"player_choice":"Gather Gold","damage_taken":11,"max_hp_gain":0,"max_hp_loss":0,"event_name":"World of Goop","floor":3,"gold_loss":0},{"damage_healed":0,"gold_gain":0,"player_choice":"Success","damage_taken":7,"relics_obtained":["Orichalcum"],"max_hp_gain":0,"max_hp_loss":0,"event_name":"Scrap Ooze","floor":11,"gold_loss":0},{"damage_healed":0,"gold_gain":0,"player_choice":"Shed Blood","damage_taken":19,"max_hp_gain":5,"max_hp_loss":0,"event_name":"Forgotten Altar","floor":20,"gold_loss":0},{"damage_healed":0,"gold_gain":0,"player_choice":"Inject Mutagens","damage_taken":0,"relics_obtained":["MutagenicStrength"],"max_hp_gain":0,"max_hp_loss":0,"event_name":"Drug Dealer","floor":21,"gold_loss":0},{"damage_healed":0,"gold_gain":0,"player_choice":"Joined the Cult","damage_taken":6,"max_hp_gain":0,"max_hp_loss":0,"event_name":"Nest","floor":22,"gold_loss":0,"cards_obtained":["RitualDagger"]}],"is_beta":false,"boss_relics":[{"not_picked":["FrozenCore","Snecko Eye"],"picked":"Black Star"}],"items_purged_floors":[19],"is_endless":false,"potions_floor_spawned":[2,5,7,12],"killed_by":"Slavers","ascension_level":2}}