{"host":"65bhxfoqsqjg61le","time":1612504667,"event":{"mods":["2.2 Compatiblity","AchievementEnabler","BaseMod","Better Third Choice","Conspire","Curses Come First","Downfall","Energized Spire","Evolution","GifTheSpireLib","Hubris","Minty Spire (QoL Compilation)","RRrroohrrRGHHhhh!!","Rare Cards Sparkle","Replay The Spire","StSLib","Stuff the Spire","Wandering Minibosses","everything is the same but u backflip on backflip","slay the spire mod where everything is the same but ironclad has a cowboy hat"],"gold_per_floor":[116,129,129,145,221,221,246,280,325,336,336,371,371,391,391,487,487,502,417,41,41,58,73,73,92,92,192,192,192,203,214,214,316,316,327,344,362,33,33,97,97,115,195,212,222,237,83,100,100,100,100],"floor_reached":50,"language":"ENG","playtime":3158,"items_purged":["Defend_B","downfall:Bewildered"],"score":564,"play_id":"b8a4058b-fef3-49e4-aaf1-09d9469bfbe8","local_time":"20210205005747","is_ascension_mode":true,"campfire_choices":[{"data":"Ball Lightning","floor":6,"key":"SMITH"},{"floor":11,"key":"REST"},{"data":"Echo Form","floor":13,"key":"SMITH"},{"floor":15,"key":"REST"},{"floor":24,"key":"REST"},{"data":"Genetic Algorithm","floor":29,"key":"SMITH"},{"floor":32,"key":"REST"},{"floor":41,"key":"REST"},{"data":"FIFO Queue","floor":49,"key":"SMITH"}],"circlet_count":0,"master_deck":["Strike_B","Strike_B","Strike_B","Strike_B","Defend_B","Defend_B","Defend_B","Zap","Dualcast","Ball Lightning+1","Echo Form+1","Electrodynamics","Genetic Algorithm+1","FIFO Queue+1","StuffTheSpire:BrainWave"],"relics":["Cracked Core","EVO:Axolotl","Bottled Flame","StuffTheSpire:OldFever","hubris:CuriousFeather","hubris:BallOfYels","Chameleon Ring","Painkiller Herb","Oddly Smooth Stone","MealTicket","Geode","sneckomod:BabySnecko","Solar Panel","StuffTheSpire:CocoNut","rorgmod:Black Star","Bag of Marbles","Replay:Bottled Eggs","Gremlin Horn","Replay:Bottled Flurry","Lee\u0027s Waffle"],"acts_visited":["Exordium","TheCity","TheBeyond"],"potions_floor_usage":[7,7,16,23,27,27,27,31,46,46,46,50],"damage_taken":[{"damage":1,"enemies":"Cultist","floor":1,"turns":3},{"damage":3,"enemies":"2 Louse","floor":2,"turns":3},{"damage":0,"enemies":"Small Slimes","floor":4,"turns":2},{"damage":0,"enemies":"Lagavulin","floor":7,"turns":3},{"damage":15,"enemies":"conspire:MimicChest","floor":8,"turns":5},{"damage":11,"enemies":"Looter","floor":10,"turns":2},{"damage":16,"enemies":"Gremlin Nob","floor":12,"turns":3},{"damage":13,"enemies":"Blue Slaver","floor":14,"turns":2},{"damage":16,"enemies":"Hexaghost","floor":16,"turns":8},{"damage":7,"enemies":"conspire:FuzzyDice","floor":18,"turns":3},{"damage":8,"enemies":"Shell Parasite","floor":22,"turns":2},{"damage":18,"enemies":"Snake Plant","floor":23,"turns":1},{"damage":18,"enemies":"Chosen and Byrds","floor":25,"turns":3},{"damage":14,"enemies":"Colosseum Slavers","floor":27,"turns":1},{"damage":24,"enemies":"Colosseum Nobs","floor":27,"turns":4},{"damage":15,"enemies":"Centurion and Healer","floor":30,"turns":3},{"damage":12,"enemies":"Shelled Parasite and Fungi","floor":31,"turns":4},{"damage":39,"enemies":"Automaton","floor":33,"turns":7},{"damage":20,"enemies":"3 Darklings","floor":35,"turns":3},{"damage":9,"enemies":"3 Shapes","floor":36,"turns":2},{"damage":28,"enemies":"3 Darklings","floor":37,"turns":3},{"damage":31,"enemies":"R_Hoarder","floor":40,"turns":5},{"damage":11,"enemies":"Sphere and 2 Shapes","floor":42,"turns":3},{"damage":8,"enemies":"Transient","floor":44,"turns":5},{"damage":51,"enemies":"Spire Growth","floor":45,"turns":4},{"damage":16,"enemies":"Writhing Mass","floor":46,"turns":5},{"damage":0,"enemies":"Transient","floor":48,"turns":5},{"damage":89,"enemies":"Awakened One","floor":50,"turns":5}],"seed_played":"-3788410613613064257","potions_obtained":[{"floor":2,"key":"Explosive Potion"},{"floor":4,"key":"hexamod:SoulburnPotion"},{"floor":8,"key":"Swift Potion"},{"floor":12,"key":"Weak Potion"},{"floor":18,"key":"SkillPotion"},{"floor":22,"key":"Fire Potion"},{"floor":25,"key":"Strength Potion"},{"floor":27,"key":"PowerPotion"},{"floor":31,"key":"LifebloodPotion"},{"floor":36,"key":"Ancient Potion"},{"floor":37,"key":"SneckoOil"},{"floor":46,"key":"SkillPotion"}],"is_trial":false,"path_per_floor":["M","M","$","M","T","R","E","?","T","M","R","E","R","M","R","B",null,"?","?","T","?","?","?","T","?","T","?","?","T","?","?","T","B",null,"?","?","?","T","?","E","T","?","T","?","?","?","T","?","T","B"],"character_chosen":"DEFECT","items_purchased":["MealTicket","Geode","Bag of Marbles","FIFO Queue","Lee\u0027s Waffle"],"campfire_rested":5,"item_purchase_floors":[20,20,38,38,47],"current_hp_per_floor":[81,78,78,78,78,78,78,63,63,52,76,60,60,47,71,55,82,75,75,75,75,67,49,73,55,55,34,63,63,52,42,68,33,89,75,70,48,63,63,38,62,57,57,65,22,16,88,88,88,0,0],"gold":100,"neow_bonus":"TEN_PERCENT_HP_BONUS","is_daily":false,"chose_seed":false,"campfire_upgraded":4,"win_rate":0.0,"timestamp":1612504667,"path_taken":["M","?","$","M","?","R","E","?","T","M","R","E","R","M","R","BOSS","?","?","T","?","?","?","T","?","T","?","?","T","?","?","T","BOSS","?","?","?","T","?","E","T","?","T","?","?","?","T","?","T","BOSS"],"items_purchased_type":["Relic","Relic","Relic","Card","Relic"],"build_version":"2020-12-22","purchased_purges":2,"victory":false,"max_hp_per_floor":[82,82,82,82,82,82,82,82,82,82,82,82,82,82,82,82,82,82,82,82,82,82,82,82,82,82,89,89,89,89,89,89,89,89,89,89,89,89,81,81,81,81,81,81,81,81,88,88,88,88,88],"card_choices":[{"not_picked":["Barrage","StuffTheSpire:NuclearReactor","StuffTheSpire:LoadUp"],"picked":"SKIP","floor":1},{"not_picked":["rorgmod:Zing-Zap","StuffTheSpire:LoadUp"],"picked":"Ball Lightning","floor":2},{"not_picked":["Redo","Turbo"],"picked":"Echo Form","floor":4},{"not_picked":["Reboot","rorgmod:Malware"],"picked":"Electrodynamics","floor":7},{"not_picked":["Panic Button","hubris:DoWhile","BasicCrystalCard"],"picked":"SKIP","floor":10},{"not_picked":["Panic Button","StuffTheSpire:ForEach","rorgmod:Ventilation Error"],"picked":"SKIP","floor":12},{"not_picked":["BasicCrystalCard","StuffTheSpire:CleanHardDrive","Hello World"],"picked":"SKIP","floor":14},{"not_picked":["Cold Snap","rorgmod:Fragmentation+1","Blizzard"],"picked":"SKIP","floor":18},{"not_picked":["rorgmod:Steady Aim","Turbo","Barrage"],"picked":"SKIP","floor":22},{"not_picked":["rorgmod:Overcurrent","Fission","rorgmod:Leap"],"picked":"SKIP","floor":23},{"not_picked":["StuffTheSpire:CleanHardDrive+1","rorgmod:SQL Injection+1","rorgmod:Refrigerate"],"picked":"SKIP","floor":25},{"not_picked":["Crystallizer+1","rorgmod:Steady Aim"],"picked":"Genetic Algorithm","floor":27},{"not_picked":["StuffTheSpire:Plugnplay","rorgmod:Storm","Heatsinks+1"],"picked":"SKIP","floor":30},{"not_picked":["Hologram","Cold Snap","Sweeping Beam+1"],"picked":"SKIP","floor":31},{"not_picked":["rorgmod:Antivirus+1","rorgmod:SQL Injection","Stack+1"],"picked":"SKIP","floor":35},{"not_picked":["ReplaySort+1","Coolheaded+1","ReplayGash+1"],"picked":"SKIP","floor":36},{"not_picked":["White Noise+1","rorgmod:Antivirus+1","ReplayTheSpireMod:Dual Polarity+1"],"picked":"SKIP","floor":37},{"not_picked":["rorgmod:Overcurrent+1","rorgmod:Fragmentation","ReplayTheSpireMod:Calculation Training"],"picked":"SKIP","floor":40},{"not_picked":["Melter","StuffTheSpire:NuclearReactor","rorgmod:Leap+1"],"picked":"SKIP","floor":42},{"not_picked":["rorgmod:Steady Aim+1","Hello World","rorgmod:Overcurrent"],"picked":"SKIP","floor":44},{"not_picked":["Hologram+1","rorgmod:Centralize+1","rorgmod:Antivirus+1"],"picked":"SKIP","floor":45},{"not_picked":["Undo+1","rorgmod:Thunder Strike","Turbo+1"],"picked":"SKIP","floor":46},{"not_picked":["StuffTheSpire:Plugnplay","rorgmod:Hardcode+1","FTL"],"picked":"SKIP","floor":48}],"player_experience":1057882,"relics_obtained":[{"floor":5,"key":"Bottled Flame"},{"floor":7,"key":"StuffTheSpire:OldFever"},{"floor":8,"key":"hubris:CuriousFeather"},{"floor":9,"key":"hubris:BallOfYels"},{"floor":12,"key":"Chameleon Ring"},{"floor":26,"key":"Solar Panel"},{"floor":27,"key":"StuffTheSpire:CocoNut"},{"floor":40,"key":"Replay:Bottled Eggs"},{"floor":40,"key":"Gremlin Horn"},{"floor":43,"key":"Replay:Bottled Flurry"}],"event_choices":[{"damage_healed":0,"gold_gain":0,"player_choice":"Obtained Relic","damage_taken":0,"relics_obtained":["Oddly Smooth Stone"],"max_hp_gain":0,"max_hp_loss":0,"event_name":"Addict","floor":19,"gold_loss":85},{"damage_healed":0,"gold_gain":0,"player_choice":"Fight","damage_taken":0,"max_hp_gain":0,"max_hp_loss":0,"event_name":"Colosseum","floor":27,"gold_loss":0},{"damage_healed":0,"gold_gain":0,"player_choice":"Fought Nobs","damage_taken":0,"max_hp_gain":0,"max_hp_loss":0,"event_name":"Colosseum","floor":27,"gold_loss":0},{"damage_healed":29,"gold_gain":0,"player_choice":"Heal","damage_taken":0,"max_hp_gain":0,"max_hp_loss":0,"event_name":"The Library","floor":28,"gold_loss":0}],"is_beta":false,"boss_relics":[{"not_picked":["energizedSpire:OldTV","hubris:CrackedHourglass"],"picked":"Painkiller Herb"},{"not_picked":["hubris:VirtuousBlindfold","Kintsugi"],"picked":"rorgmod:Black Star"}],"items_purged_floors":[20,38],"is_endless":false,"potions_floor_spawned":[2,4,8,12,18,22,25,27,31,36,37,45,46],"killed_by":"Awakened One","ascension_level":2}}