{"host":"3qkmyeoym75lj4wn","time":1612557343,"event":{"mods":["2.2 Compatiblity","BaseMod","Block Reminder","Colored Powertips","Highlight Path","Minty Spire (QoL Compilation)","Permanent Neow","Potion Indicator Mod","Rare Cards Sparkle","Relic Stats","StSLib","Unceasing Turn Reminder"],"gold_per_floor":[114,114,29,29,53,65,92,104,116,128,160,184,214,260,272,284,284],"floor_reached":16,"language":"ENG","playtime":433,"items_purged":[],"score":204,"play_id":"07b685fa-d05c-41bc-88b5-1f01a6dc703e","local_time":"20210205203543","is_ascension_mode":true,"campfire_choices":[{"data":"Bash","floor":6,"key":"SMITH"},{"data":"Blood for Blood","floor":8,"key":"SMITH"},{"data":"Pommel Strike","floor":10,"key":"SMITH"},{"data":"Impervious","floor":15,"key":"SMITH"}],"circlet_count":0,"master_deck":["AscendersBane","Strike_R","Strike_R","Strike_R","Strike_R","Strike_R","Defend_R","Defend_R","Defend_R","Defend_R","Bash+1","Twin Strike","Thunderclap","Pommel Strike+1","Blood for Blood+1","Cleave","Impervious+1"],"relics":["Burning Blood","Centennial Puzzle","MawBank","Anchor","Singing Bowl"],"acts_visited":["Exordium"],"potions_floor_usage":[12,13,16],"damage_taken":[{"damage":7,"enemies":"Small Slimes","floor":1,"turns":3},{"damage":9,"enemies":"Jaw Worm","floor":5,"turns":3},{"damage":0,"enemies":"Cultist","floor":7,"turns":2},{"damage":0,"enemies":"2 Fungi Beasts","floor":11,"turns":3},{"damage":0,"enemies":"3 Louse","floor":12,"turns":3},{"damage":0,"enemies":"Red Slaver","floor":13,"turns":3},{"damage":45,"enemies":"3 Sentries","floor":14,"turns":6},{"damage":54,"enemies":"The Guardian","floor":16,"turns":9}],"seed_played":"-1906226863688373000","potions_obtained":[{"floor":7,"key":"BloodPotion"},{"floor":11,"key":"SkillPotion"},{"floor":12,"key":"SkillPotion"},{"floor":14,"key":"Dexterity Potion"}],"is_trial":false,"path_per_floor":["M","?","$","?","M","R","M","R","T","R","M","M","M","E","R","B"],"character_chosen":"IRONCLAD","items_purchased":["Thunderclap","Pommel Strike"],"campfire_rested":0,"item_purchase_floors":[3,3],"current_hp_per_floor":[67,67,67,62,59,59,65,65,65,65,71,75,75,36,36,0,0],"gold":284,"neow_bonus":"RANDOM_COMMON_RELIC","is_daily":false,"chose_seed":false,"campfire_upgraded":4,"win_rate":0.0,"timestamp":1612557343,"path_taken":["M","?","$","?","?","R","?","R","T","R","M","M","M","E","R","BOSS"],"items_purchased_type":["Card","Card"],"build_version":"2020-12-22","purchased_purges":0,"victory":false,"max_hp_per_floor":[75,75,75,75,75,75,75,75,75,75,75,75,75,75,75,75,75],"relic_stats":{"Centennial Puzzle":[12],"Singing Bowl":0,"counters":[8,32],"MawBank":144,"obtain_stats":[{"Centennial Puzzle":0,"Anchor":9,"Singing Bowl":14,"MawBank":4,"Burning Blood":0},{"Centennial Puzzle":0,"Anchor":3,"Singing Bowl":7,"MawBank":1,"Burning Blood":0},{"Centennial Puzzle":0,"Anchor":8,"Singing Bowl":23,"MawBank":3,"Burning Blood":0}],"Burning Blood":34},"card_choices":[{"not_picked":["Cleave","True Grit"],"picked":"Twin Strike","floor":1},{"not_picked":["Burning Pact","Intimidate","Flex"],"picked":"SKIP","floor":5},{"not_picked":["Whirlwind","Flex"],"picked":"Blood for Blood","floor":7},{"not_picked":["Wild Strike","Pommel Strike","Heavy Blade"],"picked":"SKIP","floor":11},{"not_picked":["Anger","Heavy Blade"],"picked":"Cleave","floor":12},{"not_picked":["Twin Strike","Iron Wave","Havoc"],"picked":"SKIP","floor":13},{"not_picked":["True Grit","Sentinel"],"picked":"Impervious","floor":14}],"player_experience":1731230,"relics_obtained":[{"floor":9,"key":"Anchor"},{"floor":14,"key":"Singing Bowl"}],"event_choices":[{"damage_healed":0,"gold_gain":0,"player_choice":"Leave","damage_taken":0,"max_hp_gain":0,"max_hp_loss":0,"event_name":"The Cleric","floor":2,"gold_loss":0},{"damage_healed":0,"gold_gain":0,"player_choice":"Success","damage_taken":5,"relics_obtained":["MawBank"],"max_hp_gain":0,"max_hp_loss":0,"event_name":"Scrap Ooze","floor":4,"gold_loss":0}],"is_beta":false,"boss_relics":[],"items_purged_floors":[],"is_endless":false,"potions_floor_spawned":[7,11,12,14],"killed_by":"The Guardian","ascension_level":20}}