{"host":"22ezjknwheybwqtz","time":1612556306,"event":{"mods":["BaseMod","Downfall","Minty Spire (QoL Compilation)","Replay The Spire","Shop Mod","StSLib"],"gold_per_floor":[99,117,132,143,153,153,235,56,66,82,82,67,98,108,125,220,220,220,130,130,150,161,161,161,161],"floor_reached":23,"language":"ENG","playtime":1311,"items_purged":["Amnesia"],"score":195,"play_id":"8e650268-964f-473f-8676-6d0d2c9ed67e","local_time":"20210206041826","is_ascension_mode":false,"campfire_choices":[{"data":"sneckomod:UnknownUncommonPower","floor":18,"key":"SMITH"}],"circlet_count":0,"master_deck":["sneckomod:Strike","sneckomod:Strike","sneckomod:Strike","sneckomod:Defend+1","sneckomod:Defend","sneckomod:Defend","sneckomod:TailWhip","sneckomod:SnekBite","sneckomod:Unknown+1","sneckomod:Unknown","sneckomod:UnknownUncommonPower+1","sneckomod:CheapStock","sneckomod:SoulDraw","sneckomod:Unknown0Cost","sneckomod:UnknownStrike","sneckomod:UnknownRareAttack","sneckomod:UnknownCommonSkill","expansioncontent:DashGenerateEvil","sneckomod:SerpentIdol","sneckomod:UnknownUncommonSkill","sneckomod:Unknown1Cost","sneckomod:UnknownBoss","CurseOfTheBell","sneckomod:Mudshield","sneckomod:Unknown1Cost+1","sneckomod:UnknownCommonSkill+1"],"relics":["sneckomod:SneckoSoul","Nunchaku","Bottled Tornado","War Paint","Calling Bell","Replay:Wax Seal","Sundial","TungstenRod","Mercury Hourglass"],"acts_visited":["Exordium","TheCity"],"potions_floor_usage":[15,16,16],"damage_taken":[{"damage":7,"enemies":"2 Louse","floor":2,"turns":3},{"damage":0,"enemies":"Small Slimes","floor":3,"turns":1},{"damage":7,"enemies":"Cultist","floor":4,"turns":4},{"damage":39,"enemies":"Exordium Wildlife","floor":5,"turns":5},{"damage":7,"enemies":"downfall:FleeingMerchant","floor":8,"turns":4},{"damage":10,"enemies":"Exordium Thugs","floor":9,"turns":5},{"damage":12,"enemies":"3 Louse","floor":10,"turns":2},{"damage":0,"enemies":"downfall:FleeingMerchant","floor":12,"turns":4},{"damage":21,"enemies":"Gremlin Nob","floor":13,"turns":4},{"damage":12,"enemies":"2 Fungi Beasts","floor":14,"turns":2},{"damage":16,"enemies":"Large Slime","floor":15,"turns":4},{"damage":30,"enemies":"IC_STATUS_ARCHETYPE","floor":16,"turns":6},{"damage":4,"enemies":"downfall:FleeingMerchant","floor":19,"turns":5},{"damage":40,"enemies":"Shell Parasite","floor":21,"turns":6},{"damage":32,"enemies":"Centurion and Healer","floor":22,"turns":5}],"seed_played":"-5402127454572648083","potions_obtained":[{"floor":4,"key":"sneckomod:MuddlingPotion"},{"floor":5,"key":"sneckomod:MuddlingPotion"},{"floor":9,"key":"Dexterity Potion"},{"floor":10,"key":"AttackPotion"},{"floor":14,"key":"SteroidPotion"},{"floor":16,"key":"Elixir"},{"floor":21,"key":"Milkshake"}],"is_trial":false,"path_per_floor":["R","M","M","M","M","?","T","$","M","M","?","$","E","M","M","B",null,"R","$","?","M","M","?"],"character_chosen":"THE_SNECKO","items_purchased":["expansioncontent:DashGenerateEvil"],"campfire_rested":0,"item_purchase_floors":[8],"current_hp_per_floor":[92,85,85,78,39,39,39,32,22,10,99,99,78,66,50,20,99,99,95,95,55,23,0,0,0],"gold":161,"neow_bonus":"TEN_PERCENT_HP_BONUS","is_daily":false,"chose_seed":false,"campfire_upgraded":1,"win_rate":0.0,"timestamp":1612556306,"path_taken":["R","M","M","M","?","?","T","?","M","M","?","$","E","M","M","BOSS","R","$","?","M","M","?"],"items_purchased_type":["Card"],"build_version":"2020-12-22","purchased_purges":1,"victory":false,"max_hp_per_floor":[99,99,99,99,99,99,99,99,99,99,99,99,99,99,99,99,99,99,99,99,99,99,99,99,99],"card_choices":[{"not_picked":["sneckomod:QuickBite","sneckomod:Nope"],"picked":"sneckomod:UnknownUncommonPower","floor":2},{"not_picked":["sneckomod:UnknownBlock","sneckomod:DiceCrush"],"picked":"sneckomod:CheapStock","floor":3},{"not_picked":["sneckomod:IronFang","sneckomod:DiceBlock"],"picked":"sneckomod:SoulDraw","floor":4},{"not_picked":["sneckomod:SerpentMind","sneckomod:DiceBlock"],"picked":"sneckomod:Unknown0Cost","floor":5},{"not_picked":["sneckomod:Restock","sneckomod:DiceCrush"],"picked":"sneckomod:UnknownCommonSkill","floor":8},{"not_picked":["sneckomod:WideSting","sneckomod:SoulRoll","sneckomod:DiceBoulder"],"picked":"SKIP","floor":9},{"not_picked":["sneckomod:MasterEye","sneckomod:UnknownUncommonSkill"],"picked":"sneckomod:SerpentIdol","floor":10},{"not_picked":["sneckomod:UnknownWeak","sneckomod:DiceBlock","sneckomod:CheapStock"],"picked":"SKIP","floor":12},{"not_picked":["sneckomod:RainOfDice","sneckomod:UnknownBlock"],"picked":"sneckomod:UnknownUncommonSkill","floor":13},{"not_picked":["sneckomod:QuickBite","sneckomod:DiceBlock"],"picked":"sneckomod:Unknown1Cost","floor":14},{"not_picked":["sneckomod:ImprovisedAttack","sneckomod:DefensiveFlair","sneckomod:DiceBlock"],"picked":"SKIP","floor":15},{"not_picked":["sneckomod:SoulExchange","sneckomod:SerpentMind"],"picked":"sneckomod:UnknownBoss","floor":16},{"not_picked":["sneckomod:DiceBoulder","sneckomod:Nope"],"picked":"sneckomod:Mudshield","floor":19},{"not_picked":["sneckomod:UnknownClassRED","sneckomod:WideSting"],"picked":"sneckomod:Unknown1Cost+1","floor":21},{"not_picked":["sneckomod:Unknown1Cost","sneckomod:IronFang"],"picked":"sneckomod:UnknownCommonSkill+1","floor":22}],"player_experience":97470,"relics_obtained":[{"floor":7,"key":"Bottled Tornado"},{"floor":13,"key":"War Paint"},{"floor":17,"key":"Replay:Wax Seal"},{"floor":17,"key":"Sundial"},{"floor":17,"key":"TungstenRod"}],"event_choices":[{"damage_healed":0,"gold_gain":0,"player_choice":"Success","damage_taken":7,"relics_obtained":["Nunchaku"],"max_hp_gain":0,"max_hp_loss":0,"event_name":"Scrap Ooze","floor":1,"gold_loss":0}],"is_beta":false,"boss_relics":[{"not_picked":["sneckomod:SneckoBoss","sneckomod:SuperSneckoSoul"],"picked":"Calling Bell"}],"items_purged_floors":[19],"is_endless":false,"potions_floor_spawned":[4,5,9,10,14,16,21],"ascension_level":0}}