{"host":"vld99k9l4elccfy8","time":1612563849,"event":{"mods":["AchievementEnabler","BaseMod","Bestiary","Block Reminder","Colored Map","Colored Powertips","Custom Start","Highlight Path","Minty Spire (QoL Compilation)","Permanent Neow","Rare Cards Sparkle"],"gold_per_floor":[114,131,131,141,161,161,111,12,12,29,54,54,71,131,131,232,282,296,346,359,70,70,70,70,70,117,127,162,178,193,193,193],"floor_reached":31,"language":"ENG","playtime":2925,"items_purged":[],"score":247,"play_id":"351cad0d-ec1f-4058-b9ea-4f7a655292a0","local_time":"20210205152409","is_ascension_mode":false,"campfire_choices":[{"floor":6.0,"key":"RECALL"},{"floor":12.0,"key":"REST"},{"data":"Terror","floor":15.0,"key":"SMITH"},{"floor":23.0,"key":"REST"},{"floor":25.0,"key":"REST"}],"circlet_count":0,"master_deck":["Strike_G","Strike_G","Strike_G","Strike_G+1","Strike_G","Defend_G","Defend_G","Defend_G","Defend_G","Survivor","Neutralize","Metamorphosis","Deadly Poison","Blade Dance","Envenom","Dash","Poisoned Stab","Flying Knee","Terror+1","Leg Sweep","Blade Dance","Phantasmal Killer","Deflect","Deadly Poison","Calculated Gamble","Crippling Poison+1","Noxious Fumes+1","Outmaneuver","Wraith Form v2"],"relics":["Ring of the Snake","Akabeko","Tiny House","Blood Vial","Bronze Scales","Bag of Marbles","Dead Branch"],"acts_visited":["Exordium","TheCity"],"potions_floor_usage":[28,28,28,28,29,29,30],"damage_taken":[{"damage":3.0,"enemies":"Cultist","floor":1.0,"turns":4.0},{"damage":4.0,"enemies":"2 Louse","floor":2.0,"turns":2.0},{"damage":7.0,"enemies":"Jaw Worm","floor":4.0,"turns":3.0},{"damage":15.0,"enemies":"Exordium Wildlife","floor":5.0,"turns":5.0},{"damage":2.0,"enemies":"Blue Slaver","floor":10.0,"turns":3.0},{"damage":5.0,"enemies":"2 Fungi Beasts","floor":13.0,"turns":3.0},{"damage":23.0,"enemies":"Hexaghost","floor":16.0,"turns":8.0},{"damage":15.0,"enemies":"2 Thieves","floor":18.0,"turns":4.0},{"damage":29.0,"enemies":"3 Byrds","floor":20.0,"turns":7.0},{"damage":20.0,"enemies":"Sentry and Sphere","floor":27.0,"turns":4.0},{"damage":46,"enemies":"Book of Stabbing","floor":28,"turns":4},{"damage":9,"enemies":"Centurion and Healer","floor":29,"turns":6},{"damage":3,"enemies":"Chosen and Byrds","floor":30,"turns":5},{"damage":8,"enemies":"3 Cultists","floor":31,"turns":2}],"seed_played":"2698923876880525289","potions_obtained":[{"floor":4.0,"key":"PowerPotion"},{"floor":13.0,"key":"Poison Potion"},{"floor":16.0,"key":"Poison Potion"},{"floor":17.0,"key":"Weak Potion"},{"floor":27.0,"key":"EntropicBrew"},{"floor":28,"key":"EssenceOfSteel"},{"floor":30,"key":"LiquidMemories"}],"is_trial":false,"path_per_floor":["M","M","?","M","M","R","?","$","T","M","T","R","M","?","R","B",null,"M","?","M","$","?","R","$","R","T","M","E","M","M","M"],"character_chosen":"THE_SILENT","items_purchased":["Flying Knee","Terror","Blood Vial","Bronze Scales"],"campfire_rested":3,"item_purchase_floors":[8,8,21,21],"current_hp_per_floor":[67,63,63,56,41,41,41,41,41,39,39,60,55,55,55,32,75,60,60,31,31,31,53,53,75,75,55,11,4,3,0,0],"gold":193,"neow_bonus":"RANDOM_COLORLESS_2","is_daily":false,"chose_seed":false,"campfire_upgraded":1,"win_rate":0.0,"timestamp":1612563849,"path_taken":["M","?","?","M","?","R","?","?","T","M","?","R","M","?","R","BOSS","M","?","?","$","?","R","$","R","T","M","E","M","M","M"],"items_purchased_type":["Card","Card","Relic","Relic"],"build_version":"2020-12-22","purchased_purges":0,"victory":false,"max_hp_per_floor":[70,70,70,70,70,70,70,70,70,70,70,70,70,70,70,70,75,75,75,75,75,75,75,75,75,75,75,75,75,75,75,75],"card_choices":[{"not_picked":["Sadistic Nature","Secret Technique"],"picked":"Metamorphosis","floor":0.0},{"not_picked":["Slice","Escape Plan"],"picked":"Deadly Poison","floor":1.0},{"not_picked":["Blur","Expertise"],"picked":"Blade Dance","floor":2.0},{"not_picked":["Backflip","Endless Agony"],"picked":"Dash","floor":4.0},{"not_picked":["Sucker Punch","Cloak And Dagger"],"picked":"Poisoned Stab","floor":5.0},{"not_picked":["Prepared","Blade Dance"],"picked":"Leg Sweep","floor":10.0},{"not_picked":["Underhanded Strike","Envenom"],"picked":"Blade Dance","floor":13.0},{"not_picked":["Adrenaline","Night Terror"],"picked":"Phantasmal Killer","floor":16.0},{"not_picked":["Expertise","Cloak And Dagger"],"picked":"Deflect","floor":17.0},{"not_picked":["Terror","Dagger Spray"],"picked":"Deadly Poison","floor":18.0},{"not_picked":["Reflex","Quick Slash"],"picked":"Calculated Gamble","floor":20.0},{"not_picked":["Outmaneuver","Terror+1"],"picked":"Crippling Poison+1","floor":27.0},{"not_picked":["Quick Slash+1","Dodge and Roll+1"],"picked":"Noxious Fumes+1","floor":28},{"not_picked":["Flying Knee","Backflip"],"picked":"Outmaneuver","floor":29},{"not_picked":["Terror","Poisoned Stab+1"],"picked":"Wraith Form v2","floor":30}],"player_experience":390772,"relics_obtained":[{"floor":11.0,"key":"Akabeko"},{"floor":26.0,"key":"Bag of Marbles"},{"floor":28,"key":"Dead Branch"}],"event_choices":[{"damage_healed":0.0,"max_hp_gain":0.0,"max_hp_loss":0.0,"gold_gain":0.0,"cards_transformed":["Defend_G"],"event_name":"Transmorgrifier","player_choice":"Transformed","floor":3.0,"gold_loss":0.0,"damage_taken":0.0,"cards_obtained":["Envenom"]},{"cards_removed":["Shame"],"damage_healed":0.0,"max_hp_gain":0.0,"max_hp_loss":0.0,"gold_gain":0.0,"event_name":"The Cleric","player_choice":"Card Removal","floor":7.0,"gold_loss":50.0,"damage_taken":0.0},{"damage_healed":0.0,"max_hp_gain":0.0,"max_hp_loss":0.0,"gold_gain":60.0,"event_name":"Golden Wing","player_choice":"Gained Gold","floor":14.0,"gold_loss":0.0,"damage_taken":0.0},{"damage_healed":0.0,"max_hp_gain":0.0,"max_hp_loss":0.0,"gold_gain":100.0,"event_name":"The Joust","player_choice":"Bet on Murderer","floor":19.0,"gold_loss":50.0,"damage_taken":0.0},{"damage_healed":0.0,"max_hp_gain":0.0,"max_hp_loss":0.0,"gold_gain":0.0,"event_name":"Purifier","player_choice":"Ignored","floor":22.0,"gold_loss":0.0,"damage_taken":0.0}],"is_beta":false,"boss_relics":[{"not_picked":["SacredBark","Coffee Dripper"],"picked":"Tiny House"}],"items_purged_floors":[],"is_endless":false,"potions_floor_spawned":[4,13,16,20,27,28,30],"killed_by":"3 Cultists","ascension_level":0}}