{"host":"npxtnt8cx4pm3si6","time":1612565558,"event":{"mods":["BaseMod","Downfall","Hubris","Infinite Spire","Minty Spire (QoL Compilation)","Replay The Spire","StSLib"],"gold_per_floor":[99,118,129,279,291,310,310,320,320,220,255,15,15,15,34,135,135,35,52,71,71,56,84,108,108,118,118,143,155,155,235,247,347,347,347,366,421,88,107,107,107,107,117,117,8,8,8,18,31,31],"floor_reached":51,"language":"ENG","playtime":4241,"items_purged":["downfall:Icky"],"score":719,"play_id":"a3620fcd-ea25-41c3-8949-708ce749bd62","local_time":"20210205155238","is_ascension_mode":true,"campfire_choices":[{"floor":1,"key":"DIG"},{"floor":10,"key":"RECALL"},{"data":"hexamod:Rewind","floor":13,"key":"SMITH"},{"data":"hexamod:Float","floor":18,"key":"SMITH"},{"floor":25,"key":"REST"},{"floor":27,"key":"REST"},{"floor":30,"key":"REST"},{"floor":35,"key":"REST"},{"floor":40,"key":"REST"},{"data":"hexamod:SpectralAdrenaline","floor":42,"key":"SMITH"},{"floor":46,"key":"REST"}],"circlet_count":0,"master_deck":["hexamod:Strike","hexamod:Strike","hexamod:Strike","hexamod:Defend","hexamod:Defend+1","hexamod:Defend","hexamod:Sear","hexamod:Float+1","hexamod:FastForward+1","hexamod:ShieldOfDarkness","hexamod:GhostflameInferno","hexamod:Rewind+1","hexamod:SpectralSpark","hexamod:TimeWarp","hexamod:SpectralAdrenaline+1","hexamod:GhostflameInferno","hexamod:SwordOfDarkness","hexamod:StepThrough+1","hexamod:BacktrackSmack+1","hexamod:FastForward+1","hexamod:GhostOfSpirePast","hexamod:HauntingEcho+1","hexamod:ApocalypseNow","hexamod:Hexaguard","hexamod:HeatCrush+1","hexamod:CatchUp","hexamod:GhostOfSpireFuture+1"],"relics":["hexamod:SpiritBrand","infinitespire:PuzzleCube","hubris:TenFootPole","downfall:HeartBlessingBlue","hubris:DeckOfHolding","hubris:TerracottaHorce","downfall:HeartBlessingRed","infinitespire:CheckeredPen","PreservedInsect","Happy Flower","Blue Candle","Empty Cage","Lizard Tail","Chameleon Ring","Frozen Egg 2","Replay:Rubber Ducky","Medical Kit","Gremlin Food","HornCleat"],"acts_visited":["Exordium","TheCity","TheBeyond"],"potions_floor_usage":[11,23,33,50,50,50],"damage_taken":[{"damage":1,"enemies":"2 Louse","floor":2,"turns":3},{"damage":0,"enemies":"Small Slimes","floor":3,"turns":3},{"damage":1,"enemies":"Cultist","floor":5,"turns":4},{"damage":7,"enemies":"Exordium Thugs","floor":6,"turns":6},{"damage":1,"enemies":"2 Fungi Beasts","floor":8,"turns":3},{"damage":4,"enemies":"Lagavulin","floor":11,"turns":7},{"damage":0,"enemies":"downfall:FleeingMerchant","floor":12,"turns":4},{"damage":7,"enemies":"Gremlin Gang","floor":15,"turns":4},{"damage":3,"enemies":"WA_ARCHETYPE_RETAIN","floor":16,"turns":6},{"damage":14,"enemies":"Spheric Guardian","floor":19,"turns":5},{"damage":7,"enemies":"Chosen","floor":20,"turns":3},{"damage":10,"enemies":"downfall:FleeingMerchant","floor":22,"turns":4},{"damage":20,"enemies":"Book of Stabbing","floor":23,"turns":5},{"damage":9,"enemies":"Snake Plant","floor":26,"turns":4},{"damage":36,"enemies":"Slavers","floor":28,"turns":3},{"damage":12,"enemies":"Centurion and Healer","floor":29,"turns":4},{"damage":19,"enemies":"Snecko","floor":32,"turns":5},{"damage":45,"enemies":"DF_ARCHETYPE_CLAW","floor":33,"turns":6},{"damage":6,"enemies":"Orb Walker","floor":36,"turns":3},{"damage":46,"enemies":"2 Orb Walkers","floor":37,"turns":4},{"damage":18,"enemies":"3 Darklings","floor":39,"turns":3},{"damage":18,"enemies":"Spire Growth","floor":43,"turns":4},{"damage":15,"enemies":"downfall:FleeingMerchant","floor":45,"turns":4},{"damage":17,"enemies":"4 Shapes","floor":48,"turns":4},{"damage":4,"enemies":"3 Darklings","floor":49,"turns":3},{"damage":6,"enemies":"IC_BLOCK_ARCHETYPE","floor":50,"turns":7}],"seed_played":"7497232113426636968","potions_obtained":[{"floor":3,"key":"Reflective Coating"},{"floor":5,"key":"EssenceOfSteel"},{"floor":8,"key":"LifebloodPotion"},{"floor":16,"key":"SpeedPotion"},{"floor":20,"key":"Weak Potion"},{"floor":23,"key":"BlessingOfTheForge"},{"floor":26,"key":"FairyPotion"},{"floor":33,"key":"hexamod:SoulburnPotion"},{"floor":36,"key":"SpeedPotion"},{"floor":37,"key":"Energy Potion"},{"floor":39,"key":"Swift Potion"}],"is_trial":false,"path_per_floor":["R","M","M","?","M","M","T","M","?","R","E","$","R","?","M","B",null,"R","M","M","?","$","E","T","R","M","R","E","M","R","T","M","B",null,"R","M","?","?","M","R","T","R","M","T","$","R","T","M","M","B",null],"character_chosen":"THE_SPIRIT","items_purchased":["hexamod:SpectralSpark","hexamod:TimeWarp","Replay:Rubber Ducky","Medical Kit","Gremlin Food"],"campfire_rested":6,"item_purchase_floors":[12,12,45,45,45],"current_hp_per_floor":[70,69,69,69,68,61,61,60,60,70,66,66,66,80,73,70,78,78,64,57,53,43,23,23,47,38,62,26,14,38,38,19,24,66,80,74,28,90,72,90,90,90,72,72,57,84,84,67,63,57],"gold":31,"neow_bonus":"RANDOM_COMMON_RELIC","is_daily":false,"chose_seed":false,"campfire_upgraded":3,"win_rate":0.0,"timestamp":1612565558,"path_taken":["R","M","M","?","M","M","T","M","?","R","E","$","R","?","M","BOSS","R","M","M","?","?","E","T","R","M","R","E","?","R","?","M","BOSS","R","M","?","?","M","R","T","R","M","?","$","R","?","?","M","BOSS"],"items_purchased_type":["Card","Card","Relic","Relic","Relic"],"build_version":"2020-12-22","purchased_purges":1,"victory":true,"max_hp_per_floor":[70,70,70,70,70,70,70,70,70,80,80,80,80,80,80,80,80,80,80,80,80,80,80,80,80,80,80,80,80,80,80,80,80,80,80,80,80,90,90,90,90,90,90,90,90,90,90,90,90,90],"card_choices":[{"not_picked":["hexamod:GhostOfSpirePast","hexamod:InspiringFlames"],"picked":"hexamod:EmpoweredFlame","floor":2},{"not_picked":["hexamod:SwordOfDarkness","hexamod:NightmareStrike"],"picked":"hexamod:FastForward","floor":3},{"not_picked":["hexamod:NightmareGuise","hexamod:SuperheatedStrike"],"picked":"hexamod:ShieldOfDarkness","floor":5},{"not_picked":["hexamod:GhostShield","hexamod:AdvancingGuard","hexamod:Incineration"],"picked":"SKIP","floor":6},{"not_picked":["hexamod:InspiringFlames","hexamod:ThermalTransfer"],"picked":"hexamod:GhostflameInferno","floor":8},{"not_picked":["hexamod:FirstSeal","hexamod:HeatMetal"],"picked":"hexamod:Rewind","floor":11},{"not_picked":["hexamod:Firestarter","hexamod:Haunt","hexamod:SuperheatedStrike"],"picked":"SKIP","floor":12},{"not_picked":["hexamod:NightmareGuise","hexamod:FlamesFromBeyond"],"picked":"hexamod:SpectralAdrenaline","floor":15},{"not_picked":["hexamod:UnleashSpirits","hexamod:UnlimitedPower"],"picked":"hexamod:GhostflameInferno","floor":16},{"not_picked":["hexamod:HeatShield+1","hexamod:SkipABeat"],"picked":"hexamod:SwordOfDarkness","floor":19},{"not_picked":["hexamod:FastForward","hexamod:SecondSeal"],"picked":"hexamod:StepThrough+1","floor":20},{"not_picked":["hexamod:NecessarySacrifice","hexamod:SpectralSpark"],"picked":"hexamod:BacktrackSmack+1","floor":22},{"not_picked":["hexamod:NightmareGuise+1","hexamod:FifthSeal","hexamod:PhantomFireball"],"picked":"SKIP","floor":23},{"not_picked":["hexamod:NightmareGuise","hexamod:ExtraCrispy","hexamod:BurningTouch"],"picked":"SKIP","floor":26},{"not_picked":["hexamod:BacktrackSmack","hexamod:StepThrough"],"picked":"hexamod:FastForward+1","floor":28},{"not_picked":["hexamod:PhantomCloak","hexamod:NecessarySacrifice+1"],"picked":"hexamod:GhostOfSpirePast","floor":29},{"not_picked":["hexamod:ExtraCrispy","hexamod:GhostLash+1"],"picked":"hexamod:HauntingEcho","floor":32},{"not_picked":["hexamod:GhostOfSpirePresent","hexamod:ParanormalForm"],"picked":"hexamod:ApocalypseNow","floor":33},{"not_picked":["hexamod:SpectralAdrenaline+1","hexamod:ThermalTransfer"],"picked":"hexamod:Hexaguard","floor":36},{"not_picked":["hexamod:BurningTouch","hexamod:RadiantFlame","hexamod:NightmareStrike"],"picked":"SKIP","floor":39},{"not_picked":["hexamod:AdvancingGuard","hexamod:Haunt"],"picked":"hexamod:HeatCrush+1","floor":43},{"not_picked":["hexamod:StepThrough+1","hexamod:ApocalypseNow"],"picked":"hexamod:CatchUp","floor":45},{"not_picked":["hexamod:SpectralSpark","hexamod:FlamesFromBeyond","hexamod:SuperheatedStrike+1"],"picked":"SKIP","floor":48},{"not_picked":["hexamod:NightmareGuise+1","hexamod:HeatShield"],"picked":"hexamod:GhostOfSpireFuture+1","floor":49}],"player_experience":208707,"relics_obtained":[{"floor":1,"key":"hubris:TenFootPole"},{"floor":11,"key":"hubris:DeckOfHolding"},{"floor":23,"key":"infinitespire:CheckeredPen"},{"floor":24,"key":"PreservedInsect"},{"floor":28,"key":"Happy Flower"},{"floor":31,"key":"Blue Candle"},{"floor":37,"key":"Lizard Tail"},{"floor":41,"key":"Chameleon Ring"},{"floor":44,"key":"Frozen Egg 2"},{"floor":47,"key":"HornCleat"}],"event_choices":[{"cards_removed":["hexamod:EmpoweredFlame"],"damage_healed":14,"gold_gain":0,"player_choice":"Offered Uncommon","damage_taken":0,"max_hp_gain":0,"max_hp_loss":0,"event_name":"Bonfire Elementals","floor":14,"gold_loss":0},{"damage_healed":0,"gold_gain":0,"player_choice":"Fight","damage_taken":0,"max_hp_gain":0,"max_hp_loss":0,"event_name":"Mysterious Sphere","floor":37,"gold_loss":0}],"is_beta":false,"boss_relics":[{"not_picked":["bronze:MakeshiftBattery","hubris:BlackHole"],"picked":"hubris:TerracottaHorce"},{"not_picked":["ReplayTheSpireMod:DimensionalGlitch","ChewingGum"],"picked":"Empty Cage"}],"items_purged_floors":[12],"is_endless":false,"potions_floor_spawned":[3,5,8,16,20,23,26,33,36,37,39],"ascension_level":1}}