{"host":"la6t950uoatqs0xt","time":1612505594,"event":{"mods":["AchievementEnabler","BaseMod","Colored Powertips","Minty Spire (QoL Compilation)","Quick Restart","Rare Cards Sparkle"],"gold_per_floor":[16,26,126,137,156,156,167,132,132,132,143,143,155,189,189,284,284,295,305,317,327,16,16,16,16],"floor_reached":24,"language":"ENG","playtime":875,"items_purged":[],"score":227,"play_id":"0ba49ffb-f274-468e-b6f5-df6326df07fc","local_time":"20210205011314","is_ascension_mode":false,"campfire_choices":[{"data":"Eruption","floor":6,"key":"SMITH"},{"data":"PathToVictory","floor":12,"key":"SMITH"},{"floor":15,"key":"REST"},{"floor":23,"key":"REST"}],"circlet_count":0,"master_deck":["Strike_P","Strike_P","Strike_P","Strike_P","Defend_P","Defend_P","Defend_P","Defend_P","Eruption+1","Vigilance","EmptyBody","PathToVictory","FlurryOfBlows","Prostrate","PathToVictory+1","FlurryOfBlows","Prostrate","Devotion","Halt","Prostrate","Prostrate"],"relics":["HolyWater","Ancient Tea Set","Oddly Smooth Stone","Frozen Egg 2"],"acts_visited":["Exordium","TheCity"],"potions_floor_usage":[21,24],"damage_taken":[{"damage":5,"enemies":"Small Slimes","floor":1,"turns":4},{"damage":1,"enemies":"Cultist","floor":2,"turns":3},{"damage":3,"enemies":"2 Louse","floor":4,"turns":3},{"damage":8,"enemies":"Looter","floor":5,"turns":3},{"damage":5,"enemies":"Large Slime","floor":7,"turns":5},{"damage":6,"enemies":"Lots of Slimes","floor":11,"turns":4},{"damage":9,"enemies":"Blue Slaver","floor":13,"turns":3},{"damage":62,"enemies":"Gremlin Nob","floor":14,"turns":5},{"damage":32,"enemies":"Slime Boss","floor":16,"turns":9},{"damage":17,"enemies":"Spheric Guardian","floor":18,"turns":4},{"damage":2,"enemies":"Chosen","floor":19,"turns":5},{"damage":15,"enemies":"Snake Plant","floor":20,"turns":4},{"damage":65,"enemies":"3 Cultists","floor":21,"turns":8},{"damage":52,"enemies":"Book of Stabbing","floor":24,"turns":6}],"seed_played":"-5776962340075293030","potions_obtained":[{"floor":2,"key":"Energy Potion"},{"floor":4,"key":"Ancient Potion"},{"floor":11,"key":"Weak Potion"},{"floor":14,"key":"FairyPotion"},{"floor":20,"key":"Regen Potion"}],"is_trial":false,"path_per_floor":["M","M","?","M","M","R","M","?","T","?","M","R","M","E","R","B",null,"M","M","M","M","$","R","E"],"character_chosen":"WATCHER","items_purchased":["Frozen Egg 2","Prostrate"],"campfire_rested":2,"item_purchase_floors":[22,22],"current_hp_per_floor":[81,80,80,77,69,69,64,85,85,85,79,79,70,8,33,1,86,69,67,52,2,2,27,0,0],"gold":16,"neow_bonus":"TWENTY_PERCENT_HP_BONUS","is_daily":false,"chose_seed":false,"campfire_upgraded":2,"win_rate":0.0,"timestamp":1612505594,"path_taken":["M","M","?","?","M","R","M","?","T","?","M","R","M","E","R","BOSS","M","M","M","M","$","R","E"],"items_purchased_type":["Relic","Card"],"build_version":"2020-12-22","purchased_purges":0,"victory":false,"max_hp_per_floor":[86,86,86,86,86,86,86,86,86,86,86,86,86,86,86,86,86,86,86,86,86,86,86,86,86],"card_choices":[{"not_picked":["Weave","Evaluate"],"picked":"EmptyBody","floor":1},{"not_picked":["JustLucky","Fasting2"],"picked":"PathToVictory","floor":2},{"not_picked":["EmptyBody","DeceiveReality"],"picked":"FlurryOfBlows","floor":4},{"not_picked":["Vault","CarveReality"],"picked":"Prostrate","floor":5},{"not_picked":["EmptyBody","ClearTheMind"],"picked":"PathToVictory","floor":7},{"not_picked":["CarveReality","SashWhip"],"picked":"FlurryOfBlows","floor":11},{"not_picked":["Crescendo","BattleHymn"],"picked":"Prostrate","floor":13},{"not_picked":["SashWhip","Omniscience","Swivel"],"picked":"SKIP","floor":14},{"not_picked":["Brilliance","Vault"],"picked":"Devotion","floor":16},{"not_picked":["CutThroughFate","JustLucky","BowlingBash"],"picked":"SKIP","floor":18},{"not_picked":["JustLucky","FollowUp+1"],"picked":"Halt","floor":19},{"not_picked":["FlurryOfBlows","Sanctity"],"picked":"Prostrate","floor":20},{"not_picked":["FollowUp","ThirdEye","BowlingBash"],"picked":"SKIP","floor":21}],"player_experience":285072,"relics_obtained":[{"floor":9,"key":"Ancient Tea Set"},{"floor":14,"key":"Oddly Smooth Stone"}],"event_choices":[{"damage_healed":0,"gold_gain":100,"player_choice":"Pray","damage_taken":0,"max_hp_gain":0,"max_hp_loss":0,"event_name":"Golden Shrine","floor":3,"gold_loss":0},{"damage_healed":21,"gold_gain":0,"player_choice":"Healed","damage_taken":0,"max_hp_gain":0,"max_hp_loss":0,"event_name":"The Cleric","floor":8,"gold_loss":35},{"damage_healed":0,"gold_gain":0,"player_choice":"Fled","damage_taken":0,"max_hp_gain":0,"max_hp_loss":0,"event_name":"Scrap Ooze","floor":10,"gold_loss":0}],"is_beta":false,"boss_relics":[{"not_picked":["Empty Cage","Philosopher\u0027s Stone"],"picked":"HolyWater"}],"items_purged_floors":[],"is_endless":false,"potions_floor_spawned":[2,4,11,14,16,20],"killed_by":"Book of Stabbing","ascension_level":0}}