{"host":"fphx8wbbf0fkj0os","time":1612495552,"event":{"mods":["BaseMod","Bestiary","Colored Map","Colored Powertips","Dio Mod","Downfall","Hermit","Hubris","Infinite Spire","Minty Spire (QoL Compilation)","Rare Cards Sparkle","Relic Stats","Replay The Spire","Shop Mod","StSLib","The Blackbeard"],"gold_per_floor":[109,120,120,120,134,134,159,159,207,237,94,106,106,125,125,125,125],"floor_reached":16,"language":"ENG","playtime":766,"items_purged":["Strike_B"],"score":110,"play_id":"1a76fdb2-a233-4cd4-b8d0-4af349d91a78","local_time":"20210205032552","is_ascension_mode":false,"campfire_choices":[{"data":"infinitespire:Starlight","floor":6,"key":"SMITH"},{"data":"Self Repair","floor":8,"key":"SMITH"},{"data":"Self Repair","floor":13,"key":"SMITH"},{"data":"Tempest","floor":15,"key":"SMITH"}],"circlet_count":0,"master_deck":["Strike_B","Strike_B","Strike_B","Defend_B","Defend_B","Defend_B","Defend_B","Zap","Dualcast","Ball Lightning","BootSequence","infinitespire:Starlight+1","Go for the Eyes","Self Repair+1","Tempest+1","Beam Cell+1","Self Repair+1","hubris:Ukulele+1"],"relics":["Cracked Core","NeowsBlessing","ReplayFunnel","Replay:Antivirus Software","Molten Egg 2"],"acts_visited":["Exordium"],"potions_floor_usage":[7,10],"damage_taken":[{"damage":0,"enemies":"Small Slimes","floor":1,"turns":1},{"damage":0,"enemies":"2 Louse","floor":2,"turns":1},{"damage":0,"enemies":"Cultist","floor":5,"turns":1},{"damage":27,"enemies":"Lagavulin","floor":7,"turns":6},{"damage":30,"enemies":"3 Sentries","floor":10,"turns":7},{"damage":7,"enemies":"Blue Slaver","floor":12,"turns":3},{"damage":0,"enemies":"Red Slaver","floor":14,"turns":4},{"damage":42,"enemies":"Hexaghost","floor":16,"turns":9}],"seed_played":"-5208332722945099383","potions_obtained":[{"floor":5,"key":"ColorlessPotion"},{"floor":7,"key":"SkillPotion"},{"floor":12,"key":"Doom Potion"}],"is_trial":false,"path_per_floor":["M","M","?","?","M","R","E","R","T","E","$","M","R","M","R","B"],"character_chosen":"DEFECT","items_purchased":["Self Repair"],"campfire_rested":0,"item_purchase_floors":[11],"current_hp_per_floor":[75,75,56,56,56,56,51,51,51,46,46,46,46,75,75,48,48],"gold":125,"neow_bonus":"THREE_ENEMY_KILL","is_daily":false,"chose_seed":false,"campfire_upgraded":4,"win_rate":0.0,"timestamp":1612495552,"path_taken":["M","M","?","?","M","R","E","R","T","E","$","?","R","M","R","BOSS"],"items_purchased_type":["Card"],"build_version":"2020-11-29","purchased_purges":1,"victory":false,"max_hp_per_floor":[75,75,75,75,75,75,75,75,75,75,75,75,75,75,75,75,75],"relic_stats":{"counters":[8,32],"obtain_stats":[{"ReplayFunnel":7,"NeowsBlessing":0,"Molten Egg 2":10,"Replay:Antivirus Software":9,"Cracked Core":0},{"ReplayFunnel":4,"NeowsBlessing":0,"Molten Egg 2":5,"Replay:Antivirus Software":4,"Cracked Core":0},{"ReplayFunnel":9,"NeowsBlessing":0,"Molten Egg 2":16,"Replay:Antivirus Software":9,"Cracked Core":0}]},"card_choices":[{"not_picked":["Go for the Eyes","Cold Snap"],"picked":"Ball Lightning","floor":1},{"not_picked":["Conserve Battery","ReplaySolidLightProjector"],"picked":"BootSequence","floor":2},{"not_picked":["ReplayTheSpireMod:Book of Names","infinitespire:TheBestDefense"],"picked":"infinitespire:Starlight","floor":3},{"not_picked":["Hologram","Time Bomb"],"picked":"Self Repair","floor":5},{"not_picked":["Coolheaded","ReplaySolidLightProjector"],"picked":"Tempest","floor":7},{"not_picked":["Cold Snap+1","Leap"],"picked":"Beam Cell+1","floor":10},{"not_picked":["Double Energy","Genetic Algorithm"],"picked":"hubris:Ukulele+1","floor":12},{"not_picked":["Force Field","BasicCrystalCard","Steam"],"picked":"SKIP","floor":14}],"player_experience":1603,"relics_obtained":[{"floor":7,"key":"ReplayFunnel"},{"floor":9,"key":"Replay:Antivirus Software"},{"floor":10,"key":"Molten Egg 2"}],"event_choices":[{"damage_healed":0,"gold_gain":0,"player_choice":"1 cards matched","damage_taken":0,"max_hp_gain":0,"max_hp_loss":0,"event_name":"Match and Keep!","floor":4,"gold_loss":0,"cards_obtained":["Go for the Eyes"]}],"is_beta":false,"boss_relics":[],"items_purged_floors":[11],"is_endless":false,"potions_floor_spawned":[5,7,12],"killed_by":"Hexaghost","ascension_level":0}}