{"host":"684z1xpuwaoqmmh1","time":1612525930,"event":{"mods":["A Magickal Journey","BaseMod","Downfall","Hermit","Jorbs\u0027s Wanderer Trilogy","Marisa????????","Minty Spire (QoL Compilation)","Robot Space Explorer","Shade Mod","StSLib","The Dragon Tamer","The Elementalist","The Hayseed","The Hierophant","The Marked","The Mystic","The Runesmith","The Saiyan","The Vixen","TheBandit","TheFirefly"],"gold_per_floor":[109,109,123,134,209,241,129,129,129],"floor_reached":8,"language":"ENG","playtime":519,"items_purged":["elementalist:Strike+Elemblue"],"score":62,"play_id":"382c70d6-c771-4355-bd3d-a4ded6f0fbfd","local_time":"20210205135210","is_ascension_mode":true,"campfire_choices":[],"circlet_count":0,"master_deck":["elementalist:Defend_Elemblue","elementalist:Defend_Elemblue","elementalist:Defend_Elemblue","elementalist:Defend_Elemblue","elementalist:Defend_Elemblue","elementalist:Firestrike","elementalist:Earthstrike","elementalist:Waterstrike","elementalist:Airstrike","elementalist:Crystal_Chalk+1","elementalist:Gaian_Form","elementalist:Breeze","elementalist:Emberveil","elementalist:Fission_Lance","elementalist:Rising_Tides"],"relics":["elementalistmod:MagusStaff","elementalistmod:GraduationLetter","Darkstone Periapt","Shuriken"],"acts_visited":["Exordium"],"potions_floor_usage":[6,8],"damage_taken":[{"damage":2,"enemies":"2 Louse","floor":1,"turns":2},{"damage":2,"enemies":"Jaw Worm","floor":3,"turns":5},{"damage":2,"enemies":"Cultist","floor":4,"turns":5},{"damage":15,"enemies":"Lagavulin","floor":6,"turns":15},{"damage":24,"enemies":"Gremlin Nob","floor":8,"turns":4}],"seed_played":"-2810983480729076825","potions_obtained":[{"floor":1,"key":"BlessingOfTheForge"},{"floor":3,"key":"FearPotion"},{"floor":6,"key":"SmokeBomb"}],"is_trial":false,"path_per_floor":["M","?","M","M","?","E","$","E"],"character_chosen":"THE_ELEMENTALIST","items_purchased":["elementalist:Rising_Tides"],"campfire_rested":0,"item_purchase_floors":[7],"current_hp_per_floor":[68,43,41,39,32,17,17,0,0],"gold":129,"neow_bonus":"UPGRADE_CARD","is_daily":false,"chose_seed":false,"campfire_upgraded":0,"win_rate":0.0,"timestamp":1612525930,"path_taken":["M","?","M","M","?","E","?","E"],"items_purchased_type":["Card"],"build_version":"2020-12-22","purchased_purges":1,"victory":false,"max_hp_per_floor":[70,70,70,70,70,70,70,70,70],"card_choices":[{"not_picked":["elementalist:Solar_Form","elementalist:Momentum"],"picked":"elementalist:Gaian_Form","floor":1},{"not_picked":["elementalist:Flame","elementalist:Caution"],"picked":"elementalist:Breeze","floor":3},{"not_picked":["elementalist:Rising_Tides","elementalist:Cyclone"],"picked":"elementalist:Emberveil","floor":4},{"not_picked":["elementalist:Cyclone","elementalist:Aero"],"picked":"elementalist:Fission_Lance","floor":6}],"player_experience":2949995,"relics_obtained":[{"floor":6,"key":"Shuriken"}],"event_choices":[{"damage_healed":0,"gold_gain":0,"player_choice":"Success","damage_taken":25,"relics_obtained":["Darkstone Periapt"],"max_hp_gain":0,"max_hp_loss":0,"event_name":"Scrap Ooze","floor":2,"gold_loss":0},{"damage_healed":0,"gold_gain":75,"player_choice":"Touch","damage_taken":7,"max_hp_gain":0,"max_hp_loss":0,"event_name":"FaceTrader","floor":5,"gold_loss":0}],"is_beta":false,"boss_relics":[],"items_purged_floors":[7],"is_endless":false,"potions_floor_spawned":[1,3,6],"killed_by":"Gremlin Nob","ascension_level":2}}