{"host":"7jl4uf745pjtflnx","time":1612499575,"event":{"mods":["BaseMod","BetterRewards","Hubris","Minty Spire (QoL Compilation)","Reliquary","Replay The Spire","StSLib","SuperFastMode","The Construct"],"gold_per_floor":[110,110,130,147,70,70,102,102,102,136,147,162,162,176,176,279,279,291,306,306,23,23,50,67,67,67],"floor_reached":25,"language":"ENG","playtime":968,"items_purged":["Strike_R","Defend_R","Strike_R+1"],"score":533,"play_id":"c859cc52-39df-4305-8335-f0fb131d8eb3","local_time":"20210204233255","is_ascension_mode":true,"campfire_choices":[{"data":"True Grit","floor":6,"key":"SMITH"},{"data":"Spot Weakness","floor":8,"key":"SMITH"},{"floor":15,"key":"DIG"}],"circlet_count":0,"master_deck":["AscendersBane","Strike_R+1","Strike_R+1","Strike_R+1","Defend_R+1","Defend_R+1","Defend_R+1","Bash","Feel No Pain","Flex","Warcry","Intimidate","Combust","Replay:BasicMightCard+1","Iron Wave","Burning Pact","Sword Boomerang","Whirlwind","Cleave","True Grit+1","Spot Weakness+1","Hemokinesis","Shrug It Off","Warcry","Eclipse","Rupture","Heavy Blade+1","Disarm","Wild Strike+1","Pummel","Pummel+1","Metallicize"],"relics":["Burning Blood","hubris:PeanutButter","reliquary:Stiletto","hubris:Icosahedron","Pear","hubris:Zylophone","Blue Doll","Oddly Smooth Stone","reliquary:WritOfMandamus","hubris:Towel","Whetstone"],"acts_visited":["Exordium","TheCity"],"potions_floor_usage":[4,7,7,16,16,23,23,25],"damage_taken":[{"damage":0,"enemies":"Cultist","floor":1,"turns":4},{"damage":0,"enemies":"Small Slimes","floor":3,"turns":4},{"damage":0,"enemies":"Jaw Worm","floor":4,"turns":4},{"damage":9,"enemies":"Gremlin Nob","floor":7,"turns":4},{"damage":18,"enemies":"3 Sentries","floor":10,"turns":5},{"damage":0,"enemies":"2 Fungi Beasts","floor":11,"turns":3},{"damage":20,"enemies":"Lots of Slimes","floor":12,"turns":4},{"damage":12,"enemies":"Exordium Wildlife","floor":14,"turns":4},{"damage":14,"enemies":"The Guardian","floor":16,"turns":13},{"damage":0,"enemies":"Chosen","floor":18,"turns":3},{"damage":6,"enemies":"Shell Parasite","floor":19,"turns":3},{"damage":46,"enemies":"Slavers","floor":23,"turns":4},{"damage":12,"enemies":"Snake Plant","floor":24,"turns":2},{"damage":31,"enemies":"Book of Stabbing","floor":25,"turns":3}],"seed_played":"7549056954868602651","potions_obtained":[{"floor":3,"key":"SteroidPotion"},{"floor":4,"key":"ColorlessPotion"},{"floor":11,"key":"BloodPotion"},{"floor":12,"key":"Flashbang"},{"floor":18,"key":"Fire Potion"},{"floor":19,"key":"SkillPotion"},{"floor":24,"key":"SteroidPotion"}],"is_trial":false,"path_per_floor":["M","?","M","M","$","R","E","R","T","E","M","M","?","M","R","B",null,"M","M","?","$","?","E","M","E"],"character_chosen":"IRONCLAD","items_purchased":["Feel No Pain","Flex","hubris:PeanutButter","Warcry","reliquary:Stiletto","Intimidate","Combust","Replay:BasicMightCard","Iron Wave","BloodPotion","Cleave","True Grit","Disarm","Wild Strike+1","Pummel"],"campfire_rested":0,"item_purchase_floors":[0,0,0,0,0,0,0,0,0,0,5,5,21,21,21],"current_hp_per_floor":[38,38,44,50,50,50,73,73,73,61,67,53,53,47,47,57,82,88,88,88,88,88,48,42,11,11],"gold":67,"neow_bonus":"","is_daily":false,"chose_seed":false,"campfire_upgraded":2,"win_rate":0.0,"timestamp":1612499575,"path_taken":["M","?","M","M","$","R","E","R","T","E","M","M","?","?","R","BOSS","M","M","?","$","?","E","M","E"],"items_purchased_type":["Card","Card","Relic","Card","Relic","Card","Card","Card","Card","Potion","Card","Card","Card","Card","Card"],"build_version":"2020-12-22","purchased_purges":3,"victory":false,"max_hp_per_floor":[80,80,80,80,80,80,90,90,90,90,90,90,90,90,90,90,90,90,90,90,90,90,90,90,90,90],"card_choices":[{"not_picked":["Warcry","Clothesline"],"picked":"Burning Pact","floor":1},{"not_picked":["Ghostly Armor","Rampage"],"picked":"Sword Boomerang","floor":3},{"not_picked":["Headbutt","Sword Boomerang"],"picked":"Whirlwind","floor":4},{"not_picked":["Headbutt","hubris:ReadiedAction"],"picked":"Spot Weakness","floor":7},{"not_picked":["Demonic Infusion","True Grit"],"picked":"Hemokinesis","floor":10},{"not_picked":["Heavy Blade","Replay:Undeath\u0027s Touch"],"picked":"Shrug It Off","floor":11},{"not_picked":["Replay:Undeath\u0027s Touch","Run Through","Thunderclap"],"picked":"SKIP","floor":12},{"not_picked":["Shrug It Off","Second Wind"],"picked":"Warcry","floor":14},{"not_picked":["Fiend Fire","Hemogenesis"],"picked":"Eclipse","floor":16},{"not_picked":["Ghostly Armor","Uppercut+1"],"picked":"Rupture","floor":18},{"not_picked":["ReplayTheSpireMod:Corrosion Curse","Armaments"],"picked":"Heavy Blade","floor":19},{"not_picked":["Cleave","Headbutt","Clash"],"picked":"SKIP","floor":23},{"not_picked":["Body Slam","Sword Boomerang"],"picked":"Metallicize","floor":24}],"player_experience":766235,"relics_obtained":[{"floor":7,"key":"Pear"},{"floor":9,"key":"hubris:Zylophone"},{"floor":10,"key":"Blue Doll"},{"floor":15,"key":"Oddly Smooth Stone"},{"floor":23,"key":"Whetstone"}],"event_choices":[{"damage_healed":0,"gold_gain":0,"player_choice":"Forge","damage_taken":0,"max_hp_gain":0,"max_hp_loss":0,"event_name":"Accursed Blacksmith","floor":13,"gold_loss":0,"cards_upgraded":["Replay:BasicMightCard"]},{"damage_healed":0,"gold_gain":0,"player_choice":"Simplicity","damage_taken":0,"max_hp_gain":0,"max_hp_loss":0,"event_name":"Back to Basics","floor":20,"gold_loss":0,"cards_upgraded":["Strike_R","Strike_R","Strike_R","Strike_R","Defend_R","Defend_R","Defend_R"]}],"is_beta":false,"boss_relics":[{"not_picked":["reliquary:Craggleroot","Runic Pyramid"],"picked":"reliquary:WritOfMandamus"}],"items_purged_floors":[0,0,21],"is_endless":false,"potions_floor_spawned":[3,4,11,12,18,19,24],"killed_by":"Book of Stabbing","ascension_level":12}}