{"host":"5mo0809oo9tcrmpl","time":1612492898,"event":{"mods":["BaseMod","Highlight Path","Minty Spire (QoL Compilation)","Relic Stats","Slay the Relics Exporter"],"gold_per_floor":[360,378,378,30,44,44,54,54,54,54,80,95,95,123,123,202,202,221,241,241,252,252,252],"floor_reached":22,"language":"ENG","playtime":962,"items_purged":["Writhe"],"score":392,"play_id":"ea1e524a-5cc3-4c4c-b5a2-9f0f15c4be48","local_time":"20210204204138","is_ascension_mode":true,"campfire_choices":[{"data":"Uppercut","floor":6,"key":"SMITH"},{"data":"Bash","floor":8,"key":"SMITH"},{"data":"True Grit","floor":13,"key":"SMITH"},{"data":"Cleave","floor":15,"key":"SMITH"}],"circlet_count":0,"master_deck":["AscendersBane","Strike_R","Defend_R","Defend_R","Defend_R","Defend_R","Bash+1","Cleave","Twin Strike","Uppercut+1","Hemokinesis","True Grit+1","Headbutt","Cleave+1","Fiend Fire","Corruption+1","Berserk+1","Fire Breathing+1","Disarm+1","Flame Barrier"],"relics":["Burning Blood","Pantograph","Incense Burner","Bird Faced Urn","Regal Pillow","Astrolabe","MutagenicStrength"],"acts_visited":["Exordium","TheCity"],"potions_floor_usage":[11,14,16,21,22],"damage_taken":[{"damage":4,"enemies":"2 Louse","floor":1,"turns":4},{"damage":23,"enemies":"Jaw Worm","floor":2,"turns":6},{"damage":11,"enemies":"Cultist","floor":5,"turns":4},{"damage":8,"enemies":"Exordium Wildlife","floor":7,"turns":4},{"damage":8,"enemies":"Gremlin Nob","floor":11,"turns":3},{"damage":3,"enemies":"Blue Slaver","floor":12,"turns":5},{"damage":22,"enemies":"3 Sentries","floor":14,"turns":9},{"damage":12,"enemies":"Slime Boss","floor":16,"turns":6},{"damage":35,"enemies":"3 Byrds","floor":18,"turns":5},{"damage":43,"enemies":"Spheric Guardian","floor":19,"turns":6},{"damage":29,"enemies":"Centurion and Healer","floor":21,"turns":10},{"damage":36,"enemies":"Masked Bandits","floor":22,"turns":3}],"seed_played":"-1803259727831295265","potions_obtained":[{"floor":2,"key":"BloodPotion"},{"floor":7,"key":"DistilledChaos"},{"floor":11,"key":"SkillPotion"},{"floor":14,"key":"DistilledChaos"},{"floor":21,"key":"SpeedPotion"}],"is_trial":false,"path_per_floor":["M","M","?","$","M","R","M","R","T","?","E","M","R","E","R","B",null,"M","M","?","M","?"],"character_chosen":"IRONCLAD","items_purchased":["Pantograph"],"campfire_rested":0,"item_purchase_floors":[4],"current_hp_per_floor":[70,53,58,58,53,53,51,51,51,44,42,45,45,29,29,48,72,49,16,16,13,0,0],"gold":252,"neow_bonus":"TWO_FIFTY_GOLD","is_daily":false,"chose_seed":false,"campfire_upgraded":4,"win_rate":0.0,"timestamp":1612492898,"path_taken":["M","M","?","$","M","R","M","R","T","?","E","M","R","E","R","BOSS","M","M","?","M","?"],"items_purchased_type":["Relic"],"build_version":"2020-12-22","purchased_purges":1,"victory":false,"max_hp_per_floor":[75,75,80,80,80,80,80,80,80,80,80,80,80,80,80,80,80,80,80,80,80,80,80],"relic_stats":{"Regal Pillow":0,"counters":[12,65],"Pantograph":25,"Bird Faced Urn":[20],"Astrolabe":["Corruption","Berserk","Fire Breathing"],"obtain_stats":[{"Regal Pillow":14,"Pantograph":4,"Bird Faced Urn":11,"Astrolabe":17,"MutagenicStrength":20,"Incense Burner":9,"Burning Blood":0},{"Regal Pillow":7,"Pantograph":2,"Bird Faced Urn":5,"Astrolabe":8,"MutagenicStrength":10,"Incense Burner":4,"Burning Blood":0},{"Regal Pillow":35,"Pantograph":10,"Bird Faced Urn":21,"Astrolabe":41,"MutagenicStrength":52,"Incense Burner":18,"Burning Blood":0}],"Burning Blood":66},"card_choices":[{"not_picked":["Dark Embrace","Infernal Blade"],"picked":"Cleave","floor":1},{"not_picked":["Sword Boomerang","Fire Breathing"],"picked":"Twin Strike","floor":2},{"not_picked":["Warcry","Iron Wave"],"picked":"Uppercut","floor":5},{"not_picked":["Thunderclap","Infernal Blade"],"picked":"Hemokinesis","floor":7},{"not_picked":["Sever Soul","Heavy Blade"],"picked":"True Grit","floor":11},{"not_picked":["Thunderclap","Intimidate"],"picked":"Headbutt","floor":12},{"not_picked":["Pommel Strike","Flame Barrier"],"picked":"Cleave","floor":14},{"not_picked":["Immolate","Offering"],"picked":"Fiend Fire","floor":16},{"not_picked":["Thunderclap","Anger"],"picked":"Disarm+1","floor":18},{"not_picked":["Carnage","Sever Soul"],"picked":"Flame Barrier","floor":19},{"not_picked":["Wild Strike","Perfected Strike+1","Flex"],"picked":"SKIP","floor":21}],"player_experience":1249709,"relics_obtained":[{"floor":9,"key":"Incense Burner"},{"floor":11,"key":"Bird Faced Urn"},{"floor":14,"key":"Regal Pillow"}],"event_choices":[{"damage_healed":0,"gold_gain":0,"player_choice":"Donut","damage_taken":0,"max_hp_gain":5,"max_hp_loss":0,"event_name":"Big Fish","floor":3,"gold_loss":0},{"cards_removed":["Strike_R"],"damage_healed":0,"gold_gain":0,"player_choice":"Card Removal","damage_taken":7,"max_hp_gain":0,"max_hp_loss":0,"event_name":"Golden Wing","floor":10,"gold_loss":0},{"damage_healed":0,"gold_gain":0,"player_choice":"Inject Mutagens","damage_taken":0,"relics_obtained":["MutagenicStrength"],"max_hp_gain":0,"max_hp_loss":0,"event_name":"Drug Dealer","floor":20,"gold_loss":0},{"damage_healed":0,"gold_gain":0,"player_choice":"Fought Bandits","damage_taken":0,"max_hp_gain":0,"max_hp_loss":0,"event_name":"Masked Bandits","floor":22,"gold_loss":0}],"is_beta":false,"boss_relics":[{"not_picked":["Runic Cube","Pandora\u0027s Box"],"picked":"Astrolabe"}],"items_purged_floors":[4],"is_endless":false,"potions_floor_spawned":[2,7,11,14,21],"killed_by":"Masked Bandits","ascension_level":20}}