{"host":"6jcxerjfmuawfds2","time":1612538716,"event":{"mods":["BaseMod","Colored Map","Infinite Spire","Minty Spire (QoL Compilation)","StSLib","¡¼?Úª?ø«¡½REMEMod"],"gold_per_floor":[111,123,48,58,58,58,68,68,68,68,68,68,21,55,55,157,157,177,187,187,187,0,33,33,46,46,8,34,61,61,73,73,173,173,191,68,68,84,0,0,12,12,12,30,48,48,148,181,181,199,199],"floor_reached":50,"language":"KOR","playtime":1749,"items_purged":["Defend_B","Zap"],"score":666,"play_id":"c1bfb4a8-c047-46d9-a00e-5c90a58adbd6","local_time":"20210206002516","is_ascension_mode":true,"campfire_choices":[{"floor":6.0,"key":"REST"},{"data":"Streamline","floor":8.0,"key":"SMITH"},{"data":"Loop","floor":10.0,"key":"SMITH"},{"floor":12.0,"key":"REST"},{"data":"Blizzard","floor":15.0,"key":"SMITH"},{"floor":24.0,"key":"REST"},{"data":"infinitespire:Oblivion","floor":32.0,"key":"SMITH"},{"data":"Coolheaded","floor":40.0,"key":"SMITH"},{"data":"Cold Snap","floor":42.0,"key":"SMITH"},{"floor":49.0,"key":"REST"}],"circlet_count":0,"master_deck":["Strike_B","Defend_B","Defend_B","Defend_B","Dualcast","Loop+1","Blizzard+1","Cold Snap+1","Steam+1","infinitespire:Oblivion+1","infinitespire:Starlight","Chill","DevaForm","Coolheaded+1","Blizzard+1","Parasite"],"relics":["FrozenCore","REME_ComplimentaryCards","Dream Catcher","FossilizedHelix","InkBottle","Shuriken","PrismaticShard","Enchiridion","Regal Pillow","infinitespire:Midas Blood","Art of War","The Courier","Empty Cage","DollysMirror","Red Mask","Bag of Marbles","Bottled Tornado"],"acts_visited":["Exordium","TheCity","TheBeyond"],"potions_floor_usage":[50],"damage_taken":[{"damage":0.0,"enemies":"Small Slimes","floor":1.0,"turns":2.0},{"damage":13.0,"enemies":"Jaw Worm","floor":2.0,"turns":4.0},{"damage":1.0,"enemies":"Cultist","floor":4.0,"turns":3.0},{"damage":0.0,"enemies":"2 Fungi Beasts","floor":7.0,"turns":3.0},{"damage":16.0,"enemies":"3 Sentries","floor":14.0,"turns":6.0},{"damage":16.0,"enemies":"Slime Boss","floor":16.0,"turns":8.0},{"damage":4.0,"enemies":"Chosen","floor":18.0,"turns":6.0},{"damage":0.0,"enemies":"Spheric Guardian","floor":19.0,"turns":5.0},{"damage":47.0,"enemies":"REME_1_Revenger","floor":23.0,"turns":8.0},{"damage":0.0,"enemies":"3 Cultists","floor":25.0,"turns":5.0},{"damage":29.0,"enemies":"Cultist and Chosen","floor":28.0,"turns":7.0},{"damage":0.0,"enemies":"Gremlin Leader","floor":29.0,"turns":7.0},{"damage":0.0,"enemies":"Centurion and Healer","floor":31.0,"turns":6.0},{"damage":35.0,"enemies":"Collector","floor":33.0,"turns":8.0},{"damage":6.0,"enemies":"Orb Walker","floor":35.0,"turns":4.0},{"damage":0.0,"enemies":"3 Shapes","floor":38.0,"turns":4.0},{"damage":0.0,"enemies":"Sphere and 2 Shapes","floor":41.0,"turns":4.0},{"damage":0.0,"enemies":"Maw","floor":44.0,"turns":7.0},{"damage":23.0,"enemies":"Writhing Mass","floor":45.0,"turns":5.0},{"damage":32.0,"enemies":"Giant Head","floor":48.0,"turns":8.0},{"damage":86,"enemies":"Awakened One","floor":50,"turns":6}],"seed_played":"-8105659794545943422","potions_obtained":[{"floor":1.0,"key":"Block Potion"},{"floor":4.0,"key":"Strength Potion"},{"floor":16.0,"key":"SneckoOil"},{"floor":28.0,"key":"GamblersBrew"},{"floor":35.0,"key":"PowerPotion"},{"floor":41.0,"key":"Block Potion"}],"is_trial":false,"path_per_floor":["M","M","$","M","?","R","M","R","T","R","?","R","$","E","R","B",null,"M","M","AVR","?","?","E","R","M","T","$","M","E","?","M","R","B",null,"M","$","?","M","?","R","M","R","T","M","M","?","?","E","R","B"],"character_chosen":"DEFECT","items_purchased":["Cold Snap","Chill","DollysMirror"],"campfire_rested":4,"item_purchase_floors":[13,27,36],"current_hp_per_floor":[75,62,62,61,43,65,65,65,65,65,58,75,75,59,59,43,67,63,63,63,47,47,10,47,57,57,57,38,48,48,58,58,33,65,69,69,69,75,75,75,75,75,75,75,62,62,62,39,71,0,0],"gold":199,"neow_bonus":"RANDOM_COMMON_RELIC","is_daily":false,"chose_seed":false,"campfire_upgraded":6,"win_rate":0.0,"timestamp":1612538716,"path_taken":["M","M","$","M","?","R","M","R","T","R","?","R","?","E","R","BOSS","M","M","AVR","?","?","E","R","M","T","?","?","E","?","M","R","BOSS","M","$","?","M","?","R","M","R","T","M","M","?","?","E","R","BOSS"],"items_purchased_type":["Card","Card","Relic"],"build_version":"2020-12-22","purchased_purges":2,"victory":false,"max_hp_per_floor":[75,75,75,75,75,75,75,75,75,75,75,75,75,75,75,75,75,75,75,75,75,75,75,75,75,75,75,75,75,75,75,75,75,75,75,75,75,75,75,75,75,75,75,75,75,71,71,71,71,71,71],"card_choices":[{"not_picked":["Compile Driver","Beam Cell"],"picked":"Loop","floor":1.0},{"not_picked":["Static Discharge","REME_SelfUpgrade","Leap"],"picked":"SKIP","floor":2.0},{"not_picked":["Conserve Battery","Compile Driver","Heatsinks"],"picked":"SKIP","floor":4.0},{"not_picked":["Compile Driver","White Noise"],"picked":"Streamline","floor":7.0},{"not_picked":["Tempest","Rip and Tear"],"picked":"Blizzard","floor":12.0},{"not_picked":["FTL","Glacier","Redo"],"picked":"SKIP","floor":14.0},{"not_picked":["Conserve Battery","Barrage"],"picked":"Steam+1","floor":18.0},{"not_picked":["Leap","Go for the Eyes","Gash"],"picked":"SKIP","floor":19.0},{"not_picked":["Skewer","Thinking Ahead","Anger"],"picked":"SKIP","floor":23.0},{"not_picked":["Concentrate","Doom and Gloom","Jack Of All Trades"],"picked":"SKIP","floor":25.0},{"not_picked":["Dodge and Roll+1","Flex","Evaluate","Turbo"],"picked":"SKIP","floor":28.0},{"not_picked":["Feed","Doppelganger","Dagger Spray"],"picked":"SKIP","floor":29.0},{"not_picked":["CrushJoints","TalkToTheHand","Flying Knee"],"picked":"SKIP","floor":31.0},{"not_picked":["Core Surge","Devotion"],"picked":"DevaForm","floor":33.0},{"not_picked":["Conserve Battery+1","Dagger Throw+1"],"picked":"Coolheaded","floor":35.0},{"not_picked":["Ghostly Armor+1","Barrage+1","Consecrate+1"],"picked":"SKIP","floor":38.0},{"not_picked":["Gash","Poisoned Stab","Clash"],"picked":"SKIP","floor":41.0},{"not_picked":["Wireheading+1","Anger+1","Outmaneuver+1"],"picked":"SKIP","floor":44.0},{"not_picked":["Rampage+1","Brutality","Headbutt+1"],"picked":"SKIP","floor":45.0},{"not_picked":["Dagger Throw+1","Bloodletting+1","Caltrops"],"picked":"SKIP","floor":48.0}],"player_experience":269650,"relics_obtained":[{"floor":9.0,"key":"InkBottle"},{"floor":14.0,"key":"Shuriken"},{"floor":21.0,"key":"Enchiridion"},{"floor":23.0,"key":"Regal Pillow"},{"floor":26.0,"key":"infinitespire:Midas Blood"},{"floor":29.0,"key":"Art of War"},{"floor":43.0,"key":"Bag of Marbles"},{"floor":48.0,"key":"Bottled Tornado"}],"event_choices":[{"damage_healed":0.0,"max_hp_gain":0.0,"max_hp_loss":0.0,"gold_gain":0.0,"event_name":"Scrap Ooze","player_choice":"Success","floor":5.0,"gold_loss":0.0,"damage_taken":18.0,"relics_obtained":["FossilizedHelix"]},{"cards_removed":["Strike_B"],"damage_healed":0.0,"max_hp_gain":0.0,"max_hp_loss":0.0,"gold_gain":0.0,"event_name":"Golden Wing","player_choice":"Card Removal","floor":11.0,"gold_loss":0.0,"damage_taken":7.0},{"damage_healed":0.0,"max_hp_gain":0.0,"max_hp_loss":0.0,"gold_gain":0.0,"event_name":"Cursed Tome","player_choice":"Obtained Book","floor":21.0,"gold_loss":0.0,"damage_taken":16.0},{"damage_healed":0.0,"max_hp_gain":0.0,"max_hp_loss":0.0,"gold_gain":0.0,"event_name":"Masked Bandits","player_choice":"Paid Fearfully","floor":22.0,"gold_loss":187.0,"damage_taken":0.0},{"damage_healed":0.0,"max_hp_gain":0.0,"max_hp_loss":0.0,"gold_gain":0.0,"event_name":"The Mausoleum","player_choice":"Opened","floor":30.0,"gold_loss":0.0,"damage_taken":0.0,"relics_obtained":["The Courier"]},{"cards_removed":["Strike_B"],"damage_healed":0.0,"max_hp_gain":0.0,"max_hp_loss":0.0,"gold_gain":0.0,"event_name":"Falling","player_choice":"Removed Attack","floor":37.0,"gold_loss":0.0,"damage_taken":0.0},{"damage_healed":0.0,"max_hp_gain":0.0,"max_hp_loss":0.0,"gold_gain":0.0,"event_name":"Tomb of Lord Red Mask","player_choice":"Paid","floor":39.0,"gold_loss":84.0,"damage_taken":0.0,"relics_obtained":["Red Mask"]},{"damage_healed":0.0,"max_hp_gain":0.0,"max_hp_loss":4.0,"gold_gain":0.0,"event_name":"Winding Halls","player_choice":"Max HP","floor":46.0,"gold_loss":0.0,"damage_taken":0.0},{"damage_healed":0.0,"max_hp_gain":0.0,"max_hp_loss":0.0,"gold_gain":100.0,"event_name":"Golden Shrine","player_choice":"Pray","floor":47.0,"gold_loss":0.0,"damage_taken":0.0}],"is_beta":false,"boss_relics":[{"not_picked":["Runic Pyramid","Tiny House"],"picked":"FrozenCore"},{"not_picked":["Runic Dome","Velvet Choker"],"picked":"Empty Cage"}],"items_purged_floors":[3,20],"is_endless":false,"potions_floor_spawned":[1,4,16,23,28,35,41],"killed_by":"Awakened One","ascension_level":5}}