{"host":"jlk2k69f9c6o7b3e","time":1612503576,"event":{"mods":["AchievementEnabler","BaseMod","Minty Spire (QoL Compilation)","StSLib"],"gold_per_floor":[115,190,190,190,190,217,36,71,71,71,87,12,12,37,37,137,137,149,149,74,1,1,1,1,1],"floor_reached":24,"language":"ZHS","playtime":854,"items_purged":["Strike_G"],"score":397,"play_id":"35b5f311-f08e-4c78-8da4-e51d20adea88","local_time":"20210205133936","is_ascension_mode":true,"campfire_choices":[{"floor":13.0,"key":"REST"},{"floor":15.0,"key":"DIG"},{"floor":23,"key":"DIG"}],"circlet_count":0,"master_deck":["AscendersBane","Strike_G","Strike_G","Strike_G+1","Defend_G","Defend_G","Defend_G","Defend_G+1","Survivor","Neutralize","Crippling Poison","Caltrops","Outmaneuver","Crippling Poison","Acrobatics","Underhanded Strike","Accuracy","Adrenaline","Accuracy","Accuracy"],"relics":["Ring of the Snake","NeowsBlessing","Bronze Scales","Meat on the Bone","Chemical X","Bag of Preparation","Mercury Hourglass","Dream Catcher","Shovel","Pen Nib","HoveringKite","Ninja Scroll"],"acts_visited":["Exordium","TheCity"],"potions_floor_usage":[16,16],"damage_taken":[{"damage":0.0,"enemies":"2 Louse","floor":1.0,"turns":1.0},{"damage":0.0,"enemies":"Gremlin Nob","floor":6.0,"turns":1.0},{"damage":0.0,"enemies":"3 Sentries","floor":8.0,"turns":1.0},{"damage":0.0,"enemies":"Small Slimes","floor":11.0,"turns":3.0},{"damage":13.0,"enemies":"Lagavulin","floor":14.0,"turns":7.0},{"damage":44,"enemies":"Slime Boss","floor":16,"turns":10},{"damage":0,"enemies":"3 Byrds","floor":18,"turns":1},{"damage":44,"enemies":"Gremlin Leader","floor":24,"turns":8}],"seed_played":"5848893369060879161","potions_obtained":[{"floor":1.0,"key":"SneckoOil"},{"floor":8.0,"key":"LiquidMemories"},{"floor":14.0,"key":"SkillPotion"}],"is_trial":false,"path_per_floor":["M","?","?","?","?","E","$","E","T","T","M","$","R","E","R","B",null,"M","?","?","$","?","R","E"],"character_chosen":"THE_SILENT","items_purchased":["Chemical X","Outmaneuver","Accuracy"],"campfire_rested":1,"item_purchase_floors":[7,7,21],"current_hp_per_floor":[63,52,38,38,38,38,38,38,38,38,38,38,59,46,46,14,56,56,43,43,43,43,43,0,0],"gold":1,"neow_bonus":"THREE_ENEMY_KILL","is_daily":false,"chose_seed":false,"campfire_upgraded":0,"win_rate":0.0,"timestamp":1612503576,"path_taken":["M","?","?","?","?","E","$","E","T","?","M","?","R","E","R","BOSS","M","?","?","$","?","R","E"],"items_purchased_type":["Relic","Card","Card"],"build_version":"2020-12-22","purchased_purges":1,"victory":false,"max_hp_per_floor":[70,70,70,70,70,70,70,70,70,70,70,70,70,70,70,70,70,70,75,75,75,75,75,75,75],"card_choices":[{"not_picked":["Escape Plan","Cloak And Dagger"],"picked":"Crippling Poison","floor":1.0},{"not_picked":["Sucker Punch","Doppelganger"],"picked":"Caltrops","floor":6.0},{"not_picked":["Heel Hook","Backstab"],"picked":"Crippling Poison","floor":8.0},{"not_picked":["Concentrate","Flying Knee"],"picked":"Acrobatics","floor":11.0},{"not_picked":["PiercingWail","Deflect"],"picked":"Underhanded Strike","floor":13.0},{"not_picked":["Sucker Punch","Quick Slash"],"picked":"Accuracy","floor":14.0},{"not_picked":["Bullet Time","Grand Finale"],"picked":"Adrenaline","floor":16},{"not_picked":["Backflip","Noxious Fumes"],"picked":"Accuracy","floor":18}],"player_experience":361474,"relics_obtained":[{"floor":6.0,"key":"Meat on the Bone"},{"floor":8.0,"key":"Bag of Preparation"},{"floor":9.0,"key":"Mercury Hourglass"},{"floor":10.0,"key":"Dream Catcher"},{"floor":14.0,"key":"Shovel"},{"floor":15.0,"key":"Pen Nib"},{"floor":23,"key":"Ninja Scroll"}],"event_choices":[{"damage_healed":0.0,"max_hp_gain":0.0,"max_hp_loss":0.0,"gold_gain":75.0,"event_name":"World of Goop","player_choice":"Gather Gold","floor":2.0,"gold_loss":0.0,"damage_taken":11.0},{"damage_healed":0.0,"max_hp_gain":0.0,"max_hp_loss":0.0,"gold_gain":0.0,"event_name":"Shining Light","player_choice":"Entered Light","floor":3.0,"gold_loss":0.0,"damage_taken":14.0,"cards_upgraded":["Defend_G","Strike_G"]},{"damage_healed":0.0,"max_hp_gain":0.0,"max_hp_loss":0.0,"gold_gain":0.0,"event_name":"Big Fish","player_choice":"Box","floor":4.0,"gold_loss":0.0,"damage_taken":0.0,"relics_obtained":["Bronze Scales"],"cards_obtained":["Regret"]},{"cards_removed":["Regret"],"damage_healed":0.0,"max_hp_gain":0.0,"max_hp_loss":0.0,"gold_gain":0.0,"event_name":"Living Wall","player_choice":"Forget","floor":5.0,"gold_loss":0.0,"damage_taken":0.0},{"damage_healed":0,"gold_gain":0,"player_choice":"Shed Blood","damage_taken":18,"max_hp_gain":5,"max_hp_loss":0,"event_name":"Forgotten Altar","floor":19,"gold_loss":0},{"cards_removed":["Defend_G"],"damage_healed":0,"gold_gain":0,"player_choice":"Gave Gold","damage_taken":0,"max_hp_gain":0,"max_hp_loss":0,"event_name":"Beggar","floor":20,"gold_loss":75},{"cards_removed":["Strike_G"],"damage_healed":0,"gold_gain":0,"player_choice":"Elegance","damage_taken":0,"max_hp_gain":0,"max_hp_loss":0,"event_name":"Back to Basics","floor":22,"gold_loss":0}],"is_beta":false,"boss_relics":[{"not_picked":["Empty Cage","Astrolabe"],"picked":"HoveringKite"}],"items_purged_floors":[12],"is_endless":false,"potions_floor_spawned":[1,8,14],"killed_by":"Gremlin Leader","ascension_level":11}}