{"host":"fqbvzz8m91xtcrjw","time":1612568366,"event":{"mods":["BaseMod","Bestiary","Better Third Choice","BetterRewards","ChefMod","Displayed Cursed Tome","Downfall","Hermit","Highlight Path","JesterMod","Marisa????????","Minty Spire (QoL Compilation)","READ ME - Snecko Mod","Replay The Spire","Shade Mod","Spicy Shops","StSLib","The Construct","The Cursed","The Hierophant","The Runesmith","The Servant 0.9.4"],"gold_per_floor":[115,125,23,23,41,70,70,70,70,70,88,101,176,191,191,293,293,306,153,153,72,86,118,136,136,163,163,163,181,192,204,204,300,300,319,319,333,333,349,349,374,374,400,400,430,430,430,443,443,547,547,563,580,303,378,378,378,10,29,53,53,72,107,119,30,30,132,132,132],"floor_reached":68,"language":"ENG","playtime":2095,"items_purged":["Normality"],"score":1432,"play_id":"473cddef-dfb9-4aad-ad4f-a65eb00b2d84","local_time":"20210205153926","daily_mods":["SealedDeck"],"is_ascension_mode":false,"campfire_choices":[{"data":"Defragment","floor":7.0,"key":"SMITH"},{"data":"Tempest","floor":10.0,"key":"SMITH"},{"floor":15.0,"key":"REST"},{"floor":25.0,"key":"REST"},{"floor":27.0,"key":"REST"},{"floor":32.0,"key":"REST"},{"floor":40.0,"key":"REST"},{"floor":42.0,"key":"REST"},{"data":"Loop","floor":46.0,"key":"SMITH"},{"floor":49.0,"key":"REST"},{"data":"Echo Form","floor":57.0,"key":"SMITH"},{"floor":66,"key":"REST"}],"circlet_count":1,"master_deck":["Beam Cell","Go for the Eyes","Stack","Conserve Battery","Steam","Leap","Tempest+1","Ball Lightning","Ball Lightning","Capacitor","Defragment+1","Steam","Ball Lightning","Echo Form+1","Leap+1","Loop+1","Creative AI","Self Repair+1","Biased Cognition","Shame","TheCursedMod:Dregs","TheCursedMod:Dregs","ReplayTheSpireMod:Calculation Training","Loop","Creative AI","Turbo","Force Field","Loop","Tempest","White Noise","Ball Lightning","Storm","Static Discharge","Amplify","CurseOfTheBell"],"relics":["Cracked Core","Mummified Hand","Circlet","Durian","Velvet Choker","Replay:Antivirus Software","ReplayTheSpireMod:CursedCoin","ReplayTheSpireMod:Ninjato","Tiny Chest","PreservedInsect","Pear","Ice Cream","Replay:Baseball","Bag of Marbles","Symbiotic Virus","Turnip","Replay:Ancient Bell","Dream Catcher","The Courier","Prayer Wheel","Emotion Chip","OrangePellets","Membership Card","champ:DeflectingBracers","Guardian:GemstoneGun","Oddly Smooth Stone","ClockworkSouvenir","Calling Bell","Regal Pillow","Meat on the Bone","WingedGreaves"],"acts_visited":["Exordium","TheCity","TheBeyond","Exordium","TheCity"],"potions_floor_usage":[],"damage_taken":[{"damage":1.0,"enemies":"Small Slimes","floor":1.0,"turns":3.0},{"damage":5.0,"enemies":"2 Louse","floor":2.0,"turns":2.0},{"damage":5.0,"enemies":"Jaw Worm","floor":5.0,"turns":2.0},{"damage":9.0,"enemies":"Gremlin Nob","floor":6.0,"turns":4.0},{"damage":4.0,"enemies":"2 Fungi Beasts","floor":11.0,"turns":3.0},{"damage":4.0,"enemies":"Lots of Slimes","floor":12.0,"turns":3.0},{"damage":0.0,"enemies":"Gremlin Gang","floor":14.0,"turns":3.0},{"damage":5.0,"enemies":"Fading Forest","floor":16.0,"turns":11.0},{"damage":8.0,"enemies":"Shell Parasite","floor":18.0,"turns":4.0},{"damage":0.0,"enemies":"Chosen","floor":22.0,"turns":3.0},{"damage":32.0,"enemies":"Gremlin Leader","floor":23.0,"turns":5.0},{"damage":5.0,"enemies":"Centurion and Healer","floor":24.0,"turns":5.0},{"damage":18.0,"enemies":"Snake Plant","floor":29.0,"turns":4.0},{"damage":29.0,"enemies":"Cultist and Chosen","floor":30.0,"turns":5.0},{"damage":11.0,"enemies":"Snecko","floor":31.0,"turns":4.0},{"damage":46.0,"enemies":"Collector","floor":33.0,"turns":8.0},{"damage":48.0,"enemies":"3 Darklings","floor":35.0,"turns":4.0},{"damage":0.0,"enemies":"Orb Walker","floor":37.0,"turns":3.0},{"damage":18.0,"enemies":"Sphere and 2 Shapes","floor":39.0,"turns":4.0},{"damage":52.0,"enemies":"Nemesis","floor":41.0,"turns":5.0},{"damage":0.0,"enemies":"R_Hoarder","floor":45.0,"turns":6.0},{"damage":33.0,"enemies":"Jaw Worm Horde","floor":48.0,"turns":4.0},{"damage":55.0,"enemies":"Donu and Deca","floor":50.0,"turns":5.0},{"damage":0.0,"enemies":"Cultist","floor":52.0,"turns":2.0},{"damage":9.0,"enemies":"Jaw Worm","floor":53.0,"turns":2.0},{"damage":0.0,"enemies":"Small Slimes","floor":59.0,"turns":3.0},{"damage":3.0,"enemies":"Blue Slaver","floor":62.0,"turns":3.0},{"damage":54.0,"enemies":"Lagavulin","floor":63.0,"turns":4.0},{"damage":12.0,"enemies":"3 Louse","floor":64.0,"turns":2.0},{"damage":56,"enemies":"The Guardian","floor":67,"turns":5}],"seed_played":"2777071477132429695","potions_obtained":[{"floor":2.0,"key":"Weak Potion"},{"floor":5.0,"key":"Elixir"},{"floor":6.0,"key":"SkillPotion"},{"floor":16.0,"key":"Fire Potion"},{"floor":22.0,"key":"EssenceOfSteel"},{"floor":31.0,"key":"Adrenaline Potion"},{"floor":52.0,"key":"Block Potion"},{"floor":59.0,"key":"Fire Potion"},{"floor":61.0,"key":"SkillPotion"},{"floor":61.0,"key":"CultistPotion"}],"is_trial":true,"path_per_floor":["M","M","$","?","M","E","R","?","T","R","M","M","?","M","R","B",null,"M","$","?","$","M","E","M","R","T","R","?","M","M","M","R","B",null,"M","T","M","?","M","R","E","R","T","?","E","R","T","M","R","B",null,"M","M","$","?","?","R","$","M","T","?","M","E","M","$","R","B",null],"character_chosen":"DEFECT","items_purchased":["Mummified Hand","Replay:Antivirus Software","ReplayTheSpireMod:CursedCoin","Loop","Emotion Chip","OrangePellets","Membership Card","Force Field","champ:DeflectingBracers","Guardian:GemstoneGun","Loop","Storm","ClockworkSouvenir"],"campfire_rested":8,"item_purchase_floors":[3,19,21,21,54,54,58,58,58,58,58,65,65],"current_hp_per_floor":[74,69,69,74,69,60,60,60,65,65,70,66,55,55,80,85,85,77,77,77,77,77,45,40,65,65,85,85,74,45,34,59,28,85,37,47,47,47,29,57,19,47,47,47,72,72,72,61,89,58,95,95,95,95,84,84,84,84,93,93,93,90,46,34,34,62,16,95,95],"gold":132,"neow_bonus":"","is_daily":false,"chose_seed":false,"campfire_upgraded":4,"win_rate":0.0,"timestamp":1612568366,"path_taken":["M","M","$","?","M","E","R","?","T","R","?","M","?","M","R","BOSS","M","$","?","$","M","E","M","R","T","R","?","?","?","M","R","BOSS","M","?","M","?","?","R","E","R","T","?","E","R","?","M","R","BOSS","M","M","$","?","?","R","$","M","T","?","M","?","M","$","R","BOSS"],"items_purchased_type":["Relic","Relic","Relic","Card","Relic","Relic","Relic","Card","Relic","Relic","Card","Card","Relic"],"build_version":"2020-12-22","purchased_purges":1,"victory":false,"max_hp_per_floor":[75,75,75,80,80,80,80,80,85,85,85,85,85,85,85,85,85,85,85,85,85,85,85,85,85,85,85,85,85,85,85,85,85,85,85,95,95,95,95,95,95,95,95,95,95,95,95,95,95,95,95,95,95,95,95,95,95,95,95,95,95,95,95,95,95,95,95,95,95],"card_choices":[{"not_picked":["Sweeping Beam","Heatsinks"],"picked":"Defragment","floor":1.0},{"not_picked":["BasicCrystalCard","Gash"],"picked":"Steam","floor":2.0},{"not_picked":["BasicCrystalCard","Hello World","Coolheaded"],"picked":"SKIP","floor":5.0},{"not_picked":["Streamline","ReplayRNGCard"],"picked":"Ball Lightning","floor":6.0},{"not_picked":["Panic Button","Crystallizer","Rebound"],"picked":"SKIP","floor":11.0},{"not_picked":["Sweeping Beam","Stack","Tempest"],"picked":"SKIP","floor":12.0},{"not_picked":["BasicCrystalCard","ReplayGash","Sweeping Beam"],"picked":"SKIP","floor":14.0},{"not_picked":["Hyperbeam","ReplayTheSpireMod:Omega Cannon"],"picked":"Echo Form","floor":16.0},{"not_picked":["BootSequence","Steam"],"picked":"Leap+1","floor":18.0},{"not_picked":["Turbo","Gash+1","BootSequence+1"],"picked":"SKIP","floor":22.0},{"not_picked":["Barrage","Aggregate","Sweeping Beam"],"picked":"SKIP","floor":23.0},{"not_picked":["Darkness","Streamline","Hello World+1"],"picked":"SKIP","floor":24.0},{"not_picked":["Stack","Go for the Eyes","Leap+1"],"picked":"SKIP","floor":29.0},{"not_picked":["FIFO Queue+1","Rebound","Crystallizer"],"picked":"SKIP","floor":30.0},{"not_picked":["ReplayTheSpireMod:Repulse","Fusion","Crystallizer"],"picked":"SKIP","floor":31.0},{"not_picked":["Machine Learning","Meteor Strike"],"picked":"Creative AI","floor":33.0},{"not_picked":["Doom and Gloom","Panic Button","Go for the Eyes+1"],"picked":"SKIP","floor":35.0},{"not_picked":["Streamline","Conserve Battery+1","Leap"],"picked":"SKIP","floor":37.0},{"not_picked":["Stack+1","Beam Cell","ReplaySort+1"],"picked":"SKIP","floor":39.0},{"not_picked":["Cold Snap","Beam Cell+1"],"picked":"Self Repair+1","floor":41.0},{"not_picked":["ReplayTheSpireMod:System Scan","Recycle+1","Time Bomb+1"],"picked":"SKIP","floor":45.0},{"not_picked":["Panic Button+1","Rebound","BasicCrystalCard"],"picked":"SKIP","floor":48.0},{"not_picked":["Fission","Meteor Strike"],"picked":"Biased Cognition","floor":50.0},{"not_picked":["Overencumbered","ReplayTheSpireMod:Splinters"],"picked":"Shame","floor":51.0},{"not_picked":["ReplayTheSpireMod:Faulty Equipment","ReplayTheSpireMod:Restless Dread"],"picked":"TheCursedMod:Dregs","floor":51.0},{"not_picked":["hermit:ImpendingDoom","downfall:Icky"],"picked":"TheCursedMod:Dregs","floor":51.0},{"not_picked":["Stack","Go for the Eyes"],"picked":"ReplayTheSpireMod:Calculation Training","floor":52.0},{"not_picked":["Sunder","Redo"],"picked":"Loop","floor":52.0},{"not_picked":["Aggregate","Go for the Eyes"],"picked":"Creative AI","floor":53.0},{"not_picked":["Leap","Cold Snap"],"picked":"Turbo","floor":53.0},{"not_picked":["Undo","Redo"],"picked":"Tempest","floor":59.0},{"not_picked":["Compile Driver","Coolheaded","Recycle"],"picked":"SKIP","floor":59.0},{"not_picked":["Time Bomb","Streamline"],"picked":"White Noise","floor":62.0},{"not_picked":["Fission","Tempest","Panic Button"],"picked":"SKIP","floor":62.0},{"not_picked":["Lockon","Glacier","Leap"],"picked":"SKIP","floor":63.0},{"not_picked":["All For One","Streamline"],"picked":"Ball Lightning","floor":64.0},{"not_picked":["Chaos","BasicCrystalCard","Coolheaded"],"picked":"SKIP","floor":64.0},{"not_picked":["Conserve Battery","Ball Lightning"],"picked":"Static Discharge","floor":66},{"not_picked":["All For One","Creative AI"],"picked":"Amplify","floor":67}],"player_experience":477053,"relics_obtained":[{"floor":6.0,"key":"Dead Branch"},{"floor":9.0,"key":"Durian"},{"floor":23.0,"key":"ReplayTheSpireMod:Ninjato"},{"floor":26.0,"key":"Tiny Chest"},{"floor":36.0,"key":"Pear"},{"floor":38.0,"key":"Ice Cream"},{"floor":41.0,"key":"Replay:Baseball"},{"floor":43.0,"key":"Bag of Marbles"},{"floor":45.0,"key":"Symbiotic Virus"},{"floor":47.0,"key":"Turnip"},{"floor":60.0,"key":"Oddly Smooth Stone"},{"floor":68,"key":"Regal Pillow"},{"floor":68,"key":"Meat on the Bone"},{"floor":68,"key":"WingedGreaves"}],"event_choices":[{"damage_healed":0.0,"max_hp_gain":5.0,"max_hp_loss":0.0,"gold_gain":0.0,"event_name":"Big Fish","player_choice":"Donut","floor":4.0,"gold_loss":0.0,"damage_taken":0.0},{"damage_healed":0.0,"max_hp_gain":0.0,"max_hp_loss":0.0,"gold_gain":75.0,"event_name":"betterThird:BetterGoop","player_choice":"Gold","floor":13.0,"gold_loss":0.0,"damage_taken":11.0},{"damage_healed":0.0,"max_hp_gain":0.0,"max_hp_loss":0.0,"gold_gain":0.0,"event_name":"WeMeetAgain","player_choice":"Gave Potion","floor":28.0,"gold_loss":0.0,"damage_taken":0.0,"relics_obtained":["PreservedInsect"]},{"damage_healed":0.0,"max_hp_gain":0.0,"max_hp_loss":0.0,"gold_gain":0.0,"event_name":"Wheel of Change","player_choice":"Relic","floor":38.0,"gold_loss":0.0,"damage_taken":0.0},{"cards_removed":["Delirium","Clumsy"],"damage_healed":0.0,"max_hp_gain":0.0,"max_hp_loss":0.0,"gold_gain":0.0,"event_name":"Fountain of Cleansing","player_choice":"Removed Curses","floor":44.0,"gold_loss":0.0,"damage_taken":0.0},{"damage_healed":0.0,"max_hp_gain":0.0,"max_hp_loss":0.0,"gold_gain":75.0,"event_name":"betterThird:BetterGoop","player_choice":"Gold","floor":55.0,"gold_loss":0.0,"damage_taken":11.0},{"damage_healed":0.0,"max_hp_gain":0.0,"max_hp_loss":0.0,"gold_gain":0.0,"event_name":"betterThird:BetterSerpent","player_choice":"Ignored","floor":56.0,"gold_loss":0.0,"damage_taken":378.0},{"damage_healed":0.0,"max_hp_gain":0.0,"max_hp_loss":0.0,"gold_gain":0.0,"event_name":"Lab","player_choice":"Got Potions","floor":61.0,"gold_loss":0.0,"damage_taken":0.0}],"is_beta":false,"boss_relics":[{"not_picked":["Abe\u0027s Treasure","ChewingGum"],"picked":"Velvet Choker"},{"not_picked":["Snecko Heart","FrozenCore","Kintsugi"]},{"not_picked":["construct:WeddingRing","Astrolabe"],"picked":"Replay:Ancient Bell"},{"not_picked":["Nunchaku","Potion Belt"],"picked":"Dream Catcher"},{"not_picked":["Slimebound:PreparedRelic","Replay:Bottled Snecko"],"picked":"The Courier"},{"not_picked":["Pocketwatch","Du-Vu Doll"],"picked":"Prayer Wheel"},{"not_picked":["Runic Dome","Runic Pyramid"],"picked":"Calling Bell"}],"items_purged_floors":[54],"is_endless":true,"potions_floor_spawned":[2,5,6,16,22,24,31,33,37,52,59,63],"ascension_level":0}}