{"host":"ox77rn1xcurm2t5a","time":1612523806,"event":{"mods":["2.2 Compatiblity","AchievementEnabler","Act Like it!","Aspiration","BaseMod","Best Route Mod","Better Match","Better Note","Better Sensory Stone","Block Reminder","Colored Map","Colored Powertips","Conjunction","Conspire","Custom Start","Energized Spire","GifTheSpireLib","Gold Saver","Gremlin Skip","Halation","Highlight Path","Hubris","Infinite Spire","Minty Spire (QoL Compilation)","Pale of the Ancients","Quick Restart","Replay The Spire","Reworked Bosses","ShortenTheSpire","Spire Exporter","StSLib","Stuff the Spire","Wandering Minibosses"],"gold_per_floor":[116,132,132,7,7,34,49,82,82,82,415,426,426,426,426],"floor_reached":14,"language":"ENG","playtime":225,"items_purged":[],"score":329,"play_id":"72570e0a-1121-4455-9300-a9a92a48e558","local_time":"20210205131646","is_ascension_mode":true,"campfire_choices":[{"floor":13.0,"key":"RECALL"}],"circlet_count":0,"master_deck":["AscendersBane","Strike_B","Strike_B","Strike_B","Strike_B","Defend_B","Defend_B","Defend_B","Defend_B","Zap","Dualcast","StuffTheSpire:Synthwave","Genetic Algorithm","Ball Lightning"],"relics":["Cracked Core","NeowsBlessing","aspiration:SeaSaltIceCream","NeowsBlessing","hubris:TinFlute","Old Coin"],"acts_visited":["Exordium"],"potions_floor_usage":[14],"damage_taken":[{"damage":0.0,"enemies":"Jaw Worm","floor":1.0,"turns":1.0},{"damage":0.0,"enemies":"Small Slimes","floor":2.0,"turns":1.0},{"damage":0.0,"enemies":"Replay:BlueRogue","floor":6.0,"turns":1.0},{"damage":0.0,"enemies":"Cultist","floor":7.0,"turns":1.0},{"damage":0.0,"enemies":"3 Sentries","floor":8.0,"turns":1.0},{"damage":0.0,"enemies":"Replay:BlueRogue","floor":11.0,"turns":1.0},{"damage":8.0,"enemies":"2 Fungi Beasts","floor":12.0,"turns":4.0},{"damage":57,"enemies":"3 Sentries","floor":14,"turns":6}],"seed_played":"-5518609364880079448","potions_obtained":[{"floor":1.0,"key":"Conjunction:LightningMarble"},{"floor":11.0,"key":"Languid Potion"},{"floor":12.0,"key":"PotionOfCapacity"}],"is_trial":false,"path_per_floor":["M","M","?","?","?","E","M","E","T","?","E","M","R","E"],"character_chosen":"DEFECT","items_purchased":[],"campfire_rested":0,"item_purchase_floors":[],"current_hp_per_floor":[64,64,64,64,64,64,64,64,64,64,64,56,56,0,0],"gold":426,"neow_bonus":"THREE_ENEMY_KILL","is_daily":false,"chose_seed":false,"campfire_upgraded":0,"win_rate":0.0,"timestamp":1612523806,"path_taken":["M","M","?","?","?","E","M","E","T","?","E","M","R","E"],"items_purchased_type":[],"build_version":"2020-12-22","purchased_purges":0,"victory":false,"max_hp_per_floor":[71,71,71,71,71,71,71,71,71,71,71,71,71,71,71],"card_choices":[{"not_picked":["StuffTheSpire:ShieldGenerator","Blizzard","Rebound"],"picked":"SKIP","floor":1.0},{"not_picked":["Hologram","Leap","Lockon"],"picked":"SKIP","floor":2.0},{"not_picked":["Barrage","Compile Driver"],"picked":"StuffTheSpire:Synthwave","floor":6.0},{"not_picked":["Coolheaded","Barrage","Stack"],"picked":"SKIP","floor":7.0},{"not_picked":["Thunder Strike","Beam Cell"],"picked":"Genetic Algorithm","floor":8.0},{"not_picked":["Sunder","Conserve Battery","Chaos"],"picked":"SKIP","floor":11.0},{"not_picked":["Coolheaded","Turbo"],"picked":"Ball Lightning","floor":12.0}],"player_experience":3029948,"relics_obtained":[{"floor":6.0,"key":"aspiration:SeaSaltIceCream"},{"floor":8.0,"key":"hubris:TinFlute"},{"floor":11.0,"key":"Old Coin"}],"event_choices":[{"damage_healed":0.0,"max_hp_gain":0.0,"max_hp_loss":0.0,"gold_gain":0.0,"event_name":"betterMatch:BetterMatch","player_choice":"2","floor":4.0,"gold_loss":0.0,"damage_taken":0.0,"cards_obtained":["betterMatch:ColorlessUncommonCard"]},{"damage_healed":0.0,"max_hp_gain":0.0,"max_hp_loss":0.0,"gold_gain":1.0,"event_name":"betterStone:BetterStone","player_choice":"1","floor":5.0,"gold_loss":0.0,"damage_taken":0.0}],"is_beta":false,"boss_relics":[],"items_purged_floors":[],"is_endless":false,"potions_floor_spawned":[1,11,12],"killed_by":"3 Sentries","ascension_level":16}}