{"host":"utqe55yv0jihe4d6","time":1612489266,"event":{"mods":["2.2 Compatiblity","AchievementEnabler","BaseMod","Block Reminder","Colored Map","Colored Powertips","Minty Spire (QoL Compilation)","Quick Restart","Rare Cards Sparkle","Relic Stats","SuperFastMode"],"gold_per_floor":[111,111,186,186,13,38,48,64,64,64,64,64,8,335,335,335,335],"floor_reached":16,"language":"ENG","playtime":276,"items_purged":[],"score":262,"play_id":"1048aa18-6220-4951-aa95-a6536973ab8a","local_time":"20210204204106","is_ascension_mode":true,"campfire_choices":[{"data":"Crippling Poison","floor":10,"key":"SMITH"},{"data":"Quick Slash","floor":12,"key":"SMITH"},{"data":"Predator","floor":15,"key":"SMITH"}],"circlet_count":0,"master_deck":["AscendersBane","Strike_G","Strike_G","Strike_G","Strike_G","Defend_G","Defend_G","Defend_G","Defend_G","Defend_G","Survivor","Neutralize+1","Dash","Quick Slash+1","Crippling Poison+1","Cloak And Dagger","Dagger Throw","Predator+1"],"relics":["Ring of the Snake","NeowsBlessing","Sling","Mummified Hand","Frozen Egg 2","Old Coin"],"acts_visited":["Exordium"],"potions_floor_usage":[14,16],"damage_taken":[{"damage":0,"enemies":"2 Louse","floor":1,"turns":1},{"damage":0,"enemies":"Lagavulin","floor":6,"turns":1},{"damage":0,"enemies":"Small Slimes","floor":7,"turns":1},{"damage":0,"enemies":"Jaw Worm","floor":8,"turns":4},{"damage":15,"enemies":"3 Sentries","floor":14,"turns":9},{"damage":41,"enemies":"Slime Boss","floor":16,"turns":6}],"seed_played":"-7095893128216351312","potions_obtained":[{"floor":1,"key":"Poison Potion"},{"floor":7,"key":"ColorlessPotion"}],"is_trial":false,"path_per_floor":["M","?","?","?","$","E","M","M","T","R","?","R","$","E","R","B"],"character_chosen":"THE_SILENT","items_purchased":["Sling","Dagger Throw"],"campfire_rested":0,"item_purchase_floors":[5,13],"current_hp_per_floor":[59,59,48,53,53,53,53,53,53,53,46,46,46,31,31,0,0],"gold":335,"neow_bonus":"THREE_ENEMY_KILL","is_daily":false,"chose_seed":false,"campfire_upgraded":3,"win_rate":0.0,"timestamp":1612489266,"path_taken":["M","?","?","?","$","E","?","M","T","R","?","R","?","E","R","BOSS"],"items_purchased_type":["Relic","Card"],"build_version":"2020-12-22","purchased_purges":0,"victory":false,"max_hp_per_floor":[66,66,66,71,71,71,71,71,71,71,71,71,71,71,71,71,71],"relic_stats":{"counters":[6,22],"Mummified Hand":[1],"obtain_stats":[{"NeowsBlessing":0,"Mummified Hand":6,"Frozen Egg 2":9,"Sling":5,"Ring of the Snake":0,"Old Coin":14},{"NeowsBlessing":0,"Mummified Hand":2,"Frozen Egg 2":4,"Sling":1,"Ring of the Snake":0,"Old Coin":5},{"NeowsBlessing":0,"Mummified Hand":2,"Frozen Egg 2":7,"Sling":1,"Ring of the Snake":0,"Old Coin":16}],"Ring of the Snake":[12]},"card_choices":[{"not_picked":["Poisoned Stab","Deadly Poison"],"picked":"Dash","floor":1},{"not_picked":["Slice","Catalyst"],"picked":"Quick Slash","floor":6},{"not_picked":["Prepared","Eviscerate"],"picked":"Crippling Poison","floor":7},{"not_picked":["Accuracy","Expertise"],"picked":"Cloak And Dagger","floor":8},{"not_picked":["Blade Dance","Dagger Throw"],"picked":"Predator","floor":14}],"player_experience":3018403,"relics_obtained":[{"floor":6,"key":"Mummified Hand"},{"floor":9,"key":"Frozen Egg 2"},{"floor":14,"key":"Old Coin"}],"event_choices":[{"damage_healed":0,"gold_gain":0,"player_choice":"Grow","damage_taken":0,"max_hp_gain":0,"max_hp_loss":0,"event_name":"Living Wall","floor":2,"gold_loss":0,"cards_upgraded":["Neutralize"]},{"damage_healed":0,"gold_gain":75,"player_choice":"Gather Gold","damage_taken":11,"max_hp_gain":0,"max_hp_loss":0,"event_name":"World of Goop","floor":3,"gold_loss":0},{"damage_healed":0,"gold_gain":0,"player_choice":"Donut","damage_taken":0,"max_hp_gain":5,"max_hp_loss":0,"event_name":"Big Fish","floor":4,"gold_loss":0},{"cards_removed":["Strike_G"],"damage_healed":0,"gold_gain":0,"player_choice":"Card Removal","damage_taken":7,"max_hp_gain":0,"max_hp_loss":0,"event_name":"Golden Wing","floor":11,"gold_loss":0}],"is_beta":false,"boss_relics":[],"items_purged_floors":[],"is_endless":false,"potions_floor_spawned":[1,7,8],"killed_by":"Slime Boss","ascension_level":20}}