{"host":"y76clbnovzmw9ubx","time":1612534975,"event":{"mods":["AchievementEnabler","BaseMod","Minty Spire (QoL Compilation)","Permanent Neow","Relic Stats"],"gold_per_floor":[364,380,10,27,44,44,58,91,91,91,125,125,156,11,11,85,85,99,110,125,142,155,182,182,215,294,294,322,336,347,366,366,366,366],"floor_reached":33,"language":"ENG","playtime":1614,"items_purged":["Doubt","Strike_G"],"score":687,"play_id":"e38709cf-19b7-4a7b-86a1-cba19c4c0114","local_time":"20210205092255","is_ascension_mode":true,"campfire_choices":[{"data":"Skewer","floor":6,"key":"SMITH"},{"data":"Terror","floor":10,"key":"SMITH"},{"data":"Backstab","floor":15,"key":"SMITH"},{"floor":24,"key":"REST"},{"floor":27,"key":"REST"},{"floor":32,"key":"REST"}],"circlet_count":0,"master_deck":["AscendersBane","Strike_G","Strike_G","Strike_G","Defend_G","Defend_G","Defend_G","Defend_G","Defend_G","Survivor","Neutralize","Dash","Dagger Throw","Terror+1","Masterful Stab","Malaise","Calculated Gamble","Backstab","Backstab+1","Skewer+1","Venomology","Deflect","Backstab+1","Glass Knife+1","Dagger Spray+1","Deflect","Choke+1","Dodge and Roll","Doubt","Backstab+1","PiercingWail","Glass Knife+1","PiercingWail+1"],"relics":["Ring of the Snake","Orrery","Lantern","Molten Egg 2","Orichalcum","The Courier","Cursed Key","Potion Belt","InkBottle","Ornamental Fan","Frozen Egg 2"],"acts_visited":["Exordium","TheCity"],"potions_floor_usage":[13,16,16,16,20,21,22,25,33,33,33,33],"damage_taken":[{"damage":8,"enemies":"Cultist","floor":1,"turns":5},{"damage":6,"enemies":"Jaw Worm","floor":2,"turns":6},{"damage":0,"enemies":"Small Slimes","floor":4,"turns":1},{"damage":0,"enemies":"2 Fungi Beasts","floor":5,"turns":2},{"damage":0,"enemies":"Red Slaver","floor":7,"turns":1},{"damage":6,"enemies":"3 Sentries","floor":8,"turns":9},{"damage":1,"enemies":"Gremlin Nob","floor":11,"turns":3},{"damage":10,"enemies":"3 Sentries","floor":13,"turns":8},{"damage":19,"enemies":"Slime Boss","floor":16,"turns":10},{"damage":0,"enemies":"2 Thieves","floor":18,"turns":2},{"damage":3,"enemies":"3 Byrds","floor":19,"turns":5},{"damage":4,"enemies":"Centurion and Healer","floor":20,"turns":4},{"damage":12,"enemies":"Snake Plant","floor":21,"turns":3},{"damage":2,"enemies":"Snecko","floor":22,"turns":4},{"damage":22,"enemies":"Book of Stabbing","floor":23,"turns":5},{"damage":15,"enemies":"Gremlin Leader","floor":25,"turns":4},{"damage":5,"enemies":"Slavers","floor":28,"turns":5},{"damage":0,"enemies":"Chosen and Byrds","floor":29,"turns":4},{"damage":7,"enemies":"Snake Plant","floor":30,"turns":2},{"damage":0,"enemies":"Cultist and Chosen","floor":31,"turns":3},{"damage":63,"enemies":"Collector","floor":33,"turns":5}],"seed_played":"-4397326700857823390","potions_obtained":[{"floor":1,"key":"LiquidMemories"},{"floor":2,"key":"Strength Potion"},{"floor":16,"key":"Energy Potion"},{"floor":19,"key":"DistilledChaos"},{"floor":21,"key":"Fire Potion"},{"floor":25,"key":"Explosive Potion"}],"is_trial":false,"path_per_floor":["M","M","$","M","M","R","M","E","T","R","E","?","E","$","R","B",null,"M","M","M","M","M","E","R","E","T","R","E","M","M","M","R","B"],"character_chosen":"THE_SILENT","items_purchased":["Orrery","Backstab","Fire Potion","Backstab+1"],"campfire_rested":3,"item_purchase_floors":[3,3,3,14],"current_hp_per_floor":[51,45,45,45,45,45,45,39,39,39,38,38,28,28,28,9,52,52,49,45,33,31,9,28,13,13,32,27,27,20,20,39,0,0],"gold":366,"neow_bonus":"TWO_FIFTY_GOLD","is_daily":false,"chose_seed":false,"campfire_upgraded":3,"win_rate":0.0,"timestamp":1612534975,"path_taken":["M","M","$","M","M","R","?","E","T","R","E","?","E","?","R","BOSS","M","M","M","M","M","E","R","E","T","R","E","M","M","M","R","BOSS"],"items_purchased_type":["Relic","Card","Potion","Card"],"build_version":"2020-12-22","purchased_purges":2,"victory":false,"max_hp_per_floor":[66,66,66,66,66,66,66,66,66,66,66,66,66,66,66,66,66,66,66,66,66,66,66,66,66,66,66,66,66,66,66,66,66,66],"relic_stats":{"counters":[21,91],"Ornamental Fan":[40],"Orichalcum":[78],"Cursed Key":1,"obtain_stats":[{"Potion Belt":23,"Lantern":8,"Ornamental Fan":26,"Orrery":3,"Molten Egg 2":9,"The Courier":13,"Orichalcum":11,"Frozen Egg 2":28,"Cursed Key":17,"InkBottle":25,"Ring of the Snake":0},{"Potion Belt":15,"Lantern":6,"Ornamental Fan":16,"Orrery":2,"Molten Egg 2":6,"The Courier":8,"Orichalcum":7,"Frozen Egg 2":17,"Cursed Key":9,"InkBottle":16,"Ring of the Snake":0},{"Potion Belt":68,"Lantern":24,"Ornamental Fan":72,"Orrery":11,"Molten Egg 2":24,"The Courier":35,"Orichalcum":27,"Frozen Egg 2":77,"Cursed Key":45,"InkBottle":72,"Ring of the Snake":0}],"InkBottle":[8],"Ring of the Snake":[42]},"card_choices":[{"not_picked":["Prepared","Backflip"],"picked":"Dash","floor":1},{"not_picked":["Blur","Deadly Poison"],"picked":"Dagger Throw","floor":2},{"not_picked":["Deflect","Bane"],"picked":"Terror","floor":3},{"not_picked":["Blur","Backflip"],"picked":"Masterful Stab","floor":3},{"not_picked":["Outmaneuver","Choke"],"picked":"Malaise","floor":3},{"not_picked":["Quick Slash","Reflex"],"picked":"Calculated Gamble","floor":3},{"not_picked":["Concentrate","Quick Slash"],"picked":"Backstab","floor":4},{"not_picked":["Sucker Punch","Poisoned Stab"],"picked":"Skewer","floor":5},{"not_picked":["Dash","Masterful Stab","Deadly Poison"],"picked":"SKIP","floor":7},{"not_picked":["Prepared","Sucker Punch"],"picked":"Venomology","floor":8},{"not_picked":["Accuracy","Skewer+1","Phantasmal Killer"],"picked":"SKIP","floor":11},{"not_picked":["Bouncing Flask","Underhanded Strike+1"],"picked":"Deflect","floor":13},{"not_picked":["Venomology","Envenom"],"picked":"Glass Knife+1","floor":16},{"not_picked":["Endless Agony+1","Masterful Stab+1"],"picked":"Dagger Spray+1","floor":18},{"not_picked":["Dagger Spray+1","Outmaneuver"],"picked":"Deflect","floor":19},{"not_picked":["Quick Slash+1","Underhanded Strike+1","Tools of the Trade"],"picked":"SKIP","floor":20},{"not_picked":["Blur","Bane+1"],"picked":"Choke+1","floor":21},{"not_picked":["Blade Dance","Catalyst","Sucker Punch+1"],"picked":"SKIP","floor":22},{"not_picked":["All Out Attack+1","Bane+1","Dagger Throw+1"],"picked":"SKIP","floor":23},{"not_picked":["Unload+1","Envenom"],"picked":"Dodge and Roll","floor":25},{"not_picked":["Backflip","Cloak And Dagger"],"picked":"Backstab+1","floor":28},{"not_picked":["Slice+1","Catalyst"],"picked":"PiercingWail","floor":29},{"not_picked":["Accuracy+1","Skewer+1"],"picked":"Glass Knife+1","floor":30},{"not_picked":["Underhanded Strike+1","Riddle With Holes+1"],"picked":"PiercingWail+1","floor":31}],"player_experience":3187294,"relics_obtained":[{"floor":8,"key":"Lantern"},{"floor":9,"key":"Molten Egg 2"},{"floor":11,"key":"Orichalcum"},{"floor":13,"key":"The Courier"},{"floor":23,"key":"Potion Belt"},{"floor":25,"key":"InkBottle"},{"floor":26,"key":"Ornamental Fan"},{"floor":28,"key":"Frozen Egg 2"}],"event_choices":[{"cards_removed":["Strike_G"],"damage_healed":0,"gold_gain":0,"player_choice":"Purged","damage_taken":0,"max_hp_gain":0,"max_hp_loss":0,"event_name":"Purifier","floor":12,"gold_loss":0}],"is_beta":false,"boss_relics":[{"not_picked":["SlaversCollar","Runic Pyramid"],"picked":"Cursed Key"}],"items_purged_floors":[3,14],"is_endless":false,"potions_floor_spawned":[1,2,16,19,21,22,25,30],"killed_by":"Collector","ascension_level":20}}