{"host":"nia1zwr35jsu5y7h","time":1612508840,"event":{"mods":["2.2 Compatiblity","Abigail Mod","Bard","BaseMod","Colored Map","Conspire","Downfall","Friendly Minions","Hermit","Highlight Path","Hubris","Infinite Spire","Kiyohime????","Koishi","Marisa????????","Minty Spire (QoL Compilation)","Quick Restart","Replay The Spire","Shade Mod","Shop Mod","StSLib","The Administrix","The Animator","The Construct","The Cursed","The Disciple","The Mystic","The Necromancer","The Servant 0.9.4"],"gold_per_floor":[112,128,78,78,28,28,58,58,82,116,116,132,132,143,143,222,222,237,255,255,326,109,140,140,153,153,167,167,30,80,91,91,167,167,178,178,178],"floor_reached":36,"language":"ENG","playtime":1807,"items_purged":["mysticmod:Strike_Mystic","mysticmod:Strike_Mystic","mysticmod:Strike_Mystic","mysticmod:Strike_Mystic"],"score":830,"play_id":"42ec6d50-44bf-485f-afcd-0392b6431916","local_time":"20210204230720","is_ascension_mode":true,"campfire_choices":[{"data":"mysticmod:Disintegrate","floor":6,"key":"SMITH"},{"data":"mysticmod:PreparedCaster","floor":8,"key":"SMITH"},{"data":"mysticmod:FloatingDisk","floor":15,"key":"SMITH"},{"data":"hubris:DuctTapeCard","floor":24,"key":"SMITH"},{"data":"infinitespire:SevenWalls","floor":28,"key":"SMITH"},{"data":"mysticmod:MirrorEntity","floor":32,"key":"SMITH"}],"circlet_count":0,"master_deck":["AscendersBane","mysticmod:Defend_Mystic","mysticmod:Defend_Mystic","mysticmod:Defend_Mystic","mysticmod:Defend_Mystic","mysticmod:ArcaneDodge","mysticmod:ShockingGrasp","mysticmod:CureLightWounds","mysticmod:Disintegrate+1","mysticmod:PreparedCaster+1","mysticmod:FloatingDisk+1","infinitespire:SevenWalls+1","hubris:DuctTapeCard+2","mysticmod:BulkUp","mysticmod:MirrorEntity+1","mysticmod:KeenEdge","mysticmod:EnchantedMoulinet","mysticmod:SpellCombat"],"relics":["mysticmod:BlessedBook","Smiling Mask","Ring of Searing","Ring of Fangs","hubris:ToyBattleship","Akabeko","Meat on the Bone","hubris:Icosahedron","FaceOfCleric","hubris:VirtuousBlindfold","hubris:DuctTape","Replay:Baseball","infinitespire:PuzzleCube","hubris:CrystalStatue"],"acts_visited":["Exordium","TheCity","TheBeyond"],"potions_floor_usage":[10,10,16,23,36,36,36,36,36],"damage_taken":[{"damage":2,"enemies":"conspire:RoseBush","floor":1,"turns":5},{"damage":0,"enemies":"2 Louse","floor":2,"turns":2},{"damage":35,"enemies":"3 Sentries","floor":7,"turns":10},{"damage":21,"enemies":"Lagavulin","floor":10,"turns":5},{"damage":0,"enemies":"Cultist","floor":12,"turns":1},{"damage":15,"enemies":"Exordium Wildlife","floor":14,"turns":3},{"damage":34,"enemies":"Slime Boss","floor":16,"turns":9},{"damage":22,"enemies":"2 Thieves","floor":18,"turns":4},{"damage":0,"enemies":"Spheric Guardian","floor":19,"turns":1},{"damage":0,"enemies":"Replay:Snechameleon","floor":23,"turns":4},{"damage":0,"enemies":"Snake Plant","floor":25,"turns":2},{"damage":6,"enemies":"Centurion and Healer","floor":27,"turns":6},{"damage":18,"enemies":"Shelled Parasite and Fungi","floor":31,"turns":4},{"damage":5,"enemies":"Automaton","floor":33,"turns":9},{"damage":8,"enemies":"3 Shapes","floor":35,"turns":3},{"damage":80,"enemies":"Orin","floor":36,"turns":7}],"seed_played":"-1064640064721708345","potions_obtained":[{"floor":1,"key":"ColorlessPotion"},{"floor":2,"key":"Swift Potion"},{"floor":10,"key":"hexamod:SoulburnPotion"},{"floor":14,"key":"AttackPotion"},{"floor":16,"key":"ColorlessPotion"},{"floor":23,"key":"DistilledChaos"}],"is_trial":false,"path_per_floor":["M","M","$","?","$","R","E","R","T","E","?","M","?","M","R","B",null,"M","M","?","T","$","E","R","M","T","M","R","$","?","M","R","B",null,"M","?"],"character_chosen":"MYSTIC_CLASS","items_purchased":["Replay:Baseball","mysticmod:MirrorEntity"],"campfire_rested":0,"item_purchase_floors":[22,29],"current_hp_per_floor":[63,63,63,63,63,63,31,31,31,13,13,27,27,27,27,69,73,54,55,36,36,36,40,40,43,43,41,41,41,41,39,39,50,73,69,0,0],"gold":178,"neow_bonus":"RANDOM_COMMON_RELIC","is_daily":false,"chose_seed":false,"campfire_upgraded":6,"win_rate":0.0,"timestamp":1612508840,"path_taken":["M","M","$","?","$","R","E","R","T","E","?","M","?","M","R","BOSS","M","M","?","?","?","E","R","M","T","?","R","$","?","M","R","BOSS","M","?"],"items_purchased_type":["Relic","Card"],"build_version":"2020-12-22","purchased_purges":4,"victory":false,"max_hp_per_floor":[72,72,72,72,72,72,72,72,72,72,72,72,72,73,73,74,74,75,76,76,76,76,77,77,78,78,79,79,79,79,80,80,81,81,82,82,82],"card_choices":[{"not_picked":["mysticmod:LightningBolt","mysticmod:ComponentsPouch"],"picked":"mysticmod:CureLightWounds","floor":1},{"not_picked":["mysticmod:CorrosiveTouch","mysticmod:ComponentsPouch"],"picked":"mysticmod:Disintegrate","floor":2},{"not_picked":["mysticmod:CorrosiveTouch","mysticmod:IllusionOfCalm"],"picked":"mysticmod:PreparedCaster","floor":7},{"not_picked":["mysticmod:Disengage","mysticmod:ArcaneAccuracy"],"picked":"mysticmod:FloatingDisk","floor":10},{"not_picked":["mysticmod:PowerSlash","mysticmod:DiviningBlow","mysticmod:BladeMaster"],"picked":"SKIP","floor":12},{"not_picked":["mysticmod:Daze","mysticmod:SummonFamiliar","mysticmod:PureInstinct"],"picked":"SKIP","floor":14},{"not_picked":["mysticmod:Momentum","mysticmod:ObscuringMist"],"picked":"mysticmod:Disintegrate","floor":16},{"not_picked":["mysticmod:PureInstinct","mysticmod:PowerSlash"],"picked":"mysticmod:Stoneskin","floor":18},{"not_picked":["mysticmod:ComponentsPouch","mysticmod:IllusionOfCalm","mysticmod:MirrorStrike"],"picked":"SKIP","floor":19},{"not_picked":["infinitespire:Menacing","ReplayTheSpireMod:Black Plague"],"picked":"infinitespire:SevenWalls","floor":20},{"not_picked":["mysticmod:Shield","mysticmod:Sideswipe","mysticmod:Riposte"],"picked":"SKIP","floor":23},{"not_picked":["mysticmod:CorrosiveTouch","mysticmod:VorpalThrust","mysticmod:SpontaneousCaster"],"picked":"SKIP","floor":25},{"not_picked":["mysticmod:RapidCaster","mysticmod:PowerSlash"],"picked":"mysticmod:BulkUp","floor":27},{"not_picked":["mysticmod:DiviningBlow","mysticmod:TomeOfSpells"],"picked":"mysticmod:KeenEdge","floor":31},{"not_picked":["mysticmod:Momentum","mysticmod:GeminiForm"],"picked":"mysticmod:EnchantedMoulinet","floor":33},{"not_picked":["mysticmod:MirrorStrike","mysticmod:Probe"],"picked":"mysticmod:SpellCombat","floor":35}],"player_experience":2320051,"relics_obtained":[{"floor":4,"key":"Ring of Searing"},{"floor":4,"key":"Ring of Fangs"},{"floor":7,"key":"hubris:ToyBattleship"},{"floor":9,"key":"Akabeko"},{"floor":10,"key":"Meat on the Bone"},{"floor":21,"key":"hubris:DuctTape"},{"floor":23,"key":"infinitespire:PuzzleCube"},{"floor":26,"key":"hubris:CrystalStatue"}],"event_choices":[{"damage_healed":0,"gold_gain":0,"player_choice":"Trade","damage_taken":0,"relics_obtained":["FaceOfCleric"],"max_hp_gain":0,"max_hp_loss":0,"event_name":"FaceTrader","floor":13,"gold_loss":0},{"damage_healed":0,"gold_gain":50,"player_choice":"Stole From Cult","damage_taken":0,"max_hp_gain":0,"max_hp_loss":0,"event_name":"Nest","floor":30,"gold_loss":0},{"damage_healed":0,"gold_gain":0,"player_choice":"Fight","damage_taken":0,"max_hp_gain":0,"max_hp_loss":0,"event_name":"OrinTheCat","floor":36,"gold_loss":0}],"is_beta":false,"boss_relics":[{"not_picked":["bronze:MakeshiftBattery","hubris:ScarierMask"],"picked":"hubris:VirtuousBlindfold"},{"not_picked":["hubris:CrackedHourglass","infinitespire:Cupcake"],"picked":"mysticmod:BlessedBook"}],"items_purged_floors":[3,5,22,29],"is_endless":false,"potions_floor_spawned":[1,2,10,14,16,23,25,33],"killed_by":"Orin","ascension_level":20}}