{"host":"mb22iysgi53dyee9","time":1612523998,"event":{"mods":["AchievementEnabler","BaseMod","Colored Map","DeckTracker","Minty Spire (QoL Compilation)","Permanent Neow","SuperFastMode"],"gold_per_floor":[214,214,224,399,399,430,430,44,44,79,91,91,91,108,108,108,108],"floor_reached":16,"language":"KOR","playtime":637,"items_purged":[],"score":113,"play_id":"a07de1d1-ac25-44c4-ab8d-51ad2cb7adbc","local_time":"20210205201958","is_ascension_mode":true,"campfire_choices":[{"floor":7,"key":"REST"},{"floor":12,"key":"REST"},{"floor":15,"key":"REST"}],"circlet_count":0,"master_deck":["Strike_R","Strike_R","Strike_R","Strike_R","Defend_R","Defend_R","Defend_R","Defend_R+1","Bash","Flex","Clothesline+1","Doubt","Clash","Armaments+1","Entrench+1","Ghostly Armor+1","Warcry+1"],"relics":["Burning Blood","Shuriken","Ornamental Fan","TheAbacus","Toxic Egg 2","FossilizedHelix"],"acts_visited":["Exordium"],"potions_floor_usage":[],"damage_taken":[{"damage":3,"enemies":"Small Slimes","floor":1,"turns":4},{"damage":0,"enemies":"2 Louse","floor":3,"turns":3},{"damage":35,"enemies":"Lagavulin","floor":6,"turns":9},{"damage":42,"enemies":"3 Sentries","floor":10,"turns":14},{"damage":0,"enemies":"Cultist","floor":11,"turns":3},{"damage":8,"enemies":"2 Fungi Beasts","floor":14,"turns":5},{"damage":84,"enemies":"Slime Boss","floor":16,"turns":14}],"seed_played":"5767955522635117440","potions_obtained":[{"floor":6,"key":"Weak Potion"},{"floor":10,"key":"SpeedPotion"},{"floor":11,"key":"Fruit Juice"}],"is_trial":false,"path_per_floor":["M","?","M","?","?","E","R","$","T","E","M","R","?","M","R","B"],"character_chosen":"IRONCLAD","items_purchased":["Ornamental Fan","TheAbacus"],"campfire_rested":3,"item_purchase_floors":[8,8],"current_hp_per_floor":[80,73,79,79,63,34,58,58,58,22,28,52,52,50,74,0,0],"gold":108,"neow_bonus":"HUNDRED_GOLD","is_daily":false,"chose_seed":false,"campfire_upgraded":0,"win_rate":0.0,"timestamp":1612523998,"path_taken":["M","?","M","?","?","E","R","$","T","E","M","R","?","M","R","BOSS"],"items_purchased_type":["Relic","Relic"],"build_version":"2020-12-22","purchased_purges":0,"victory":false,"max_hp_per_floor":[80,80,80,80,80,80,80,80,80,80,80,80,80,80,80,80,80],"card_choices":[{"not_picked":["Sword Boomerang","Body Slam"],"picked":"Flex","floor":1},{"not_picked":["Dark Embrace","Reckless Charge"],"picked":"Clothesline","floor":3},{"not_picked":["Burning Pact","Cleave"],"picked":"Clash","floor":6},{"not_picked":["Iron Wave","Spot Weakness+1"],"picked":"Armaments+1","floor":10},{"not_picked":["Armaments+1","Power Through+1"],"picked":"Entrench+1","floor":11},{"not_picked":["Wild Strike","Searing Blow"],"picked":"Warcry+1","floor":14}],"player_experience":31937,"relics_obtained":[{"floor":6,"key":"Shuriken"},{"floor":9,"key":"Toxic Egg 2"},{"floor":10,"key":"FossilizedHelix"}],"event_choices":[{"cards_removed":["Strike_R"],"damage_healed":0,"gold_gain":0,"player_choice":"Card Removal","damage_taken":7,"max_hp_gain":0,"max_hp_loss":0,"event_name":"Golden Wing","floor":2,"gold_loss":0},{"damage_healed":0,"gold_gain":175,"player_choice":"AGREE","damage_taken":0,"max_hp_gain":0,"max_hp_loss":0,"event_name":"Liars Game","floor":4,"gold_loss":0,"cards_obtained":["Doubt"]},{"damage_healed":0,"gold_gain":0,"player_choice":"Entered Light","damage_taken":16,"max_hp_gain":0,"max_hp_loss":0,"event_name":"Shining Light","floor":5,"gold_loss":0,"cards_upgraded":["Clothesline","Defend_R"]},{"damage_healed":0,"gold_gain":0,"player_choice":"1 cards matched","damage_taken":0,"max_hp_gain":0,"max_hp_loss":0,"event_name":"Match and Keep!","floor":13,"gold_loss":0,"cards_obtained":["Ghostly Armor"]}],"is_beta":false,"boss_relics":[],"items_purged_floors":[],"is_endless":false,"potions_floor_spawned":[6,10,11],"killed_by":"Slime Boss","ascension_level":1}}