{"host":"6wux4armhsntp4yb","time":1612490663,"event":{"mods":["BaseMod","Colored Map","DeckTracker","Minty Spire (QoL Compilation)","Relic Stats"],"gold_per_floor":[112,112,112,112,112,139,214,241,241,255,272,272,122,141,141,218,218,228,228,32,47,47,81,81,99,99,143,143,182,203,217,217,299,299,317,375,395,395,395,395,395,395,404,404,434,309,309,309],"floor_reached":47,"language":"JPN","playtime":2953,"items_purged":["Strike_G","Strike_G","Normality"],"score":1234,"play_id":"4bd75782-31af-46ae-8a67-76485917eff7","local_time":"20210205110423","is_ascension_mode":true,"campfire_choices":[{"data":"Blade Dance","floor":12.0,"key":"SMITH"},{"data":"Accuracy","floor":15.0,"key":"SMITH"},{"data":"Malaise","floor":24.0,"key":"SMITH"},{"data":"Well Laid Plans","floor":28.0,"key":"SMITH"},{"data":"Burst","floor":32.0,"key":"SMITH"},{"data":"A Thousand Cuts","floor":40.0,"key":"SMITH"},{"data":"Footwork","floor":42.0,"key":"SMITH"},{"data":"1","floor":44.0,"key":"LIFT"}],"circlet_count":0,"master_deck":["AscendersBane","Strike_G","Strike_G","Strike_G","Defend_G","Defend_G","Defend_G","Defend_G","Defend_G","Survivor","Neutralize+1","Blade Dance+1","Bouncing Flask","Slice","Corpse Explosion","Endless Agony","Accuracy+1","After Image","Footwork+1","Well Laid Plans","Flash of Steel+1","PiercingWail+1","Malaise+1","Well Laid Plans+1","Venomology","Burst+1","A Thousand Cuts+1","Venomology"],"relics":["Ring of the Snake","NeowsBlessing","Ornamental Fan","Paper Crane","Shuriken","Coffee Dripper","Nloth\u0027s Gift","Whetstone","CeramicFish","Tiny Chest","Cursed Key","Girya","Bag of Marbles","Lantern"],"acts_visited":["Exordium","TheCity","TheBeyond"],"potions_floor_usage":[47,47],"damage_taken":[{"damage":0.0,"enemies":"Cultist","floor":1.0,"turns":1.0},{"damage":0.0,"enemies":"Gremlin Nob","floor":6.0,"turns":1.0},{"damage":0.0,"enemies":"3 Sentries","floor":8.0,"turns":2.0},{"damage":0.0,"enemies":"2 Louse","floor":10.0,"turns":2.0},{"damage":0.0,"enemies":"Small Slimes","floor":11.0,"turns":3.0},{"damage":0.0,"enemies":"Looter","floor":14.0,"turns":2.0},{"damage":37.0,"enemies":"Slime Boss","floor":16.0,"turns":10.0},{"damage":0.0,"enemies":"3 Byrds","floor":18.0,"turns":4.0},{"damage":0.0,"enemies":"2 Thieves","floor":21.0,"turns":4.0},{"damage":2.0,"enemies":"Book of Stabbing","floor":23.0,"turns":4.0},{"damage":5.0,"enemies":"Shelled Parasite and Fungi","floor":25.0,"turns":4.0},{"damage":0.0,"enemies":"Gremlin Leader","floor":27.0,"turns":6.0},{"damage":0.0,"enemies":"Book of Stabbing","floor":29.0,"turns":6.0},{"damage":3.0,"enemies":"Snecko","floor":30.0,"turns":6.0},{"damage":6.0,"enemies":"Centurion and Healer","floor":31.0,"turns":3.0},{"damage":15.0,"enemies":"Automaton","floor":33.0,"turns":7.0},{"damage":25.0,"enemies":"3 Shapes","floor":35.0,"turns":2.0},{"damage":23.0,"enemies":"2 Orb Walkers","floor":36.0,"turns":3.0},{"damage":0.0,"enemies":"3 Darklings","floor":37.0,"turns":3.0},{"damage":52.0,"enemies":"Giant Head","floor":45.0,"turns":10.0},{"damage":6,"enemies":"Reptomancer","floor":47,"turns":2}],"seed_played":"6794890377472563132","potions_obtained":[{"floor":6.0,"key":"Dexterity Potion"},{"floor":8.0,"key":"BlessingOfTheForge"},{"floor":16.0,"key":"Fire Potion"},{"floor":18.0,"key":"GhostInAJar"},{"floor":25.0,"key":"PowerPotion"},{"floor":31.0,"key":"DuplicationPotion"},{"floor":33.0,"key":"Strength Potion"},{"floor":45.0,"key":"LiquidMemories"}],"is_trial":false,"path_per_floor":["M","$","?","?","?","E","?","E","T","M","M","R","$","M","R","B",null,"M","?","$","M","?","E","R","M","T","E","R","E","M","M","R","B",null,"M","?","M","?","T","R","$","R","T","R","E","$","E"],"character_chosen":"THE_SILENT","items_purchased":["Accuracy","Flash of Steel"],"campfire_rested":0,"item_purchase_floors":[13,20],"current_hp_per_floor":[59,59,59,59,54,54,43,43,43,43,43,43,43,45,45,8,53,53,53,53,53,53,51,51,46,46,46,46,46,43,37,37,22,57,32,9,9,56,56,56,56,56,56,56,4,4,0,0],"gold":309,"neow_bonus":"THREE_ENEMY_KILL","is_daily":false,"chose_seed":false,"campfire_upgraded":7,"win_rate":0.0,"timestamp":1612490663,"path_taken":["M","$","?","?","?","E","?","E","T","M","M","R","?","M","R","BOSS","M","?","$","M","?","E","R","M","T","E","R","E","M","?","R","BOSS","M","?","M","?","?","R","$","R","T","R","E","$","E"],"items_purchased_type":["Card","Card"],"build_version":"2020-12-22","purchased_purges":3,"victory":false,"max_hp_per_floor":[66,66,66,66,66,66,66,66,66,66,66,66,66,68,68,68,68,68,68,68,68,68,68,68,68,68,68,68,68,68,68,68,68,68,68,68,68,56,56,56,56,56,56,56,56,56,56,56],"relic_stats":{"counters":[21,85],"Ornamental Fan":[216],"Shuriken":[54],"CeramicFish":54,"Tiny Chest":1,"Nloth\u0027s Gift":6,"Whetstone":["Neutralize","Flash of Steel"],"Cursed Key":1,"obtain_stats":[{"Girya":36,"Lantern":45,"NeowsBlessing":0,"Singing Bowl":6,"CeramicFish":27,"Whetstone":23,"Paper Crane":8,"Cursed Key":34,"Ornamental Fan":5,"Shuriken":9,"Tiny Chest":29,"Coffee Dripper":17,"Nloth\u0027s Gift":22,"Bag of Marbles":43,"Ring of the Snake":0},{"Girya":18,"Lantern":20,"NeowsBlessing":0,"Singing Bowl":2,"CeramicFish":12,"Whetstone":10,"Paper Crane":3,"Cursed Key":16,"Ornamental Fan":1,"Shuriken":3,"Tiny Chest":13,"Coffee Dripper":7,"Nloth\u0027s Gift":9,"Bag of Marbles":19,"Ring of the Snake":0},{"Girya":70,"Lantern":83,"NeowsBlessing":0,"Singing Bowl":2,"CeramicFish":43,"Whetstone":33,"Paper Crane":4,"Cursed Key":65,"Ornamental Fan":1,"Shuriken":4,"Tiny Chest":49,"Coffee Dripper":21,"Nloth\u0027s Gift":29,"Bag of Marbles":73,"Ring of the Snake":0}],"Ring of the Snake":[42]},"card_choices":[{"not_picked":["Sucker Punch","Backflip"],"picked":"Blade Dance","floor":1.0},{"not_picked":["Dodge and Roll","Poisoned Stab"],"picked":"Bouncing Flask","floor":6.0},{"not_picked":["Dodge and Roll","Quick Slash"],"picked":"Slice","floor":8.0},{"not_picked":["Dagger Throw","Flying Knee"],"picked":"Corpse Explosion","floor":10.0},{"not_picked":["Underhanded Strike","Terror"],"picked":"Endless Agony","floor":11.0},{"not_picked":["Flying Knee","Outmaneuver","Prepared"],"picked":"Singing Bowl","floor":14.0},{"not_picked":["Phantasmal Killer","Burst"],"picked":"After Image","floor":16.0},{"not_picked":["Deflect","Skewer"],"picked":"Footwork","floor":18.0},{"not_picked":["Concentrate","Riddle With Holes"],"picked":"PiercingWail+1","floor":21.0},{"not_picked":["Endless Agony","Crippling Poison"],"picked":"Malaise","floor":23.0},{"not_picked":["Dagger Throw","Poisoned Stab","Expertise"],"picked":"SKIP","floor":25.0},{"not_picked":["Dagger Throw","Poisoned Stab","Expertise"],"picked":"SKIP","floor":25.0},{"not_picked":["Acrobatics","Cloak And Dagger"],"picked":"Well Laid Plans","floor":27.0},{"not_picked":["Footwork","Caltrops"],"picked":"Venomology","floor":29.0},{"not_picked":["Blade Dance","Malaise"],"picked":"Burst","floor":30.0},{"not_picked":["Masterful Stab","Dagger Throw","Prepared"],"picked":"SKIP","floor":31.0},{"not_picked":["Tools of the Trade","Glass Knife"],"picked":"A Thousand Cuts","floor":33.0},{"not_picked":["Quick Slash+1","Masterful Stab+1","Distraction"],"picked":"SKIP","floor":35.0},{"not_picked":["Sucker Punch+1","Dodge and Roll"],"picked":"Venomology","floor":36.0},{"not_picked":["Quick Slash","Dagger Throw","Eviscerate+1"],"picked":"SKIP","floor":37.0},{"not_picked":["Outmaneuver+1","Flying Knee","Phantasmal Killer"],"picked":"SKIP","floor":45.0}],"player_experience":5848863,"relics_obtained":[{"floor":6.0,"key":"Singing Bowl"},{"floor":8.0,"key":"Paper Crane"},{"floor":9.0,"key":"Shuriken"},{"floor":23.0,"key":"Whetstone"},{"floor":27.0,"key":"CeramicFish"},{"floor":29.0,"key":"Tiny Chest"},{"floor":36.0,"key":"Girya"},{"floor":43.0,"key":"Bag of Marbles"},{"floor":45.0,"key":"Lantern"}],"event_choices":[{"damage_healed":0.0,"max_hp_gain":0.0,"max_hp_loss":0.0,"gold_gain":0.0,"event_name":"Liars Game","player_choice":"Ignored","floor":3.0,"gold_loss":0.0,"damage_taken":0.0},{"damage_healed":0.0,"max_hp_gain":0.0,"max_hp_loss":0.0,"gold_gain":0.0,"event_name":"Shining Light","player_choice":"Ignored","floor":4.0,"gold_loss":0.0,"damage_taken":0.0},{"damage_healed":0.0,"max_hp_gain":0.0,"max_hp_loss":0.0,"gold_gain":0.0,"event_name":"Scrap Ooze","player_choice":"Success","floor":5.0,"gold_loss":0.0,"damage_taken":5.0,"relics_obtained":["Ornamental Fan"]},{"damage_healed":0.0,"max_hp_gain":0.0,"max_hp_loss":0.0,"gold_gain":75.0,"event_name":"World of Goop","player_choice":"Gather Gold","floor":7.0,"gold_loss":0.0,"damage_taken":11.0},{"damage_healed":0.0,"max_hp_gain":0.0,"max_hp_loss":0.0,"gold_gain":0.0,"event_name":"The Library","player_choice":"Read","floor":19.0,"gold_loss":0.0,"damage_taken":0.0,"cards_obtained":["Well Laid Plans"]},{"damage_healed":0.0,"max_hp_gain":0.0,"max_hp_loss":0.0,"gold_gain":0.0,"event_name":"N\u0027loth","player_choice":"Traded Relic","floor":22.0,"relics_lost":["Singing Bowl"],"gold_loss":0.0,"damage_taken":0.0,"relics_obtained":["Nloth\u0027s Gift"]},{"damage_healed":0.0,"max_hp_gain":0.0,"max_hp_loss":0.0,"gold_gain":0.0,"event_name":"Mysterious Sphere","player_choice":"Fight","floor":36.0,"gold_loss":0.0,"damage_taken":0.0},{"damage_healed":56.0,"max_hp_gain":0.0,"max_hp_loss":12.0,"gold_gain":0.0,"event_name":"The Moai Head","player_choice":"Heal","floor":38.0,"gold_loss":0.0,"damage_taken":0.0}],"is_beta":false,"boss_relics":[{"not_picked":["Tiny House","Philosopher\u0027s Stone"],"picked":"Coffee Dripper"},{"not_picked":["SacredBark","Runic Pyramid"],"picked":"Cursed Key"}],"items_purged_floors":[13,20,46],"is_endless":false,"potions_floor_spawned":[6,8,16,18,25,31,33,37,45],"killed_by":"Reptomancer","ascension_level":20}}