{"host":"tr12w2fixbnujl15","time":1612487628,"event":{"mods":["100% Spire Juice","2.2 Compatiblity","A Penny For Your Troubles","Arknights","BaseMod","Better Skull","Better Vampires","BetterRewards","CapriCore","Clockwork Mod","Colored Powertips","Evolution","Gremlin Skip","Hermit","Hubris","Infinite Spire","JesterMod","Kalas","KinomotoSakuraMod(????)","Koishi","Mad Scientist","Magitek Elite","Mathematician","Minty Spire (QoL Compilation)","Permanent Neow","Quick Restart","Reimu??????","Relic Filter","Remilia_Scarlet Moed?????·?????3.3.5","Replay The Spire","Shop Mod","StSLib","SuperFastMode","The Accelerator","The Bug Knight","The Construct","The Cursed","The Hayseed","The Hierophant","The Immortal","The Mystic","The Necromancer","The Runesmith","The Sage","The Senshi","The Servant 0.9.4","The Spell Scribe","The Vixen","TheFirefly","TheSwordswoman","TheVelvet","Transform Curses","WarShipGirlsR/????R mod","Yakumo Yukari mod","[IsaacMod]????"],"gold_per_floor":[119,135,152,170,190,225,225,254,254,274,274,284,284,299,299,397,397,411,411,427,727,740,768,276,291,318,318,80,80,80,98,98,203,203,226,216,248,4,23,51,66,53,53,53,70,87,113,113,113,123,123,123,13,41,41],"floor_reached":56,"language":"ENG","playtime":2261,"items_purged":["Doubt"],"score":1540,"play_id":"291153d4-80be-4fdc-9f19-ee19bfb020f6","local_time":"20210204201348","is_ascension_mode":false,"campfire_choices":[{"floor":7,"key":"REST"},{"data":"Zap","floor":13,"key":"SMITH"},{"data":"Time Bomb","floor":15,"key":"SMITH"},{"floor":30,"key":"REST"},{"floor":32,"key":"REST"},{"floor":49,"key":"RECALL"},{"floor":52,"key":"REST"}],"circlet_count":0,"master_deck":["Rebound","Rebound","Rebound","Rebound","Conserve Battery","Conserve Battery","Conserve Battery","Conserve Battery","Zap+1","Seek","Genetic Algorithm","Sweeping Beam","BootSequence","Thunder Strike","Storm","Ball Lightning","Gash","Time Bomb+1","ReplayRNGCard","Steam Power","Static Discharge","Creative AI","Force Field","BasicCrystalCard","ReplayTheSpireMod:GoodbyeWorld","Capacitor","Turbo","hubris:Ukulele","ReplayTheSpireMod:Repulse+1","Transmutation","Loop","hubris:Rewind","infinitespire:Collect","infinitespire:TheBestDefense","infinitespire:Oblivion","Ball Lightning+1","Pulse+1","Lockon","Electrodynamics","Heatsinks+1","Gash","Barrage","ReplayTheSpireMod:Brewmster","Loop","Conserve Battery","Sweeping Beam","Lockon+1","Crystallizer+1","Compile Driver","Meteor Strike","Time Bomb+1","BasicCrystalCard+1","Gash+1","Steam Power+1","Dramatic Entrance","Flash of Steel","Violence","Storm+1","Compile Driver","Ball Lightning","Compile Driver"],"relics":["Cracked Core","EVO:Axolotl","HushsDoor","DoctorsRemote","Pet Ghost","hubris:RGBLights","Ring of Hypnosis","MerchantsRug","hubris:BallOfYels","Regal Pillow","hubris:BlackHole","Dream Catcher","infinitespire:EvilPickle","MagicMushroom","Chemical X","Anchor","Prayer Wheel","theSenshi:FeatherClipsRelic"],"acts_visited":["Exordium","TheCity","TheBeyond","TheEnding"],"potions_floor_usage":[6,6,8,10,16,23,25,25,25,33,55],"damage_taken":[{"damage":0,"enemies":"Cultist","floor":1,"turns":3},{"damage":0,"enemies":"Jaw Worm","floor":2,"turns":3},{"damage":3,"enemies":"Small Slimes","floor":3,"turns":3},{"damage":0,"enemies":"Looter","floor":4,"turns":4},{"damage":0,"enemies":"2 Fungi Beasts","floor":5,"turns":2},{"damage":14,"enemies":"3 Sentries","floor":6,"turns":7},{"damage":0,"enemies":"Gremlin Nob","floor":8,"turns":3},{"damage":0,"enemies":"Gremlin Gang","floor":10,"turns":2},{"damage":0,"enemies":"Large Slime","floor":12,"turns":4},{"damage":3,"enemies":"Red Slaver","floor":14,"turns":2},{"damage":0,"enemies":"Fading Forest","floor":16,"turns":11},{"damage":0,"enemies":"3 Byrds","floor":18,"turns":5},{"damage":11,"enemies":"2 Thieves","floor":20,"turns":4},{"damage":29,"enemies":"Shelled Parasite and Fungi","floor":22,"turns":6},{"damage":38,"enemies":"Slavers","floor":23,"turns":4},{"damage":0,"enemies":"Snake Plant","floor":25,"turns":1},{"damage":0,"enemies":"Chosen and Byrds","floor":31,"turns":3},{"damage":11,"enemies":"Pondfish","floor":33,"turns":3},{"damage":0,"enemies":"3 Darklings","floor":35,"turns":1},{"damage":0,"enemies":"Orb Walker","floor":37,"turns":1},{"damage":0,"enemies":"4 Shapes","floor":39,"turns":3},{"damage":0,"enemies":"Nemesis","floor":40,"turns":3},{"damage":0,"enemies":"Jaw Worm Horde","floor":41,"turns":2},{"damage":0,"enemies":"Sphere and 2 Shapes","floor":45,"turns":3},{"damage":0,"enemies":"Maw","floor":46,"turns":4},{"damage":0,"enemies":"Writhing Mass","floor":47,"turns":3},{"damage":0,"enemies":"Donu and Deca","floor":50,"turns":4},{"damage":0,"enemies":"Shield and Spear","floor":54,"turns":3},{"damage":3,"enemies":"The Heart","floor":55,"turns":4}],"seed_played":"6009954256440119087","potions_obtained":[{"floor":2,"key":"Fire Potion"},{"floor":3,"key":"Explosive Potion"},{"floor":5,"key":"ColorlessPotion"},{"floor":8,"key":"SteroidPotion"},{"floor":14,"key":"PowerPotion"},{"floor":16,"key":"FocusPotion"},{"floor":22,"key":"Swift Potion"},{"floor":25,"key":"ColorlessPotion"},{"floor":33,"key":"Ancient Potion"},{"floor":35,"key":"Adrenaline Potion"},{"floor":37,"key":"Milkshake"},{"floor":40,"key":"DistilledChaos"},{"floor":45,"key":"ZuzhouPotion:ReiMu"},{"floor":46,"key":"Elixir"},{"floor":54,"key":"CultistPotion"}],"is_trial":false,"path_per_floor":["M","M","M","M","M","E","R","E","T","M","?","M","R","M","R","B",null,"M","?","M","?","M","E","$","M","T","?","$","AVR","R","M","R","B",null,"M","?","M","$","M","E","M","$","T","?","M","M","M","?","R","B",null,"R","$","E","B",null],"character_chosen":"DEFECT","items_purchased":["MerchantsRug","AttackPotion","AttackPotion","hubris:BallOfYels","Capacitor","Turbo","hubris:Ukulele","Transmutation","Loop","ReplayTheSpireMod:Brewmster","Loop","Conserve Battery","Chemical X","Compile Driver","Ball Lightning"],"campfire_rested":4,"item_purchase_floors":[24,24,24,24,24,24,24,28,28,38,38,38,42,53,53],"current_hp_per_floor":[83,83,80,80,80,66,83,83,83,83,83,83,83,80,80,80,83,83,83,72,72,43,5,5,5,5,5,5,5,44,44,83,72,90,90,90,90,90,90,90,90,90,90,90,90,90,90,80,80,81,90,90,90,90,90],"gold":41,"neow_bonus":"TRANSFORM_CARD","is_daily":false,"chose_seed":false,"campfire_upgraded":2,"win_rate":0.0,"timestamp":1612487628,"path_taken":["M","M","M","M","?","E","R","E","T","M","?","M","R","M","R","BOSS","M","?","M","?","?","E","$","M","T","?","?","AVR","R","?","R","BOSS","M","?","M","$","M","E","M","$","T","?","M","?","M","?","R","BOSS","R","$","E","BOSS"],"items_purchased_type":["Relic","Potion","Potion","Relic","Card","Card","Card","Card","Card","Card","Card","Card","Relic","Card","Card"],"build_version":"2020-12-22","purchased_purges":1,"victory":true,"max_hp_per_floor":[83,83,83,83,83,83,83,83,83,83,83,83,83,83,83,83,83,83,83,83,83,83,83,83,83,83,83,83,83,83,83,83,83,90,90,90,90,90,90,90,90,90,90,90,90,90,90,90,90,90,90,90,90,90,90],"card_choices":[{"not_picked":[],"picked":"ChaosCard","floor":0},{"not_picked":["Go for the Eyes","Cold Snap"],"picked":"Genetic Algorithm","floor":1},{"not_picked":["Steam","Beam Cell"],"picked":"Sweeping Beam","floor":2},{"not_picked":["Blizzard","Conserve Battery"],"picked":"BootSequence","floor":3},{"not_picked":["Cold Snap","Coolheaded"],"picked":"Thunder Strike","floor":4},{"not_picked":["Coolheaded","Go for the Eyes"],"picked":"Storm","floor":5},{"not_picked":["Reprogram","Beam Cell"],"picked":"Ball Lightning","floor":6},{"not_picked":["Steam","Beam Cell"],"picked":"Gash","floor":8},{"not_picked":["Go for the Eyes","Steam"],"picked":"Cold Snap","floor":10},{"not_picked":["Seek","Panic Button"],"picked":"Ball Lightning","floor":12},{"not_picked":["Aggregate","Hologram"],"picked":"Time Bomb","floor":14},{"not_picked":["hubris:DoWhile","hubris:SpecializedCircuitry"],"picked":"ReplayRNGCard","floor":16},{"not_picked":["Rebound+1","Barrage"],"picked":"Steam Power","floor":18},{"not_picked":["Rebound","Redo"],"picked":"Force Field","floor":20},{"not_picked":["Go for the Eyes","Distribution"],"picked":"BasicCrystalCard","floor":22},{"not_picked":["Leap","Ball Lightning"],"picked":"ReplayTheSpireMod:GoodbyeWorld","floor":23},{"not_picked":["Redo","Blizzard"],"picked":"ReplayTheSpireMod:Repulse+1","floor":25},{"not_picked":["Leap+1","Stack"],"picked":"Ball Lightning+1","floor":30},{"not_picked":["Sweeping Beam+1","Beam Cell"],"picked":"Pulse+1","floor":31},{"not_picked":["Tempest","Recycle"],"picked":"Lockon","floor":32},{"not_picked":["ElectricPowerLearning","All For One"],"picked":"Electrodynamics","floor":33},{"not_picked":["Tempest+1","Coolheaded+1"],"picked":"Heatsinks+1","floor":35},{"not_picked":[],"picked":"Gash","floor":36},{"not_picked":[],"picked":"ReplayTheSpireMod:Fabricate Wheel","floor":36},{"not_picked":["Tempest+1","Beam Cell+1"],"picked":"Barrage","floor":37},{"not_picked":["ReplayTheSpireMod:Reroute Power","Leap"],"picked":"Sweeping Beam","floor":39},{"not_picked":["ReplaySort","Beam Cell+1"],"picked":"Lockon+1","floor":40},{"not_picked":["Panic Button+1","Stack+1"],"picked":"Crystallizer+1","floor":41},{"not_picked":["Hologram","ReplayTheSpireMod:Calculation Training+1"],"picked":"Compile Driver","floor":45},{"not_picked":["Go for the Eyes+1","ReplayGash"],"picked":"Time Bomb+1","floor":46},{"not_picked":["Rebound+1","FTL"],"picked":"BasicCrystalCard+1","floor":46},{"not_picked":["Seek","ReplayTheSpireMod:GoodbyeWorld"],"picked":"Gash+1","floor":47},{"not_picked":["Scrape+1","ReplaySort"],"picked":"Steam Power+1","floor":47},{"not_picked":["Deep Breath","Mayhem"],"picked":"Dramatic Entrance","floor":48},{"not_picked":["sagemod:Refine","Deep Breath"],"picked":"Flash of Steel","floor":48},{"not_picked":["Impatience","Replay:Sssssssssshield"],"picked":"Violence","floor":48},{"not_picked":["Rebound+1","BasicCrystalCard"],"picked":"Storm+1","floor":52},{"not_picked":["Streamline+1","Sweeping Beam+1"],"picked":"Compile Driver","floor":54}],"player_experience":90759,"relics_obtained":[{"floor":6,"key":"Pet Ghost"},{"floor":8,"key":"hubris:RGBLights"},{"floor":11,"key":"Ring of Hypnosis"},{"floor":23,"key":"Replay:Antivirus Software"},{"floor":26,"key":"Regal Pillow"},{"floor":40,"key":"Lantern"},{"floor":43,"key":"Anchor"},{"floor":54,"key":"theSenshi:FeatherClipsRelic"}],"event_choices":[{"damage_healed":0,"gold_gain":0,"cards_transformed":["Cold Snap","Ball Lightning"],"player_choice":"Became Test Subject","damage_taken":0,"max_hp_gain":0,"max_hp_loss":0,"event_name":"Drug Dealer","floor":19,"gold_loss":0,"cards_obtained":["Static Discharge","Creative AI"]},{"damage_healed":0,"gold_gain":0,"player_choice":"Ignored","damage_taken":0,"max_hp_gain":0,"max_hp_loss":0,"event_name":"Vampires","floor":27,"gold_loss":0},{"damage_healed":0,"gold_gain":0,"player_choice":"Memory 3","damage_taken":10,"max_hp_gain":0,"max_hp_loss":0,"event_name":"SensoryStone","floor":48,"gold_loss":0}],"is_beta":false,"boss_relics":[{"not_picked":["Astrolabe","Sozu"],"picked":"construct:WeddingRing"},{"not_picked":[]},{"not_picked":["ChampionBelt","Busted Crown"],"picked":"MagicMushroom"},{"not_picked":[]}],"items_purged_floors":[53],"is_endless":false,"potions_floor_spawned":[2,3,5,8,14,16,22,25,33,35,37,40,45,46,54],"ascension_level":0}}