{"host":"3r0rstuivtslg15m","time":1612539640,"event":{"mods":["AchievementEnabler","BaseMod","Colored Map","DeckTracker","Minty Spire (QoL Compilation)","Permanent Neow","StSLib","SuperFastMode"],"gold_per_floor":[117,131,95,95,111,141,166,166,166,16,16,16,16,46,46,145,145,155,166,91,6,26,26,26,26,49,74,109,109,127,146,146,246,246,260,279,31,31,51,81,2,15,15,15,15,15,48,0,0,0],"floor_reached":51,"language":"KOR","playtime":910,"items_purged":["Strike_B","Defend_B"],"score":754,"play_id":"8f0a7347-23f3-4aad-adda-a8738d086889","local_time":"20210206004040","is_ascension_mode":false,"campfire_choices":[{"data":"Creative AI","floor":11,"key":"SMITH"},{"data":"Zap","floor":13,"key":"SMITH"},{"data":"Storm","floor":15,"key":"SMITH"},{"floor":23,"key":"REST"},{"floor":29,"key":"REST"},{"data":"Electrodynamics","floor":32,"key":"SMITH"},{"data":"Defragment","floor":44,"key":"SMITH"},{"data":"Seek","floor":46,"key":"SMITH"},{"floor":49,"key":"REST"}],"circlet_count":0,"master_deck":["Strike_B+1","Strike_B+1","Defend_B+1","Defend_B","Defend_B","Zap+1","Dualcast","Creative AI+1","Ball Lightning","Capacitor","Coolheaded+1","Skim","Storm+1","Ball Lightning","Electrodynamics+1","Cold Snap","BootSequence","Seek+1","Buffer","Hologram+1","Defragment+1","Glacier","Self Repair","Defragment+1","Defragment"],"relics":["Cracked Core","Pen Nib","Whetstone","Pear","Happy Flower","Lantern","Inserter","White Beast Statue","Regal Pillow","Ancient Tea Set","Mercury Hourglass","Sozu","Ornamental Fan","Anchor","Bottled Lightning","Blood Vial","Red Mask"],"acts_visited":["Exordium","TheCity","TheBeyond"],"potions_floor_usage":[14,16,33,40,40,40],"damage_taken":[{"damage":6,"enemies":"Jaw Worm","floor":1,"turns":5},{"damage":0,"enemies":"Small Slimes","floor":2,"turns":4},{"damage":0,"enemies":"2 Louse","floor":5,"turns":3},{"damage":6,"enemies":"Lagavulin","floor":6,"turns":7},{"damage":16,"enemies":"Gremlin Nob","floor":14,"turns":4},{"damage":5,"enemies":"Hexaghost","floor":16,"turns":6},{"damage":24,"enemies":"2 Thieves","floor":18,"turns":4},{"damage":8,"enemies":"Spheric Guardian","floor":19,"turns":3},{"damage":28,"enemies":"Snake Plant","floor":22,"turns":5},{"damage":17,"enemies":"Gremlin Leader","floor":28,"turns":5},{"damage":0,"enemies":"3 Cultists","floor":30,"turns":2},{"damage":8,"enemies":"Centurion and Healer","floor":31,"turns":5},{"damage":6,"enemies":"Collector","floor":33,"turns":6},{"damage":0,"enemies":"3 Darklings","floor":35,"turns":2},{"damage":7,"enemies":"Orb Walker","floor":36,"turns":4},{"damage":10,"enemies":"Jaw Worm Horde","floor":39,"turns":2},{"damage":31,"enemies":"Reptomancer","floor":40,"turns":5},{"damage":6,"enemies":"Spire Growth","floor":42,"turns":4},{"damage":36,"enemies":"Nemesis","floor":47,"turns":7},{"damage":47,"enemies":"Time Eater","floor":50,"turns":9}],"seed_played":"337236857972826603","potions_obtained":[{"floor":2,"key":"AttackPotion"},{"floor":5,"key":"Weak Potion"},{"floor":14,"key":"Fire Potion"},{"floor":18,"key":"Energy Potion"},{"floor":22,"key":"Ancient Potion"},{"floor":28,"key":"FocusPotion"},{"floor":33,"key":"Fire Potion"}],"is_trial":false,"path_per_floor":["M","M","$","?","M","E","T","?","T","$","R","?","R","E","R","B",null,"M","M","?","?","M","R","?","?","T","T","E","R","M","M","R","B",null,"M","M","$","?","M","E","$","M","T","R","T","R","E","?","R","B",null],"character_chosen":"DEFECT","items_purchased":["Capacitor","Storm","Defragment","Glacier","Self Repair"],"campfire_rested":3,"item_purchase_floors":[3,10,37,37,41],"current_hp_per_floor":[69,69,69,69,69,63,63,61,61,61,61,44,44,28,28,23,85,61,53,53,53,25,50,34,34,34,34,17,59,59,51,51,45,90,90,83,83,83,73,42,42,43,43,43,43,43,7,7,49,4],"gold":0,"neow_bonus":"ONE_RANDOM_RARE_CARD","is_daily":false,"chose_seed":false,"campfire_upgraded":6,"win_rate":0.0,"timestamp":1612539640,"path_taken":["M","M","$","?","M","E","?","?","T","$","R","?","R","E","R","BOSS","M","M","?","?","M","R","?","?","T","?","E","R","M","M","R","BOSS","M","M","$","?","M","E","?","M","T","R","?","R","E","?","R","BOSS"],"items_purchased_type":["Card","Card","Card","Card","Card"],"build_version":"2020-12-22","purchased_purges":2,"victory":true,"max_hp_per_floor":[75,75,75,75,75,75,75,85,85,85,85,85,85,85,85,85,85,85,85,85,85,85,85,90,90,90,90,90,90,90,90,90,90,90,90,90,90,90,90,90,90,90,90,90,90,90,90,90,90,90],"card_choices":[{"not_picked":["Gash","Scrape","Steam"],"picked":"SKIP","floor":1},{"not_picked":["Darkness","Scrape"],"picked":"Ball Lightning","floor":2},{"not_picked":["Barrage","Hologram"],"picked":"Coolheaded","floor":5},{"not_picked":["Leap","Gash"],"picked":"Skim","floor":6},{"not_picked":["Steam Power","Conserve Battery"],"picked":"Ball Lightning","floor":14},{"not_picked":["Buffer","Creative AI"],"picked":"Electrodynamics","floor":16},{"not_picked":["Capacitor","Darkness+1"],"picked":"Cold Snap","floor":18},{"not_picked":["Stack","Barrage","Coolheaded"],"picked":"SKIP","floor":19},{"not_picked":["Capacitor","Barrage","Redo"],"picked":"SKIP","floor":22},{"not_picked":["Streamline","Go for the Eyes+1","Beam Cell+1"],"picked":"SKIP","floor":28},{"not_picked":["Leap","Gash"],"picked":"BootSequence","floor":30},{"not_picked":["Hello World","Hologram"],"picked":"Seek","floor":31},{"not_picked":["Machine Learning","Electrodynamics"],"picked":"Buffer","floor":33},{"not_picked":["Doom and Gloom","Heatsinks"],"picked":"Hologram+1","floor":35},{"not_picked":["Hologram+1","Steam","Melter"],"picked":"SKIP","floor":36},{"not_picked":["Ball Lightning","Fusion","Coolheaded+1"],"picked":"SKIP","floor":39},{"not_picked":["Streamline+1","Go for the Eyes","Steam+1"],"picked":"SKIP","floor":40},{"not_picked":["Lockon","Steam"],"picked":"Defragment","floor":42},{"not_picked":["Machine Learning","Seek"],"picked":"Defragment","floor":47}],"player_experience":2442,"relics_obtained":[{"floor":6,"key":"Pen Nib"},{"floor":7,"key":"Whetstone"},{"floor":9,"key":"Happy Flower"},{"floor":14,"key":"Lantern"},{"floor":26,"key":"Regal Pillow"},{"floor":27,"key":"Ancient Tea Set"},{"floor":28,"key":"Mercury Hourglass"},{"floor":40,"key":"Ornamental Fan"},{"floor":43,"key":"Anchor"},{"floor":45,"key":"Bottled Lightning"},{"floor":47,"key":"Blood Vial"}],"event_choices":[{"damage_healed":0,"gold_gain":0,"player_choice":"Ignored","damage_taken":0,"max_hp_gain":0,"max_hp_loss":0,"event_name":"Liars Game","floor":4,"gold_loss":0},{"damage_healed":0,"gold_gain":0,"player_choice":"Success","damage_taken":12,"relics_obtained":["Pear"],"max_hp_gain":0,"max_hp_loss":0,"event_name":"Scrap Ooze","floor":8,"gold_loss":0},{"damage_healed":0,"gold_gain":0,"player_choice":"Entered Light","damage_taken":17,"max_hp_gain":0,"max_hp_loss":0,"event_name":"Shining Light","floor":12,"gold_loss":0,"cards_upgraded":["Coolheaded","Defend_B"]},{"cards_removed":["Strike_B"],"damage_healed":0,"gold_gain":0,"player_choice":"Gave Gold","damage_taken":0,"max_hp_gain":0,"max_hp_loss":0,"event_name":"Beggar","floor":20,"gold_loss":75},{"damage_healed":0,"gold_gain":0,"player_choice":"Obtained Relic","damage_taken":0,"relics_obtained":["White Beast Statue"],"max_hp_gain":0,"max_hp_loss":0,"event_name":"Addict","floor":21,"gold_loss":85},{"damage_healed":0,"gold_gain":0,"player_choice":"Shed Blood","damage_taken":21,"max_hp_gain":5,"max_hp_loss":0,"event_name":"Forgotten Altar","floor":24,"gold_loss":0},{"damage_healed":0,"gold_gain":0,"player_choice":"Ignored","damage_taken":0,"max_hp_gain":0,"max_hp_loss":0,"event_name":"The Mausoleum","floor":25,"gold_loss":0},{"damage_healed":0,"gold_gain":0,"player_choice":"Forge","damage_taken":0,"max_hp_gain":0,"max_hp_loss":0,"event_name":"Accursed Blacksmith","floor":38,"gold_loss":0,"cards_upgraded":["Defragment"]},{"damage_healed":0,"gold_gain":0,"player_choice":"Paid","damage_taken":0,"relics_obtained":["Red Mask"],"max_hp_gain":0,"max_hp_loss":0,"event_name":"Tomb of Lord Red Mask","floor":48,"gold_loss":48}],"is_beta":false,"boss_relics":[{"not_picked":["Runic Dome","Fusion Hammer"],"picked":"Inserter"},{"not_picked":["Tiny House","Busted Crown"],"picked":"Sozu"}],"items_purged_floors":[10,37],"is_endless":false,"potions_floor_spawned":[2,5,14,18,22,28,30,31,33,35,36,39,40,42,47],"ascension_level":0}}