{"host":"i2ntsfwoh5q5m216","time":1612491849,"event":{"mods":["BaseMod","Colored Map","Downfall","Minty Spire (QoL Compilation)","StSLib"],"gold_per_floor":[99,115,115,107,22,40,40,73,94,94,112,112,56,56,76,186,186,86,113,134,157,0,0,0,345,345,445,467,487,487,523,545,545,545,545],"floor_reached":33,"language":"ENG","playtime":1701,"items_purged":[],"score":317,"play_id":"acc7361f-64cc-46bc-a7a7-d45e4312c1f6","local_time":"20210204202409","is_ascension_mode":false,"campfire_choices":[{"data":"hexamod:Float","floor":1,"key":"SMITH"},{"data":"hexamod:ExtraCrispy","floor":10,"key":"SMITH"},{"floor":12,"key":"RECALL"},{"data":"hexamod:VolcanoVisage","floor":18,"key":"SMITH"},{"data":"hexamod:GhostOfSpirePast","floor":23,"key":"SMITH"},{"data":"hexamod:Strike","floor":26,"key":"PURGE"},{"floor":30,"key":"REST"}],"circlet_count":0,"master_deck":["hexamod:Strike","hexamod:Strike","hexamod:Strike","hexamod:Defend","hexamod:Defend","hexamod:Defend","hexamod:Defend","hexamod:Sear","hexamod:Float+1","hexamod:FirstSeal","hexamod:SecondSeal","hexamod:ThirdSeal","hexamod:TimeWarp","hexamod:GhostflameBarrier","hexamod:ExtraCrispy+1","hexamod:HauntingEcho","hexamod:SpectersWail","hexamod:WildfireWeapon","hexamod:FastForward","hexamod:EmpoweredFlame","hexamod:EtherealExpedition","hexamod:SkipABeat","hexamod:BurningTouch","hexamod:BurningTouch","hexamod:ForkedFlame","hexamod:VolcanoVisage+1","hexamod:VolcanoVisage","hexamod:ThermalTransfer","hexamod:GhostOfSpirePast+1","hexamod:InspiringFlames","hexamod:SpectersWail","hexamod:FourthSeal","hexamod:AdvancingGuard+1","hexamod:FastForward","hexamod:StepThrough"],"relics":["hexamod:SpiritBrand","downfall:ShatteredFragment","Potion Belt","Mummified Hand","Runic Dome","downfall:HeartBlessingRed","Pen Nib","Peace Pipe","Regal Pillow"],"acts_visited":["Exordium","TheCity"],"potions_floor_usage":[15,25,31,33],"damage_taken":[{"damage":0,"enemies":"Small Slimes","floor":2,"turns":4},{"damage":0,"enemies":"downfall:FleeingMerchant","floor":5,"turns":4},{"damage":6,"enemies":"Jaw Worm","floor":6,"turns":3},{"damage":31,"enemies":"Lagavulin","floor":8,"turns":8},{"damage":0,"enemies":"2 Louse","floor":9,"turns":2},{"damage":6,"enemies":"Gremlin Gang","floor":11,"turns":4},{"damage":5,"enemies":"downfall:FleeingMerchant","floor":13,"turns":4},{"damage":1,"enemies":"Large Slime","floor":15,"turns":4},{"damage":21,"enemies":"WA_ARCHETYPE_RETAIN","floor":16,"turns":5},{"damage":3,"enemies":"Spheric Guardian","floor":19,"turns":4},{"damage":13,"enemies":"3 Cultists","floor":20,"turns":3},{"damage":14,"enemies":"Centurion and Healer","floor":21,"turns":6},{"damage":5,"enemies":"downfall:FleeingMerchant","floor":22,"turns":4},{"damage":8,"enemies":"downfall:FleeingMerchant","floor":25,"turns":4},{"damage":27,"enemies":"Snake Plant","floor":28,"turns":3},{"damage":13,"enemies":"Shelled Parasite and Fungi","floor":29,"turns":3},{"damage":46,"enemies":"Slavers","floor":31,"turns":4},{"damage":8,"enemies":"3 Cultists","floor":32,"turns":5},{"damage":19,"enemies":"SI_MIRROR_ARCHETYPE","floor":33,"turns":4}],"seed_played":"1221230191286575982","potions_obtained":[{"floor":6,"key":"FearPotion"},{"floor":8,"key":"Strength Potion"},{"floor":9,"key":"sneckomod:MuddlingPotion"},{"floor":11,"key":"Block Potion"},{"floor":15,"key":"bronze:BurnAndBuffPotion"},{"floor":21,"key":"bronze:BurnAndBuffPotion"},{"floor":28,"key":"DistilledChaos"},{"floor":31,"key":"hexamod:DoubleChargePotion"},{"floor":32,"key":"Block Potion"}],"is_trial":false,"path_per_floor":["R","M","?","?","$","M","T","E","M","R","M","R","$","?","M","B",null,"R","M","M","M","$","R","T","$","R","?","M","M","R","E","M","B"],"character_chosen":"THE_SPIRIT","items_purchased":["hexamod:ExtraCrispy","hexamod:BurningTouch","Pen Nib"],"campfire_rested":1,"item_purchase_floors":[5,13,22],"current_hp_per_floor":[77,77,56,49,56,57,57,33,40,40,41,41,43,48,47,33,82,82,82,76,69,71,71,71,63,63,63,43,30,54,15,14,0,0,0],"gold":545,"neow_bonus":"TEN_PERCENT_HP_BONUS","is_daily":false,"chose_seed":false,"campfire_upgraded":4,"win_rate":0.0,"timestamp":1612491849,"path_taken":["R","M","?","?","$","M","T","E","M","R","M","R","$","?","M","BOSS","R","M","M","M","$","R","T","$","R","?","M","?","R","E","M","BOSS"],"items_purchased_type":["Card","Card","Relic"],"build_version":"2020-12-22","purchased_purges":0,"victory":false,"max_hp_per_floor":[77,77,77,77,77,77,77,77,77,77,77,77,77,82,82,82,82,82,82,82,82,82,82,82,82,82,82,82,82,82,82,82,82,82,82],"card_choices":[{"not_picked":["hexamod:Incineration","hexamod:NightmareGuise"],"picked":"hexamod:HeatMetal","floor":2},{"not_picked":["hexamod:SpectersWail","hexamod:BacktrackSmack"],"picked":"hexamod:TimeWarp","floor":5},{"not_picked":["hexamod:GhostOfSpireFuture","hexamod:HeatMetal"],"picked":"hexamod:GhostflameBarrier","floor":5},{"not_picked":["hexamod:NightmareGuise","hexamod:SoulSteal"],"picked":"hexamod:HauntingEcho","floor":6},{"not_picked":["hexamod:Hexaguard","hexamod:GhostShield"],"picked":"hexamod:SpectersWail","floor":6},{"not_picked":["hexamod:ParanormalForm","hexamod:InspiringFlames"],"picked":"hexamod:WildfireWeapon","floor":8},{"not_picked":["hexamod:HauntingEcho","hexamod:GhostShield"],"picked":"hexamod:FastForward","floor":8},{"not_picked":["hexamod:GhostShield","hexamod:SpectralAdrenaline"],"picked":"hexamod:EmpoweredFlame","floor":9},{"not_picked":["hexamod:HeatMetal","hexamod:Hexaguard"],"picked":"hexamod:EtherealExpedition","floor":11},{"not_picked":["hexamod:Again","hexamod:NightmareGuise"],"picked":"hexamod:SkipABeat","floor":11},{"not_picked":["hexamod:SkipABeat","hexamod:ChargedBarrage"],"picked":"hexamod:BurningTouch","floor":13},{"not_picked":["hexamod:RecurringNightmare","hexamod:GhostLash","hexamod:ShieldOfDarkness"],"picked":"SKIP","floor":13},{"not_picked":["hexamod:PhantomFireball","hexamod:InspiringFlames"],"picked":"hexamod:ForkedFlame","floor":15},{"not_picked":["hexamod:EmpoweredFlame","hexamod:Firestarter","hexamod:HeatMetal"],"picked":"SKIP","floor":15},{"not_picked":["hexamod:ParanormalForm","hexamod:GhostOfSpirePresent"],"picked":"hexamod:VolcanoVisage","floor":16},{"not_picked":["hexamod:UnlimitedPower","hexamod:ParanormalForm"],"picked":"hexamod:VolcanoVisage","floor":16},{"not_picked":["hexamod:HauntingEcho","hexamod:Firestarter+1"],"picked":"hexamod:ThermalTransfer","floor":19},{"not_picked":["hexamod:Firestarter","hexamod:Incineration","hexamod:SpectralAdrenaline"],"picked":"SKIP","floor":19},{"not_picked":["hexamod:ThermalTransfer","hexamod:SpectersWail+1"],"picked":"hexamod:GhostOfSpirePast","floor":20},{"not_picked":["hexamod:NightmareGuise+1","hexamod:SwordOfDarkness"],"picked":"hexamod:InspiringFlames","floor":20},{"not_picked":["hexamod:HeatMetal","hexamod:ThermalTransfer"],"picked":"hexamod:SpectersWail","floor":21},{"not_picked":["hexamod:EmpoweredFlame+1","hexamod:FastForward","hexamod:NecessarySacrifice+1"],"picked":"SKIP","floor":21},{"not_picked":["hexamod:Hexaguard","hexamod:SpectersWail"],"picked":"hexamod:FourthSeal","floor":22},{"not_picked":["hexamod:PhantomCloak+1","hexamod:BacktrackSmack"],"picked":"hexamod:AdvancingGuard+1","floor":25},{"not_picked":["hexamod:InspiringFlames","hexamod:SwordOfDarkness+1","hexamod:GhostOfSpirePresent"],"picked":"SKIP","floor":25},{"not_picked":["hexamod:Again","hexamod:GhostLash","hexamod:HauntingEcho"],"picked":"SKIP","floor":28},{"not_picked":["hexamod:GhostShield","hexamod:HeatMetal+1","hexamod:ExtraCrispy+1"],"picked":"SKIP","floor":28},{"not_picked":["hexamod:GhostShield","hexamod:GhostLash","hexamod:PhantomFireball"],"picked":"SKIP","floor":29},{"not_picked":["hexamod:GhostShield","hexamod:SpectersWail"],"picked":"hexamod:FastForward","floor":31},{"not_picked":["hexamod:ChargedBarrage+1","hexamod:HeatMetal","hexamod:ShieldOfDarkness+1"],"picked":"SKIP","floor":31},{"not_picked":["hexamod:BacktrackSmack","hexamod:PhantomFireball"],"picked":"hexamod:StepThrough","floor":32},{"not_picked":["hexamod:Haunt","hexamod:HeatShield+1","hexamod:EtherealExpedition"],"picked":"SKIP","floor":32}],"player_experience":7862,"relics_obtained":[{"floor":7,"key":"Potion Belt"},{"floor":8,"key":"Mummified Hand"},{"floor":24,"key":"Peace Pipe"},{"floor":31,"key":"Regal Pillow"}],"event_choices":[{"damage_healed":0,"gold_gain":0,"player_choice":"Donut","damage_taken":0,"max_hp_gain":5,"max_hp_loss":0,"event_name":"Big Fish","floor":14,"gold_loss":0}],"is_beta":false,"boss_relics":[{"not_picked":["Philosopher\u0027s Stone","Snecko Eye"],"picked":"Runic Dome"}],"items_purged_floors":[],"is_endless":false,"potions_floor_spawned":[6,8,9,11,15,21,28,31],"killed_by":"SI_MIRROR_ARCHETYPE","ascension_level":0}}