{"host":"jfbo3eu2ui08ej1u","time":1612496680,"event":{"mods":["2.2 Compatiblity","AchievementEnabler","Act Like it!","Aspiration","BaseMod","Better Altar","Better Match","Better Note","Better Sensory Stone","Better Skull","Better Third Choice","Block Reminder","Colored Map","Colored Powertips","Conspire","DeckTracker","Displayed Cursed Tome","Energized Spire","Fox Events","GifTheSpireLib","Hermit","Hubris","Infinite Spire","Marked Mod","Minty Spire (QoL Compilation)","Monster B Gone","Pale of the Ancients","Poor People Problems","Quick Restart","Relic Filter","Reliquary","Reorder Act Four","Replay The Spire","Shop Mod","Spicy Shops","Spire Arcade","StSLib","Stuff the Spire","The Blue Laboratory","The Disciple","The Forsaken","The Hierophant","The Marked","Uncapped","Unceasing Turn Reminder","Wandering Minibosses"],"gold_per_floor":[112,6,6,21,37,37,33,45,83,123,145,177,224,92,92,196,196,182,162,180,5,24,50,50,79,128,128,145,162,162,173,173,270,220,230,230,230,245,245,245,284,284,284,284,87,110,110,126,126,126,146,167,198,50,50,72,72,119,119,124],"floor_reached":61,"language":"ENG","playtime":3387,"items_purged":["hermit:Strike_Hermit","hermit:Strike_Hermit"],"score":1623,"play_id":"aa83cbae-9269-43c0-bece-7f44b3322aec","local_time":"20210204224440","is_ascension_mode":true,"campfire_choices":[{"data":"hermit:GhostlyPresence","floor":6.0,"key":"SMITH"},{"floor":8.0,"key":"REST"},{"floor":15.0,"key":"REST"},{"floor":30.0,"key":"REST"},{"floor":32.0,"key":"REST"},{"floor":40.0,"key":"REST"},{"data":"Replay:Dark Deal","floor":42.0,"key":"SMITH"},{"data":"infinitespire:FutureSight","floor":44.0,"key":"SMITH"},{"data":"1","floor":49.0,"key":"LIFT"},{"floor":55,"key":"REST"},{"data":"2","floor":57,"key":"LIFT"}],"circlet_count":0,"master_deck":["hermit:TakeAim+1","hermit:Strike_Hermit","hermit:Strike_Hermit","hermit:Defend_Hermit","hermit:Defend_Hermit","hermit:Defend_Hermit","hermit:Defend_Hermit","hermit:Snapshot","hermit:Covet+1","hermit:Combo","hermit:GhostlyPresence+1","hermit:Combo","hermit:TrackingShot","hermit:Combo+1","hermit:TrackingShot","hermit:Combo+1","hermit:Combo+1","hermit:TakeAim+1","Bandage Up","infinitespire:FutureSight+1","hermit:RoundhouseKick","hermit:HeroicBravado","hermit:Strike_Hermit","hermit:Adapt+1","Madness","Madness","hermit:Scavenge","Replay:Dark Deal+1","Purity","conspire:NecroticWound","Mayhem+1","hermit:EyeOfTheStorm","hermit:Snipe+1","hermit:EyeOfTheStorm","hermit:CalledShot+1","hermit:TakeAim+1","ReplayTheSpireMod:Restless Dread"],"relics":["hermit:Momento","hubris:Icosahedron","MawBank","Replay:Rubber Ducky","Frozen Egg 2","wanderingMiniBosses:Inkheart","PreservedInsect","aspiration:SecretTechniqueScroll","StuffTheSpire:SapphireSignet","Cursed Key","hubris:BundleOfHerbs","Blue Candle","hubris:TenFootPole","Vajra","energizedSpire:HugeHouse","StuffTheSpire:HeavyRock","Girya","paleoftheancients:Timepiece","Gremlin Horn","CultistMask","paleoftheancients:SoulOfTheWokeBloke","ReplayFunnel","Strawberry"],"acts_visited":["Exordium","TheCity","TheBeyond","paleoftheancients:PaleOfTheAncients"],"potions_floor_usage":[52,52,60,60],"damage_taken":[{"damage":0.0,"enemies":"Cultist","floor":1.0,"turns":3.0},{"damage":14.0,"enemies":"2 Louse","floor":4.0,"turns":3.0},{"damage":7.0,"enemies":"Small Slimes","floor":5.0,"turns":4.0},{"damage":21.0,"enemies":"Lagavulin","floor":7.0,"turns":8.0},{"damage":12.0,"enemies":"Gremlin Nob","floor":10.0,"turns":4.0},{"damage":8.0,"enemies":"2 Fungi Beasts","floor":11.0,"turns":3.0},{"damage":0.0,"enemies":"Exordium Thugs","floor":12.0,"turns":7.0},{"damage":5.0,"enemies":"3 Sentries","floor":13.0,"turns":6.0},{"damage":10.0,"enemies":"Hexaghost","floor":16.0,"turns":8.0},{"damage":19.0,"enemies":"2 Thieves","floor":18.0,"turns":4.0},{"damage":0.0,"enemies":"Spheric Guardian","floor":20.0,"turns":4.0},{"damage":9.0,"enemies":"Snecko","floor":22.0,"turns":4.0},{"damage":40.0,"enemies":"Book of Stabbing","floor":23.0,"turns":6.0},{"damage":8.0,"enemies":"Slavers","floor":25.0,"turns":3.0},{"damage":1.0,"enemies":"Cultist and Chosen","floor":28.0,"turns":3.0},{"damage":2.0,"enemies":"3 Cultists","floor":29.0,"turns":4.0},{"damage":13.0,"enemies":"Snake Plant","floor":31.0,"turns":3.0},{"damage":11.0,"enemies":"hubris:MusketHawk","floor":33.0,"turns":6.0},{"damage":1.0,"enemies":"3 Shapes","floor":35.0,"turns":3.0},{"damage":47.0,"enemies":"3 Darklings","floor":38.0,"turns":6.0},{"damage":1.0,"enemies":"R_Hoarder","floor":41.0,"turns":7.0},{"damage":17.0,"enemies":"Sphere and 2 Shapes","floor":46.0,"turns":5.0},{"damage":3.0,"enemies":"Writhing Mass","floor":48.0,"turns":4.0},{"damage":0.0,"enemies":"hubris:GrandSnecko","floor":50.0,"turns":5.0},{"damage":67.0,"enemies":"hubris:GrandSnecko","floor":51.0,"turns":6.0},{"damage":13,"enemies":"hubris:GrandSnecko","floor":52,"turns":8},{"damage":1,"enemies":"conspire:MimicChest","floor":53,"turns":3},{"damage":0,"enemies":"conspire:MimicChest","floor":56,"turns":3},{"damage":35,"enemies":"paleoftheancients:N","floor":60,"turns":6}],"seed_played":"-8146641448824229839","potions_obtained":[{"floor":1.0,"key":"blueLaboratory:AbyssPotion"},{"floor":10.0,"key":"Venom Potion"},{"floor":11.0,"key":"Swift Potion"},{"floor":18.0,"key":"blueLaboratory:BottledHope"},{"floor":19.0,"key":"Energy Potion"},{"floor":22.0,"key":"Elixir"},{"floor":25.0,"key":"blueLaboratory:Moonshine"},{"floor":38.0,"key":"blueLaboratory:BottleOfVodka"},{"floor":41.0,"key":"blueLaboratory:TrueEctoplasm"},{"floor":48.0,"key":"blueLaboratory:LouseDecoction"},{"floor":51.0,"key":"blueLaboratory:LouseDecoction"}],"is_trial":false,"path_per_floor":["M","$","?","M","M","R","E","R","T","E","M","M","E","$","R","B",null,"M","?","M","$","M","E","AVR","E","T","?","M","M","R","M","R","B",null,"M","?","?","M","?","R","E","R","T","R","$","M","?","M","R","B","M","M","?","$","R","M","R","T","?","B",null],"character_chosen":"HERMIT","items_purchased":["hermit:GhostlyPresence","hermit:Combo+1","hermit:TakeAim+1","Bandage Up","Mayhem+1","Swift Potion","Energy Potion"],"campfire_rested":6,"item_purchase_floors":[2,14,21,21,45,54,54],"current_hp_per_floor":[75,75,75,61,54,54,33,55,55,43,35,35,30,30,52,42,75,56,56,56,56,51,15,15,11,11,11,14,16,38,31,53,50,70,70,66,66,23,23,43,67,67,67,67,67,51,55,56,56,67,36,27,30,30,50,58,58,65,65,51],"gold":124,"neow_bonus":"UPGRADE_CARD","is_daily":false,"chose_seed":false,"campfire_upgraded":3,"win_rate":0.0,"timestamp":1612496680,"path_taken":["M","$","?","M","M","R","E","R","T","E","M","M","E","$","R","BOSS","M","?","?","?","?","E","AVR","E","T","?","M","M","R","M","R","BOSS","M","?","?","?","?","R","E","R","T","R","$","M","?","?","R","BOSS","M","M","?","$","R","M","R","T","?","BOSS"],"items_purchased_type":["Card","Card","Card","Card","Card","Potion","Potion"],"build_version":"2020-12-22","purchased_purges":2,"victory":true,"max_hp_per_floor":[75,75,75,75,75,75,75,75,75,75,75,75,75,75,75,75,75,75,75,75,75,75,75,75,75,75,75,75,75,75,75,75,75,70,70,70,67,67,67,67,67,67,67,67,67,67,67,67,67,67,67,67,67,67,67,67,67,74,74,74],"card_choices":[{"not_picked":["hermit:Cheat","hermit:Headshot"],"picked":"hermit:Combo","floor":1.0},{"not_picked":["hermit:Snipe","hermit:GhostlyPresence"],"picked":"hermit:Combo","floor":4.0},{"not_picked":["hermit:SprayPray","hermit:Desperado"],"picked":"hermit:TrackingShot","floor":5.0},{"not_picked":["hermit:WideOpen","hermit:Cheat","hermit:Ricochet"],"picked":"SKIP","floor":7.0},{"not_picked":["hermit:Shortfuse","hermit:HeroicBravado"],"picked":"hermit:Combo+1","floor":10.0},{"not_picked":["hermit:Ricochet","hermit:Coalescence"],"picked":"hermit:TrackingShot","floor":11.0},{"not_picked":["hermit:Coalescence","hermit:NoHoldsBarred","hermit:Feint"],"picked":"SKIP","floor":12.0},{"not_picked":["hermit:CursedWeapon","hermit:Grudge","hermit:FromBeyond"],"picked":"SKIP","floor":13.0},{"not_picked":["hermit:LowProfile","hermit:Misfire","hermit:Quickdraw+1"],"picked":"SKIP","floor":18.0},{"not_picked":["hermit:Cheat","hermit:Roulette"],"picked":"hermit:Combo+1","floor":20.0},{"not_picked":["hermit:Roulette+1","hermit:HighCaliber","hermit:Virtue"],"picked":"SKIP","floor":22.0},{"not_picked":["hermit:HoleUp","hermit:ShadowCloak+1"],"picked":"hermit:Snipe","floor":23.0},{"not_picked":["hermit:Manifest","hermit:Showdown+1"],"picked":"hermit:RoundhouseKick","floor":25.0},{"not_picked":["hermit:PistolWhip","hermit:Glare","hermit:HighCaliber"],"picked":"SKIP","floor":28.0},{"not_picked":["hermit:BodyArmor","hermit:Vantage+1","hermit:Desperado"],"picked":"SKIP","floor":29.0},{"not_picked":["hermit:Feint","hermit:Quickdraw","hermit:SprayPray"],"picked":"SKIP","floor":31.0},{"not_picked":["hermit:Adapt+1","hermit:FatalDesire+1"],"picked":"hermit:HeroicBravado","floor":33.0},{"not_picked":["hermit:NoHoldsBarred+1","hermit:SprayPray+1","hermit:Quickdraw+1"],"picked":"SKIP","floor":35.0},{"not_picked":["hermit:LuckOfTheDraw+1","hermit:CalledShot"],"picked":"hermit:Scavenge","floor":38.0},{"not_picked":["Good Instincts","Flash of Steel"],"picked":"Replay:Dark Deal","floor":39.0},{"not_picked":["Panacea","Secret Weapon"],"picked":"Purity","floor":39.0},{"not_picked":["hermit:SprayPray+1","hermit:Manifest","hermit:Shortfuse+1"],"picked":"SKIP","floor":41.0},{"not_picked":["hermit:CalledShot+1","hermit:Snipe"],"picked":"hermit:EyeOfTheStorm","floor":46.0},{"not_picked":["hermit:HoleUp","hermit:Misfire+1"],"picked":"hermit:Snipe+1","floor":48.0},{"not_picked":["hermit:Determination+1","hermit:Cheat+1"],"picked":"hermit:EyeOfTheStorm","floor":51.0},{"not_picked":["hermit:HoleUp","hermit:Feint"],"picked":"hermit:CalledShot+1","floor":52},{"not_picked":["hermit:NoHoldsBarred","hermit:Vantage"],"picked":"hermit:TakeAim+1","floor":56}],"player_experience":1298300,"relics_obtained":[{"floor":7.0,"key":"MawBank"},{"floor":9.0,"key":"Replay:Rubber Ducky"},{"floor":10.0,"key":"Frozen Egg 2"},{"floor":12.0,"key":"wanderingMiniBosses:Inkheart"},{"floor":13.0,"key":"PreservedInsect"},{"floor":23.0,"key":"StuffTheSpire:SapphireSignet"},{"floor":25.0,"key":"Blue Candle"},{"floor":26.0,"key":"hubris:TenFootPole"},{"floor":41.0,"key":"StuffTheSpire:HeavyRock"},{"floor":43.0,"key":"Girya"},{"floor":52,"key":"paleoftheancients:SoulOfTheWokeBloke"},{"floor":53,"key":"ReplayFunnel"},{"floor":58,"key":"Strawberry"}],"event_choices":[{"damage_healed":0.0,"max_hp_gain":0.0,"max_hp_loss":0.0,"gold_gain":0.0,"event_name":"The Woman in Blue","player_choice":"Bought 1 Potion","floor":19.0,"gold_loss":0.0,"damage_taken":0.0},{"damage_healed":0.0,"max_hp_gain":0.0,"max_hp_loss":0.0,"gold_gain":0.0,"event_name":"Winding Halls","player_choice":"Embrace Madness","floor":36.0,"gold_loss":0.0,"damage_taken":9.0,"cards_obtained":["Madness","Madness"]},{"cards_removed":["StuffTheSpire:CuriosityCurse","Parasite"],"damage_healed":0.0,"max_hp_gain":0.0,"max_hp_loss":0.0,"gold_gain":0.0,"event_name":"Fountain of Cleansing","player_choice":"Removed Curses","floor":37.0,"gold_loss":0.0,"damage_taken":0.0},{"damage_healed":0.0,"max_hp_gain":0.0,"max_hp_loss":0.0,"gold_gain":3.0,"event_name":"betterStone:BetterStone","player_choice":"1","floor":39.0,"gold_loss":0.0,"damage_taken":0.0},{"damage_healed":4.0,"max_hp_gain":0.0,"max_hp_loss":0.0,"gold_gain":0.0,"event_name":"betterSkull:BetterSkull","player_choice":"LEAVE ","floor":47.0,"gold_loss":0.0,"damage_taken":0.0,"cards_upgraded":[],"relics_obtained":[]}],"is_beta":false,"boss_relics":[{"not_picked":["SacredBark","aspiration:IroncladSkillbook"],"picked":"aspiration:SecretTechniqueScroll"},{"not_picked":["ReplayTheSpireMod:DimensionalGlitch","hubris:GrandSneckoEye"],"picked":"energizedSpire:HugeHouse"}],"items_purged_floors":[14,24],"is_endless":false,"potions_floor_spawned":[1,10,11,18,22,25,28,31,33,38,41,46,48,51],"ascension_level":2}}