{"host":"1a9bbjeis3rg03b1","time":1612495672,"event":{"mods":["BaseMod","Downfall","Googly Eyes","Mimic Mod","Minty Spire (QoL Compilation)","Morshu Shopkeeper","Reliquary","Robot Space Explorer","StSLib","The Jungle","The Poker Player","Wide Potions","everything is the same but u backflip on backflip"],"gold_per_floor":[117,44,44,55,71,98,154,154,202,221,254,254,254,110,110,215,215,228,228,228,48,48,74,74,74,74,74],"floor_reached":25,"language":"ENG","playtime":2101,"items_purged":[],"score":236,"play_id":"e04f9ba0-142b-44e4-ae88-5308a93db204","local_time":"20210204202752","is_ascension_mode":true,"metric_token":850,"campfire_choices":[{"floor":8,"key":"REST"},{"floor":15,"key":"REST"},{"floor":24,"key":"REST"}],"circlet_count":0,"master_deck":["PokerPlayerMod:Diamond1","PokerPlayerMod:Diamond2","PokerPlayerMod:Diamond3","PokerPlayerMod:Diamond4","PokerPlayerMod:Diamond5","PokerPlayerMod:Spade1","PokerPlayerMod:Spade2","PokerPlayerMod:Spade3","PokerPlayerMod:Spade4","PokerPlayerMod:Club1","PokerPlayerMod:Club2","PokerPlayerMod:Heart2","PokerPlayerMod:TrumpStrike+1","PokerPlayerMod:BadJoker","PokerPlayerMod:Mulligan+1","PokerPlayerMod:Configure+1","PokerPlayerMod:Diamond4","PokerPlayerMod:Raise","PokerPlayerMod:Spade2","PokerPlayerMod:Diamond1","PokerPlayerMod:Heart2","PokerPlayerMod:Spade4","PokerPlayerMod:PoorCopy+1","PokerPlayerMod:Raise+1","PokerPlayerMod:HiddenCard","PokerPlayerMod:Club4","PokerPlayerMod:Heart2","PokerPlayerMod:TheDieIsCast","PokerPlayerMod:Club2","PokerPlayerMod:Club1","PokerPlayerMod:JackOfSpades"],"relics":["PokerPlayerMod:DeckCase","Peace Pipe","PokerPlayerMod:Splitter","reliquary:Boomerang","reliquary:Buckler","bronze:MakeshiftBattery","sneckomod:BabySnecko","Lee\u0027s Waffle","Kunai","Boot"],"acts_visited":["Exordium","TheCity"],"potions_floor_usage":[7,7,16,25],"damage_taken":[{"damage":0,"enemies":"Jaw Worm","floor":1,"turns":2},{"damage":6,"enemies":"2 Louse","floor":4,"turns":2},{"damage":0,"enemies":"Small Slimes","floor":5,"turns":3},{"damage":21,"enemies":"Lagavulin","floor":6,"turns":4},{"damage":11,"enemies":"Lagavulin Event","floor":7,"turns":5},{"damage":0,"enemies":"3 Louse","floor":10,"turns":1},{"damage":23,"enemies":"Gremlin Nob","floor":11,"turns":4},{"damage":31,"enemies":"The Guardian","floor":16,"turns":9},{"damage":0,"enemies":"Spheric Guardian","floor":18,"turns":2},{"damage":55,"enemies":"Book of Stabbing","floor":23,"turns":6},{"damage":0,"enemies":"Slavers","floor":25,"turns":1}],"seed_played":"-4963670849834168252","potions_obtained":[{"floor":1,"key":"sneckomod:MuddlingPotion"},{"floor":4,"key":"Guardian:BlockOnCardUsePotion"},{"floor":6,"key":"PowerPotion"},{"floor":10,"key":"SpeedPotion"},{"floor":18,"key":"LiquidMemories"},{"floor":23,"key":"DuplicationPotion"}],"is_trial":false,"path_per_floor":["M","$","?","M","M","E","?","R","T","M","E","?","?","$","R","B",null,"M","?","?","$","T","E","R","E"],"character_chosen":"THE_POKER_PLAYER","items_purchased":["PokerPlayerMod:Diamond4","PokerPlayerMod:Raise","PokerPlayerMod:HiddenCard","PokerPlayerMod:Club4","PokerPlayerMod:Heart2","PokerPlayerMod:Club1","Lee\u0027s Waffle"],"campfire_rested":3,"item_purchase_floors":[2,2,14,14,14,21,21],"current_hp_per_floor":[37,37,37,34,39,27,26,41,41,41,29,19,19,19,34,17,52,52,52,52,59,59,16,33,33,33,33],"gold":74,"neow_bonus":"ONE_RARE_RELIC","is_daily":false,"chose_seed":false,"campfire_upgraded":0,"win_rate":0.0,"timestamp":1612495672,"path_taken":["M","$","?","M","M","E","?","R","T","M","E","?","?","$","R","BOSS","M","?","?","$","?","E","R","E"],"items_purchased_type":["Card","Card","Card","Card","Card","Card","Relic"],"build_version":"2020-12-22","purchased_purges":0,"victory":false,"max_hp_per_floor":[52,52,52,52,52,52,52,52,52,52,52,52,52,52,52,52,52,52,52,52,59,59,59,59,59,59,59],"card_choices":[{"not_picked":["PokerPlayerMod:Spade8","PokerPlayerMod:Heart2"],"picked":"PokerPlayerMod:Configure","floor":1},{"not_picked":["PokerPlayerMod:Diamond1","PokerPlayerMod:Spade1"],"picked":"PokerPlayerMod:Spade2","floor":4},{"not_picked":["PokerPlayerMod:Harden","PokerPlayerMod:CardBurn"],"picked":"PokerPlayerMod:Diamond1","floor":5},{"not_picked":["PokerPlayerMod:Sharpen","PokerPlayerMod:Club3"],"picked":"PokerPlayerMod:Heart2","floor":6},{"not_picked":["PokerPlayerMod:CardBurn","PokerPlayerMod:Club7"],"picked":"PokerPlayerMod:Spade4","floor":7},{"not_picked":["PokerPlayerMod:Club1","PokerPlayerMod:CardPrinter"],"picked":"PokerPlayerMod:PoorCopy","floor":10},{"not_picked":["PokerPlayerMod:DartThrow","PokerPlayerMod:Spade2"],"picked":"PokerPlayerMod:Raise","floor":11},{"not_picked":["PokerPlayerMod:Diamond9","PokerPlayerMod:Heart9"],"picked":"PokerPlayerMod:TheDieIsCast","floor":16},{"not_picked":["PokerPlayerMod:Diamond4","PokerPlayerMod:Diamond2"],"picked":"PokerPlayerMod:Club2","floor":18},{"not_picked":["PokerPlayerMod:Raise","PokerPlayerMod:Club1"],"picked":"PokerPlayerMod:JackOfSpades","floor":23}],"player_experience":694937,"relics_obtained":[{"floor":6,"key":"PokerPlayerMod:Splitter"},{"floor":7,"key":"reliquary:Boomerang"},{"floor":11,"key":"reliquary:Buckler"},{"floor":22,"key":"Kunai"},{"floor":23,"key":"Boot"}],"event_choices":[{"damage_healed":0,"gold_gain":0,"player_choice":"Grow","damage_taken":0,"max_hp_gain":0,"max_hp_loss":0,"event_name":"Living Wall","floor":3,"gold_loss":0,"cards_upgraded":["PokerPlayerMod:TrumpStrike"]},{"damage_healed":0,"gold_gain":30,"player_choice":"Searched \u00272\u0027 times","damage_taken":0,"max_hp_gain":0,"max_hp_loss":0,"event_name":"Dead Adventurer","floor":7,"gold_loss":0},{"damage_healed":0,"gold_gain":0,"player_choice":"Entered Light","damage_taken":10,"max_hp_gain":0,"max_hp_loss":0,"event_name":"Shining Light","floor":12,"gold_loss":0,"cards_upgraded":["PokerPlayerMod:PoorCopy","PokerPlayerMod:Mulligan"]},{"damage_healed":0,"gold_gain":0,"player_choice":"Ignored","damage_taken":0,"max_hp_gain":0,"max_hp_loss":0,"event_name":"Golden Idol","floor":13,"gold_loss":0},{"cards_removed":["downfall:Bewildered"],"damage_healed":0,"gold_gain":0,"player_choice":"Elegance","damage_taken":0,"max_hp_gain":0,"max_hp_loss":0,"event_name":"PokerPlayerMod:BackToBasicsPoker","floor":20,"gold_loss":0}],"is_beta":false,"boss_relics":[{"not_picked":["Philosopher\u0027s Stone","Runic Dome"],"picked":"bronze:MakeshiftBattery"}],"items_purged_floors":[],"is_endless":false,"potions_floor_spawned":[1,4,6,10,18,23],"killed_by":"Slavers","ascension_level":1}}