{"host":"mb22iysgi53dyee9","time":1612523329,"event":{"mods":["AchievementEnabler","BaseMod","Colored Map","DeckTracker","Minty Spire (QoL Compilation)","Permanent Neow","SuperFastMode"],"gold_per_floor":[112,123,123,135,150,150,177,177,231,231,250,21,21,53,53,154,154,173,22,38,38,38],"floor_reached":21,"language":"KOR","playtime":1062,"items_purged":["Strike_R"],"score":189,"play_id":"14c6d9ec-d10f-4c5a-8261-f07e115fae22","local_time":"20210205200849","is_ascension_mode":false,"campfire_choices":[{"data":"Heavy Blade","floor":6.0,"key":"SMITH"},{"data":"Barricade","floor":8.0,"key":"SMITH"},{"data":"Twin Strike","floor":10.0,"key":"SMITH"},{"floor":15.0,"key":"REST"}],"circlet_count":0,"master_deck":["Strike_R+1","Strike_R","Strike_R","Defend_R","Defend_R","Defend_R","Bash","Twin Strike+1","Combust","Heavy Blade+1","Barricade+1","Pommel Strike+1","Headbutt","Demon Form","True Grit","Impervious","Armaments"],"relics":["Black Blood","NeowsBlessing","Darkstone Periapt","Juzu Bracelet","Vajra","Whetstone"],"acts_visited":["Exordium","TheCity"],"potions_floor_usage":[],"damage_taken":[{"damage":0.0,"enemies":"Jaw Worm","floor":1.0,"turns":1.0},{"damage":0.0,"enemies":"Cultist","floor":2.0,"turns":1.0},{"damage":0.0,"enemies":"Small Slimes","floor":4.0,"turns":1.0},{"damage":11.0,"enemies":"2 Fungi Beasts","floor":5.0,"turns":4.0},{"damage":14.0,"enemies":"Gremlin Nob","floor":7.0,"turns":3.0},{"damage":13.0,"enemies":"Lots of Slimes","floor":11.0,"turns":4.0},{"damage":49.0,"enemies":"3 Sentries","floor":14.0,"turns":8.0},{"damage":30.0,"enemies":"Slime Boss","floor":16.0,"turns":11.0},{"damage":46,"enemies":"3 Byrds","floor":18,"turns":6},{"damage":43,"enemies":"Shell Parasite","floor":20,"turns":11}],"seed_played":"5540685862684370297","potions_obtained":[{"floor":1.0,"key":"SteroidPotion"},{"floor":2.0,"key":"SkillPotion"},{"floor":4.0,"key":"BlessingOfTheForge"},{"floor":18,"key":"Ancient Potion"}],"is_trial":false,"path_per_floor":["M","M","?","M","M","R","E","R","T","R","M","$","?","E","R","B",null,"M","$","M","?"],"character_chosen":"IRONCLAD","items_purchased":["Vajra","Impervious"],"campfire_rested":1,"item_purchase_floors":[12,19],"current_hp_per_floor":[80,80,80,80,75,75,67,67,67,67,60,60,53,10,34,10,80,46,46,15,0,0],"gold":38,"neow_bonus":"THREE_ENEMY_KILL","is_daily":false,"chose_seed":false,"campfire_upgraded":3,"win_rate":0.0,"timestamp":1612523329,"path_taken":["M","M","?","M","M","R","E","R","T","R","M","$","?","E","R","BOSS","M","$","M","?"],"items_purchased_type":["Relic","Card"],"build_version":"2020-12-22","purchased_purges":1,"victory":false,"max_hp_per_floor":[80,80,80,80,80,80,80,80,80,80,80,80,80,80,80,80,80,80,80,80,80,80],"card_choices":[{"not_picked":["Dual Wield","Wild Strike","Dropkick"],"picked":"SKIP","floor":1.0},{"not_picked":["Cleave","Thunderclap"],"picked":"Twin Strike","floor":2.0},{"not_picked":["Second Wind","Sword Boomerang","Disarm"],"picked":"SKIP","floor":4.0},{"not_picked":["Iron Wave","Evolve"],"picked":"Heavy Blade","floor":5.0},{"not_picked":["Ghostly Armor","Iron Wave"],"picked":"Barricade","floor":7.0},{"not_picked":["Warcry","Combust"],"picked":"Pommel Strike","floor":11.0},{"not_picked":["Perfected Strike","Sword Boomerang"],"picked":"Headbutt","floor":14.0},{"not_picked":["Berserk","Bludgeon"],"picked":"Demon Form","floor":16.0},{"not_picked":["Headbutt","Uppercut"],"picked":"True Grit","floor":18},{"not_picked":["Cleave","Intimidate"],"picked":"Armaments","floor":20}],"player_experience":30875,"relics_obtained":[{"floor":7.0,"key":"Darkstone Periapt"},{"floor":9.0,"key":"Juzu Bracelet"},{"floor":14.0,"key":"Whetstone"}],"event_choices":[{"damage_healed":0.0,"max_hp_gain":0.0,"max_hp_loss":0.0,"gold_gain":0.0,"cards_transformed":["Strike_R"],"event_name":"Transmorgrifier","player_choice":"Transformed","floor":3.0,"gold_loss":0.0,"damage_taken":0.0,"cards_obtained":["Combust"]},{"cards_removed":["Defend_R"],"damage_healed":0.0,"max_hp_gain":0.0,"max_hp_loss":0.0,"gold_gain":0.0,"event_name":"Golden Wing","player_choice":"Card Removal","floor":13.0,"gold_loss":0.0,"damage_taken":7.0}],"is_beta":false,"boss_relics":[{"not_picked":["Sozu","Ectoplasm"],"picked":"Black Blood"}],"items_purged_floors":[12],"is_endless":false,"potions_floor_spawned":[1,2,4,18],"ascension_level":0}}