{"host":"d61fcf2p3sjwe6yo","time":1612559556,"event":{"mods":["Act Like it!","BaseMod","Colored Map","Hallownest","Minty Spire (QoL Compilation)","StSLib","SuperFastMode","The Bug Knight"],"gold_per_floor":[112,122,122,136,136,136,165,165,189,228,228,153,178,204,204,316,316,334,363,363,415,442,451,483,498,498,538,547,547,562,255,255,357,357,377,205,214,228,239,239,179,179,261,295,315,17,26,42,51,51],"floor_reached":51,"language":"ENG","playtime":3183,"items_purged":["HollowMod:NailStrikeStart","Normality","Regret"],"score":849,"play_id":"6c42b9e8-7411-4ccb-a5dc-916f15a58e1a","local_time":"20210206001236","is_ascension_mode":true,"campfire_choices":[{"data":"HollowMod:VengefulSpirit","floor":6,"key":"SMITH"},{"data":"HollowMod:PogoStrike","floor":8,"key":"SMITH"},{"data":"HollowMod:SoulSplash","floor":11,"key":"SMITH"},{"data":"HollowMod:PureNailStrike","floor":15,"key":"SMITH"},{"floor":23,"key":"REST"},{"floor":28,"key":"REST"},{"data":"HollowMod:AwokenDreamNail","floor":32,"key":"SMITH"},{"floor":40,"key":"REST"},{"floor":42,"key":"REST"},{"floor":47,"key":"REST"},{"floor":49,"key":"REST"}],"circlet_count":0,"master_deck":["HollowMod:NailStrikeStart","HollowMod:NailStrikeStart","HollowMod:NailStrikeStart","HollowMod:QuickDashStart","HollowMod:QuickDashStart+1","HollowMod:QuickDashStart","HollowMod:QuickDashStart","HollowMod:FocusHealStart","HollowMod:PogoStrike+1","HollowMod:SoulMaster","HollowMod:VengefulSpirit+1","HollowMod:DoubleDash+1","HollowMod:SoulSplash+1","HollowMod:PureNailStrike+1","HollowMod:AwokenDreamNail+1","HollowMod:GoodIntentions+1","HollowMod:ShapeofUnn","HollowMod:BaldurShell","HollowMod:SoulStrike","HollowMod:HowlingWraiths+1","HollowMod:DoubleDash","HollowMod:RecoilStrike","HollowMod:BaldurShell+1","HollowMod:GoodIntentions+1","HollowMod:HuntersJournal+1"],"relics":["HollowMod:VesselMask","Tiny Chest","Hallownest:DreamNailRelic","War Paint","Oddly Smooth Stone","CeramicFish","Hallownest:BankAccountRelic","Dream Catcher","Runic Dome","HornCleat","HollowMod:StagPassRelic","Centennial Puzzle","Pen Nib","Bottled Flame","Cursed Key","DollysMirror","Akabeko","Molten Egg 2","Kunai","Membership Card","Mummified Hand"],"acts_visited":["Hallownest:Greenpath","Hallownest:CityofTears","Hallownest:KingdomsEdge"],"potions_floor_usage":[10,16,19,19,27,27,27,39,50,50,50],"damage_taken":[{"damage":7,"enemies":"Hallownest:2_Baldur","floor":1,"turns":4},{"damage":2,"enemies":"Hallownest:2_Tiktiks_and_1_Crawlid","floor":2,"turns":4},{"damage":9,"enemies":"2_ Uuma","floor":4,"turns":7},{"damage":14,"enemies":"Hallownest:eliteMossKnight","floor":7,"turns":8},{"damage":4,"enemies":"Hallownest:eliteCrystalGuardian","floor":10,"turns":5},{"damage":2,"enemies":"Hallownest:eliteMossKnight","floor":13,"turns":5},{"damage":0,"enemies":"Hallownest:Guard_and_Warrior","floor":14,"turns":6},{"damage":18,"enemies":"Hallownest:BossBrokenVessel","floor":16,"turns":8},{"damage":24,"enemies":"Hallownest:3_Youths","floor":18,"turns":8},{"damage":10,"enemies":"Hallownest:Guard_and_Sentry","floor":19,"turns":4},{"damage":17,"enemies":"Hallownest:Glutton_and_Coward","floor":21,"turns":5},{"damage":5,"enemies":"Hallownest:Warrior_and_Youth","floor":22,"turns":6},{"damage":24,"enemies":"Hallownest:eliteSoulWarrior","floor":24,"turns":13},{"damage":27,"enemies":"Hallownest:monsterShrumalOgre","floor":25,"turns":5},{"damage":0,"enemies":"Hallownest:eliteWatcherKnight","floor":27,"turns":11},{"damage":4,"enemies":"Hallownest:3_Mistakes","floor":30,"turns":6},{"damage":25,"enemies":"Hallownest:BossGrimm","floor":33,"turns":11},{"damage":25,"enemies":"Hallownest:2_Littles","floor":35,"turns":4},{"damage":11,"enemies":"Hallownest:3_Siblings","floor":38,"turns":6},{"damage":29,"enemies":"Hallownest:Slobbering_and_Violent","floor":39,"turns":8},{"damage":3,"enemies":"Hallownest:StalkingDevout","floor":44,"turns":7},{"damage":22,"enemies":"Hallownest:monsterPrimalAspid","floor":45,"turns":5},{"damage":20,"enemies":"Hallownest:2_Soldiers_and_1_Guardian","floor":48,"turns":6},{"damage":19,"enemies":"Hallownest:Radiance","floor":50,"turns":10}],"seed_played":"-4242746957516764849","potions_obtained":[{"floor":2,"key":"Fire Potion"},{"floor":7,"key":"SkillPotion"},{"floor":13,"key":"GamblersBrew"},{"floor":14,"key":"ColorlessPotion"},{"floor":16,"key":"SkillPotion"},{"floor":18,"key":"Swift Potion"},{"floor":21,"key":"EssenceOfSteel"},{"floor":22,"key":"Energy Potion"},{"floor":35,"key":"Dexterity Potion"},{"floor":39,"key":"Swift Potion"},{"floor":48,"key":"PowerPotion"}],"is_trial":false,"path_per_floor":["M","M","?","M","T","R","E","R","T","E","R","?","E","M","R","B",null,"M","M","?","M","M","R","E","M","T","E","R","?","M","$","R","B",null,"M","$","T","M","M","R","$","R","T","E","M","$","R","M","R","B",null],"character_chosen":"THE_BUGKNIGHT","items_purchased":["Bottled Flame","CultistPotion","DollysMirror","Membership Card","Mummified Hand"],"campfire_rested":6,"item_purchase_floors":[31,31,36,46,46],"current_hp_per_floor":[74,75,75,75,75,75,67,67,67,69,69,69,73,73,73,61,75,51,41,46,29,30,52,40,19,19,31,53,53,55,55,55,40,75,56,56,56,45,26,48,48,70,70,73,51,51,73,63,75,58],"gold":51,"neow_bonus":"RANDOM_COMMON_RELIC","is_daily":false,"chose_seed":false,"campfire_upgraded":5,"win_rate":0.0,"timestamp":1612559556,"path_taken":["M","?","?","?","?","R","E","R","T","E","R","?","E","M","R","BOSS","M","M","?","M","M","R","E","M","T","E","R","?","M","$","R","BOSS","M","$","?","M","M","R","?","R","T","E","M","$","R","?","R","BOSS"],"items_purchased_type":["Relic","Potion","Relic","Relic","Relic"],"build_version":"2020-12-22","purchased_purges":3,"victory":true,"max_hp_per_floor":[75,75,75,75,75,75,75,75,75,75,75,75,75,75,75,75,75,75,75,75,75,75,75,75,75,75,75,75,75,75,75,75,75,75,75,75,75,75,75,75,75,75,75,75,75,75,75,75,75,75],"card_choices":[{"not_picked":["HollowMod:NewJinnsSoul","HollowMod:CycloneSlash","HollowMod:SoulStrike"],"picked":"SKIP","floor":1},{"not_picked":["HollowMod:SiblingsShadow","HollowMod:CoiledNail"],"picked":"HollowMod:SoulMaster","floor":2},{"not_picked":["HollowMod:SoulStrike","HollowMod:ShapeofUnn"],"picked":"HollowMod:VengefulSpirit","floor":4},{"not_picked":["HollowMod:BrokenVessel","HollowMod:SoulStrike"],"picked":"HollowMod:DoubleDash","floor":7},{"not_picked":["HollowMod:NewJinnsSoul","HollowMod:ChannelNail"],"picked":"HollowMod:SoulSplash","floor":10},{"not_picked":["HollowMod:GrimmsGift","HollowMod:FastStrike","HollowMod:BrokenVessel"],"picked":"SKIP","floor":13},{"not_picked":["HollowMod:InfectedCysts","HollowMod:BlackTendrils"],"picked":"HollowMod:PureNailStrike","floor":14},{"not_picked":["HollowMod:HornetsHelp","HollowMod:Weaversong"],"picked":"HollowMod:AwokenDreamNail","floor":16},{"not_picked":["HollowMod:MawleksShell","HollowMod:VengefulVoid+1","HollowMod:DesolateDive"],"picked":"SKIP","floor":18},{"not_picked":["HollowMod:SoulStrike+1","HollowMod:DashSlash+1"],"picked":"HollowMod:GoodIntentions+1","floor":19},{"not_picked":["HollowMod:LuriensSpire","HollowMod:MothsMistake+1"],"picked":"HollowMod:ShapeofUnn","floor":21},{"not_picked":["HollowMod:LifebloodCocoon+1","HollowMod:FastStrike"],"picked":"HollowMod:BaldurShell","floor":22},{"not_picked":["HollowMod:LifebloodCocoon","HollowMod:VengefulVoid"],"picked":"HollowMod:SoulStrike","floor":23},{"not_picked":["HollowMod:MonomonsArchive","HollowMod:SharpenedShadows","HollowMod:MawleksShell+1"],"picked":"SKIP","floor":24},{"not_picked":["HollowMod:MantisMark","HollowMod:GrimmsGift","HollowMod:HowlingWraiths"],"picked":"SKIP","floor":25},{"not_picked":["HollowMod:DescendingDark+1","HollowMod:DreamGate"],"picked":"HollowMod:HowlingWraiths+1","floor":27},{"not_picked":["HollowMod:ChannelNail","HollowMod:GoodIntentions"],"picked":"HollowMod:DoubleDash","floor":28},{"not_picked":["HollowMod:FallenFury+1","HollowMod:WraithStrike","HollowMod:HeavyBlow"],"picked":"SKIP","floor":30},{"not_picked":["HollowMod:MawleksShell","HollowMod:SoulSplash+1"],"picked":"HollowMod:RecoilStrike","floor":35},{"not_picked":["HollowMod:SiblingsSouls","HollowMod:InfectedCysts","HollowMod:NewJinnsSoul+1"],"picked":"SKIP","floor":38},{"not_picked":["HollowMod:NewJinnsSoul+1","HollowMod:NewLittleFool+1","HollowMod:HornetsHelp"],"picked":"SKIP","floor":39},{"not_picked":["HollowMod:Grubsong+1","HollowMod:SoulShaman","HollowMod:SiblingsShadow+1"],"picked":"SKIP","floor":44},{"not_picked":["HollowMod:NewJinnsSoul+1","HollowMod:GoodIntentions","HollowMod:DescendingDark+1"],"picked":"SKIP","floor":45},{"not_picked":["HollowMod:HowlingWraiths+1","HollowMod:SoulEater"],"picked":"HollowMod:GoodIntentions+1","floor":47},{"not_picked":["HollowMod:CycloneSlash+1","HollowMod:MantisMark","HollowMod:TaintedHusks+1"],"picked":"SKIP","floor":48},{"not_picked":["HollowMod:SharpenedNail+1","HollowMod:HornetsHelp+1"],"picked":"HollowMod:HuntersJournal+1","floor":49}],"player_experience":254123,"relics_obtained":[{"floor":7,"key":"War Paint"},{"floor":9,"key":"Oddly Smooth Stone"},{"floor":10,"key":"CeramicFish"},{"floor":13,"key":"Dream Catcher"},{"floor":24,"key":"HornCleat"},{"floor":26,"key":"HollowMod:StagPassRelic"},{"floor":27,"key":"Centennial Puzzle"},{"floor":37,"key":"Akabeko"},{"floor":43,"key":"Molten Egg 2"},{"floor":44,"key":"Kunai"}],"event_choices":[],"is_beta":false,"boss_relics":[{"not_picked":["Empty Cage","Runic Pyramid"],"picked":"Runic Dome"},{"not_picked":["SacredBark","Tiny House"],"picked":"Cursed Key"}],"items_purged_floors":[36,41,46],"is_endless":false,"potions_floor_spawned":[2,7,13,14,16,18,21,22,35,39,48],"ascension_level":2}}