{"host":"dvdvdvm357cut69v","time":1612550855,"event":{"mods":["BaseMod","Minty Spire (QoL Compilation)","StSLib"],"gold_per_floor":[119,119,131,111,130,155,155,52,52,52,64,93,105,105,105,105,105],"floor_reached":16,"language":"ENG","playtime":458,"items_purged":[],"score":204,"play_id":"211101c2-4fd6-48ae-9aed-ad883842595b","local_time":"20210205214735","is_ascension_mode":true,"campfire_choices":[{"floor":7,"key":"REST"},{"data":"Trip","floor":10,"key":"SMITH"},{"floor":15,"key":"REST"}],"circlet_count":0,"master_deck":["AscendersBane","Strike_B","Strike_B","Strike_B","Strike_B","Defend_B","Defend_B+1","Defend_B","Defend_B+1","Zap","Dualcast","Leap","Melter","BootSequence","Self Repair","Seek","Trip+1","Leap","Static Discharge","Genetic Algorithm"],"relics":["Cracked Core","Incense Burner","Omamori","Turnip","Darkstone Periapt"],"acts_visited":["Exordium"],"potions_floor_usage":[6,6,11],"damage_taken":[{"damage":2,"enemies":"Jaw Worm","floor":1,"turns":4},{"damage":1,"enemies":"2 Louse","floor":3,"turns":3},{"damage":1,"enemies":"Cultist","floor":5,"turns":4},{"damage":21,"enemies":"3 Sentries","floor":6,"turns":6},{"damage":18,"enemies":"2 Fungi Beasts","floor":11,"turns":4},{"damage":31,"enemies":"Gremlin Nob","floor":12,"turns":5},{"damage":21,"enemies":"Large Slime","floor":13,"turns":6},{"damage":34,"enemies":"Slime Boss","floor":16,"turns":11}],"seed_played":"1785727440179551057","potions_obtained":[{"floor":1,"key":"FearPotion"},{"floor":4,"key":"Regen Potion"},{"floor":5,"key":"Explosive Potion"},{"floor":6,"key":"Regen Potion"}],"is_trial":false,"path_per_floor":["M","?","M","?","M","E","R","$","T","R","M","E","M","?","R","B"],"character_chosen":"DEFECT","items_purchased":["Trip"],"campfire_rested":2,"item_purchase_floors":[8],"current_hp_per_floor":[62,51,50,50,49,49,70,70,70,70,68,44,30,9,30,0,0],"gold":105,"neow_bonus":"THREE_CARDS","is_daily":false,"chose_seed":false,"campfire_upgraded":1,"win_rate":0.0,"timestamp":1612550855,"path_taken":["M","?","M","?","M","E","R","$","T","R","?","E","M","?","R","BOSS"],"items_purchased_type":["Card"],"build_version":"2020-12-13","purchased_purges":0,"victory":false,"max_hp_per_floor":[71,71,71,71,71,71,71,71,71,71,71,71,71,71,71,71,71],"card_choices":[{"not_picked":["Go for the Eyes","Stack"],"picked":"Leap","floor":0},{"not_picked":["Barrage","Hologram"],"picked":"Melter","floor":1},{"not_picked":["Capacitor","Compile Driver"],"picked":"BootSequence","floor":3},{"not_picked":["Gash","Sweeping Beam"],"picked":"Self Repair","floor":5},{"not_picked":["FTL","Barrage"],"picked":"Seek","floor":6},{"not_picked":["Beam Cell","Turbo"],"picked":"Leap","floor":11},{"not_picked":["Beam Cell","Fusion"],"picked":"Static Discharge","floor":12},{"not_picked":["Turbo","Cold Snap"],"picked":"Genetic Algorithm","floor":13}],"player_experience":122965,"relics_obtained":[{"floor":6,"key":"Omamori"},{"floor":9,"key":"Turnip"},{"floor":12,"key":"Darkstone Periapt"}],"event_choices":[{"damage_healed":0,"gold_gain":0,"player_choice":"Success","damage_taken":11,"relics_obtained":["Incense Burner"],"max_hp_gain":0,"max_hp_loss":0,"event_name":"Scrap Ooze","floor":2,"gold_loss":0},{"damage_healed":0,"gold_gain":0,"player_choice":"Bought 1 Potion","damage_taken":0,"max_hp_gain":0,"max_hp_loss":0,"event_name":"The Woman in Blue","floor":4,"gold_loss":0},{"damage_healed":0,"gold_gain":0,"player_choice":"Entered Light","damage_taken":21,"max_hp_gain":0,"max_hp_loss":0,"event_name":"Shining Light","floor":14,"gold_loss":0,"cards_upgraded":["Defend_B","Defend_B"]}],"is_beta":false,"boss_relics":[],"items_purged_floors":[],"is_endless":false,"potions_floor_spawned":[1,5,6],"killed_by":"Slime Boss","ascension_level":17}}