{"host":"ijtzdp8x8o2bpzki","time":1612568354,"event":{"mods":["AchievementEnabler","BaseMod","Colored Map","Colored Powertips","DeckTracker","Lobotomy","LobotomyExtend","Minty Spire (QoL Compilation)"],"gold_per_floor":[116,7,27,27,40,40,71,87,114,140,164,164],"floor_reached":1,"language":"ENG","playtime":598,"items_purged":[],"score":25,"play_id":"327d591f-0be5-4d4b-852d-e7f16532d864","local_time":"20210206023914","is_ascension_mode":false,"campfire_choices":[{"data":"Searing Blow+1","floor":6,"key":"SMITH"}],"circlet_count":0,"master_deck":["Strike_R","Strike_R","Strike_R","Strike_R","Strike_R","Defend_R","Defend_R","Defend_R","Defend_R","Bash","MHz","Dark Embrace","Metallicize","Searing Blow+2","VoidDream","Exhume","UniverseFragment","True Grit","SingingMachine","Disarm","Murderer","Demon Form"],"relics":["Burning Blood","CogitoBucket","Smiling Mask","MawBank"],"acts_visited":["Exordium"],"potions_floor_usage":[],"damage_taken":[{"damage":6,"enemies":"Jaw Worm","floor":1,"turns":3},{"damage":2,"enemies":"Small Slimes","floor":3,"turns":4},{"damage":4,"enemies":"Cultist","floor":5,"turns":4},{"damage":36,"enemies":"Gremlin Nob","floor":7,"turns":7},{"damage":8,"enemies":"3 Louse","floor":8,"turns":4},{"damage":28,"enemies":"Red Slaver","floor":10,"turns":3},{"damage":22,"enemies":"Small Slimes","floor":1,"turns":7}],"seed_played":"6950480030153198028","potions_obtained":[{"floor":3,"key":"EntropicBrew"},{"floor":5,"key":"BlessingOfTheForge"},{"floor":7,"key":"EssenceOfSteel"}],"is_trial":false,"path_per_floor":["M","$","M","?","M","R","E","M","T","M","M","M"],"character_chosen":"IRONCLAD","items_purchased":["Metallicize","Searing Blow"],"campfire_rested":0,"item_purchase_floors":[2,2],"current_hp_per_floor":[80,80,80,80,80,80,50,48,48,26,0,0],"gold":164,"neow_bonus":"","is_daily":false,"chose_seed":false,"campfire_upgraded":1,"win_rate":0.0,"timestamp":1612568354,"path_taken":["M","$","M","?","M","R","E","M","T","M","M","M"],"items_purchased_type":["Card","Card"],"build_version":"2020-12-22","purchased_purges":0,"victory":false,"max_hp_per_floor":[80,80,80,80,80,80,80,80,80,80,80,80],"card_choices":[{"not_picked":["Wellcheers","WallGazer","MeatLantern"],"picked":"Singing Bowl","floor":1},{"not_picked":["PunishingBird","MeltingLove"],"picked":"MHz","floor":1},{"not_picked":["Twin Strike","True Grit"],"picked":"Dark Embrace","floor":1},{"not_picked":["SpiderBud","Bloodbath"],"picked":"VoidDream","floor":3},{"not_picked":["Flex","Pommel Strike"],"picked":"Exhume","floor":3},{"not_picked":["Bloodbath","CrumblingArmor","ShyLook"],"picked":"Singing Bowl","floor":5},{"not_picked":["Wellcheers","Woodsman"],"picked":"UniverseFragment","floor":5},{"not_picked":["Thunderclap","Iron Wave"],"picked":"True Grit","floor":5},{"not_picked":["OldLady","CrumblingArmor"],"picked":"SingingMachine","floor":7},{"not_picked":["Bloodletting","Clothesline"],"picked":"Havoc","floor":7},{"not_picked":["BigBadWolf","MeatLantern"],"picked":"Yin","floor":8},{"not_picked":["Dropkick","Dark Embrace"],"picked":"Disarm","floor":8},{"not_picked":["LaLuna","Wellcheers"],"picked":"Murderer","floor":10},{"not_picked":["Sword Boomerang","Heavy Blade"],"picked":"Demon Form","floor":10}],"player_experience":104914,"relics_obtained":[{"floor":1,"key":"LetterFromLob"},{"floor":7,"key":"Smiling Mask"},{"floor":9,"key":"MawBank"}],"event_choices":[{"damage_healed":0,"gold_gain":0,"player_choice":"Grow","damage_taken":0,"max_hp_gain":0,"max_hp_loss":0,"event_name":"Living Wall","floor":4,"gold_loss":0,"cards_upgraded":["Searing Blow"]}],"is_beta":false,"boss_relics":[],"items_purged_floors":[],"is_endless":false,"potions_floor_spawned":[3,5,7],"killed_by":"Small Slimes","ascension_level":0}}