{"host":"iz5gar30eciy4yf4","time":1612564494,"event":{"mods":["Act Like it!","BaseMod","Chen","Dio Mod","Gensokyo","Hallownest","Hermit","Hubris","Koishi","Marisa????????","Minty Spire (QoL Compilation)","Prisma Mod","Reimu??????","Relic Stats","Remilia??????","StSLib","The Animator"],"gold_per_floor":[119,219,138,138,138,172,172,183,183,201,217,234,248,265,265,369,369,382,382,32,32,48,82,82,112,112,124,124,156,156,171,171,268,268,285,285,141,217,233,259,259,291,315,315,315,333,352,384,384,384],"floor_reached":51,"language":"ENG","playtime":2136,"items_purged":[],"score":1045,"play_id":"01611ea6-bbf1-43e9-8d26-5f2749ae2f57","local_time":"20210205173454","is_ascension_mode":false,"campfire_choices":[{"data":"RefractionSpark","floor":7,"key":"SMITH"},{"data":"MilkyWay","floor":15,"key":"SMITH"},{"data":"FinalSpark","floor":28,"key":"SMITH"},{"data":"1","floor":32,"key":"LIFT"},{"data":"2","floor":44,"key":"LIFT"},{"floor":49,"key":"REST"}],"circlet_count":0,"master_deck":["Strike_MRS","Strike_MRS","Strike_MRS","Defend_MRS","Defend_MRS","Defend_MRS","MasterSpark","UpSweep","ChargeUpSpray","RefractionSpark+1","Gensokyo:MarisaTwilightSpark","MilkyWay+1","RefractionSpark","DeepEcoloBomb","PowerUp","MachineGunSpark","FinalSpark+1","MachineGunSpark+1","Apotheosis+1","AsteroidBelt","PowerUp","AsteroidBelt+1","GrandCross","TreasureHunter","GalacticHalo","DoubleSpark","ManaRampage","DoubleSpark+1","MilkyWay","BlazeAway+1","MilkyWay+1","EnergyRecoil+1","AsteroidBelt+1"],"relics":["MiniHakkero","PreservedInsect","Tiny Chest","Anchor","ExperimentalFamiliar","hubris:CrystalStatue","hubris:Zylophone","Mummified Hand","Girya","Meat on the Bone","hubris:ToyBattleship","Sozu","Nunchaku","HornCleat","Happy Flower","Potion Belt","Vajra","Mango","Blue Candle"],"acts_visited":["Exordium","Gensokyo:Gensokyo","Gensokyo:Gensokyoer"],"potions_floor_usage":[6,13,16,18,23,29,33,48],"damage_taken":[{"damage":0,"enemies":"Gensokyo:3_Fairies","floor":1,"turns":4},{"damage":14,"enemies":"Gensokyo:Aya","floor":6,"turns":5},{"damage":0,"enemies":"Gensokyo:Python","floor":8,"turns":3},{"damage":6,"enemies":"Gensokyo:2_Kodama","floor":10,"turns":3},{"damage":2,"enemies":"Gensokyo:VengefulSpirit","floor":11,"turns":5},{"damage":11,"enemies":"Gensokyo:CorruptedTreant","floor":12,"turns":3},{"damage":4,"enemies":"Gensokyo:Python_and_Kodama","floor":13,"turns":3},{"damage":0,"enemies":"Gensokyo:VengefulSpirit","floor":14,"turns":3},{"damage":0,"enemies":"Gensokyo:Yukari","floor":16,"turns":2},{"damage":0,"enemies":"Gensokyo:3_Dogs","floor":18,"turns":2},{"damage":0,"enemies":"Gensokyo:Chomper","floor":22,"turns":2},{"damage":0,"enemies":"Gensokyo:Koishi","floor":23,"turns":2},{"damage":0,"enemies":"Gensokyo:Reisen","floor":25,"turns":2},{"damage":3,"enemies":"Gensokyo:Mirror_and_Dog","floor":27,"turns":2},{"damage":0,"enemies":"Gensokyo:Tenshi","floor":29,"turns":3},{"damage":0,"enemies":"Gensokyo:Wraith","floor":31,"turns":3},{"damage":1,"enemies":"Gensokyo:Eternal_Rivals","floor":33,"turns":5},{"damage":0,"enemies":"Gensokyo:3_Bats","floor":35,"turns":2},{"damage":0,"enemies":"Gensokyo:AncientGuardian","floor":39,"turns":2},{"damage":0,"enemies":"Gensokyo:Doremy","floor":40,"turns":4},{"damage":0,"enemies":"Gensokyo:Kasen","floor":42,"turns":2},{"damage":0,"enemies":"Gensokyo:Rafflesia","floor":46,"turns":1},{"damage":10,"enemies":"Gensokyo:SeedOfUnknown","floor":47,"turns":4},{"damage":15,"enemies":"Gensokyo:Marisa","floor":48,"turns":3},{"damage":0,"enemies":"Gensokyo:Yuyuko","floor":50,"turns":4}],"seed_played":"-3261277430943456161","potions_obtained":[{"floor":1,"key":"Energy Potion"},{"floor":6,"key":"FairyPotion"},{"floor":11,"key":"Energy Potion"},{"floor":12,"key":"GamblersBrew"},{"floor":14,"key":"LiquidMemories"},{"floor":16,"key":"BlessingOfTheForge"},{"floor":22,"key":"BlessingOfTheForge"},{"floor":25,"key":"SpeedPotion"},{"floor":31,"key":"Explosive Potion"},{"floor":33,"key":"Swift Potion"}],"is_trial":false,"path_per_floor":["M","?","$","?","?","E","R","M","T","M","M","M","M","M","R","B",null,"M","?","$","?","M","E","T","E","T","M","R","E","?","M","R","B",null,"M","?","$","T","M","E","$","E","T","R","?","M","M","E","R","B",null],"character_chosen":"MARISA","items_purchased":["RefractionSpark","hubris:CrystalStatue","AsteroidBelt","PowerUp","Nunchaku"],"campfire_rested":1,"item_purchase_floors":[3,20,20,20,37],"current_hp_per_floor":[75,75,75,75,60,46,46,46,46,40,38,27,23,23,23,23,75,75,75,75,75,75,75,75,75,75,72,72,72,72,72,72,71,75,75,75,75,75,75,75,75,75,75,75,59,59,49,46,72,72],"gold":384,"neow_bonus":"RANDOM_COMMON_RELIC","is_daily":false,"chose_seed":false,"campfire_upgraded":3,"win_rate":0.0,"timestamp":1612564494,"path_taken":["M","?","?","?","?","E","R","M","T","M","M","M","M","M","R","BOSS","M","?","$","?","?","E","?","E","T","?","R","E","?","M","R","BOSS","M","?","$","?","M","E","$","E","T","R","?","?","M","E","R","BOSS"],"items_purchased_type":["Card","Relic","Card","Card","Relic"],"build_version":"2020-12-22","purchased_purges":0,"victory":true,"max_hp_per_floor":[75,75,75,75,75,75,75,75,75,75,75,75,75,75,75,75,75,75,75,75,75,75,75,75,75,75,75,75,75,75,75,75,75,75,75,75,75,75,75,75,75,75,75,75,89,89,89,89,89,89],"relic_stats":{"Sozu":4,"Nunchaku":[7],"Happy Flower":[4],"counters":[25,74],"Mummified Hand":[2],"Blue Candle":[0],"Tiny Chest":2,"PreservedInsect":377,"obtain_stats":[{"Potion Belt":42,"Girya":25,"hubris:CrystalStatue":20,"Happy Flower":40,"Blue Candle":48,"Vajra":43,"Mango":45,"PreservedInsect":0,"hubris:Zylophone":23,"Sozu":34,"Frozen Eye":23,"Anchor":9,"Nunchaku":37,"HornCleat":38,"ExperimentalFamiliar":17,"Mummified Hand":24,"Tiny Chest":6,"hubris:ToyBattleship":29,"MiniHakkero":0,"Meat on the Bone":26},{"Potion Belt":21,"Girya":13,"hubris:CrystalStatue":10,"Happy Flower":20,"Blue Candle":24,"Vajra":21,"Mango":21,"PreservedInsect":0,"hubris:Zylophone":12,"Sozu":17,"Frozen Eye":11,"Anchor":3,"Nunchaku":18,"HornCleat":18,"ExperimentalFamiliar":9,"Mummified Hand":12,"Tiny Chest":2,"hubris:ToyBattleship":15,"MiniHakkero":0,"Meat on the Bone":13},{"Potion Belt":62,"Girya":39,"hubris:CrystalStatue":33,"Happy Flower":60,"Blue Candle":70,"Vajra":62,"Mango":62,"PreservedInsect":0,"hubris:Zylophone":37,"Sozu":52,"Frozen Eye":35,"Anchor":12,"Nunchaku":54,"HornCleat":54,"ExperimentalFamiliar":31,"Mummified Hand":37,"Tiny Chest":9,"hubris:ToyBattleship":44,"MiniHakkero":0,"Meat on the Bone":39}],"Meat on the Bone":12},"card_choices":[{"not_picked":["ShootTheMoon","Acceleration"],"picked":"ChargeUpSpray","floor":1},{"not_picked":["MagicChant","SatelliteIllusion"],"picked":"EnergyRecoil","floor":6},{"not_picked":["EventHorizon","NonDirectionalLaser"],"picked":"MilkyWay","floor":8},{"not_picked":["Occultation","EnergyRecoil","6A"],"picked":"SKIP","floor":10},{"not_picked":["Acceleration","EventHorizon"],"picked":"RefractionSpark","floor":11},{"not_picked":["LuminesStrike","OrrerysSun"],"picked":"DeepEcoloBomb","floor":12},{"not_picked":["6A","SprinkleStarSeal"],"picked":"PowerUp","floor":13},{"not_picked":["LuminesStrike","ManaConvection"],"picked":"MachineGunSpark","floor":14},{"not_picked":["SuperNova","BigCrunch"],"picked":"FinalSpark","floor":16},{"not_picked":["EventHorizon","GravityBeat+1"],"picked":"MachineGunSpark","floor":18},{"not_picked":["FairyDestructionRay","UnstableBomb+1"],"picked":"AsteroidBelt+1","floor":22},{"not_picked":["MeteoricShower+1","LuminesStrike"],"picked":"GrandCross","floor":23},{"not_picked":["UnstableBomb","PowerUp","PulseMagic+1"],"picked":"SKIP","floor":25},{"not_picked":["DC","OpenUniverse+1"],"picked":"TreasureHunter","floor":27},{"not_picked":["DeepEcoloBomb+1","SuperPerseids+1"],"picked":"GalacticHalo","floor":29},{"not_picked":["Acceleration","GalacticHalo"],"picked":"DoubleSpark","floor":31},{"not_picked":["MillisecondPulsars","SatelliteIllusion"],"picked":"ManaRampage","floor":33},{"not_picked":["MachineGunSpark","MysteriousBeam"],"picked":"DoubleSpark+1","floor":35},{"not_picked":["GrandCross","Acceleration"],"picked":"MilkyWay","floor":39},{"not_picked":["PowerUp","MagicAbsorber+1"],"picked":"BlazeAway+1","floor":40},{"not_picked":["UnstableBomb+1","SprinkleStarSeal+1"],"picked":"MilkyWay+1","floor":42},{"not_picked":["DoubleSpark","AlicesGift+1"],"picked":"EnergyRecoil+1","floor":46},{"not_picked":["DeepEcoloBomb+1","AlicesGift","OneTimeOff+1"],"picked":"SKIP","floor":47},{"not_picked":["Occultation","ShootTheMoon"],"picked":"AsteroidBelt+1","floor":48}],"player_experience":657347,"relics_obtained":[{"floor":6,"key":"Tiny Chest"},{"floor":9,"key":"Anchor"},{"floor":23,"key":"hubris:Zylophone"},{"floor":24,"key":"Mummified Hand"},{"floor":25,"key":"Girya"},{"floor":26,"key":"Meat on the Bone"},{"floor":29,"key":"hubris:ToyBattleship"},{"floor":38,"key":"HornCleat"},{"floor":40,"key":"Happy Flower"},{"floor":42,"key":"Potion Belt"},{"floor":43,"key":"Vajra"},{"floor":48,"key":"Blue Candle"}],"event_choices":[],"is_beta":false,"boss_relics":[{"not_picked":["RedLine:ReiMu","Ectoplasm"],"picked":"ExperimentalFamiliar"},{"not_picked":["hubris:BlackHole","Cursed Key"],"picked":"Sozu"}],"items_purged_floors":[],"is_endless":false,"potions_floor_spawned":[1,6,11,12,14,16,22,25,31,33,35,42,46,48],"ascension_level":0}}