{"host":"188xoqjicp18t4sg","time":1612495320,"event":{"mods":["BaseMod","Highlight Path","Minty Spire (QoL Compilation)","Quick Restart","Shop Mod"],"gold_per_floor":[114,114,64,74,94,94,128,128,128,128,53,67,87,122,122,199,199,215,229,85,85,96,96,121,121,121,134,151,162,139,150,150,227,227,238,257,282,71,84,84,102,102,102,102,120,135,135,24,24,24],"floor_reached":51,"language":"ZHS","playtime":5079,"items_purged":["Defend_P","Defend_P+1","LessonLearned+1"],"score":1200,"play_id":"e20094de-0e1f-4ca9-b5c4-5473b08e8d80","local_time":"20210205112200","is_ascension_mode":true,"campfire_choices":[{"data":"Eruption","floor":6.0,"key":"SMITH"},{"floor":8.0,"key":"REST"},{"data":"Halt","floor":10.0,"key":"SMITH"},{"data":"Judgement","floor":15.0,"key":"SMITH"},{"floor":23.0,"key":"REST"},{"floor":25.0,"key":"REST"},{"floor":32.0,"key":"REST"},{"data":"1","floor":40,"key":"LIFT"},{"data":"2","floor":42,"key":"LIFT"},{"data":"3","floor":44,"key":"LIFT"},{"floor":49,"key":"REST"}],"circlet_count":0,"master_deck":["AscendersBane","Strike_P+1","Strike_P+1","Eruption+1","Vigilance+1","FlurryOfBlows+1","FlurryOfBlows+1","Halt+1","Judgement+1","EmptyBody+1","Halt+1","EmptyBody+1","Scrawl+1","MentalFortress","FlurryOfBlows+1","InnerPeace+1","Finesse"],"relics":["PureWater","InkBottle","PreservedInsect","Anchor","Fusion Hammer","Omamori","Kunai","Ornamental Fan","Empty Cage","Girya","Membership Card","Blood Vial"],"acts_visited":["Exordium","TheCity","TheBeyond"],"potions_floor_usage":[50,50],"damage_taken":[{"damage":12.0,"enemies":"Small Slimes","floor":1.0,"turns":7.0},{"damage":0.0,"enemies":"2 Louse","floor":4.0,"turns":2.0},{"damage":0.0,"enemies":"Cultist","floor":5.0,"turns":2.0},{"damage":14.0,"enemies":"Lagavulin","floor":7.0,"turns":6.0},{"damage":0.0,"enemies":"3 Louse","floor":12.0,"turns":2.0},{"damage":0.0,"enemies":"Blue Slaver","floor":13.0,"turns":2.0},{"damage":6.0,"enemies":"3 Sentries","floor":14.0,"turns":4.0},{"damage":0.0,"enemies":"Slime Boss","floor":16.0,"turns":8.0},{"damage":6.0,"enemies":"Chosen","floor":18.0,"turns":6.0},{"damage":12.0,"enemies":"3 Byrds","floor":19.0,"turns":4.0},{"damage":5.0,"enemies":"Centurion and Healer","floor":22.0,"turns":5.0},{"damage":23.0,"enemies":"Gremlin Leader","floor":24.0,"turns":6.0},{"damage":12.0,"enemies":"Chosen and Byrds","floor":27.0,"turns":5.0},{"damage":0.0,"enemies":"Snake Plant","floor":28.0,"turns":7.0},{"damage":0.0,"enemies":"3 Cultists","floor":29.0,"turns":5.0},{"damage":19.0,"enemies":"Centurion and Healer","floor":31.0,"turns":6.0},{"damage":22.0,"enemies":"Champ","floor":33.0,"turns":25.0},{"damage":0.0,"enemies":"3 Darklings","floor":35.0,"turns":3.0},{"damage":0.0,"enemies":"Orb Walker","floor":36.0,"turns":3.0},{"damage":0.0,"enemies":"Mind Bloom Boss Battle","floor":37.0,"turns":6.0},{"damage":4,"enemies":"Maw","floor":39,"turns":7},{"damage":0,"enemies":"4 Shapes","floor":41,"turns":3},{"damage":0,"enemies":"Spire Growth","floor":45,"turns":3},{"damage":0,"enemies":"3 Darklings","floor":46,"turns":2},{"damage":12,"enemies":"Donu and Deca","floor":50,"turns":8}],"seed_played":"8841405751640358978","potions_obtained":[{"floor":5.0,"key":"Dexterity Potion"},{"floor":12.0,"key":"Block Potion"},{"floor":14.0,"key":"Energy Potion"},{"floor":19.0,"key":"SteroidPotion"},{"floor":29.0,"key":"FearPotion"},{"floor":33.0,"key":"Fruit Juice"},{"floor":36.0,"key":"PowerPotion"},{"floor":45,"key":"StancePotion"}],"is_trial":false,"path_per_floor":["M","?","?","M","M","R","E","R","T","R","$","M","M","E","R","B",null,"M","M","$","?","M","R","E","R","T","M","M","M","$","M","R","B",null,"M","M","?","$","M","R","M","R","T","R","M","M","?","$","R","B",null],"character_chosen":"WATCHER","items_purchased":["Omamori","EmptyBody","Membership Card","MentalFortress","Finesse"],"campfire_rested":5,"item_purchase_floors":[20,30,38,38,48],"current_hp_per_floor":[55,40,40,40,40,40,26,48,48,48,48,48,48,42,42,42,66,60,48,48,48,43,65,42,64,64,52,52,52,52,33,55,33,64,69,69,69,69,65,65,65,65,65,65,67,69,69,69,79,67],"gold":24,"neow_bonus":"TEN_PERCENT_HP_BONUS","is_daily":false,"chose_seed":false,"campfire_upgraded":3,"win_rate":0.0,"timestamp":1612495320,"path_taken":["M","?","?","M","M","R","E","R","T","R","$","M","M","E","R","BOSS","M","M","$","?","M","R","E","R","T","M","M","M","?","M","R","BOSS","M","M","?","$","M","R","M","R","T","R","M","M","?","$","R","BOSS"],"items_purchased_type":["Relic","Card","Relic","Card","Card"],"build_version":"2020-12-22","purchased_purges":3,"victory":true,"max_hp_per_floor":[74,74,74,74,74,74,74,74,74,74,74,74,74,74,74,74,74,74,74,74,74,74,74,74,74,74,74,74,74,74,74,74,74,74,79,79,79,79,79,79,79,79,79,79,79,79,79,79,79,79],"card_choices":[{"not_picked":["Nirvana","WreathOfFlame"],"picked":"FlurryOfBlows","floor":1.0},{"not_picked":["Conclude","FearNoEvil"],"picked":"FlurryOfBlows","floor":4.0},{"not_picked":["ThirdEye","Indignation","Crescendo"],"picked":"SKIP","floor":5.0},{"not_picked":["ClearTheMind","DeceiveReality"],"picked":"Halt","floor":7.0},{"not_picked":["ThirdEye","Protect","BowlingBash"],"picked":"SKIP","floor":12.0},{"not_picked":["Protect","InnerPeace"],"picked":"Judgement","floor":13.0},{"not_picked":["WindmillStrike","PathToVictory","Evaluate"],"picked":"SKIP","floor":14.0},{"not_picked":["Establishment","MasterReality"],"picked":"LessonLearned","floor":16.0},{"not_picked":["EmptyBody","Wallop","CutThroughFate"],"picked":"SKIP","floor":18.0},{"not_picked":["ClearTheMind","SandsOfTime","BowlingBash"],"picked":"SKIP","floor":19.0},{"not_picked":["FlyingSleeves+1","Consecrate","EmptyFist"],"picked":"SKIP","floor":22.0},{"not_picked":["JustLucky","CrushJoints","SandsOfTime"],"picked":"SKIP","floor":24.0},{"not_picked":["EmptyMind+1","Wallop"],"picked":"EmptyBody","floor":27.0},{"not_picked":["Prostrate+1","ForeignInfluence"],"picked":"Halt","floor":28.0},{"not_picked":["Fasting2","FollowUp","Swivel"],"picked":"SKIP","floor":29.0},{"not_picked":["Tantrum+1","Weave","JustLucky"],"picked":"SKIP","floor":31.0},{"not_picked":["DevaForm","Omniscience"],"picked":"Scrawl","floor":33.0},{"not_picked":["Prostrate","EmptyBody","Protect"],"picked":"SKIP","floor":35.0},{"not_picked":["LikeWater","Halt","EmptyFist"],"picked":"SKIP","floor":36.0},{"not_picked":["BowlingBash","Nirvana"],"picked":"FlurryOfBlows","floor":39},{"not_picked":["Halt","PathToVictory"],"picked":"InnerPeace+1","floor":41},{"not_picked":["ThirdEye+1","ClearTheMind","WindmillStrike+1"],"picked":"SKIP","floor":45},{"not_picked":["CutThroughFate","PathToVictory","DeceiveReality"],"picked":"SKIP","floor":46}],"player_experience":206121,"relics_obtained":[{"floor":7.0,"key":"InkBottle"},{"floor":9.0,"key":"PreservedInsect"},{"floor":14.0,"key":"Anchor"},{"floor":24.0,"key":"Kunai"},{"floor":26.0,"key":"Ornamental Fan"},{"floor":37.0,"key":"Girya"},{"floor":43,"key":"Blood Vial"}],"event_choices":[{"damage_healed":0.0,"max_hp_gain":0.0,"max_hp_loss":0.0,"gold_gain":0.0,"event_name":"Shining Light","player_choice":"Entered Light","floor":2.0,"gold_loss":0.0,"damage_taken":15.0,"cards_upgraded":["Defend_P","Strike_P"]},{"cards_removed":["Strike_P"],"damage_healed":0.0,"max_hp_gain":0.0,"max_hp_loss":0.0,"gold_gain":0.0,"event_name":"The Cleric","player_choice":"Card Removal","floor":3.0,"gold_loss":50.0,"damage_taken":0.0},{"cards_removed":["Strike_P"],"damage_healed":0.0,"max_hp_gain":0.0,"max_hp_loss":0.0,"gold_gain":0.0,"event_name":"Bonfire Elementals","player_choice":"Offered Basic","floor":21.0,"gold_loss":0.0,"damage_taken":0.0},{"damage_healed":0.0,"max_hp_gain":0.0,"max_hp_loss":0.0,"gold_gain":0.0,"event_name":"MindBloom","player_choice":"Fight","floor":37.0,"gold_loss":0.0,"damage_taken":0.0},{"damage_healed":0,"gold_gain":0,"player_choice":"Ignored","damage_taken":0,"max_hp_gain":0,"max_hp_loss":0,"event_name":"Mysterious Sphere","floor":47,"gold_loss":0}],"is_beta":false,"boss_relics":[{"not_picked":["Busted Crown","Cursed Key"],"picked":"Fusion Hammer"},{"not_picked":["Pandora\u0027s Box","Calling Bell"],"picked":"Empty Cage"}],"items_purged_floors":[11,38,48],"is_endless":false,"potions_floor_spawned":[5,12,14,18,19,29,33,36,45,46],"ascension_level":14}}