{"host":"2wp95sdfrgw3k439","time":1612501416,"event":{"mods":["BaseMod","Better Altar","Better Skull","Better Third Choice","Curses Come First","Minty Spire (QoL Compilation)","Permanent Neow","StSLib"],"gold_per_floor":[117,140,153,153,172,172,182,200,247,247,266,277,306,320,320,320,320],"floor_reached":16,"language":"ENG","playtime":4369,"items_purged":[],"score":154,"play_id":"2335a4aa-02cd-4d07-b4d1-c95b071c2941","local_time":"20210204220336","is_ascension_mode":true,"campfire_choices":[{"data":"Footwork","floor":6,"key":"SMITH"},{"floor":10,"key":"REST"},{"floor":15,"key":"REST"}],"circlet_count":0,"master_deck":["Strike_G","Strike_G","Strike_G","Strike_G","Strike_G","Defend_G","Defend_G","Defend_G","Defend_G","Defend_G","Survivor","Neutralize","Caltrops","Expertise","Footwork+1","Footwork","Flying Knee","Choke","Sucker Punch"],"relics":["Runic Dome","Strawberry","Akabeko","Omamori","Gremlin Horn"],"acts_visited":["Exordium"],"potions_floor_usage":[11,12,13,16],"damage_taken":[{"damage":0,"enemies":"Cultist","floor":1,"turns":4},{"damage":1,"enemies":"Jaw Worm","floor":3,"turns":5},{"damage":6,"enemies":"2 Louse","floor":5,"turns":2},{"damage":8,"enemies":"Blue Slaver","floor":7,"turns":4},{"damage":6,"enemies":"2 Fungi Beasts","floor":8,"turns":4},{"damage":6,"enemies":"Exordium Thugs","floor":11,"turns":6},{"damage":6,"enemies":"Red Slaver","floor":12,"turns":3},{"damage":13,"enemies":"Gremlin Nob","floor":13,"turns":3},{"damage":7,"enemies":"Exordium Wildlife","floor":14,"turns":4},{"damage":67,"enemies":"Slime Boss","floor":16,"turns":11}],"seed_played":"9158609850561193715","potions_obtained":[{"floor":1,"key":"Block Potion"},{"floor":8,"key":"Energy Potion"},{"floor":11,"key":"AttackPotion"},{"floor":12,"key":"LiquidMemories"},{"floor":14,"key":"Swift Potion"}],"is_trial":false,"path_per_floor":["M","T","M","?","M","R","M","M","T","R","M","M","E","M","R","B"],"character_chosen":"THE_SILENT","items_purchased":[],"campfire_rested":2,"item_purchase_floors":[],"current_hp_per_floor":[63,70,69,69,63,63,55,49,49,72,66,60,47,40,63,0,0],"gold":320,"neow_bonus":"BOSS_RELIC","is_daily":false,"chose_seed":false,"campfire_upgraded":1,"win_rate":0.0,"timestamp":1612501416,"path_taken":["M","?","M","?","M","R","M","M","T","R","M","M","E","M","R","BOSS"],"items_purchased_type":[],"build_version":"2020-12-22","purchased_purges":0,"victory":false,"max_hp_per_floor":[70,77,77,77,77,77,77,77,77,77,77,77,77,77,77,77,77],"card_choices":[{"not_picked":["Setup","Prepared"],"picked":"Caltrops","floor":1},{"not_picked":["Flechettes","Acrobatics"],"picked":"Expertise","floor":3},{"not_picked":["Outmaneuver","PiercingWail"],"picked":"Footwork","floor":5},{"not_picked":["Well Laid Plans","Poisoned Stab"],"picked":"Footwork","floor":7},{"not_picked":["Acrobatics","Expertise"],"picked":"Flying Knee","floor":8},{"not_picked":["PiercingWail","Tactician"],"picked":"Choke","floor":11},{"not_picked":["Outmaneuver","Wraith Form v2","Distraction"],"picked":"SKIP","floor":12},{"not_picked":["Catalyst","Eviscerate","Blade Dance"],"picked":"SKIP","floor":13},{"not_picked":["Deflect","Quick Slash"],"picked":"Sucker Punch","floor":14}],"player_experience":541634,"relics_obtained":[{"floor":2,"key":"Strawberry"},{"floor":9,"key":"Omamori"},{"floor":13,"key":"Gremlin Horn"}],"event_choices":[{"damage_healed":0,"gold_gain":0,"player_choice":"Gave Potion","damage_taken":0,"relics_obtained":["Akabeko"],"max_hp_gain":0,"max_hp_loss":0,"event_name":"WeMeetAgain","floor":4,"gold_loss":0}],"is_beta":false,"boss_relics":[],"items_purged_floors":[],"is_endless":false,"potions_floor_spawned":[1,8,11,12,14],"killed_by":"Slime Boss","ascension_level":9}}