{"host":"jqln3q8z91cyrmpl","time":1612507239,"event":{"mods":["AchievementEnabler","BaseMod","Colored Map","DeckTracker","Keyboard Shortcuts","Minty Spire (QoL Compilation)","SuperFastMode"],"gold_per_floor":[117,117,19,29,42,42,73,73,73,84,84,13,23,38,38,142,142,153,5,0,0,0,0,19,19,66,66,84,9,9,28,28,127,127,137,137,157,177,177,177,177,195,221,221,169,169,184,197,197,197],"floor_reached":51,"language":"KOR","playtime":1608,"items_purged":["Steam Power"],"score":1013,"play_id":"850765e6-35c8-4a8a-bfd9-d7beb04be85d","local_time":"20210205154039","is_ascension_mode":true,"campfire_choices":[{"data":"Tempest","floor":6,"key":"SMITH"},{"data":"Blizzard","floor":8,"key":"SMITH"},{"data":"White Noise","floor":11,"key":"SMITH"},{"data":"Streamline","floor":15,"key":"SMITH"},{"data":"Hologram","floor":23,"key":"SMITH"},{"data":"Aggregate","floor":27,"key":"SMITH"},{"data":"Defragment","floor":32,"key":"SMITH"},{"floor":40,"key":"RECALL"},{"data":"Coolheaded","floor":49,"key":"SMITH"}],"circlet_count":0,"master_deck":["Core Surge+1","Chill+1","Compile Driver+1","Tempest+1","Steam Power+1","Reinforced Body+1","Leap+1","Undo+1","Streamline+1","Defragment+1","Blizzard+1","White Noise+1","Sunder+1","Electrodynamics+1","Thunder Strike+1","Hologram+1","Aggregate+1","Necronomicurse","Ghostly+1","Ghostly+1","Ghostly+1","Ghostly+1","Ghostly+1","Seek+1","Skim+1","Coolheaded+1"],"relics":["Pandora\u0027s Box","Mercury Hourglass","Question Card","Coffee Dripper","Bronze Scales","Necronomicon","PreservedInsect","Inserter","Mark of the Bloom","Juzu Bracelet","Molten Egg 2"],"acts_visited":["Exordium","TheCity","TheBeyond"],"potions_floor_usage":[2,7,16,16,16,33,38,50,50,50],"damage_taken":[{"damage":0,"enemies":"2 Louse","floor":1,"turns":3},{"damage":0,"enemies":"Cultist","floor":4,"turns":3},{"damage":4,"enemies":"Jaw Worm","floor":5,"turns":4},{"damage":4,"enemies":"Gremlin Nob","floor":7,"turns":3},{"damage":4,"enemies":"Blue Slaver","floor":10,"turns":3},{"damage":0,"enemies":"Exordium Wildlife","floor":13,"turns":2},{"damage":11,"enemies":"Looter","floor":14,"turns":2},{"damage":9,"enemies":"Hexaghost","floor":16,"turns":8},{"damage":6,"enemies":"Shell Parasite","floor":18,"turns":4},{"damage":8,"enemies":"2 Thieves","floor":24,"turns":2},{"damage":16,"enemies":"Shelled Parasite and Fungi","floor":28,"turns":3},{"damage":3,"enemies":"Cultist and Chosen","floor":31,"turns":5},{"damage":0,"enemies":"Collector","floor":33,"turns":6},{"damage":2,"enemies":"Orb Walker","floor":35,"turns":4},{"damage":0,"enemies":"3 Darklings","floor":37,"turns":1},{"damage":0,"enemies":"Jaw Worm Horde","floor":38,"turns":1},{"damage":0,"enemies":"Sphere and 2 Shapes","floor":42,"turns":1},{"damage":0,"enemies":"3 Darklings","floor":47,"turns":4},{"damage":0,"enemies":"Jaw Worm Horde","floor":48,"turns":1},{"damage":17,"enemies":"Awakened One","floor":50,"turns":8}],"seed_played":"-8034930217463965872","potions_obtained":[{"floor":1,"key":"Block Potion"},{"floor":2,"key":"Fruit Juice"},{"floor":2,"key":"SpeedPotion"},{"floor":2,"key":"Regen Potion"},{"floor":4,"key":"Energy Potion"},{"floor":13,"key":"ColorlessPotion"},{"floor":18,"key":"Swift Potion"},{"floor":24,"key":"LiquidBronze"},{"floor":31,"key":"EssenceOfDarkness"},{"floor":38,"key":"ColorlessPotion"},{"floor":42,"key":"BlessingOfTheForge"},{"floor":47,"key":"AttackPotion"}],"is_trial":false,"path_per_floor":["M","?","$","M","M","R","E","R","T","M","R","$","M","M","R","B",null,"M","$","?","?","$","R","M","?","T","R","M","?","?","M","R","B",null,"M","?","M","M","?","R","?","M","T","R","$","T","M","M","R","B",null],"character_chosen":"DEFECT","items_purchased":["Streamline","Sunder","Bronze Scales","Coolheaded"],"campfire_rested":0,"item_purchase_floors":[3,12,19,45],"current_hp_per_floor":[68,73,73,73,69,69,65,65,65,61,61,61,61,50,50,56,74,68,68,68,68,68,68,60,44,44,44,28,28,28,25,25,25,36,34,34,34,34,34,34,34,34,34,34,34,34,34,34,34,17],"gold":197,"neow_bonus":"BOSS_RELIC","is_daily":false,"chose_seed":false,"campfire_upgraded":8,"win_rate":0.0,"timestamp":1612507239,"path_taken":["M","?","$","M","M","R","E","R","T","M","R","$","M","M","R","BOSS","M","$","?","?","$","R","M","?","T","R","?","?","?","M","R","BOSS","M","?","M","M","?","R","?","M","T","R","?","?","M","M","R","BOSS"],"items_purchased_type":["Card","Card","Relic","Card"],"build_version":"2020-12-22","purchased_purges":1,"victory":true,"max_hp_per_floor":[75,80,80,80,80,80,80,80,80,80,80,80,80,80,80,80,80,80,80,80,80,80,80,80,80,80,80,80,80,40,40,40,40,40,40,40,40,40,40,40,40,40,40,40,40,40,40,40,40,40],"card_choices":[{"not_picked":["BootSequence","Steam"],"picked":"Undo","floor":1},{"not_picked":["Ball Lightning","Coolheaded"],"picked":"Defragment","floor":4},{"not_picked":["Tempest","Beam Cell","Gash"],"picked":"SKIP","floor":5},{"not_picked":["Heatsinks","Conserve Battery"],"picked":"Blizzard","floor":7},{"not_picked":["Heatsinks","Scrape","Consume"],"picked":"White Noise","floor":10},{"not_picked":["Turbo","Gash","Beam Cell"],"picked":"Cold Snap","floor":13},{"not_picked":["Cold Snap","Turbo","Beam Cell"],"picked":"Electrodynamics","floor":14},{"not_picked":["Core Surge","Rainbow","Fission"],"picked":"Thunder Strike","floor":16},{"not_picked":["Hello World","Go for the Eyes","Turbo"],"picked":"Hologram","floor":18},{"not_picked":["Beam Cell+1","Compile Driver","Conserve Battery"],"picked":"Aggregate","floor":24},{"not_picked":["Beam Cell","Sweeping Beam+1","Go for the Eyes","Barrage"],"picked":"SKIP","floor":28},{"not_picked":["Aggregate+1","Leap","Darkness"],"picked":"Seek","floor":31},{"not_picked":["Go for the Eyes","Recycle+1","Gash+1"],"picked":"Skim+1","floor":35},{"not_picked":["Stack+1","Melter+1","Streamline","Steam Power"],"picked":"SKIP","floor":37},{"not_picked":["Gash+1","Conserve Battery","Steam Power+1","Redo"],"picked":"SKIP","floor":38},{"not_picked":["Conserve Battery+1","Aggregate","Beam Cell","Steam"],"picked":"SKIP","floor":42},{"not_picked":["Streamline+1","Beam Cell+1","Rebound+1","Rip and Tear+1"],"picked":"SKIP","floor":47},{"not_picked":["Gash+1","Recycle","Stack+1","Rebound+1"],"picked":"SKIP","floor":48}],"player_experience":417666,"relics_obtained":[{"floor":7,"key":"Mercury Hourglass"},{"floor":9,"key":"Question Card"},{"floor":25,"key":"Necronomicon"},{"floor":26,"key":"PreservedInsect"},{"floor":43,"key":"Juzu Bracelet"},{"floor":46,"key":"Molten Egg 2"}],"event_choices":[{"damage_healed":0,"gold_gain":0,"player_choice":"Got Potions","damage_taken":0,"max_hp_gain":0,"max_hp_loss":0,"event_name":"Lab","floor":2,"gold_loss":0},{"damage_healed":0,"gold_gain":0,"player_choice":"Paid Fearfully","damage_taken":0,"max_hp_gain":0,"max_hp_loss":0,"event_name":"Masked Bandits","floor":20,"gold_loss":5},{"cards_removed":["Zap"],"damage_healed":0,"gold_gain":0,"player_choice":"Elegance","damage_taken":0,"max_hp_gain":0,"max_hp_loss":0,"event_name":"Back to Basics","floor":21,"gold_loss":0},{"damage_healed":0,"gold_gain":0,"player_choice":"Obtained Book","damage_taken":16,"max_hp_gain":0,"max_hp_loss":0,"event_name":"Cursed Tome","floor":25,"gold_loss":0},{"cards_removed":["Dualcast"],"damage_healed":0,"gold_gain":0,"player_choice":"Gave Gold","damage_taken":0,"max_hp_gain":0,"max_hp_loss":0,"event_name":"Beggar","floor":29,"gold_loss":75},{"damage_healed":0,"gold_gain":0,"player_choice":"Became a Ghost","damage_taken":0,"max_hp_gain":0,"max_hp_loss":40,"event_name":"Ghosts","floor":30,"gold_loss":0,"cards_obtained":["Ghostly","Ghostly","Ghostly","Ghostly","Ghostly"]},{"damage_healed":0,"gold_gain":0,"player_choice":"Upgrade","damage_taken":0,"relics_obtained":["Mark of the Bloom"],"max_hp_gain":0,"max_hp_loss":0,"event_name":"MindBloom","floor":36,"gold_loss":0,"cards_upgraded":["Core Surge","Chill","Compile Driver","Steam Power","Reinforced Body","Leap","Undo","Sunder","Cold Snap","Electrodynamics","Thunder Strike","Ghostly","Ghostly","Ghostly","Ghostly","Ghostly","Seek"]},{"damage_healed":0,"gold_gain":0,"player_choice":"Ignored","damage_taken":0,"max_hp_gain":0,"max_hp_loss":0,"event_name":"Mysterious Sphere","floor":39,"gold_loss":0},{"cards_removed":["Cold Snap"],"damage_healed":0,"gold_gain":0,"player_choice":"Removed Attack","damage_taken":0,"max_hp_gain":0,"max_hp_loss":0,"event_name":"Falling","floor":41,"gold_loss":0}],"is_beta":false,"boss_relics":[{"not_picked":["Runic Dome","Fusion Hammer"],"picked":"Coffee Dripper"},{"not_picked":["SlaversCollar","Philosopher\u0027s Stone"],"picked":"Inserter"}],"items_purged_floors":[3],"is_endless":false,"potions_floor_spawned":[1,4,13,18,24,31,38,42,47],"ascension_level":9}}