{"host":"3j2m8n0ywf988fwb","time":1612561579,"event":{"mods":["2.2 Compatiblity","AchievementEnabler","Act Like it!","Aspiration","Astrologer","BaseMod","Better Altar","Better Match","Better Note","Better Sensory Stone","Better Skull","Better Third Choice","CCEM2","ChefMod","Colored Map","Colored Powertips","Conspire","Dark Map","Energized Spire","GifTheSpireLib","Halation","Hallownest","Highlight Path","Hubris","Infinite Spire","Jedi Mod","Marisa????????","Marked Mod","Mimic Mod","Minty Spire (QoL Compilation)","Monster B Gone","Random Character Button","Relic Filter Mod","Relic Stats","Reliquary","Replay The Spire","Robot Space Explorer","Shade Mod","Shop Mod","Somnambulant","StS++","StSLib","Stuff the Spire","The Bug Knight","The Elementalist","The Hierophant","The Runesmith","TheBandit","TheFirefly","Unceasing Turn Reminder","Weighted Paths","everything is the same but u backflip on backflip"],"gold_per_floor":[109,34,44,69,69,69,98,98,98,98,132,132,52,52,52,52,52],"floor_reached":16,"language":"ENG","playtime":939,"items_purged":[],"score":134,"play_id":"9055c687-ff79-462c-a576-6b35ab961b4b","local_time":"20210205154619","is_ascension_mode":true,"campfire_choices":[{"data":"HollowMod:FocusHealStart","floor":6,"key":"SMITH"},{"data":"HollowMod:ZotesMagnificence","floor":10,"key":"SMITH"},{"data":"HollowMod:CornifersMapStart","floor":12,"key":"SMITH"},{"data":"HollowMod:BaldurShell","floor":15,"key":"SMITH"}],"circlet_count":0,"master_deck":["HollowMod:NailStrikeStart","HollowMod:NailStrikeStart","HollowMod:NailStrikeStart","HollowMod:NailStrikeStart","HollowMod:QuickDashStart","HollowMod:QuickDashStart","HollowMod:QuickDashStart","HollowMod:QuickDashStart","HollowMod:FocusHealStart+1","HollowMod:PogoStrike","HollowMod:LifebloodCocoon","Trip+1","HollowMod:SoulStrike","HollowMod:ZotesMagnificence+1","ReplayTheSpireMod:Private Reserves","HollowMod:CornifersMapStart+1","HollowMod:BaldurShell+1"],"relics":["HollowMod:VesselMask","NeowsBlessing","reliquary:RoseTintedGlasses","CCEMRelics:DerglesHeadphones","Question Card","Pet Ghost","hubris:Towel"],"acts_visited":["Exordium"],"potions_floor_usage":[11],"damage_taken":[{"damage":0,"enemies":"2_ Uuma","floor":1,"turns":1},{"damage":0,"enemies":"Hallownest:monsterHuskWarrior","floor":3,"turns":1},{"damage":0,"enemies":"Hallownest:eliteVengeflyKing","floor":7,"turns":1},{"damage":41,"enemies":"Hallownest:eliteMossKnight","floor":11,"turns":12},{"damage":85,"enemies":"Hallownest:BossHornet","floor":16,"turns":23}],"seed_played":"6231493302267471593","potions_obtained":[{"floor":3,"key":"Block Potion"},{"floor":7,"key":"jedi:StrikingPotion"}],"is_trial":false,"path_per_floor":["M","?","M","T","$","R","E","?","T","R","E","R","$","?","R","B"],"character_chosen":"THE_BUGKNIGHT","items_purchased":["HollowMod:BaldurShell"],"campfire_rested":0,"item_purchase_floors":[13],"current_hp_per_floor":[75,75,75,75,75,75,75,75,75,75,45,57,57,57,69,0,0],"gold":52,"neow_bonus":"THREE_ENEMY_KILL","is_daily":false,"chose_seed":false,"campfire_upgraded":4,"win_rate":0.0,"timestamp":1612561579,"path_taken":["M","?","M","?","$","R","E","?","T","R","E","R","$","?","R","BOSS"],"items_purchased_type":["Card"],"build_version":"2020-12-22","purchased_purges":0,"victory":false,"max_hp_per_floor":[75,75,75,75,75,75,75,75,75,75,75,75,75,75,75,75,75],"relic_stats":{"counters":[5,38],"Question Card":1,"obtain_stats":[{"NeowsBlessing":0,"HollowMod:VesselMask":0,"reliquary:RoseTintedGlasses":4,"hubris:Towel":14,"Question Card":9,"Pet Ghost":11,"CCEMRelics:DerglesHeadphones":7},{"NeowsBlessing":0,"HollowMod:VesselMask":0,"reliquary:RoseTintedGlasses":2,"hubris:Towel":4,"Question Card":3,"Pet Ghost":4,"CCEMRelics:DerglesHeadphones":3},{"NeowsBlessing":0,"HollowMod:VesselMask":0,"reliquary:RoseTintedGlasses":2,"hubris:Towel":15,"Question Card":3,"Pet Ghost":15,"CCEMRelics:DerglesHeadphones":3}]},"card_choices":[{"not_picked":["HollowMod:CloakDash","HollowMod:SoulStrike"],"picked":"HollowMod:LifebloodCocoon","floor":1},{"not_picked":["jedi:forcepull+1","hubris:Insight+1"],"picked":"Trip+1","floor":2},{"not_picked":["HollowMod:InfectionAssault","HollowMod:LifebloodCocoon"],"picked":"HollowMod:SoulStrike","floor":3},{"not_picked":["HollowMod:NewJinnsSoul","HollowMod:SoulSplash"],"picked":"HollowMod:ZotesMagnificence","floor":7},{"not_picked":["StSpp:Unbreakable","Replay:Bootleg Shield Generator"],"picked":"ReplayTheSpireMod:Private Reserves","floor":8},{"not_picked":["HollowMod:BaldurShell","HollowMod:GoodIntentions","HollowMod:SiblingsSouls"],"picked":"HollowMod:CornifersMapStart","floor":11}],"player_experience":1066396,"relics_obtained":[{"floor":4,"key":"reliquary:RoseTintedGlasses"},{"floor":7,"key":"CCEMRelics:DerglesHeadphones"},{"floor":9,"key":"Question Card"},{"floor":11,"key":"Pet Ghost"}],"event_choices":[{"damage_healed":0,"gold_gain":0,"player_choice":"2","damage_taken":0,"max_hp_gain":0,"max_hp_loss":0,"event_name":"betterMatch:BetterMatch","floor":2,"gold_loss":0,"cards_obtained":["betterMatch:ColorlessUncommonCard"]},{"damage_healed":0,"gold_gain":1,"player_choice":"1","damage_taken":0,"max_hp_gain":0,"max_hp_loss":0,"event_name":"betterStone:BetterStone","floor":8,"gold_loss":0}],"is_beta":false,"boss_relics":[],"items_purged_floors":[],"is_endless":false,"potions_floor_spawned":[3,7],"killed_by":"Hallownest:BossHornet","ascension_level":1}}