{"host":"t9l8sucsqkcz586p","time":1612485582,"event":{"mods":["BaseMod","Colored Map","DeckTracker","Keyboard Shortcuts","Minty Spire (QoL Compilation)","Permanent Neow","Quick Restart","StSLib","SuperFastMode","everything is the same but u backflip on backflip"],"gold_per_floor":[114,114,128,140,140,140,170,187,187,187,262,262,276,52,52,152,152,141,56,67,67,83,83,97,97,397,423,423,423],"floor_reached":28,"language":"KOR","playtime":942,"items_purged":["Strike_G"],"score":262,"play_id":"df27ea6b-c988-4ab1-a9c9-72b02b58048b","local_time":"20210205093942","is_ascension_mode":true,"campfire_choices":[{"data":"Neutralize","floor":6,"key":"SMITH"},{"floor":10,"key":"REST"},{"floor":12,"key":"REST"},{"data":"Noxious Fumes","floor":15,"key":"SMITH"},{"floor":23,"key":"REST"},{"floor":25,"key":"REST"}],"circlet_count":0,"master_deck":["Strike_G","Strike_G","Strike_G","Defend_G","Defend_G","Defend_G","Defend_G","Defend_G","Survivor","Neutralize+1","CurseOfTheBell","PiercingWail","Well Laid Plans","Noxious Fumes+1","Venomology","Acrobatics+1","Leg Sweep+1","Prepared+1","Tactician+1"],"relics":["Calling Bell","Pen Nib","Question Card","The Specimen","Ornamental Fan","Akabeko","TheAbacus","Fusion Hammer","Toxic Egg 2","Old Coin","Red Mask"],"acts_visited":["TheCity"],"potions_floor_usage":[18,20,22,24,27,27],"damage_taken":[{"damage":9.0,"enemies":"Cultist","floor":1.0,"turns":6.0},{"damage":4,"enemies":"Small Slimes","floor":3,"turns":4},{"damage":0,"enemies":"Jaw Worm","floor":4,"turns":5},{"damage":45,"enemies":"Lagavulin","floor":7,"turns":12},{"damage":1,"enemies":"Blue Slaver","floor":8,"turns":4},{"damage":2,"enemies":"2 Fungi Beasts","floor":13,"turns":3},{"damage":42,"enemies":"Hexaghost","floor":16,"turns":14},{"damage":29,"enemies":"2 Thieves","floor":18,"turns":4},{"damage":11,"enemies":"Spheric Guardian","floor":20,"turns":7},{"damage":0,"enemies":"Shelled Parasite and Fungi","floor":22,"turns":3},{"damage":22,"enemies":"Snecko","floor":24,"turns":6},{"damage":9,"enemies":"Masked Bandits","floor":27,"turns":3},{"damage":1,"enemies":"Cultist and Chosen","floor":28,"turns":4}],"seed_played":"7075296417219630930","potions_obtained":[{"floor":8,"key":"BlessingOfTheForge"},{"floor":13,"key":"EssenceOfSteel"},{"floor":16,"key":"Swift Potion"},{"floor":18,"key":"LiquidBronze"},{"floor":20,"key":"Block Potion"},{"floor":22,"key":"DistilledChaos"}],"is_trial":false,"path_per_floor":["M","T","M","M","?","R","E","M","T","R","?","R","M","$","R","B",null,"M","?","M","?","M","R","M","R","T","?","M"],"character_chosen":"THE_SILENT","items_purchased":["TheAbacus"],"campfire_rested":4,"item_purchase_floors":[14],"current_hp_per_floor":[61,61,57,57,62,62,17,16,16,38,27,49,47,47,47,5,75,46,46,35,35,35,57,35,57,57,48,47,47],"gold":423,"neow_bonus":"BOSS_RELIC","is_daily":false,"chose_seed":false,"campfire_upgraded":2,"win_rate":0.0,"timestamp":1612485582,"path_taken":["M","?","M","M","?","R","E","M","T","R","?","R","M","?","R","BOSS","M","?","M","?","?","R","M","R","T","?","M"],"items_purchased_type":["Relic"],"build_version":"2020-12-22","purchased_purges":1,"victory":false,"max_hp_per_floor":[70,70,70,70,75,75,75,75,75,75,75,75,75,75,75,75,75,75,75,75,75,75,75,75,75,75,75,75,75],"card_choices":[{"not_picked":["Cloak And Dagger","Prepared","Dagger Spray","Acrobatics"],"picked":"SKIP","floor":1.0},{"not_picked":["Outmaneuver","Acrobatics","Dagger Throw","Terror"],"picked":"SKIP","floor":3},{"not_picked":["Calculated Gamble","Riddle With Holes","Wraith Form v2","Deadly Poison"],"picked":"SKIP","floor":4},{"not_picked":["Dagger Spray","Cloak And Dagger","Dash"],"picked":"PiercingWail","floor":7},{"not_picked":["Malaise","PiercingWail","Calculated Gamble"],"picked":"Well Laid Plans","floor":8},{"not_picked":["Deflect","PiercingWail","Prepared"],"picked":"Noxious Fumes","floor":13},{"not_picked":["Burst","Unload","After Image"],"picked":"Venomology","floor":16},{"not_picked":["All Out Attack","Noxious Fumes","Outmaneuver","Dodge and Roll"],"picked":"SKIP","floor":18},{"not_picked":["Outmaneuver+1","Sucker Punch","Choke"],"picked":"Acrobatics+1","floor":20},{"not_picked":["Leg Sweep+1","Venomology+1","Poisoned Stab"],"picked":"Prepared+1","floor":22},{"not_picked":["Cloak And Dagger+1","Poisoned Stab+1","Deadly Poison+1"],"picked":"Tactician+1","floor":24}],"player_experience":114996,"relics_obtained":[{"floor":0.0,"key":"Pen Nib"},{"floor":0.0,"key":"Question Card"},{"floor":0.0,"key":"The Specimen"},{"floor":2,"key":"Ornamental Fan"},{"floor":7,"key":"Akabeko"},{"floor":26,"key":"Old Coin"},{"floor":27,"key":"Red Mask"}],"event_choices":[{"damage_healed":0,"gold_gain":0,"player_choice":"Donut","damage_taken":0,"max_hp_gain":5,"max_hp_loss":0,"event_name":"Big Fish","floor":5,"gold_loss":0},{"damage_healed":0,"gold_gain":75,"player_choice":"Gather Gold","damage_taken":11,"max_hp_gain":0,"max_hp_loss":0,"event_name":"World of Goop","floor":11,"gold_loss":0},{"damage_healed":0,"gold_gain":0,"player_choice":"Obtained Relic","damage_taken":0,"relics_obtained":["Toxic Egg 2"],"max_hp_gain":0,"max_hp_loss":0,"event_name":"Addict","floor":19,"gold_loss":85},{"damage_healed":0,"gold_gain":0,"cards_transformed":["Strike_G"],"player_choice":"Transformed","damage_taken":0,"max_hp_gain":0,"max_hp_loss":0,"event_name":"Transmorgrifier","floor":21,"gold_loss":0,"cards_obtained":["Leg Sweep"]},{"damage_healed":0,"gold_gain":0,"player_choice":"Fought Bandits","damage_taken":0,"max_hp_gain":0,"max_hp_loss":0,"event_name":"Masked Bandits","floor":27,"gold_loss":0}],"is_beta":false,"boss_relics":[{"not_picked":["Empty Cage","SlaversCollar"],"picked":"Fusion Hammer"}],"items_purged_floors":[14],"is_endless":false,"potions_floor_spawned":[8,13,16,18,20,22],"killed_by":"Cultist and Chosen","ascension_level":4}}