{"host":"2kfsro7skzomnm41","time":1612566344,"event":{"mods":["AchievementEnabler","BaseMod","Googly Eyes","Highlight Path","Minty Spire (QoL Compilation)","StSLib"],"gold_per_floor":[115,135,135,135,150,185,185,185,185],"floor_reached":8,"language":"ENG","playtime":395,"items_purged":[],"score":87,"play_id":"e1d0b59b-bb60-40e6-beb5-c317b971a307","local_time":"20210205180544","is_ascension_mode":true,"campfire_choices":[{"data":"Poisoned Stab","floor":7,"key":"SMITH"}],"circlet_count":0,"master_deck":["AscendersBane","Strike_G","Strike_G","Strike_G","Strike_G","Strike_G","Defend_G","Defend_G","Defend_G","Defend_G","Defend_G","Survivor","Neutralize","Die Die Die","Cloak And Dagger","Deadly Poison","Cloak And Dagger","Poisoned Stab+1"],"relics":["Ring of the Snake","Golden Idol","Gremlin Horn","Blood Vial"],"acts_visited":["Exordium"],"potions_floor_usage":[6,8],"damage_taken":[{"damage":0,"enemies":"Cultist","floor":1,"turns":4},{"damage":7,"enemies":"Jaw Worm","floor":2,"turns":6},{"damage":0,"enemies":"Small Slimes","floor":5,"turns":3},{"damage":9,"enemies":"3 Sentries","floor":6,"turns":7},{"damage":45,"enemies":"Gremlin Nob","floor":8,"turns":4}],"seed_played":"7884082550622782818","potions_obtained":[{"floor":1,"key":"LiquidMemories"},{"floor":6,"key":"Dexterity Potion"}],"is_trial":false,"path_per_floor":["M","M","?","T","M","E","R","E"],"character_chosen":"THE_SILENT","items_purchased":[],"campfire_rested":0,"item_purchase_floors":[],"current_hp_per_floor":[63,56,41,41,41,32,32,0,0],"gold":185,"neow_bonus":"THREE_RARE_CARDS","is_daily":false,"chose_seed":false,"campfire_upgraded":1,"win_rate":0.0,"timestamp":1612566344,"path_taken":["M","M","?","?","M","E","R","E"],"items_purchased_type":[],"build_version":"2020-12-22","purchased_purges":0,"victory":false,"max_hp_per_floor":[63,63,63,63,63,63,63,63,63],"card_choices":[{"not_picked":["Tools of the Trade","Malaise"],"picked":"Die Die Die","floor":0},{"not_picked":["Eviscerate","Crippling Poison"],"picked":"Cloak And Dagger","floor":1},{"not_picked":["Blur","Outmaneuver"],"picked":"Deadly Poison","floor":2},{"not_picked":["Caltrops","Heel Hook"],"picked":"Cloak And Dagger","floor":5},{"not_picked":["Tools of the Trade","Footwork"],"picked":"Poisoned Stab","floor":6}],"player_experience":284006,"relics_obtained":[{"floor":4,"key":"Gremlin Horn"},{"floor":6,"key":"Blood Vial"}],"event_choices":[{"damage_healed":0,"gold_gain":0,"player_choice":"Take Damage","damage_taken":15,"relics_obtained":["Golden Idol"],"max_hp_gain":0,"max_hp_loss":0,"event_name":"Golden Idol","floor":3,"gold_loss":0}],"is_beta":false,"boss_relics":[],"items_purged_floors":[],"is_endless":false,"potions_floor_spawned":[1,6],"killed_by":"Gremlin Nob","ascension_level":11}}