{"host":"timevagabond","time":1612566542,"event":{"mods":["BaseMod","Bestiary","Colored Map","Filter the Spire","Minty Spire (QoL Compilation)"],"gold_per_floor":[112,126,140,140,140,140,153,196,496,496,496,516,163,181,181,302,302,321,321,346,361,5,5,5,5,31,31,31],"floor_reached":27,"language":"ENG","playtime":1509,"items_purged":["Strike_B","Reprogram+1"],"score":245,"play_id":"64296885-93b8-4a99-8783-6036d042ba72","local_time":"20210205180902","is_ascension_mode":true,"campfire_choices":[{"data":"Reprogram","floor":6.0,"key":"SMITH"},{"floor":11.0,"key":"REST"},{"floor":15.0,"key":"REST"},{"floor":23,"key":"REST"},{"data":"Creative AI","floor":25,"key":"SMITH"}],"circlet_count":0,"master_deck":["Defend_B","Defend_B","Defend_B","Defend_B","Zap","Dualcast","Rebound","Static Discharge","Ball Lightning","Conserve Battery","Hologram","Creative AI+1","Coolheaded","Doom and Gloom","Biased Cognition","Self Repair","Chill","BootSequence+1","Coolheaded","Reprogram+1"],"relics":["Cracked Core","Golden Idol","Kunai","Old Coin","OrangePellets","Nuclear Battery","Toxic Egg 2","Vajra"],"acts_visited":["Exordium","TheCity"],"potions_floor_usage":[20,21],"damage_taken":[{"damage":2.0,"enemies":"2 Louse","floor":1.0,"turns":3.0},{"damage":8.0,"enemies":"Small Slimes","floor":2.0,"turns":2.0},{"damage":7.0,"enemies":"Jaw Worm","floor":3.0,"turns":3.0},{"damage":11.0,"enemies":"Exordium Thugs","floor":7.0,"turns":4.0},{"damage":26.0,"enemies":"3 Sentries","floor":8.0,"turns":8.0},{"damage":9.0,"enemies":"Exordium Wildlife","floor":12.0,"turns":7.0},{"damage":10.0,"enemies":"Red Slaver","floor":14.0,"turns":6.0},{"damage":18.0,"enemies":"Hexaghost","floor":16.0,"turns":12.0},{"damage":11,"enemies":"Shell Parasite","floor":18,"turns":4},{"damage":23,"enemies":"Chosen","floor":20,"turns":5},{"damage":26,"enemies":"Shelled Parasite and Fungi","floor":21,"turns":10},{"damage":60,"enemies":"Slavers","floor":27,"turns":6}],"seed_played":"5316890139701951237","potions_obtained":[{"floor":7.0,"key":"Swift Potion"},{"floor":12.0,"key":"Weak Potion"},{"floor":16.0,"key":"Swift Potion"},{"floor":18,"key":"AttackPotion"},{"floor":20,"key":"SteroidPotion"}],"is_trial":false,"path_per_floor":["M","M","M","?","?","R","M","E","T","?","R","M","$","M","R","B",null,"M","?","M","M","$","R","?","R","T","E"],"character_chosen":"DEFECT","items_purchased":["Creative AI","OrangePellets","Coolheaded","Toxic Egg 2"],"campfire_rested":3,"item_purchase_floors":[13,13,13,22],"current_hp_per_floor":[73,65,58,40,40,40,29,3,3,3,25,16,16,6,28,10,75,64,64,48,29,29,51,51,51,51,0,0],"gold":31,"neow_bonus":"REMOVE_CARD","is_daily":false,"chose_seed":false,"campfire_upgraded":2,"win_rate":0.0,"timestamp":1612566542,"path_taken":["M","M","M","?","?","R","M","E","T","?","R","M","$","M","R","BOSS","M","?","M","M","$","R","?","R","T","E"],"items_purchased_type":["Card","Relic","Card","Relic"],"build_version":"2020-12-18","purchased_purges":2,"victory":false,"max_hp_per_floor":[75,75,75,75,75,75,75,75,75,75,75,75,75,75,75,75,75,75,75,75,75,75,75,75,75,75,75,75],"card_choices":[{"not_picked":["Go for the Eyes","Leap"],"picked":"Rebound","floor":1.0},{"not_picked":["Redo","Double Energy"],"picked":"Static Discharge","floor":2.0},{"not_picked":["Streamline","Redo"],"picked":"Ball Lightning","floor":3.0},{"not_picked":["Fusion","Genetic Algorithm"],"picked":"Conserve Battery","floor":7.0},{"not_picked":["Barrage","Coolheaded","Stack"],"picked":"SKIP","floor":8.0},{"not_picked":["Barrage","Hello World"],"picked":"Hologram","floor":12.0},{"not_picked":["Compile Driver","Hello World"],"picked":"Doom and Gloom","floor":14.0},{"not_picked":["All For One","Buffer"],"picked":"Biased Cognition","floor":16.0},{"not_picked":["Redo","Beam Cell"],"picked":"Self Repair","floor":18},{"not_picked":["Barrage","Rebound"],"picked":"BootSequence+1","floor":20},{"not_picked":["Beam Cell+1","Reprogram"],"picked":"Coolheaded","floor":21}],"player_experience":187800,"relics_obtained":[{"floor":8.0,"key":"Kunai"},{"floor":9.0,"key":"Old Coin"},{"floor":26,"key":"Vajra"}],"event_choices":[{"damage_healed":0.0,"max_hp_gain":0.0,"max_hp_loss":0.0,"gold_gain":0.0,"event_name":"Golden Idol","player_choice":"Take Damage","floor":4.0,"gold_loss":0.0,"damage_taken":18.0,"relics_obtained":["Golden Idol"]},{"damage_healed":0.0,"max_hp_gain":0.0,"max_hp_loss":0.0,"gold_gain":0.0,"cards_transformed":["Strike_B"],"event_name":"Living Wall","player_choice":"Change","floor":5.0,"gold_loss":0.0,"damage_taken":0.0,"cards_obtained":["Reprogram"]},{"damage_healed":0.0,"max_hp_gain":0.0,"max_hp_loss":0.0,"gold_gain":0.0,"event_name":"Golden Wing","player_choice":"Ignored","floor":10.0,"gold_loss":0.0,"damage_taken":0.0},{"damage_healed":0,"gold_gain":0,"player_choice":"Read","damage_taken":0,"max_hp_gain":0,"max_hp_loss":0,"event_name":"The Library","floor":19,"gold_loss":0,"cards_obtained":["Chill"]},{"damage_healed":0,"gold_gain":0,"cards_transformed":["Strike_B"],"player_choice":"Transformed","damage_taken":0,"max_hp_gain":0,"max_hp_loss":0,"event_name":"Transmorgrifier","floor":24,"gold_loss":0,"cards_obtained":["Reprogram"]}],"is_beta":true,"boss_relics":[{"not_picked":["Calling Bell","Tiny House"],"picked":"Nuclear Battery"}],"items_purged_floors":[13,22],"is_endless":false,"potions_floor_spawned":[7,12,16,18,20],"killed_by":"Slavers","ascension_level":3}}