{"host":"1xo5g347e5o4auts","time":1612523790,"event":{"mods":["BaseMod","Minty Spire (QoL Compilation)","Permanent Neow","StSLib"],"gold_per_floor":[15,31,44,54,67,67,98,98,98,116,129,129,142,15,15,94,94,105,125,125,138,318,318,345,362,386,412,412,443,443,458,458,536,536,548,548,284,302,312,338,348,360,360,373,401,414,414,447,447,447,447,447,447,28,59,59],"floor_reached":57,"language":"ENG","playtime":3036,"items_purged":["Strike_G","Flying Knee","Blade Dance"],"score":2970,"play_id":"3ba3ca32-e926-4342-99c3-19abfe804f45","local_time":"20210205131630","is_ascension_mode":true,"campfire_choices":[{"data":"Deadly Poison","floor":6.0,"key":"SMITH"},{"data":"Malaise","floor":12.0,"key":"SMITH"},{"data":"Footwork","floor":15.0,"key":"SMITH"},{"floor":23.0,"key":"REST"},{"floor":28.0,"key":"REST"},{"data":"After Image","floor":30.0,"key":"SMITH"},{"data":"Well Laid Plans","floor":32.0,"key":"SMITH"},{"floor":47.0,"key":"RECALL"},{"data":"Footwork","floor":49.0,"key":"SMITH"},{"data":"Catalyst","floor":53.0,"key":"SMITH"}],"circlet_count":0,"master_deck":["AscendersBane","Defend_G","Defend_G","Defend_G","Defend_G","Defend_G","Survivor","Neutralize","Dagger Spray","Dash","Deadly Poison+1","After Image+1","Malaise+1","Adrenaline","Bane","Footwork+1","Deadly Poison","Corpse Explosion","Bouncing Flask","Caltrops+1","Tactician","Catalyst+1","Escape Plan","Blur","Well Laid Plans+1","Venomology","Backflip","Well Laid Plans","Backflip+1","Footwork+1","Terror+1","Deflect","Good Instincts","Dodge and Roll","Malaise"],"relics":["Ring of the Snake","Bird Faced Urn","Happy Flower","HornCleat","SlaversCollar","Ninja Scroll","Ancient Tea Set","Lantern","Potion Belt","SacredBark","ClockworkSouvenir","Shuriken","Eternal Feather","Juzu Bracelet","Cauldron","Bottled Tornado"],"acts_visited":["Exordium","TheCity","TheBeyond","TheEnding"],"potions_floor_usage":[55,56,56,56,56,56],"damage_taken":[{"damage":1.0,"enemies":"Cultist","floor":1.0,"turns":4.0},{"damage":6.0,"enemies":"Jaw Worm","floor":2.0,"turns":6.0},{"damage":1.0,"enemies":"2 Louse","floor":3.0,"turns":3.0},{"damage":6.0,"enemies":"Lots of Slimes","floor":4.0,"turns":3.0},{"damage":0.0,"enemies":"Blue Slaver","floor":5.0,"turns":4.0},{"damage":32.0,"enemies":"3 Sentries","floor":7.0,"turns":9.0},{"damage":0.0,"enemies":"Red Slaver","floor":10.0,"turns":6.0},{"damage":2.0,"enemies":"Exordium Wildlife","floor":11.0,"turns":5.0},{"damage":0.0,"enemies":"2 Fungi Beasts","floor":13.0,"turns":3.0},{"damage":0.0,"enemies":"The Guardian","floor":16.0,"turns":11.0},{"damage":7.0,"enemies":"2 Thieves","floor":18.0,"turns":4.0},{"damage":15.0,"enemies":"Chosen","floor":19.0,"turns":5.0},{"damage":24.0,"enemies":"Shelled Parasite and Fungi","floor":21.0,"turns":6.0},{"damage":15.0,"enemies":"Slavers","floor":24.0,"turns":4.0},{"damage":0.0,"enemies":"Cultist and Chosen","floor":25.0,"turns":3.0},{"damage":5.0,"enemies":"Gremlin Leader","floor":27.0,"turns":5.0},{"damage":16.0,"enemies":"Slavers","floor":29.0,"turns":3.0},{"damage":0.0,"enemies":"Snake Plant","floor":31.0,"turns":5.0},{"damage":33.0,"enemies":"Automaton","floor":33.0,"turns":13.0},{"damage":17.0,"enemies":"3 Darklings","floor":35.0,"turns":5.0},{"damage":4.0,"enemies":"3 Shapes","floor":38.0,"turns":5.0},{"damage":0.0,"enemies":"Sphere and 2 Shapes","floor":39.0,"turns":8.0},{"damage":8.0,"enemies":"Nemesis","floor":40.0,"turns":7.0},{"damage":0.0,"enemies":"Maw","floor":41.0,"turns":8.0},{"damage":0.0,"enemies":"Spire Growth","floor":42.0,"turns":8.0},{"damage":3.0,"enemies":"Jaw Worm Horde","floor":44.0,"turns":4.0},{"damage":12.0,"enemies":"Giant Head","floor":45.0,"turns":7.0},{"damage":0.0,"enemies":"Transient","floor":46.0,"turns":6.0},{"damage":0.0,"enemies":"Reptomancer","floor":48.0,"turns":7.0},{"damage":46.0,"enemies":"Time Eater","floor":50.0,"turns":19.0},{"damage":26.0,"enemies":"Awakened One","floor":51.0,"turns":16.0},{"damage":34,"enemies":"Shield and Spear","floor":55,"turns":7},{"damage":15,"enemies":"The Heart","floor":56,"turns":9}],"seed_played":"1391187360425256861","potions_obtained":[{"floor":2.0,"key":"LiquidBronze"},{"floor":5.0,"key":"SpeedPotion"},{"floor":7.0,"key":"Energy Potion"},{"floor":10.0,"key":"AttackPotion"},{"floor":19.0,"key":"EntropicBrew"},{"floor":27.0,"key":"LiquidMemories"},{"floor":31.0,"key":"SneckoOil"},{"floor":33.0,"key":"BlessingOfTheForge"},{"floor":38.0,"key":"ColorlessPotion"},{"floor":40.0,"key":"Block Potion"},{"floor":45.0,"key":"SkillPotion"},{"floor":54.0,"key":"CunningPotion"},{"floor":54.0,"key":"LiquidBronze"},{"floor":54.0,"key":"Swift Potion"},{"floor":55,"key":"ColorlessPotion"}],"is_trial":false,"path_per_floor":["M","M","M","M","M","R","E","?","T","M","M","R","M","$","R","B",null,"M","M","?","M","?","R","E","M","T","E","R","E","R","M","R","B",null,"M","?","$","M","M","E","M","M","T","M","E","M","R","E","R","B","B",null,"R","$","E","B",null],"character_chosen":"THE_SILENT","items_purchased":["Deadly Poison","ClockworkSouvenir","Cauldron","Good Instincts","Dodge and Roll"],"campfire_rested":2,"item_purchase_floors":[14,37,54,54,54],"current_hp_per_floor":[58,52,51,45,45,45,15,15,15,17,17,17,19,19,19,23,55,52,41,41,21,2,21,12,16,16,17,36,24,24,30,30,5,51,42,42,42,48,58,60,66,66,66,66,54,64,66,66,66,25,48,62,66,66,36,53],"gold":59,"neow_bonus":"ONE_RARE_RELIC","is_daily":false,"chose_seed":false,"campfire_upgraded":7,"win_rate":0.0,"timestamp":1612523790,"path_taken":["M","M","?","M","M","R","E","?","T","M","M","R","M","?","R","BOSS","M","M","?","M","?","R","E","M","T","E","R","E","R","?","R","BOSS","M","?","$","M","M","E","?","M","T","M","E","M","R","E","R","BOSS","BOSS","R","$","E","BOSS"],"items_purchased_type":["Card","Relic","Relic","Card","Card"],"build_version":"2020-12-22","purchased_purges":3,"victory":true,"max_hp_per_floor":[66,66,66,66,66,66,66,66,66,66,66,66,66,66,66,66,66,66,66,66,66,66,66,66,66,66,66,66,66,66,66,66,66,66,66,66,66,66,66,66,66,66,66,66,66,66,66,66,66,66,66,66,66,66,66,66],"card_choices":[{"not_picked":["Dodge and Roll","Prepared","Accuracy"],"picked":"SKIP","floor":1.0},{"not_picked":["Outmaneuver","Slice"],"picked":"Dagger Spray","floor":2.0},{"not_picked":["Accuracy","Sucker Punch"],"picked":"Dash","floor":3.0},{"not_picked":["Choke","Tactician"],"picked":"Deadly Poison","floor":4.0},{"not_picked":["Prepared","Backstab"],"picked":"After Image","floor":5.0},{"not_picked":["Blur","Quick Slash"],"picked":"Malaise","floor":7.0},{"not_picked":["Backflip","Outmaneuver"],"picked":"Bane","floor":10.0},{"not_picked":["Masterful Stab","Dagger Spray","Dodge and Roll"],"picked":"SKIP","floor":11.0},{"not_picked":["Bouncing Flask","Leg Sweep"],"picked":"Footwork","floor":13.0},{"not_picked":["Wraith Form v2","Unload"],"picked":"Corpse Explosion","floor":16.0},{"not_picked":["Deflect","Heel Hook"],"picked":"Bouncing Flask","floor":18.0},{"not_picked":["Predator","Finisher+1"],"picked":"Caltrops+1","floor":19.0},{"not_picked":["Cloak And Dagger","Distraction"],"picked":"Catalyst","floor":21.0},{"not_picked":["Deflect","Distraction"],"picked":"Escape Plan","floor":24.0},{"not_picked":["Calculated Gamble","Deflect"],"picked":"Blade Dance","floor":25.0},{"not_picked":["Deadly Poison","Calculated Gamble","Flying Knee"],"picked":"SKIP","floor":27.0},{"not_picked":["All Out Attack","Prepared"],"picked":"Blur","floor":29.0},{"not_picked":["Setup","Escape Plan"],"picked":"Well Laid Plans","floor":31.0},{"not_picked":["Phantasmal Killer","Envenom"],"picked":"Venomology","floor":33.0},{"not_picked":["Prepared","Blade Dance+1"],"picked":"Backflip","floor":35.0},{"not_picked":["Dash","Blade Dance","Flying Knee+1"],"picked":"SKIP","floor":38.0},{"not_picked":["Slice+1","Calculated Gamble"],"picked":"Backflip+1","floor":39.0},{"not_picked":["Poisoned Stab","Bouncing Flask"],"picked":"Footwork","floor":40.0},{"not_picked":["Slice","Cloak And Dagger","Deadly Poison"],"picked":"SKIP","floor":41.0},{"not_picked":["Poisoned Stab+1","Terror","Dagger Spray"],"picked":"SKIP","floor":42.0},{"not_picked":["Skewer","Dagger Spray+1","Dash+1"],"picked":"SKIP","floor":44.0},{"not_picked":["Outmaneuver+1","Predator"],"picked":"Terror+1","floor":45.0},{"not_picked":["Flying Knee+1","Heel Hook","Infinite Blades"],"picked":"SKIP","floor":46.0},{"not_picked":["Expertise+1","Eviscerate"],"picked":"Deflect","floor":48.0},{"not_picked":["Underhanded Strike+1","Well Laid Plans"],"picked":"Malaise","floor":55}],"player_experience":1446182,"relics_obtained":[{"floor":7.0,"key":"Happy Flower"},{"floor":9.0,"key":"HornCleat"},{"floor":24.0,"key":"Ninja Scroll"},{"floor":26.0,"key":"Ancient Tea Set"},{"floor":27.0,"key":"Lantern"},{"floor":29.0,"key":"Potion Belt"},{"floor":40.0,"key":"Shuriken"},{"floor":45.0,"key":"Eternal Feather"},{"floor":48.0,"key":"Juzu Bracelet"},{"floor":55,"key":"Bottled Tornado"}],"event_choices":[{"damage_healed":0.0,"max_hp_gain":0.0,"max_hp_loss":0.0,"gold_gain":0.0,"cards_transformed":["Strike_G"],"event_name":"Transmorgrifier","player_choice":"Transformed","floor":8.0,"gold_loss":0.0,"damage_taken":0.0,"cards_obtained":["Adrenaline"]},{"damage_healed":0.0,"max_hp_gain":0.0,"max_hp_loss":0.0,"gold_gain":0.0,"cards_transformed":["Strike_G","Strike_G"],"event_name":"Drug Dealer","player_choice":"Became Test Subject","floor":20.0,"gold_loss":0.0,"damage_taken":0.0,"cards_obtained":["Flying Knee","Tactician"]},{"damage_healed":0.0,"max_hp_gain":0.0,"max_hp_loss":0.0,"gold_gain":180.0,"event_name":"Knowing Skull","player_choice":"GOLD GOLD ","floor":22.0,"potions_obtained":[],"gold_loss":0.0,"damage_taken":19.0,"cards_obtained":[]},{"damage_healed":0.0,"max_hp_gain":0.0,"max_hp_loss":0.0,"gold_gain":0.0,"cards_transformed":["Strike_G"],"event_name":"Transmorgrifier","player_choice":"Transformed","floor":36.0,"gold_loss":0.0,"damage_taken":0.0,"cards_obtained":["Well Laid Plans"]}],"is_beta":false,"boss_relics":[{"not_picked":["Pandora\u0027s Box","Busted Crown"],"picked":"SlaversCollar"},{"not_picked":["Philosopher\u0027s Stone","WristBlade"],"picked":"SacredBark"}],"items_purged_floors":[14,37,54],"is_endless":false,"potions_floor_spawned":[2,5,7,10,11,16,19,27,31,33,38,39,40,42,45,55],"ascension_level":20}}