{"host":"Oniwa","time":1612538478,"event":{"mods":["BaseMod","Colored Map","Colored Powertips","Filter the Spire","Minty Spire (QoL Compilation)","RNG Fix","Relic Stats","Spire Exporter","StSLib","ojb\u0027s Better Paths Mod","ojb\u0027s Info Mod"],"gold_per_floor":[117,117,136,154,154,154,181,256,256,22,22,65,65,85,85,174,174,188,188,27,27,41,41,65,65,137,137,175,199,238,257,257,350,350,366,366,382,382,407,451,451,451,451,451,451],"floor_reached":44,"language":"JPN","playtime":2726,"items_purged":["Strike_R"],"score":1168,"play_id":"775aed5c-f772-4548-84da-138f4821ed64","local_time":"20210206002118","is_ascension_mode":true,"campfire_choices":[{"floor":6,"key":"REST"},{"data":"Uppercut","floor":13,"key":"SMITH"},{"data":"Bash","floor":15,"key":"SMITH"},{"floor":23,"key":"REST"},{"data":"True Grit","floor":32,"key":"SMITH"},{"floor":41,"key":"REST"}],"circlet_count":0,"master_deck":["AscendersBane","Defend_R+1","Defend_R+1","Defend_R+1","Bash+1","Infernal Blade+1","Fire Breathing+1","Battle Trance+1","Anger","Uppercut+1","Evolve","Ghostly Armor","Fiend Fire","True Grit+1","Dark Embrace+1","Parasite","Whirlwind","Anger","Flame Barrier","Dual Wield+1","Immolate","Shockwave+1","Exhume","Havoc","Headbutt+1","Intimidate"],"relics":["Astrolabe","Boot","Lantern","War Paint","Golden Idol","Regal Pillow","Cursed Key","Frozen Eye","Nilry\u0027s Codex","Tiny Chest","Gremlin Horn","Mark of Pain","Omamori","Mummified Hand","InkBottle"],"acts_visited":["Exordium","TheCity","TheBeyond"],"potions_floor_usage":[12,14,24,33,40,44],"damage_taken":[{"damage":4,"enemies":"Jaw Worm","floor":1,"turns":4},{"damage":0,"enemies":"Cultist","floor":3,"turns":2},{"damage":2,"enemies":"2 Louse","floor":4,"turns":1},{"damage":7,"enemies":"3 Sentries","floor":7,"turns":4},{"damage":6,"enemies":"Lagavulin","floor":12,"turns":5},{"damage":1,"enemies":"Blue Slaver","floor":14,"turns":3},{"damage":2,"enemies":"Slime Boss","floor":16,"turns":5},{"damage":5,"enemies":"2 Thieves","floor":18,"turns":3},{"damage":11,"enemies":"3 Byrds","floor":22,"turns":5},{"damage":27,"enemies":"Snecko","floor":24,"turns":6},{"damage":15,"enemies":"Book of Stabbing","floor":28,"turns":5},{"damage":2,"enemies":"Centurion and Healer","floor":29,"turns":5},{"damage":0,"enemies":"Slavers","floor":30,"turns":5},{"damage":0,"enemies":"Snake Plant","floor":31,"turns":2},{"damage":25,"enemies":"Champ","floor":33,"turns":12},{"damage":3,"enemies":"Orb Walker","floor":35,"turns":2},{"damage":0,"enemies":"3 Shapes","floor":37,"turns":4},{"damage":6,"enemies":"Maw","floor":39,"turns":9},{"damage":15,"enemies":"Reptomancer","floor":40,"turns":5},{"damage":83,"enemies":"Giant Head","floor":44,"turns":10}],"seed_played":"-1851917163619778376","potions_obtained":[{"floor":1,"key":"Block Potion"},{"floor":3,"key":"Strength Potion"},{"floor":14,"key":"HeartOfIron"},{"floor":22,"key":"PowerPotion"},{"floor":24,"key":"DuplicationPotion"},{"floor":33,"key":"AttackPotion"}],"is_trial":false,"path_per_floor":["M","?","M","M","?","R","E","?","T","$","?","E","R","M","R","B",null,"M","?","$","?","M","R","M","?","T","?","E","M","E","M","R","B",null,"M","?","M","?","M","E","R","T","T","E"],"character_chosen":"IRONCLAD","items_purchased":["Regen Potion","Evolve","Frozen Eye"],"campfire_rested":3,"item_purchase_floors":[10,10,20],"current_hp_per_floor":[64,38,38,36,13,35,28,17,17,17,17,25,25,24,24,22,57,52,52,52,31,20,55,28,68,68,68,53,51,51,51,51,26,58,55,55,55,55,49,34,65,65,65,0,0],"gold":451,"neow_bonus":"BOSS_RELIC","is_daily":false,"chose_seed":false,"campfire_upgraded":3,"win_rate":0.0,"timestamp":1612538478,"path_taken":["M","?","M","M","?","R","E","?","T","$","?","E","R","?","R","BOSS","M","?","$","?","M","R","M","?","T","?","E","M","E","M","R","BOSS","M","?","?","?","M","E","R","?","T","E"],"items_purchased_type":["Potion","Card","Relic"],"build_version":"2020-12-18","purchased_purges":1,"victory":false,"max_hp_per_floor":[75,75,75,75,75,75,75,75,75,75,68,68,68,68,68,68,68,68,68,68,68,68,68,68,68,68,68,68,68,68,68,68,68,68,68,68,68,65,65,65,65,65,65,65,65],"relic_stats":{"Regal Pillow":27,"Gremlin Horn":[3,7],"counters":[20,97],"Golden Idol":106,"Mummified Hand":[8],"Astrolabe":["Blood for Blood","Infernal Blade","Fire Breathing"],"Tiny Chest":1,"War Paint":["Defend_R","Defend_R"],"Boot":[23],"Cursed Key":3,"obtain_stats":[{"Lantern":7,"Regal Pillow":12,"Gremlin Horn":30,"Golden Idol":11,"Nilry\u0027s Codex":21,"Astrolabe":0,"Omamori":40,"War Paint":9,"Boot":2,"Cursed Key":17,"Burning Blood":0,"Frozen Eye":20,"Mummified Hand":42,"Tiny Chest":28,"Mark of Pain":34,"InkBottle":43},{"Lantern":4,"Regal Pillow":5,"Gremlin Horn":13,"Golden Idol":4,"Nilry\u0027s Codex":8,"Astrolabe":0,"Omamori":19,"War Paint":4,"Boot":1,"Cursed Key":7,"Burning Blood":0,"Frozen Eye":8,"Mummified Hand":19,"Tiny Chest":11,"Mark of Pain":15,"InkBottle":19},{"Lantern":11,"Regal Pillow":16,"Gremlin Horn":53,"Golden Idol":11,"Nilry\u0027s Codex":27,"Astrolabe":0,"Omamori":87,"War Paint":11,"Boot":4,"Cursed Key":24,"Burning Blood":0,"Frozen Eye":27,"Mummified Hand":87,"Tiny Chest":43,"Mark of Pain":67,"InkBottle":87}],"InkBottle":[4]},"card_choices":[{"not_picked":["Anger","Feel No Pain"],"picked":"Battle Trance","floor":1},{"not_picked":["Dark Embrace","Infernal Blade"],"picked":"Hemokinesis","floor":3},{"not_picked":["Carnage","Flex"],"picked":"Anger","floor":4},{"not_picked":["Armaments","Clash"],"picked":"Uppercut","floor":7},{"not_picked":["Searing Blow","Havoc","Twin Strike"],"picked":"SKIP","floor":12},{"not_picked":["Thunderclap","Perfected Strike"],"picked":"Ghostly Armor","floor":14},{"not_picked":["Berserk","Reaper"],"picked":"Fiend Fire","floor":16},{"not_picked":["Warcry","Cleave","Bloodletting"],"picked":"SKIP","floor":18},{"not_picked":["Thunderclap","Armaments"],"picked":"True Grit","floor":22},{"not_picked":["Evolve","Pommel Strike"],"picked":"Dark Embrace+1","floor":24},{"not_picked":["Pommel Strike","Searing Blow"],"picked":"Flame Barrier","floor":28},{"not_picked":["Fire Breathing","Clothesline"],"picked":"Dual Wield+1","floor":29},{"not_picked":["True Grit","Reaper"],"picked":"Immolate","floor":30},{"not_picked":["Thunderclap","Sword Boomerang"],"picked":"Shockwave+1","floor":31},{"not_picked":["Immolate","Fiend Fire"],"picked":"Exhume","floor":33},{"not_picked":["Whirlwind","Pommel Strike"],"picked":"Havoc","floor":35},{"not_picked":["Whirlwind","Havoc"],"picked":"Headbutt+1","floor":37},{"not_picked":["Sword Boomerang","Armaments","Sever Soul"],"picked":"SKIP","floor":39},{"not_picked":["Sword Boomerang+1","Flame Barrier"],"picked":"Intimidate","floor":40}],"player_experience":2673731,"relics_obtained":[{"floor":7,"key":"Lantern"},{"floor":9,"key":"War Paint"},{"floor":12,"key":"Regal Pillow"},{"floor":21,"key":"Nilry\u0027s Codex"},{"floor":28,"key":"Tiny Chest"},{"floor":30,"key":"Gremlin Horn"},{"floor":40,"key":"Omamori"},{"floor":42,"key":"Mummified Hand"},{"floor":43,"key":"InkBottle"}],"event_choices":[{"damage_healed":0,"gold_gain":0,"player_choice":"Success","damage_taken":26,"relics_obtained":["Boot"],"max_hp_gain":0,"max_hp_loss":0,"event_name":"Scrap Ooze","floor":2,"gold_loss":0},{"damage_healed":0,"gold_gain":0,"player_choice":"Entered Light","damage_taken":23,"max_hp_gain":0,"max_hp_loss":0,"event_name":"Shining Light","floor":5,"gold_loss":0,"cards_upgraded":["Battle Trance","Defend_R"]},{"damage_healed":0,"gold_gain":75,"player_choice":"Gather Gold","damage_taken":11,"max_hp_gain":0,"max_hp_loss":0,"event_name":"World of Goop","floor":8,"gold_loss":0},{"damage_healed":0,"gold_gain":0,"player_choice":"Lose Max HP","damage_taken":0,"relics_obtained":["Golden Idol"],"max_hp_gain":0,"max_hp_loss":7,"event_name":"Golden Idol","floor":11,"gold_loss":0},{"damage_healed":0,"gold_gain":0,"player_choice":"Ignored","damage_taken":0,"max_hp_gain":0,"max_hp_loss":0,"event_name":"Vampires","floor":19,"gold_loss":0},{"damage_healed":0,"gold_gain":0,"player_choice":"Obtained Book","damage_taken":21,"max_hp_gain":0,"max_hp_loss":0,"event_name":"Cursed Tome","floor":21,"gold_loss":0},{"cards_removed":["Hemokinesis"],"damage_healed":40,"gold_gain":0,"player_choice":"Offered Uncommon","damage_taken":0,"max_hp_gain":0,"max_hp_loss":0,"event_name":"Bonfire Elementals","floor":25,"gold_loss":0},{"damage_healed":0,"gold_gain":0,"cards_transformed":["Strike_R","Strike_R"],"player_choice":"Became Test Subject","damage_taken":0,"max_hp_gain":0,"max_hp_loss":0,"event_name":"Drug Dealer","floor":27,"gold_loss":0,"cards_obtained":["Whirlwind","Anger"]},{"cards_removed":["Blood for Blood"],"damage_healed":0,"gold_gain":0,"player_choice":"Removed Attack","damage_taken":0,"max_hp_gain":0,"max_hp_loss":0,"event_name":"Falling","floor":36,"gold_loss":0},{"damage_healed":0,"gold_gain":0,"player_choice":"Max HP","damage_taken":0,"max_hp_gain":0,"max_hp_loss":3,"event_name":"Winding Halls","floor":38,"gold_loss":0}],"is_beta":true,"boss_relics":[{"not_picked":["Ectoplasm","Runic Pyramid"],"picked":"Cursed Key"},{"not_picked":["Sozu","Empty Cage"],"picked":"Mark of Pain"}],"items_purged_floors":[10],"is_endless":false,"potions_floor_spawned":[1,3,4,14,22,24,33,39],"killed_by":"Giant Head","ascension_level":20}}