{"host":"f9mdfzi4ns4wieu7","time":1612497914,"event":{"mods":["Arknights","BaseMod","Better Note","Better Skull","Better Third Choice","Colored Powertips","Curses Come First","DeckTracker","GungeonMod","Hermit","Infinite Spire","Minty Spire (QoL Compilation)","Quick Restart","Random Character Button","Rare Cards Sparkle","Relic Sorter","Reliquary","Robot Space Explorer","Shade Mod","Smile Girya","StSLib","The Poker Player","The Saiyan","The Servant 0.9.4","TheBandit","WarShipGirlsR/????R mod","Yuyuko"],"gold_per_floor":[113,129,149,162,47,75,75,0,300,300,300,300,310,329,329,329,329,329],"floor_reached":16,"language":"ENG","playtime":89343,"items_purged":["PokerPlayerMod:Club1"],"score":102,"play_id":"9caad2fe-8481-49f3-a9bb-b69436b6ae38","local_time":"20210204210514","is_ascension_mode":false,"metric_token":1746,"campfire_choices":[{"data":"PokerPlayerMod:Mulligan","floor":7,"key":"SMITH"},{"data":"PokerPlayerMod:Raise","floor":11,"key":"SMITH"},{"data":"PokerPlayerMod:BadJoker","floor":15,"key":"SMITH"}],"circlet_count":0,"master_deck":["PokerPlayerMod:Diamond1","PokerPlayerMod:Diamond2","PokerPlayerMod:Diamond3","PokerPlayerMod:Diamond4","PokerPlayerMod:Diamond5","PokerPlayerMod:Spade1","PokerPlayerMod:Spade2","PokerPlayerMod:Spade3","PokerPlayerMod:Spade4","PokerPlayerMod:Club2","PokerPlayerMod:Heart2","PokerPlayerMod:TrumpStrike","PokerPlayerMod:BadJoker+1","PokerPlayerMod:Mulligan+1","PokerPlayerMod:CardPrinter","PokerPlayerMod:Heart4","PokerPlayerMod:Diamond4","PokerPlayerMod:Fold","PokerPlayerMod:Raise+1","Parasite","PokerPlayerMod:ClubDance","PokerPlayerMod:Club4"],"relics":["PokerPlayerMod:DeckCase","NeowsBlessing","DemoMod:GnawedKey","reliquary:HotPoker","Old Coin"],"acts_visited":["Exordium"],"potions_floor_usage":[16,16,16],"damage_taken":[{"damage":0,"enemies":"Cultist","floor":1,"turns":1},{"damage":0,"enemies":"2 Louse","floor":2,"turns":1},{"damage":0,"enemies":"Small Slimes","floor":3,"turns":1},{"damage":8,"enemies":"2 Fungi Beasts","floor":4,"turns":4},{"damage":44,"enemies":"Lagavulin","floor":6,"turns":7},{"damage":12,"enemies":"Exordium Thugs","floor":13,"turns":4},{"damage":0,"enemies":"Lots of Slimes","floor":14,"turns":2},{"damage":25,"enemies":"The Guardian","floor":16,"turns":4}],"seed_played":"-527940049790032180","potions_obtained":[{"floor":3,"key":"DemoMod:LeadSkinPotion"},{"floor":13,"key":"PowerPotion"},{"floor":14,"key":"SkillPotion"}],"is_trial":false,"path_per_floor":["M","M","M","M","$","E","R","$","T","?","R","?","M","M","R","B"],"character_chosen":"THE_POKER_PLAYER","items_purchased":["DemoMod:GnawedKey"],"campfire_rested":0,"item_purchase_floors":[5],"current_hp_per_floor":[52,52,52,44,44,7,7,7,7,20,20,20,17,19,19,0,0,0],"gold":329,"neow_bonus":"THREE_ENEMY_KILL","is_daily":false,"chose_seed":false,"campfire_upgraded":3,"win_rate":0.0,"timestamp":1612497914,"path_taken":["M","M","?","M","$","E","R","$","T","?","R","?","M","M","R","BOSS"],"items_purchased_type":["Relic"],"build_version":"2020-12-22","purchased_purges":1,"victory":false,"max_hp_per_floor":[52,52,52,52,52,52,52,52,52,52,52,52,52,52,52,52,52,52],"card_choices":[{"not_picked":["PokerPlayerMod:Club1","PokerPlayerMod:SecondChance"],"picked":"PokerPlayerMod:CardPrinter","floor":1},{"not_picked":["PokerPlayerMod:SecondChance","PokerPlayerMod:Raise"],"picked":"PokerPlayerMod:Heart4","floor":2},{"not_picked":["PokerPlayerMod:Diamond1","PokerPlayerMod:Heart4"],"picked":"PokerPlayerMod:Diamond4","floor":3},{"not_picked":["PokerPlayerMod:Spade3","PokerPlayerMod:DiamondStrike"],"picked":"PokerPlayerMod:Fold","floor":4},{"not_picked":["PokerPlayerMod:SecretDealer","PokerPlayerMod:SpadeStrike"],"picked":"PokerPlayerMod:Raise","floor":6},{"not_picked":["PokerPlayerMod:CloakAndDiamond","PokerPlayerMod:Diamond2"],"picked":"PokerPlayerMod:ClubDance","floor":13},{"not_picked":["PokerPlayerMod:Fold","PokerPlayerMod:StackedDeck"],"picked":"PokerPlayerMod:Club4","floor":14}],"player_experience":13742,"relics_obtained":[{"floor":6,"key":"reliquary:HotPoker"},{"floor":9,"key":"Old Coin"}],"event_choices":[{"damage_healed":13,"gold_gain":0,"player_choice":"Healed and dodged fight","damage_taken":0,"max_hp_gain":0,"max_hp_loss":0,"event_name":"Mushrooms","floor":10,"gold_loss":0,"cards_obtained":["Parasite"]}],"is_beta":false,"boss_relics":[],"items_purged_floors":[8],"is_endless":false,"potions_floor_spawned":[3,13,14],"killed_by":"The Guardian","ascension_level":0}}