{"host":"5trcja4hacd149zc","time":1612506556,"event":{"mods":["BaseMod","Colored Map","GifTheSpireLib","Minty Spire (QoL Compilation)","Relic Stats","StSLib"],"gold_per_floor":[115,64,82,52,69,69,69,100,154,154,169,169,203,219,219,219,219],"floor_reached":16,"language":"ENG","playtime":326,"items_purged":[],"score":220,"play_id":"b853d502-5b91-4277-8afa-5bf9fbdac8da","local_time":"20210205002916","is_ascension_mode":true,"campfire_choices":[{"data":"Bash","floor":6,"key":"SMITH"},{"data":"Anger","floor":10,"key":"SMITH"},{"data":"Shockwave","floor":15,"key":"SMITH"}],"circlet_count":0,"master_deck":["AscendersBane","Strike_R+1","Strike_R","Strike_R","Strike_R","Strike_R","Defend_R","Defend_R","Defend_R","Defend_R","Bash+1","Anger+1","Pommel Strike","True Grit+1","Cleave","Flame Barrier","Shrug It Off","Shockwave+1"],"relics":["Burning Blood","NeowsBlessing","Boot","Happy Flower","Akabeko","Golden Idol","Eternal Feather"],"acts_visited":["Exordium"],"potions_floor_usage":[8,16],"damage_taken":[{"damage":0,"enemies":"2 Louse","floor":1,"turns":1},{"damage":0,"enemies":"Cultist","floor":3,"turns":1},{"damage":0,"enemies":"Small Slimes","floor":5,"turns":1},{"damage":16,"enemies":"Lagavulin","floor":8,"turns":7},{"damage":9,"enemies":"Blue Slaver","floor":11,"turns":3},{"damage":24,"enemies":"Gremlin Nob","floor":13,"turns":4},{"damage":4,"enemies":"2 Fungi Beasts","floor":14,"turns":3},{"damage":32,"enemies":"Hexaghost","floor":16,"turns":9}],"seed_played":"8522002663909306148","potions_obtained":[{"floor":1,"key":"Fire Potion"},{"floor":8,"key":"EssenceOfSteel"}],"is_trial":false,"path_per_floor":["M","?","M","$","M","R","?","E","T","R","M","?","E","M","R","B"],"character_chosen":"IRONCLAD","items_purchased":["True Grit"],"campfire_rested":0,"item_purchase_floors":[4],"current_hp_per_floor":[74,74,75,75,75,75,52,42,42,42,39,39,21,23,32,0,0],"gold":219,"neow_bonus":"THREE_ENEMY_KILL","is_daily":false,"chose_seed":false,"campfire_upgraded":3,"win_rate":0.0,"timestamp":1612506556,"path_taken":["M","?","M","$","?","R","?","E","T","R","M","?","E","M","R","BOSS"],"items_purchased_type":["Card"],"build_version":"2020-12-22","purchased_purges":0,"victory":false,"max_hp_per_floor":[75,75,75,75,75,75,75,75,75,75,75,68,68,68,68,68,68],"relic_stats":{"Happy Flower":[6],"counters":[8,29],"Golden Idol":10,"Eternal Feather":9,"Boot":[3],"obtain_stats":[{"NeowsBlessing":0,"Happy Flower":8,"Golden Idol":12,"Eternal Feather":13,"Boot":2,"Burning Blood":0,"Akabeko":9},{"NeowsBlessing":0,"Happy Flower":4,"Golden Idol":5,"Eternal Feather":6,"Boot":1,"Burning Blood":0,"Akabeko":4},{"NeowsBlessing":0,"Happy Flower":10,"Golden Idol":13,"Eternal Feather":17,"Boot":1,"Burning Blood":0,"Akabeko":10}],"Burning Blood":31},"card_choices":[{"not_picked":["Dark Embrace","Flex"],"picked":"Anger","floor":1},{"not_picked":["Warcry","Perfected Strike"],"picked":"Pommel Strike","floor":3},{"not_picked":["Rupture","Blood for Blood"],"picked":"Cleave","floor":5},{"not_picked":["Thunderclap","Dual Wield"],"picked":"Flame Barrier","floor":8},{"not_picked":["Limit Break","Cleave","Sword Boomerang"],"picked":"SKIP","floor":11},{"not_picked":["Anger","Sword Boomerang"],"picked":"Shrug It Off","floor":13},{"not_picked":["Bloodletting","Armaments"],"picked":"Shockwave","floor":14}],"player_experience":771707,"relics_obtained":[{"floor":8,"key":"Happy Flower"},{"floor":9,"key":"Akabeko"},{"floor":13,"key":"Eternal Feather"}],"event_choices":[{"damage_healed":0,"gold_gain":0,"player_choice":"Paid Gold","damage_taken":0,"relics_obtained":["Boot"],"max_hp_gain":0,"max_hp_loss":0,"event_name":"WeMeetAgain","floor":2,"gold_loss":51},{"damage_healed":0,"gold_gain":0,"player_choice":"Entered Light","damage_taken":23,"max_hp_gain":0,"max_hp_loss":0,"event_name":"Shining Light","floor":7,"gold_loss":0,"cards_upgraded":["True Grit","Strike_R"]},{"damage_healed":0,"gold_gain":0,"player_choice":"Lose Max HP","damage_taken":0,"relics_obtained":["Golden Idol"],"max_hp_gain":0,"max_hp_loss":7,"event_name":"Golden Idol","floor":12,"gold_loss":0}],"is_beta":false,"boss_relics":[],"items_purged_floors":[],"is_endless":false,"potions_floor_spawned":[1,8],"killed_by":"Hexaghost","ascension_level":20}}