{"host":"2i1rjl87isetstuj","time":1612539057,"event":{"mods":["BaseMod","Better Vampires","Challenge The Spire","Lobotomy","LobotomyExtend","Marked Mod","Minty Spire (QoL Compilation)","Quick Restart","Shop Mod","StSLib","Waifu the Spire","óô»ðÖ¸ÄÏ"],"gold_per_floor":[119,138,158,171,190,190,201,201,226,237,256,431,431,466,466,466,466],"floor_reached":16,"language":"ZHS","playtime":760,"items_purged":[],"score":106,"play_id":"eaccb44c-9e02-420d-8d36-ae00614efe1f","local_time":"20210205233057","is_ascension_mode":false,"campfire_choices":[],"circlet_count":0,"master_deck":["SpecialBullet","SpecialBullet","SpecialBullet","SpecialBullet","SpecialBullet","SpecialBullet","SpecialBullet","SpecialBullet","InformationCode","SecurityCode","CentralCode","SwordSharpenedByTears","RedEyes","QueenOfHatred","GreenStem","GrinderMk4","Woodsman","CENSORED_ego","Lantern","Doubt","ScreamingWedge"],"relics":["CogitoBucket","LetterFromLob","WingedGreaves"],"acts_visited":["Exordium"],"potions_floor_usage":[7,7,14,16],"damage_taken":[{"damage":11.0,"enemies":"Jaw Worm","floor":1.0,"turns":2.0},{"damage":5.0,"enemies":"2 Louse","floor":2.0,"turns":2.0},{"damage":11.0,"enemies":"Small Slimes","floor":3.0,"turns":3.0},{"damage":23.0,"enemies":"Exordium Thugs","floor":4.0,"turns":3.0},{"damage":21.0,"enemies":"Large Slime","floor":5.0,"turns":4.0},{"damage":0,"enemies":"Blue Slaver","floor":7,"turns":1},{"damage":6,"enemies":"3 Louse","floor":10,"turns":2},{"damage":0,"enemies":"Gremlin Gang","floor":11,"turns":1},{"damage":95,"enemies":"Lagavulin","floor":14,"turns":9},{"damage":39,"enemies":"Slime Boss","floor":16,"turns":3}],"seed_played":"-2928115920927251175","potions_obtained":[{"floor":3.0,"key":"GamblersBrew"},{"floor":4.0,"key":"Strength Potion"},{"floor":10,"key":"AttackPotion"},{"floor":11,"key":"Weak Potion"}],"is_trial":false,"path_per_floor":["M","M","M","M","M","R","M","R","T","M","M","?","R","E","R","B"],"character_chosen":"Angela","items_purchased":[],"campfire_rested":0,"item_purchase_floors":[],"current_hp_per_floor":[74,77,77,71,73,73,77,77,77,81,81,81,81,29,29,0,0],"gold":466,"neow_bonus":"TEN_PERCENT_HP_BONUS","is_daily":false,"chose_seed":false,"campfire_upgraded":0,"win_rate":0.0,"timestamp":1612539057,"path_taken":["M","M","M","M","M","R","M","R","T","M","M","?","R","E","R","BOSS"],"items_purchased_type":[],"build_version":"2020-12-22","purchased_purges":0,"victory":false,"max_hp_per_floor":[77,77,77,77,77,77,77,77,77,81,81,81,81,81,81,81,81],"card_choices":[{"not_picked":["Noise"],"picked":"SwordSharpenedByTears","floor":1.0},{"not_picked":["BearPaw"],"picked":"RedEyes","floor":2.0},{"not_picked":["ShyLook","BeautyBeast"],"picked":"QueenOfHatred","floor":3.0},{"not_picked":["Soda"],"picked":"GreenStem","floor":3.0},{"not_picked":["CherryBlossom","Noise"],"picked":"SKIP","floor":4.0},{"not_picked":["BloodyDesire"],"picked":"GrinderMk4","floor":5.0},{"not_picked":["MeatLantern","ShyLook"],"picked":"Woodsman","floor":7},{"not_picked":["Lantern"],"picked":"CENSORED_ego","floor":7},{"not_picked":["OSAHOGD","Funeral"],"picked":"Yin","floor":10},{"not_picked":["Horn"],"picked":"Lantern","floor":10},{"not_picked":["Horn","Beak"],"picked":"SKIP","floor":11},{"not_picked":["SomewhereSpear"],"picked":"ScreamingWedge","floor":14}],"player_experience":130203,"relics_obtained":[{"floor":1.0,"key":"LetterFromLob"},{"floor":14,"key":"WingedGreaves"}],"event_choices":[{"damage_healed":0,"gold_gain":175,"player_choice":"AGREE","damage_taken":0,"max_hp_gain":0,"max_hp_loss":0,"event_name":"Liars Game","floor":12,"gold_loss":0,"cards_obtained":["Doubt"]}],"is_beta":false,"boss_relics":[],"items_purged_floors":[],"is_endless":false,"potions_floor_spawned":[3,4,10,11],"killed_by":"Slime Boss","ascension_level":0}}