{"host":"vlqejv0notyktumz","time":1612489247,"event":{"mods":["AchievementEnabler","BaseMod","Colored Map","Colored Powertips","Downfall","Googly Eyes","Minty Spire (QoL Compilation)","StSLib"],"gold_per_floor":[118,32,52,52,62,62,76,76,102,132,144,144,144,219,219,320,320,340,17,0,99,45,45,45,74,74,89,89,89],"floor_reached":28,"language":"ENG","playtime":451,"items_purged":["Strike_B"],"score":351,"play_id":"a0d090b0-46e5-4b21-a6d7-f9cc685fe279","local_time":"20210204194047","is_ascension_mode":true,"campfire_choices":[{"data":"Defragment","floor":6,"key":"SMITH"},{"data":"Static Discharge","floor":8,"key":"SMITH"},{"floor":12,"key":"REST"},{"data":"Conserve Battery","floor":15,"key":"SMITH"},{"data":"Hologram","floor":23,"key":"SMITH"}],"circlet_count":0,"master_deck":["AscendersBane","Strike_B","Strike_B","Defend_B","Defend_B","Defend_B","Defend_B+1","Zap+1","Dualcast","Electrodynamics","FTL","Defragment+1","Conserve Battery+1","Barrage","Rebound","Static Discharge+1","FTL","Echo Form","Conserve Battery","Auto Shields","Hologram+1"],"relics":["Cracked Core","Omamori","Nunchaku","Busted Crown","War Paint","Strawberry","Ice Cream"],"acts_visited":["Exordium","TheCity"],"potions_floor_usage":[10,25,25,28],"damage_taken":[{"damage":1,"enemies":"Cultist","floor":1,"turns":3},{"damage":5,"enemies":"Jaw Worm","floor":3,"turns":4},{"damage":6,"enemies":"2 Louse","floor":5,"turns":2},{"damage":12,"enemies":"2 Fungi Beasts","floor":7,"turns":2},{"damage":20,"enemies":"3 Sentries","floor":10,"turns":3},{"damage":4,"enemies":"Large Slime","floor":11,"turns":4},{"damage":19,"enemies":"The Guardian","floor":16,"turns":8},{"damage":18,"enemies":"2 Thieves","floor":18,"turns":2},{"damage":41,"enemies":"Slavers","floor":25,"turns":5},{"damage":4,"enemies":"Spheric Guardian","floor":27,"turns":3},{"damage":8,"enemies":"3 Cultists","floor":28,"turns":2}],"seed_played":"-6252809885685052396","potions_obtained":[{"floor":3,"key":"DuplicationPotion"},{"floor":11,"key":"Ancient Potion"},{"floor":16,"key":"Strength Potion"},{"floor":25,"key":"FearPotion"}],"is_trial":false,"path_per_floor":["M","$","M","?","M","R","M","R","T","E","M","R","?","?","R","B",null,"M","$","?","?","$","R","$","E","T","M","M"],"character_chosen":"DEFECT","items_purchased":["Defragment","Conserve Battery","War Paint","Conserve Battery","Auto Shields","Hologram"],"campfire_rested":1,"item_purchase_floors":[2,2,19,19,19,22],"current_hp_per_floor":[67,67,62,62,56,56,44,44,44,24,20,42,60,49,49,30,64,46,46,46,46,46,46,46,12,12,8,0,0],"gold":89,"neow_bonus":"ONE_RANDOM_RARE_CARD","is_daily":false,"chose_seed":false,"campfire_upgraded":4,"win_rate":0.0,"timestamp":1612489247,"path_taken":["M","?","M","?","M","R","?","R","T","E","M","R","?","?","R","BOSS","M","$","?","?","?","R","?","E","T","?","M"],"items_purchased_type":["Card","Card","Relic","Card","Card","Card"],"build_version":"2020-12-22","purchased_purges":1,"victory":false,"max_hp_per_floor":[75,75,75,75,75,75,75,75,75,75,75,75,75,75,75,75,75,75,75,75,75,75,75,75,82,82,82,82,82],"card_choices":[{"not_picked":["Stack","Coolheaded"],"picked":"FTL","floor":1},{"not_picked":["Coolheaded","Reprogram"],"picked":"Barrage","floor":3},{"not_picked":["Multi-Cast","Aggregate"],"picked":"Rebound","floor":5},{"not_picked":["Rebound","Recycle"],"picked":"Static Discharge","floor":7},{"not_picked":["Turbo","Double Energy"],"picked":"FTL","floor":10},{"not_picked":["Streamline","Chaos","Cold Snap"],"picked":"SKIP","floor":11},{"not_picked":["Core Surge","Creative AI"],"picked":"Echo Form","floor":16},{"not_picked":["Genetic Algorithm"],"picked":"SKIP","floor":18},{"not_picked":["Sunder"],"picked":"SKIP","floor":25},{"not_picked":["Conserve Battery"],"picked":"SKIP","floor":27}],"player_experience":394220,"relics_obtained":[{"floor":9,"key":"Omamori"},{"floor":10,"key":"Nunchaku"},{"floor":25,"key":"Strawberry"},{"floor":26,"key":"Ice Cream"}],"event_choices":[{"cards_removed":["Strike_B"],"damage_healed":0,"gold_gain":0,"player_choice":"Purged","damage_taken":0,"max_hp_gain":0,"max_hp_loss":0,"event_name":"Purifier","floor":4,"gold_loss":0},{"damage_healed":18,"gold_gain":0,"player_choice":"Healed and dodged fight","damage_taken":0,"max_hp_gain":0,"max_hp_loss":0,"event_name":"Mushrooms","floor":13,"gold_loss":0,"cards_obtained":["Parasite"]},{"damage_healed":0,"gold_gain":75,"player_choice":"Gather Gold","damage_taken":11,"max_hp_gain":0,"max_hp_loss":0,"event_name":"World of Goop","floor":14,"gold_loss":0},{"damage_healed":0,"gold_gain":0,"player_choice":"Paid Fearfully","damage_taken":0,"max_hp_gain":0,"max_hp_loss":0,"event_name":"Masked Bandits","floor":20,"gold_loss":17},{"damage_healed":0,"gold_gain":99,"player_choice":"Stole From Cult","damage_taken":0,"max_hp_gain":0,"max_hp_loss":0,"event_name":"Nest","floor":21,"gold_loss":0}],"is_beta":false,"boss_relics":[{"not_picked":["Runic Pyramid","FrozenCore"],"picked":"Busted Crown"}],"items_purged_floors":[19],"is_endless":false,"potions_floor_spawned":[3,11,16,25],"killed_by":"3 Cultists","ascension_level":10}}