{"host":"0y7rggrn2c7yxnri","time":1612512309,"event":{"mods":["AchievementEnabler","Act Like it!","AlwaysNeverKeys","Aspiration","Bartender","BaseMod","Better Altar","Better Sensory Stone","Better Skull","Better Third Choice","Better Vampires","BetterRewards","Colored Map","Colored Powertips","Displayed Cursed Tome","GifTheSpireLib","Good Game Mod","Magitek Elite","Minty Spire (QoL Compilation)","Permanent Neow","Quick Restart","Rare Cards Sparkle","Relic Filter Mod","Reliquary","Replay The Spire","Shop Mod","Spicy Shops","Spire Arcade","StSLib","Stuff the Spire","The Alterego","The Animator","The Marked","The Servant 0.9.4","Transform Curses","Virulent Crown","Wandering Minibosses"],"gold_per_floor":[115,127,12,12,12,12,37,37,37,57,82,97,126,126,126,126,126],"floor_reached":16,"language":"ENG","playtime":609,"items_purged":[],"score":124,"play_id":"07177630-ff68-4a64-be41-51b2a6fdcb5e","local_time":"20210205030509","is_ascension_mode":true,"campfire_choices":[{"data":"1","floor":6,"key":"LIFT"},{"data":"2","floor":8,"key":"LIFT"},{"data":"3","floor":15,"key":"LIFT"}],"circlet_count":0,"master_deck":["Strike_B","Strike_B","Strike_B","Strike_B","Defend_B","Defend_B","Defend_B","Defend_B","Zap","Dualcast","Feed","Dramatic Entrance","Gash","Go for the Eyes","Sweeping Beam","Hologram","Gash","Scrape","Reboot+1","Decay"],"relics":["Cracked Core","REME:ComplimentaryCards","Girya","Replay:Wax Seal","Golden Egg","Vajra","StuffTheSpire:Tea","Matryoshka"],"acts_visited":["Exordium"],"potions_floor_usage":[16],"damage_taken":[{"damage":0,"enemies":"Small Slimes","floor":1,"turns":1},{"damage":1,"enemies":"Cultist","floor":2,"turns":3},{"damage":27,"enemies":"Lagavulin","floor":7,"turns":5},{"damage":0,"enemies":"Jaw Worm","floor":10,"turns":1},{"damage":0,"enemies":"Exordium Thugs","floor":12,"turns":2},{"damage":5,"enemies":"3 Sentries","floor":13,"turns":2},{"damage":52,"enemies":"The Guardian","floor":16,"turns":6}],"seed_played":"2955746509102440702","potions_obtained":[{"floor":1,"key":"Cursed Concoction"},{"floor":10,"key":"Fire Potion"}],"is_trial":false,"path_per_floor":["M","M","$","?","?","R","E","R","T","M","?","M","E","?","R","B"],"character_chosen":"DEFECT","items_purchased":["Dramatic Entrance","Girya","Gash","Go for the Eyes","Sweeping Beam","Scrape","Replay:Wax Seal"],"campfire_rested":0,"item_purchase_floors":[0,0,0,0,0,3,3],"current_hp_per_floor":[75,74,74,79,79,79,52,52,52,52,52,55,50,50,50,0,0],"gold":126,"neow_bonus":"","is_daily":false,"chose_seed":false,"campfire_upgraded":0,"win_rate":0.0,"timestamp":1612512309,"path_taken":["M","M","$","?","?","R","E","R","T","?","?","M","E","?","R","BOSS"],"items_purchased_type":["Card","Relic","Card","Card","Card","Card","Relic"],"build_version":"2020-12-22","purchased_purges":0,"victory":false,"max_hp_per_floor":[75,75,75,80,80,80,80,80,80,80,80,83,83,83,83,83,83],"card_choices":[{"not_picked":["Stack","Blizzard"],"picked":"Hologram","floor":1},{"not_picked":["Cold Snap","Turbo"],"picked":"Gash","floor":2},{"not_picked":["Chill","Coolheaded","Genetic Algorithm"],"picked":"SKIP","floor":7},{"not_picked":["Panic Button","StuffTheSpire:LoadUp","Lockon"],"picked":"SKIP","floor":10},{"not_picked":["ReplaySort","ReplayTheSpireMod:System Scan"],"picked":"Reboot","floor":12},{"not_picked":["Barrage","Ball Lightning","Loop"],"picked":"SKIP","floor":13}],"player_experience":318404,"relics_obtained":[{"floor":7,"key":"Vajra"},{"floor":9,"key":"StuffTheSpire:Tea"},{"floor":13,"key":"Matryoshka"}],"event_choices":[{"damage_healed":0,"gold_gain":0,"player_choice":"Donut","damage_taken":0,"max_hp_gain":5,"max_hp_loss":0,"event_name":"Big Fish","floor":4,"gold_loss":0},{"damage_healed":0,"gold_gain":0,"player_choice":"Gave Potion","damage_taken":0,"relics_obtained":["Golden Egg"],"max_hp_gain":0,"max_hp_loss":0,"event_name":"WeMeetAgain","floor":5,"gold_loss":0},{"damage_healed":0,"gold_gain":0,"player_choice":"Cursed","damage_taken":0,"max_hp_gain":0,"max_hp_loss":0,"event_name":"Wheel of Change","floor":14,"gold_loss":0,"cards_obtained":["Decay"]}],"is_beta":false,"boss_relics":[],"items_purged_floors":[],"is_endless":false,"potions_floor_spawned":[1,10],"killed_by":"The Guardian","ascension_level":3}}