{"host":"rolltorest","time":1612488702,"event":{"mods":["BaseMod","Minty Spire (QoL Compilation)","Relic Stats","Slay the Relics Exporter","StSLib"],"gold_per_floor":[119,130,140,140,159,159,189,189,189,189,205,215,242,258,258,329,329,343,360,390,400,400,400,429,0,0,0,17,51,51,61,61,134,134,149,30,48,48,59,92,92,92,119,131,131,160,160,178,178,178,178],"floor_reached":50,"language":"ENG","playtime":2255,"items_purged":[],"score":1333,"play_id":"61c06660-17d2-4a16-8417-4bc809eb5687","local_time":"20210204173142","is_ascension_mode":true,"campfire_choices":[{"data":"Dagger Spray","floor":6,"key":"SMITH"},{"data":"Blade Dance","floor":8,"key":"SMITH"},{"data":"Well Laid Plans","floor":10,"key":"SMITH"},{"floor":15,"key":"REST"},{"data":"After Image","floor":23,"key":"SMITH"},{"data":"Neutralize","floor":27,"key":"SMITH"},{"data":"A Thousand Cuts","floor":30,"key":"SMITH"},{"data":"Bane","floor":32,"key":"SMITH"},{"data":"Well Laid Plans","floor":41,"key":"SMITH"},{"floor":47,"key":"RECALL"},{"data":"Phantasmal Killer","floor":49,"key":"SMITH"}],"circlet_count":0,"master_deck":["AscendersBane","Defend_G","Defend_G","Defend_G","Survivor","Neutralize+1","Corpse Explosion","Bane+1","Well Laid Plans+1","Dagger Spray+1","Phantasmal Killer+1","Blade Dance+1","Outmaneuver+1","PiercingWail+1","Acrobatics+1","Cloak And Dagger+1","After Image+1","Calculated Gamble+1","Grand Finale+1","Corpse Explosion+1","Well Laid Plans+1","Predator+1","Outmaneuver+1","Ghostly+1","Ghostly+1","Ghostly+1","Terror+1","Bullet Time+1","Acrobatics+1","Trip+1","Deflect+1","A Thousand Cuts+1","Blade Dance+1","Malaise+1","Catalyst+1","Finisher+1","Escape Plan+1","Prepared+1","Dash+1","Finisher+1","Normality","Phantasmal Killer+1","Crippling Poison+1","Acrobatics+1"],"relics":["Ring of the Snake","Molten Egg 2","Toxic Egg 2","White Beast Statue","Astrolabe","Red Mask","Meat on the Bone","Bag of Preparation","Smiling Mask","Oddly Smooth Stone","Cursed Key","Dead Branch","Strawberry"],"acts_visited":["Exordium","TheCity","TheBeyond"],"potions_floor_usage":[7,13,13,16,19,20,24,24,28,33,37,40],"damage_taken":[{"damage":9,"enemies":"Small Slimes","floor":1,"turns":2},{"damage":0,"enemies":"Cultist","floor":2,"turns":3},{"damage":0,"enemies":"Jaw Worm","floor":3,"turns":5},{"damage":0,"enemies":"Exordium Wildlife","floor":5,"turns":3},{"damage":10,"enemies":"3 Sentries","floor":7,"turns":4},{"damage":0,"enemies":"Red Slaver","floor":11,"turns":2},{"damage":10,"enemies":"Large Slime","floor":12,"turns":7},{"damage":28,"enemies":"Gremlin Nob","floor":13,"turns":4},{"damage":1,"enemies":"Looter","floor":14,"turns":3},{"damage":11,"enemies":"The Guardian","floor":16,"turns":15},{"damage":5,"enemies":"Chosen","floor":18,"turns":7},{"damage":10,"enemies":"Shell Parasite","floor":19,"turns":7},{"damage":8,"enemies":"Masked Bandits","floor":20,"turns":2},{"damage":0,"enemies":"3 Cultists","floor":21,"turns":3},{"damage":19,"enemies":"Book of Stabbing","floor":24,"turns":9},{"damage":7,"enemies":"Snecko","floor":28,"turns":7},{"damage":0,"enemies":"Slavers","floor":29,"turns":4},{"damage":0,"enemies":"Centurion and Healer","floor":31,"turns":4},{"damage":3,"enemies":"Collector","floor":33,"turns":8},{"damage":0,"enemies":"3 Shapes","floor":35,"turns":4},{"damage":22,"enemies":"3 Darklings","floor":37,"turns":6},{"damage":7,"enemies":"Sphere and 2 Shapes","floor":39,"turns":7},{"damage":22,"enemies":"Reptomancer","floor":40,"turns":4},{"damage":0,"enemies":"Jaw Worm Horde","floor":44,"turns":2},{"damage":0,"enemies":"Giant Head","floor":46,"turns":5},{"damage":0,"enemies":"4 Shapes","floor":48,"turns":5},{"damage":39,"enemies":"Time Eater","floor":50,"turns":8}],"seed_played":"3663001504138647413","potions_obtained":[{"floor":3,"key":"CunningPotion"},{"floor":7,"key":"SkillPotion"},{"floor":11,"key":"SpeedPotion"},{"floor":14,"key":"PowerPotion"},{"floor":16,"key":"Energy Potion"},{"floor":18,"key":"Poison Potion"},{"floor":19,"key":"AttackPotion"},{"floor":20,"key":"GhostInAJar"},{"floor":24,"key":"Weak Potion"},{"floor":28,"key":"Block Potion"},{"floor":29,"key":"Fire Potion"},{"floor":33,"key":"Regen Potion"},{"floor":37,"key":"Fire Potion"},{"floor":40,"key":"FearPotion"},{"floor":46,"key":"DuplicationPotion"}],"is_trial":false,"path_per_floor":["M","M","M","?","M","R","E","R","T","R","M","M","E","M","R","B",null,"M","M","?","M","?","R","E","$","T","R","M","E","R","M","R","B",null,"M","$","M","?","M","E","R","?","T","M","?","E","R","M","R","B"],"character_chosen":"THE_SILENT","items_purchased":["Bullet Time+1","Acrobatics+1","Bag of Preparation","Trip+1","Finisher+1","Escape Plan+1"],"campfire_rested":1,"item_purchase_floors":[25,25,25,25,36,36],"current_hp_per_floor":[50,50,50,50,50,50,40,40,40,40,40,30,2,1,20,9,52,47,37,29,29,29,29,10,10,10,10,15,27,27,27,27,24,31,31,31,21,21,26,25,25,25,25,25,25,32,32,32,32,0,0],"gold":178,"neow_bonus":"TRANSFORM_CARD","is_daily":false,"chose_seed":false,"campfire_upgraded":9,"win_rate":0.0,"timestamp":1612488702,"path_taken":["M","M","M","?","?","R","E","R","T","R","M","M","E","?","R","BOSS","M","?","?","M","?","R","E","?","T","R","M","E","R","?","R","BOSS","M","$","M","?","?","E","R","?","T","M","?","E","R","M","R","BOSS"],"items_purchased_type":["Card","Card","Relic","Card","Card","Card"],"build_version":"2020-12-18","purchased_purges":0,"victory":false,"max_hp_per_floor":[66,66,66,66,66,66,66,66,66,66,66,66,66,66,66,66,66,66,66,66,66,33,33,33,33,33,33,33,33,33,33,33,33,33,33,33,33,33,33,33,33,31,31,31,31,38,38,38,38,38,38],"relic_stats":{"counters":[27,140],"Astrolabe":["Calculated Gamble","Grand Finale","Corpse Explosion"],"Dead Branch":[57],"Bag of Preparation":[24],"Smiling Mask":0,"Cursed Key":1,"obtain_stats":[{"Astrolabe":17,"Dead Branch":40,"Oddly Smooth Stone":29,"Bag of Preparation":25,"Smiling Mask":26,"Cursed Key":34,"White Beast Statue":13,"Strawberry":46,"Molten Egg 2":7,"Red Mask":20,"Toxic Egg 2":9,"Ring of the Snake":0,"Meat on the Bone":24},{"Astrolabe":10,"Dead Branch":23,"Oddly Smooth Stone":17,"Bag of Preparation":15,"Smiling Mask":15,"Cursed Key":19,"White Beast Statue":8,"Strawberry":25,"Molten Egg 2":5,"Red Mask":13,"Toxic Egg 2":5,"Ring of the Snake":0,"Meat on the Bone":15},{"Astrolabe":48,"Dead Branch":120,"Oddly Smooth Stone":87,"Bag of Preparation":76,"Smiling Mask":76,"Cursed Key":99,"White Beast Statue":30,"Strawberry":127,"Molten Egg 2":17,"Red Mask":64,"Toxic Egg 2":17,"Ring of the Snake":0,"Meat on the Bone":76}],"Ring of the Snake":[54],"Meat on the Bone":60},"card_choices":[{"not_picked":["Quick Slash","Tactician"],"picked":"Bane","floor":1},{"not_picked":["Slice","Acrobatics"],"picked":"Well Laid Plans","floor":2},{"not_picked":["Sucker Punch","Setup"],"picked":"Dagger Spray","floor":3},{"not_picked":["Flechettes","Cloak And Dagger","Distraction"],"picked":"SKIP","floor":5},{"not_picked":["All Out Attack+1","Deadly Poison"],"picked":"Blade Dance","floor":7},{"not_picked":["Corpse Explosion+1","Underhanded Strike+1"],"picked":"Outmaneuver+1","floor":11},{"not_picked":["Dagger Spray+1","Dagger Throw+1"],"picked":"PiercingWail+1","floor":12},{"not_picked":["Dagger Throw+1","All Out Attack+1"],"picked":"Acrobatics+1","floor":13},{"not_picked":["Flying Knee+1","Backflip+1"],"picked":"Cloak And Dagger+1","floor":14},{"not_picked":["Corpse Explosion+1","Grand Finale+1"],"picked":"After Image","floor":16},{"not_picked":["Outmaneuver+1","Caltrops"],"picked":"Well Laid Plans","floor":18},{"not_picked":["Dagger Throw+1","Acrobatics+1","Catalyst+1"],"picked":"SKIP","floor":19},{"not_picked":["Caltrops","Outmaneuver+1"],"picked":"Predator+1","floor":20},{"not_picked":["Prepared+1","Dagger Spray+1"],"picked":"Outmaneuver+1","floor":21},{"not_picked":["Cloak And Dagger+1","Finisher+1"],"picked":"Terror+1","floor":24},{"not_picked":["Sucker Punch+1","Quick Slash+1"],"picked":"Deflect+1","floor":28},{"not_picked":["Backstab+1","Sucker Punch+1"],"picked":"A Thousand Cuts","floor":29},{"not_picked":["Endless Agony+1","Bane+1"],"picked":"Blade Dance+1","floor":31},{"not_picked":["Bullet Time+1","Venomology+1"],"picked":"Malaise+1","floor":33},{"not_picked":["Bane+1","Prepared+1"],"picked":"Catalyst+1","floor":35},{"not_picked":["Dodge and Roll+1","Cloak And Dagger+1"],"picked":"Prepared+1","floor":37},{"not_picked":["Dodge and Roll+1","Flying Knee+1"],"picked":"Dash+1","floor":39},{"not_picked":["Eviscerate+1","Dagger Throw+1"],"picked":"Finisher+1","floor":40},{"not_picked":["Concentrate+1","Dagger Spray+1"],"picked":"Phantasmal Killer+1","floor":44},{"not_picked":["Quick Slash+1","Masterful Stab+1"],"picked":"Crippling Poison+1","floor":46},{"not_picked":["Endless Agony+1","Setup+1"],"picked":"Acrobatics+1","floor":48}],"player_experience":1838844,"relics_obtained":[{"floor":7,"key":"Molten Egg 2"},{"floor":9,"key":"Toxic Egg 2"},{"floor":13,"key":"White Beast Statue"},{"floor":20,"key":"Red Mask"},{"floor":24,"key":"Meat on the Bone"},{"floor":26,"key":"Smiling Mask"},{"floor":29,"key":"Oddly Smooth Stone"},{"floor":40,"key":"Dead Branch"},{"floor":46,"key":"Strawberry"}],"event_choices":[{"damage_healed":0,"gold_gain":0,"cards_transformed":["Strike_G"],"player_choice":"Transformed","damage_taken":0,"max_hp_gain":0,"max_hp_loss":0,"event_name":"Transmorgrifier","floor":4,"gold_loss":0,"cards_obtained":["Phantasmal Killer"]},{"damage_healed":0,"gold_gain":0,"player_choice":"Fought Bandits","damage_taken":0,"max_hp_gain":0,"max_hp_loss":0,"event_name":"Masked Bandits","floor":20,"gold_loss":0},{"damage_healed":0,"gold_gain":0,"player_choice":"Became a Ghost","damage_taken":0,"max_hp_gain":0,"max_hp_loss":33,"event_name":"Ghosts","floor":22,"gold_loss":0,"cards_obtained":["Ghostly","Ghostly","Ghostly"]},{"cards_removed":["Defend_G"],"damage_healed":0,"gold_gain":0,"player_choice":"Purged","damage_taken":0,"max_hp_gain":0,"max_hp_loss":0,"event_name":"Purifier","floor":38,"gold_loss":0},{"damage_healed":0,"gold_gain":0,"player_choice":"Max HP","damage_taken":0,"max_hp_gain":0,"max_hp_loss":2,"event_name":"Winding Halls","floor":42,"gold_loss":0},{"cards_removed":["Defend_G"],"damage_healed":0,"gold_gain":0,"player_choice":"Removed Skill","damage_taken":0,"max_hp_gain":0,"max_hp_loss":0,"event_name":"Falling","floor":45,"gold_loss":0}],"is_beta":true,"boss_relics":[{"not_picked":["Empty Cage","Snecko Eye"],"picked":"Astrolabe"},{"not_picked":["Ring of the Serpent","Black Star"],"picked":"Cursed Key"}],"items_purged_floors":[],"is_endless":false,"potions_floor_spawned":[3,7,11,12,14,16,18,19,20,21,24,28,29,31,33,35,37,39,40,44,46,48],"killed_by":"Time Eater","ascension_level":20}}