{"host":"3j2m8n0ywf988fwb","time":1612564595,"event":{"mods":["2.2 Compatiblity","AchievementEnabler","Act Like it!","Aspiration","Astrologer","BaseMod","Better Altar","Better Match","Better Note","Better Sensory Stone","Better Skull","Better Third Choice","CCEM2","ChefMod","Colored Map","Colored Powertips","Conspire","Dark Map","Energized Spire","GifTheSpireLib","Halation","Hallownest","Highlight Path","Hubris","Infinite Spire","Jedi Mod","Marisa????????","Marked Mod","Mimic Mod","Minty Spire (QoL Compilation)","Monster B Gone","Random Character Button","Relic Filter Mod","Relic Stats","Reliquary","Replay The Spire","Robot Space Explorer","Shade Mod","Shop Mod","Somnambulant","StS++","StSLib","Stuff the Spire","The Bug Knight","The Elementalist","The Hierophant","The Runesmith","TheBandit","TheFirefly","Unceasing Turn Reminder","Weighted Paths","everything is the same but u backflip on backflip"],"gold_per_floor":[109,122,140,155,168,197,197,147,201,245,278,324,324,324,324,457,457,512,512,190,130,130,130,130,130],"floor_reached":24,"language":"ENG","playtime":980,"items_purged":["MeteoricShower"],"score":216,"play_id":"33f60f9e-1f71-4bed-a60e-d86959356b66","local_time":"20210205163635","is_ascension_mode":true,"campfire_choices":[{"data":"OortCloud","floor":13,"key":"SMITH"},{"data":"DoubleSpark","floor":15,"key":"SMITH"},{"floor":23,"key":"REST"}],"circlet_count":0,"master_deck":["Strike_MRS","Strike_MRS","Strike_MRS","Strike_MRS","Defend_MRS","Defend_MRS","Defend_MRS","Defend_MRS","MasterSpark","UpSweep","OrrerysSun","WitchLeyline","AsteroidBelt","EnergyFlow","WitchOfGreed","conspire:SpireCoStock","OortCloud+1","DoubleSpark+1","ShootingEcho","CasketOfStar","Phantasmal Killer+1"],"relics":["MiniHakkero","CCEMRelics:ImbuedSpirit","infinitespire:Joker Card","conspire:RunicOctahedron","Snack Pack","Bloody Idol","Blood Vial"],"acts_visited":["Exordium","TheCity"],"potions_floor_usage":[11,12,16,18,24],"damage_taken":[{"damage":1,"enemies":"Cultist","floor":1,"turns":3},{"damage":1,"enemies":"Jaw Worm","floor":2,"turns":3},{"damage":8,"enemies":"2 Louse","floor":3,"turns":2},{"damage":6,"enemies":"Blue Slaver","floor":4,"turns":5},{"damage":4,"enemies":"3 Louse","floor":5,"turns":3},{"damage":15,"enemies":"3 Sentries","floor":6,"turns":8},{"damage":4,"enemies":"Lagavulin","floor":10,"turns":6},{"damage":0,"enemies":"Exordium Thugs","floor":11,"turns":4},{"damage":0,"enemies":"Large Slime","floor":12,"turns":3},{"damage":19,"enemies":"Slime Boss","floor":16,"turns":10},{"damage":17,"enemies":"Spheric Guardian","floor":18,"turns":5},{"damage":32,"enemies":"Slavers","floor":24,"turns":2}],"seed_played":"-7998370653496273257","potions_obtained":[{"floor":5,"key":"Languid Potion"},{"floor":10,"key":"jedi:tentaclejuice"},{"floor":10,"key":"Energy Potion"},{"floor":11,"key":"SkillPotion"},{"floor":12,"key":"conspire:TimeTravelPotion"},{"floor":16,"key":"jedi:wingpotion"},{"floor":18,"key":"jedi:tentaclejuice"}],"is_trial":false,"path_per_floor":["M","M","M","M","M","E","?","?","T","E","M","M","R","?","R","B",null,"M","?","$","?","?","R","E"],"character_chosen":"MARISA","items_purchased":["Snack Pack"],"campfire_rested":1,"item_purchase_floors":[20],"current_hp_per_floor":[81,80,72,66,62,47,47,47,47,43,43,43,43,43,43,43,82,65,65,65,65,3,27,0,0],"gold":130,"neow_bonus":"TEN_PERCENT_HP_BONUS","is_daily":false,"chose_seed":false,"campfire_upgraded":2,"win_rate":0.0,"timestamp":1612564595,"path_taken":["M","M","?","?","M","E","?","?","T","E","M","?","R","?","R","BOSS","M","?","$","?","?","R","E"],"items_purchased_type":["Relic"],"build_version":"2020-12-22","purchased_purges":1,"victory":false,"max_hp_per_floor":[82,82,82,82,82,82,82,82,82,82,82,82,82,82,82,82,82,82,82,82,82,82,82,82,82],"relic_stats":{"Blood Vial":2,"counters":[12,54],"Bloody Idol":0,"obtain_stats":[{"Blood Vial":22,"CCEMRelics:ImbuedSpirit":6,"Bloody Idol":22,"conspire:RunicOctahedron":17,"infinitespire:Joker Card":10,"Snack Pack":20,"MiniHakkero":0},{"Blood Vial":11,"CCEMRelics:ImbuedSpirit":6,"Bloody Idol":11,"conspire:RunicOctahedron":10,"infinitespire:Joker Card":7,"Snack Pack":11,"MiniHakkero":0},{"Blood Vial":52,"CCEMRelics:ImbuedSpirit":24,"Bloody Idol":52,"conspire:RunicOctahedron":47,"infinitespire:Joker Card":30,"Snack Pack":52,"MiniHakkero":0}]},"card_choices":[{"not_picked":["DeepEcoloBomb","FairyDestructionRay"],"picked":"OrrerysSun","floor":1},{"not_picked":["RefractionSpark","MachineGunSpark"],"picked":"WitchLeyline","floor":2},{"not_picked":["GrandCross","PowerUp"],"picked":"AsteroidBelt","floor":3},{"not_picked":["ManaConvection","LuminesStrike"],"picked":"EnergyFlow","floor":4},{"not_picked":["Acceleration","EventHorizon"],"picked":"MeteoricShower","floor":5},{"not_picked":["Acceleration","Occultation"],"picked":"WitchOfGreed","floor":6},{"not_picked":["DC","WitchLeyline"],"picked":"OortCloud","floor":10},{"not_picked":["ChargingUp","MagicChant"],"picked":"DoubleSpark","floor":11},{"not_picked":["AsteroidBelt","DoubleSpark"],"picked":"ShootingEcho","floor":12},{"not_picked":["BigCrunch","ManaRampage"],"picked":"CasketOfStar","floor":16},{"not_picked":["Acceleration","ShootingEcho+1","SporeBomb"],"picked":"SKIP","floor":18}],"player_experience":1069160,"relics_obtained":[{"floor":6,"key":"CCEMRelics:ImbuedSpirit"},{"floor":10,"key":"infinitespire:Joker Card"}],"event_choices":[{"damage_healed":0,"gold_gain":0,"player_choice":"Disagree","damage_taken":0,"max_hp_gain":0,"max_hp_loss":0,"event_name":"conspire:LoneGhost","floor":7,"gold_loss":0},{"damage_healed":0,"gold_gain":0,"player_choice":"Invest 1","damage_taken":0,"max_hp_gain":0,"max_hp_loss":0,"event_name":"conspire:Investor","floor":8,"gold_loss":0},{"damage_healed":0,"gold_gain":0,"player_choice":"Take","damage_taken":0,"max_hp_gain":0,"max_hp_loss":0,"event_name":"betterNote:BetterNote","floor":19,"gold_loss":0,"cards_obtained":["Phantasmal Killer"]},{"damage_healed":0,"gold_gain":0,"player_choice":" Idol Vial ","damage_taken":62,"relics_obtained":["Bloody Idol","Blood Vial"],"max_hp_gain":65,"max_hp_loss":3,"event_name":"betterAltar:BetterAltar","floor":22,"potions_obtained":[],"relics_lost":[],"gold_loss":0}],"is_beta":false,"boss_relics":[{"not_picked":["CCEMRelics:ReaperScythe","Replay:Wanted Poster"],"picked":"conspire:RunicOctahedron"}],"items_purged_floors":[20],"is_endless":false,"potions_floor_spawned":[5,10,16],"killed_by":"Slavers","ascension_level":1}}