{"host":"lv3zv4svf9qrs9uo","time":1612563458,"event":{"mods":["AchievementEnabler","BaseMod","Minty Spire (QoL Compilation)"],"gold_per_floor":[12,28,28,47,47,78,95,95,122,141,141,66,66,81,81,183,183,203,103,103,103,103,103,103,115,115,135,169,189,221,232,232,330,330,344,356,356,706,706,706,738,339,339,364,364,376,31,50,50,50],"floor_reached":51,"language":"ENG","playtime":5493,"items_purged":["Eruption","Strike_P","Wireheading+1","SignatureMove+1"],"score":895,"play_id":"7ecccde1-c683-4076-97f5-5436c2b6b020","local_time":"20210205141738","is_ascension_mode":false,"campfire_choices":[{"data":"PathToVictory","floor":8.0,"key":"SMITH"},{"data":"Evaluate","floor":11.0,"key":"SMITH"},{"data":"Vigilance","floor":13.0,"key":"SMITH"},{"data":"PathToVictory","floor":15.0,"key":"SMITH"},{"data":"SignatureMove","floor":24.0,"key":"SMITH"},{"data":"Wireheading","floor":32.0,"key":"SMITH"},{"floor":40.0,"key":"RECALL"}],"circlet_count":0,"master_deck":["Defend_P+1","Defend_P+1","PathToVictory+1","Evaluate+1","PathToVictory+1"],"relics":["PureWater","Oddly Smooth Stone","Bag of Marbles","Black Star","Anchor","Molten Egg 2","Toy Ornithopter","Matryoshka","InkBottle","Whetstone","Coffee Dripper","Old Coin","MawBank","Omamori","FossilizedHelix","Bag of Preparation","Blue Candle","Darkstone Periapt","Mummified Hand","Ancient Tea Set"],"acts_visited":["Exordium","TheCity","TheBeyond"],"potions_floor_usage":[44,50,50,50],"damage_taken":[{"damage":0.0,"enemies":"Jaw Worm","floor":1.0,"turns":2.0},{"damage":5.0,"enemies":"Small Slimes","floor":2.0,"turns":3.0},{"damage":0.0,"enemies":"2 Louse","floor":4.0,"turns":3.0},{"damage":0.0,"enemies":"Gremlin Nob","floor":6.0,"turns":3.0},{"damage":4.0,"enemies":"Exordium Thugs","floor":7.0,"turns":6.0},{"damage":5.0,"enemies":"Exordium Wildlife","floor":10.0,"turns":4.0},{"damage":0.0,"enemies":"Blue Slaver","floor":14.0,"turns":3.0},{"damage":9.0,"enemies":"Hexaghost","floor":16.0,"turns":5.0},{"damage":1.0,"enemies":"Spheric Guardian","floor":18.0,"turns":3.0},{"damage":0.0,"enemies":"Chosen","floor":25.0,"turns":3.0},{"damage":0.0,"enemies":"Shelled Parasite and Fungi","floor":27.0,"turns":4.0},{"damage":1.0,"enemies":"Book of Stabbing","floor":28.0,"turns":4.0},{"damage":0.0,"enemies":"Snake Plant","floor":29.0,"turns":2.0},{"damage":9.0,"enemies":"Slavers","floor":30.0,"turns":6.0},{"damage":0.0,"enemies":"Centurion and Healer","floor":31.0,"turns":3.0},{"damage":7.0,"enemies":"Champ","floor":33.0,"turns":5.0},{"damage":0.0,"enemies":"Orb Walker","floor":35.0,"turns":1.0},{"damage":0.0,"enemies":"3 Shapes","floor":36.0,"turns":4.0},{"damage":0.0,"enemies":"Mind Bloom Boss Battle","floor":38.0,"turns":3.0},{"damage":0,"enemies":"Giant Head","floor":41,"turns":5},{"damage":0,"enemies":"Nemesis","floor":44,"turns":3},{"damage":0,"enemies":"Spire Growth","floor":46,"turns":2},{"damage":0,"enemies":"4 Shapes","floor":48,"turns":6},{"damage":0,"enemies":"Time Eater","floor":50,"turns":4}],"seed_played":"-981735380697916934","potions_obtained":[{"floor":1.0,"key":"Ancient Potion"},{"floor":4.0,"key":"SteroidPotion"},{"floor":10.0,"key":"Swift Potion"},{"floor":14.0,"key":"Explosive Potion"},{"floor":28.0,"key":"Block Potion"},{"floor":30.0,"key":"DuplicationPotion"},{"floor":31.0,"key":"EntropicBrew"},{"floor":33.0,"key":"DuplicationPotion"},{"floor":38.0,"key":"Swift Potion"}],"is_trial":false,"path_per_floor":["M","M","?","M","?","E","M","R","T","M","R","$","R","M","R","B",null,"M","$","?","$","T","$","R","M","T","M","E","M","E","M","R","B",null,"M","M","?","?","?","R","E","$","T","E","R","M","$","M","R","B",null],"character_chosen":"WATCHER","items_purchased":["FossilizedHelix","Weak Potion","Ancient Tea Set"],"campfire_rested":0,"item_purchase_floors":[42,47,47],"current_hp_per_floor":[72,67,67,67,53,53,49,49,49,44,44,44,44,44,44,35,72,71,71,71,71,71,71,71,71,71,71,70,70,63,63,63,56,72,72,72,68,68,68,68,68,68,68,68,68,68,68,68,68,68],"gold":50,"neow_bonus":"REMOVE_TWO","is_daily":false,"chose_seed":false,"campfire_upgraded":6,"win_rate":0.0,"timestamp":1612563458,"path_taken":["M","M","?","M","?","E","M","R","T","M","R","$","R","M","R","BOSS","M","$","?","?","?","$","R","M","T","M","E","M","E","M","R","BOSS","M","M","?","?","?","R","E","$","T","E","R","M","$","M","R","BOSS"],"items_purchased_type":["Relic","Potion","Relic"],"build_version":"2020-12-22","purchased_purges":4,"victory":true,"max_hp_per_floor":[72,72,72,72,72,72,72,72,72,72,72,72,72,72,72,72,72,72,72,72,72,72,72,72,72,72,72,72,72,72,72,72,72,72,72,72,68,68,68,68,68,68,68,68,68,68,68,68,68,68],"card_choices":[{"not_picked":["WindmillStrike","BowlingBash","WreathOfFlame"],"picked":"SKIP","floor":1.0},{"not_picked":["Crescendo","EmptyBody","Protect"],"picked":"SKIP","floor":2.0},{"not_picked":["FollowUp","SashWhip"],"picked":"PathToVictory","floor":4.0},{"not_picked":["FlurryOfBlows","JustLucky"],"picked":"Evaluate","floor":6.0},{"not_picked":["CrushJoints","Blasphemy","Consecrate"],"picked":"SKIP","floor":7.0},{"not_picked":["InnerPeace","Weave","SashWhip"],"picked":"SKIP","floor":10.0},{"not_picked":["Adaptation","EmptyFist"],"picked":"PathToVictory","floor":14.0},{"not_picked":["Sanctity","Halt","FlyingSleeves"],"picked":"SKIP","floor":18.0},{"not_picked":["Indignation","SandsOfTime+1","Crescendo"],"picked":"SKIP","floor":25.0},{"not_picked":["ForeignInfluence+1","MentalFortress","EmptyFist+1"],"picked":"SKIP","floor":27.0},{"not_picked":["Swivel","Fasting2+1","FollowUp+1"],"picked":"SKIP","floor":28.0},{"not_picked":["EmptyFist+1","EmptyBody","Crescendo"],"picked":"SKIP","floor":29.0},{"not_picked":["ReachHeaven+1","BattleHymn","Crescendo"],"picked":"SKIP","floor":30.0},{"not_picked":["EmptyMind","EmptyFist+1","PathToVictory+1"],"picked":"SKIP","floor":31.0},{"not_picked":["EmptyFist+1","CrushJoints+1","SandsOfTime+1"],"picked":"SKIP","floor":35.0},{"not_picked":["Wireheading+1","Evaluate+1","EmptyMind+1"],"picked":"SKIP","floor":36.0},{"not_picked":["Judgement","FollowUp+1","ClearTheMind+1"],"picked":"SKIP","floor":41},{"not_picked":["Prostrate","SashWhip+1","Judgement"],"picked":"SKIP","floor":44},{"not_picked":["BattleHymn+1","Consecrate+1","FollowUp+1"],"picked":"SKIP","floor":46},{"not_picked":["FollowUp+1","FlurryOfBlows+1","EmptyFist+1"],"picked":"SKIP","floor":48}],"player_experience":528066,"relics_obtained":[{"floor":6.0,"key":"Oddly Smooth Stone"},{"floor":9.0,"key":"Bag of Marbles"},{"floor":22.0,"key":"Anchor"},{"floor":26.0,"key":"Molten Egg 2"},{"floor":28.0,"key":"Toy Ornithopter"},{"floor":28.0,"key":"Matryoshka"},{"floor":30.0,"key":"InkBottle"},{"floor":30.0,"key":"Whetstone"},{"floor":38.0,"key":"Old Coin"},{"floor":41,"key":"MawBank"},{"floor":41,"key":"Omamori"},{"floor":43,"key":"Bag of Preparation"},{"floor":43,"key":"Blue Candle"},{"floor":44,"key":"Darkstone Periapt"},{"floor":44,"key":"Mummified Hand"}],"event_choices":[{"cards_removed":["Strike_P"],"damage_healed":0.0,"max_hp_gain":0.0,"max_hp_loss":0.0,"gold_gain":0.0,"event_name":"Living Wall","player_choice":"Forget","floor":3.0,"gold_loss":0.0,"damage_taken":0.0},{"damage_healed":0.0,"max_hp_gain":0.0,"max_hp_loss":0.0,"gold_gain":0.0,"event_name":"Shining Light","player_choice":"Entered Light","floor":5.0,"gold_loss":0.0,"damage_taken":14.0,"cards_upgraded":["Defend_P","Defend_P"]},{"damage_healed":0.0,"max_hp_gain":0.0,"max_hp_loss":0.0,"gold_gain":0.0,"cards_transformed":["Strike_P","Strike_P"],"event_name":"Drug Dealer","player_choice":"Became Test Subject","floor":20.0,"gold_loss":0.0,"damage_taken":0.0,"cards_obtained":["SignatureMove","Wireheading"]},{"damage_healed":0.0,"max_hp_gain":0.0,"max_hp_loss":4.0,"gold_gain":0.0,"event_name":"Winding Halls","player_choice":"Max HP","floor":37.0,"gold_loss":0.0,"damage_taken":0.0},{"damage_healed":0.0,"max_hp_gain":0.0,"max_hp_loss":0.0,"gold_gain":0.0,"event_name":"MindBloom","player_choice":"Fight","floor":38.0,"gold_loss":0.0,"damage_taken":0.0},{"cards_removed":["Vigilance"],"damage_healed":0.0,"max_hp_gain":0.0,"max_hp_loss":0.0,"gold_gain":0.0,"event_name":"Bonfire Elementals","player_choice":"Offered Basic","floor":39.0,"gold_loss":0.0,"damage_taken":0.0}],"is_beta":false,"boss_relics":[{"not_picked":["Philosopher\u0027s Stone","VioletLotus"],"picked":"Black Star"},{"not_picked":["Sozu","Snecko Eye"],"picked":"Coffee Dripper"}],"items_purged_floors":[12,19,42,47],"is_endless":false,"potions_floor_spawned":[1,4,10,14,28,30,31,33,35,38,48],"ascension_level":0}}