{"host":"6he3f0ic6yesrium","time":1612498409,"event":{"mods":["BaseMod","Better Altar","Better Match","Better Note","Better Sensory Stone","Better Skull","Better Third Choice","Colored Map","Conspire","Duelist Mod","Hermit","Hubris","Marisa????????","Mimic Mod","Minty Spire (QoL Compilation)","Replay The Spire","Shade Mod","Somnambulant","Spire Arcade","Spire Birthday Party","StSLib","The Alterego","The Disciple","The Forsaken","The Hierophant","The Mystic","The Necromancer","The Runesmith","The Servant 0.9.4","The Valiant","TheVacant"],"gold_per_floor":[144,159,159,173,189,206,240,267,267,267,283,283,208,243,243,348,348,362,262,277,192,207,207,207,207],"floor_reached":24,"language":"ENG","playtime":1599,"items_purged":["theDuelist:Dracocension+1","theDuelist:InsectPrincess+1"],"score":239,"play_id":"d9a5d0fb-17c9-4957-8817-99b993c3d523","local_time":"20210204231329","is_ascension_mode":true,"campfire_choices":[{"floor":10,"key":"REST"},{"floor":12,"key":"REST"},{"data":"hubris:DuctTapeCard","floor":23,"key":"SMITH"}],"circlet_count":0,"master_deck":["theDuelist:PurplePainOni","theDuelist:RedHeadedOni","theDuelist:RelinquishedFusion+1","hubris:DuctTapeCard+2","theDuelist:ShiranuiSunsaga+1","theDuelist:Wiretap","theDuelist:DoubleTool","theDuelist:BlindDestruction","theDuelist:RareSpireMetronome","theDuelist:MagicalStone+2","theDuelist:ExodiaRL+1","theDuelist:ZombieWorld+1","theDuelist:Zombina+1","theDuelist:ShiranuiShogunsaga+1","theDuelist:Electrowhip+1","theDuelist:ShiranuiSquire+1","theDuelist:NecroworldBanshee+1"],"relics":["theDuelist:MillenniumPuzzle","theDuelist:CardPoolRelic","theDuelist:CardPoolBasicRelic","theDuelist:BoosterPackPoolRelic","theDuelist:CardPoolAddRelic","theDuelist:CardPoolMinusRelic","theDuelist:CardPoolSaveRelic","theDuelist:CardPoolOptionsRelic","NeowsBlessing","Replay:Multitool","Frozen Egg 2","Grinning Jar","Durian","Philosopher\u0027s Stone","hubris:DuctTape"],"acts_visited":["Exordium","TheCity"],"potions_floor_usage":[5,8,8,14,14,24],"damage_taken":[{"damage":0,"enemies":"conspire:RoseBush","floor":1,"turns":2},{"damage":12,"enemies":"Jaw Worm","floor":2,"turns":2},{"damage":0,"enemies":"Small Slimes","floor":4,"turns":1},{"damage":20,"enemies":"3 Louse","floor":5,"turns":4},{"damage":0,"enemies":"Red Slaver","floor":6,"turns":4},{"damage":9,"enemies":"Replay:BlueRogue","floor":8,"turns":6},{"damage":0,"enemies":"Blue Slaver","floor":11,"turns":5},{"damage":24,"enemies":"Lagavulin","floor":14,"turns":5},{"damage":48,"enemies":"Slime Boss","floor":16,"turns":9},{"damage":19,"enemies":"Shell Parasite","floor":18,"turns":6},{"damage":0,"enemies":"Spheric Guardian","floor":20,"turns":3},{"damage":7,"enemies":"Snake Plant","floor":22,"turns":4},{"damage":64,"enemies":"Book of Stabbing","floor":24,"turns":4}],"seed_played":"-6730806316662821584","potions_obtained":[{"floor":1,"key":"Ancient Potion"},{"floor":2,"key":"SkillPotion"},{"floor":6,"key":"Dexterity Potion"},{"floor":8,"key":"theDuelist:SolderPotionB"},{"floor":11,"key":"BlessingOfTheForge"},{"floor":22,"key":"theDuelist:ElectricBrew"}],"is_trial":false,"path_per_floor":["M","M","$","M","M","M","?","E","T","R","M","R","$","E","R","B",null,"M","$","M","?","M","R","E"],"character_chosen":"THE_DUELIST","items_purchased":[],"campfire_rested":2,"item_purchase_floors":[],"current_hp_per_floor":[80,68,68,68,48,48,28,19,19,43,43,67,67,48,73,25,85,66,66,66,66,59,59,0,0],"gold":207,"neow_bonus":"THREE_ENEMY_KILL","is_daily":false,"chose_seed":false,"campfire_upgraded":1,"win_rate":0.0,"timestamp":1612498409,"path_taken":["M","M","$","M","M","M","?","E","T","R","M","R","$","E","R","BOSS","M","$","M","?","M","R","E"],"items_purchased_type":[],"build_version":"2020-12-22","purchased_purges":2,"victory":false,"max_hp_per_floor":[80,80,80,80,80,80,80,80,80,80,80,80,80,85,85,85,85,85,85,85,85,85,85,87,87],"card_choices":[{"not_picked":["theDuelist:AncientGearWorkshop","theDuelist:BattleOx","theDuelist:PotDichotomy","theDuelist:PreventRat","theDuelist:MetalDetector"],"picked":"SKIP","floor":1},{"not_picked":["theDuelist:BlizzardPrincess","theDuelist:FossilSkullConvoy","theDuelist:JumboDrill","theDuelist:BugSignal","theDuelist:RareSpireMetronome"],"picked":"SKIP","floor":2},{"not_picked":["theDuelist:Freezadon","theDuelist:PredaplantPterapenthes","theDuelist:CyberRaider","theDuelist:Grasschopper"],"picked":"theDuelist:DoubleTool","floor":4},{"not_picked":["theDuelist:KaiserSeaSnake","theDuelist:Grasschopper","theDuelist:PredaplantPterapenthes","theDuelist:Freezadon"],"picked":"theDuelist:ShiranuiShogunsaga","floor":5},{"not_picked":["theDuelist:InariFire","theDuelist:ReinforceTruth","theDuelist:ArtifactSanctum","theDuelist:VampireDomain","theDuelist:SharkStickers"],"picked":"SKIP","floor":6},{"not_picked":["theDuelist:SpiralSpearStrike+1","theDuelist:DoubleTool+1","theDuelist:SphereKuriboh","theDuelist:DianKeto+1"],"picked":"theDuelist:Wiretap","floor":7},{"not_picked":["theDuelist:PowerGiant","theDuelist:MudragonSwamp","theDuelist:BlackPendant","theDuelist:RainbowGravity"],"picked":"theDuelist:PurplePainOni","floor":8},{"not_picked":["theDuelist:AttackMetronome","theDuelist:DoubleTool","theDuelist:InjectionFairy","theDuelist:OvertexQoatlus"],"picked":"theDuelist:BlindDestruction","floor":11},{"not_picked":["theDuelist:AttackMetronome","theDuelist:AfterTheStorm","theDuelist:RazorLizard","theDuelist:Freezadon","theDuelist:Grasschopper"],"picked":"SKIP","floor":14},{"not_picked":["theDuelist:ElephantStatueBlessing","theDuelist:FossilSkullConvoy","theDuelist:Solidarity+1","theDuelist:NaturiaForest+1"],"picked":"theDuelist:RareSpireMetronome","floor":16},{"not_picked":["theDuelist:BattleOx","theDuelist:EarthquakeGiant","theDuelist:OneForOne","theDuelist:GemArmadillo"],"picked":"theDuelist:RedHeadedOni","floor":18},{"not_picked":["theDuelist:MillenniumGolem+1","theDuelist:ForbiddenChalice","theDuelist:DummyGolem","theDuelist:PotDichotomy","theDuelist:RainbowGravity"],"picked":"SKIP","floor":20},{"not_picked":["theDuelist:ArmoredBee","theDuelist:Deskbot005","theDuelist:ArmorBreaker","theDuelist:BigDesFrog+1"],"picked":"theDuelist:NecroworldBanshee+1","floor":22}],"player_experience":376790,"relics_obtained":[{"floor":7,"key":"Replay:Multitool"},{"floor":8,"key":"Frozen Egg 2"},{"floor":9,"key":"Grinning Jar"},{"floor":14,"key":"Durian"}],"event_choices":[{"damage_healed":0,"gold_gain":0,"player_choice":"Obtained Relic","damage_taken":0,"relics_obtained":["hubris:DuctTape"],"max_hp_gain":0,"max_hp_loss":0,"event_name":"Addict","floor":21,"gold_loss":85}],"is_beta":false,"boss_relics":[{"not_picked":["Snecko Scales","Abe\u0027s Treasure"],"picked":"Philosopher\u0027s Stone"}],"items_purged_floors":[13,19],"is_endless":false,"potions_floor_spawned":[1,2,6,8,11,22],"killed_by":"Book of Stabbing","ascension_level":3}}