{"host":"5mo0809oo9tcrmpl","time":1612568756,"event":{"mods":["BaseMod","Highlight Path","Minty Spire (QoL Compilation)","Relic Stats","Slay the Relics Exporter"],"gold_per_floor":[114,129,144,144,159,189,189,219,244,274,289,319,319,334,334,434,434,449,464,464,479,79,109,109,139,164,164,194,194,44,74,74,174,174,189,204,254,254,4,4,34,34,59,89,146,188,200,242,254,266],"floor_reached":51,"language":"ENG","playtime":2720,"items_purged":["Strike_P","FlyingSleeves"],"score":1044,"play_id":"66f2c9e0-49cf-47d1-874a-54d9c6827b16","local_time":"20210205174556","daily_mods":["Specialized","ControlledChaos","Elite Swarm"],"is_ascension_mode":false,"campfire_choices":[{"data":"Eruption","floor":7,"key":"SMITH"},{"data":"TalkToTheHand","floor":13,"key":"SMITH"},{"data":"Vault","floor":15,"key":"SMITH"},{"data":"TalkToTheHand","floor":27,"key":"SMITH"},{"data":"Vault","floor":32,"key":"SMITH"},{"data":"WaveOfTheHand","floor":40,"key":"SMITH"},{"data":"Wish","floor":42,"key":"SMITH"},{"floor":49,"key":"REST"}],"circlet_count":0,"master_deck":["Strike_P+1","Defend_P","Defend_P","Defend_P","Defend_P+1","Eruption+1","Vigilance","FlyingSleeves","FlyingSleeves","FlyingSleeves","FlyingSleeves+1","Conclude+1","CutThroughFate","TalkToTheHand+1","Vault+1","DeusExMachina","LessonLearned+1","FollowUp","FlurryOfBlows+1","Vault+1","ClearTheMind+1","WaveOfTheHand+1","TalkToTheHand+1","Judgement","EmptyFist+1","DevaForm","Adaptation+1","MentalFortress","Wish+1","Ragnarok+1","Devotion","TalkToTheHand+1"],"relics":["HolyWater","Frozen Eye","Centennial Puzzle","Art of War","Omamori","Torii","Potion Belt","Molten Egg 2","Question Card","Nunchaku","Lantern","Peace Pipe","Whetstone","Ice Cream","SlaversCollar","CaptainsWheel","ClockworkSouvenir","Gremlin Horn","Damaru","MawBank","Incense Burner","Mummified Hand"],"acts_visited":["Exordium","TheCity","TheBeyond"],"potions_floor_usage":[19,19,21,25,28,33,33,33,33,48,50,50],"damage_taken":[{"damage":0.0,"enemies":"2 Louse","floor":1.0,"turns":2.0},{"damage":0.0,"enemies":"Small Slimes","floor":2.0,"turns":1.0},{"damage":0.0,"enemies":"Cultist","floor":3.0,"turns":2.0},{"damage":8.0,"enemies":"Exordium Wildlife","floor":5.0,"turns":3.0},{"damage":0,"enemies":"3 Sentries","floor":6,"turns":2},{"damage":10,"enemies":"Gremlin Nob","floor":8,"turns":4},{"damage":0,"enemies":"Lagavulin","floor":10,"turns":5},{"damage":1,"enemies":"Blue Slaver","floor":11,"turns":4},{"damage":8,"enemies":"Gremlin Nob","floor":12,"turns":3},{"damage":0,"enemies":"Exordium Thugs","floor":14,"turns":2},{"damage":4,"enemies":"Hexaghost","floor":16,"turns":7},{"damage":0,"enemies":"Spheric Guardian","floor":18,"turns":1},{"damage":10,"enemies":"2 Thieves","floor":19,"turns":3},{"damage":15,"enemies":"Snake Plant","floor":21,"turns":6},{"damage":0,"enemies":"Gremlin Leader","floor":23,"turns":5},{"damage":0,"enemies":"Book of Stabbing","floor":25,"turns":7},{"damage":3,"enemies":"Slavers","floor":28,"turns":5},{"damage":0,"enemies":"Gremlin Leader","floor":31,"turns":5},{"damage":45,"enemies":"Automaton","floor":33,"turns":11},{"damage":1,"enemies":"Orb Walker","floor":35,"turns":3},{"damage":0,"enemies":"3 Shapes","floor":36,"turns":4},{"damage":1,"enemies":"Mind Bloom Boss Battle","floor":37,"turns":7},{"damage":36,"enemies":"Nemesis","floor":41,"turns":10},{"damage":10,"enemies":"Giant Head","floor":44,"turns":9},{"damage":0,"enemies":"Maw","floor":45,"turns":9},{"damage":0,"enemies":"Reptomancer","floor":46,"turns":6},{"damage":19,"enemies":"Nemesis","floor":48,"turns":4},{"damage":11,"enemies":"Donu and Deca","floor":50,"turns":9}],"seed_played":"-8643747277835071688","potions_obtained":[{"floor":1.0,"key":"BottledMiracle"},{"floor":3.0,"key":"ColorlessPotion"},{"floor":8,"key":"StancePotion"},{"floor":16,"key":"GamblersBrew"},{"floor":18,"key":"EntropicBrew"},{"floor":19,"key":"Fruit Juice"},{"floor":20,"key":"SkillPotion"},{"floor":44,"key":"Ancient Potion"},{"floor":45,"key":"LiquidMemories"},{"floor":46,"key":"Strength Potion"}],"is_trial":false,"path_per_floor":["M","M","M","?","M","E","R","E","T","E","M","E","R","M","R","B",null,"M","M","?","M","$","E","?","E","T","R","E","?","$","E","R","B",null,"M","M","?","?","$","R","E","R","T","E","M","E","?","E","R","B",null],"character_chosen":"WATCHER","items_purchased":["TalkToTheHand","Molten Egg 2","Whetstone","ClockworkSouvenir"],"campfire_rested":1,"item_purchase_floors":[22,22,30,39],"current_hp_per_floor":[72,72,72,72,64,64,64,54,54,54,53,45,45,45,45,41,72,72,67,67,52,52,52,52,52,52,52,49,49,49,49,49,4,77,76,76,75,75,75,75,39,39,39,29,29,29,29,10,33,22],"gold":278,"neow_bonus":"","is_daily":true,"chose_seed":false,"campfire_upgraded":7,"win_rate":0.0,"timestamp":1612568756,"path_taken":["M","M","M","?","M","E","R","E","T","E","M","E","R","M","R","BOSS","M","M","?","?","$","E","?","E","T","R","E","?","$","E","R","BOSS","M","M","?","?","$","R","E","R","T","E","M","E","?","E","R","BOSS"],"items_purchased_type":["Card","Relic","Relic","Relic"],"build_version":"2020-12-22","purchased_purges":2,"victory":true,"max_hp_per_floor":[72,72,72,72,72,72,72,72,72,72,72,72,72,72,72,72,72,72,77,77,77,77,77,77,77,77,77,77,77,77,77,77,77,77,77,77,77,77,77,77,77,77,77,77,77,77,77,77,77,77],"relic_stats":{"Peace Pipe":0,"Centennial Puzzle":[43],"Nunchaku":[26],"Torii":29,"Gremlin Horn":[5,5],"counters":[28,139],"Mummified Hand":[14],"Art of War":[5],"Whetstone":["Conclude","LessonLearned"],"Question Card":12,"MawBank":84,"obtain_stats":[{"Potion Belt":12,"Ice Cream":31,"Lantern":26,"Torii":10,"Gremlin Horn":41,"Damaru":43,"Omamori":9,"Incense Burner":46,"Whetstone":30,"Question Card":23,"MawBank":44,"ClockworkSouvenir":39,"Peace Pipe":28,"Frozen Eye":0,"SlaversCollar":34,"Centennial Puzzle":6,"Nunchaku":25,"CaptainsWheel":37,"Mummified Hand":48,"HolyWater":17,"Molten Egg 2":22,"Art of War":8,"PureWater":0},{"Potion Belt":9,"Ice Cream":18,"Lantern":16,"Torii":7,"Gremlin Horn":23,"Damaru":23,"Omamori":6,"Incense Burner":26,"Whetstone":17,"Question Card":15,"MawBank":24,"ClockworkSouvenir":22,"Peace Pipe":17,"Frozen Eye":0,"SlaversCollar":19,"Centennial Puzzle":5,"Nunchaku":16,"CaptainsWheel":22,"Mummified Hand":27,"HolyWater":11,"Molten Egg 2":14,"Art of War":6,"PureWater":0},{"Potion Belt":26,"Ice Cream":67,"Lantern":57,"Torii":19,"Gremlin Horn":102,"Damaru":102,"Omamori":14,"Incense Burner":126,"Whetstone":62,"Question Card":50,"MawBank":111,"ClockworkSouvenir":92,"Peace Pipe":62,"Frozen Eye":0,"SlaversCollar":78,"Centennial Puzzle":10,"Nunchaku":57,"CaptainsWheel":92,"Mummified Hand":130,"HolyWater":35,"Molten Egg 2":45,"Art of War":14,"PureWater":0}]},"card_choices":[{"not_picked":["Sanctity","BowlingBash"],"picked":"Conclude","floor":1.0},{"not_picked":["CrushJoints","Consecrate"],"picked":"CutThroughFate","floor":2.0},{"not_picked":["Study","Prostrate"],"picked":"TalkToTheHand","floor":3.0},{"not_picked":["Alpha","Consecrate","BowlingBash"],"picked":"SKIP","floor":5.0},{"not_picked":["Scrawl","Wish"],"picked":"Vault","floor":6},{"not_picked":["Omniscience","MasterReality"],"picked":"DeusExMachina","floor":8},{"not_picked":["MasterReality","Scrawl"],"picked":"LessonLearned","floor":10},{"not_picked":["CutThroughFate","Evaluate"],"picked":"FollowUp","floor":11},{"not_picked":["Alpha","MasterReality","SpiritShield"],"picked":"SKIP","floor":12},{"not_picked":["Evaluate","Prostrate"],"picked":"FlurryOfBlows","floor":14},{"not_picked":["Ragnarok","Brilliance"],"picked":"Vault","floor":16},{"not_picked":["Consecrate","Sanctity+1"],"picked":"ClearTheMind","floor":18},{"not_picked":["FlyingSleeves+1","BattleHymn+1"],"picked":"WaveOfTheHand","floor":19},{"not_picked":["Pray","ClearTheMind","JustLucky"],"picked":"SKIP","floor":21},{"not_picked":["Ragnarok+1","Omniscience","MasterReality"],"picked":"SKIP","floor":23},{"not_picked":["Scrawl","DeusExMachina","Alpha","Vault"],"picked":"SKIP","floor":25},{"not_picked":["Devotion","DeusExMachina","Alpha"],"picked":"Judgement","floor":28},{"not_picked":["Establishment","Blasphemy","Brilliance+1"],"picked":"DevaForm","floor":31},{"not_picked":["WreathOfFlame+1","PathToVictory","BowlingBash+1"],"picked":"Adaptation+1","floor":35},{"not_picked":["Consecrate+1","EmptyMind","Halt","ThirdEye+1"],"picked":"SKIP","floor":36},{"not_picked":["Meditate","CarveReality+1","Wireheading"],"picked":"MentalFortress","floor":37},{"not_picked":["DeusExMachina","Brilliance+1","SpiritShield"],"picked":"Wish","floor":41},{"not_picked":["Alpha","Brilliance+1","Omniscience"],"picked":"Ragnarok+1","floor":44},{"not_picked":["FollowUp+1","SignatureMove+1","ClearTheMind+1","SashWhip+1"],"picked":"SKIP","floor":45},{"not_picked":["Brilliance+1","SpiritShield","Ragnarok+1"],"picked":"Devotion","floor":46},{"not_picked":["Alpha","LessonLearned+1","DevaForm","Brilliance+1"],"picked":"SKIP","floor":48}],"player_experience":1255948,"relics_obtained":[{"floor":6,"key":"Centennial Puzzle"},{"floor":8,"key":"Art of War"},{"floor":9,"key":"Omamori"},{"floor":10,"key":"Torii"},{"floor":12,"key":"Potion Belt"},{"floor":23,"key":"Question Card"},{"floor":25,"key":"Nunchaku"},{"floor":26,"key":"Lantern"},{"floor":28,"key":"Peace Pipe"},{"floor":31,"key":"Ice Cream"},{"floor":37,"key":"CaptainsWheel"},{"floor":41,"key":"Gremlin Horn"},{"floor":43,"key":"Damaru"},{"floor":44,"key":"MawBank"},{"floor":46,"key":"Incense Burner"},{"floor":48,"key":"Mummified Hand"}],"event_choices":[{"damage_healed":0.0,"max_hp_gain":0.0,"max_hp_loss":0.0,"gold_gain":0.0,"event_name":"Liars Game","player_choice":"Ignored","floor":4.0,"gold_loss":0.0,"damage_taken":0.0},{"damage_healed":0,"gold_gain":0,"player_choice":"Got Potions","damage_taken":0,"max_hp_gain":0,"max_hp_loss":0,"event_name":"Lab","floor":20,"gold_loss":0},{"cards_removed":["Strike_P"],"damage_healed":0,"gold_gain":0,"player_choice":"Elegance","damage_taken":0,"max_hp_gain":0,"max_hp_loss":0,"event_name":"Back to Basics","floor":24,"gold_loss":0},{"damage_healed":0,"gold_gain":0,"cards_transformed":["Strike_P"],"player_choice":"Transformed","damage_taken":0,"max_hp_gain":0,"max_hp_loss":0,"event_name":"Transmorgrifier","floor":29,"gold_loss":0,"cards_obtained":["EmptyFist"]},{"damage_healed":0,"gold_gain":0,"player_choice":"Fight","damage_taken":0,"max_hp_gain":0,"max_hp_loss":0,"event_name":"MindBloom","floor":37,"gold_loss":0},{"damage_healed":0,"gold_gain":0,"player_choice":"Ignored","damage_taken":0,"max_hp_gain":0,"max_hp_loss":0,"event_name":"Tomb of Lord Red Mask","floor":38,"gold_loss":0},{"damage_healed":0,"gold_gain":0,"player_choice":"Copied","damage_taken":0,"max_hp_gain":0,"max_hp_loss":0,"event_name":"Duplicator","floor":47,"gold_loss":0,"cards_obtained":["TalkToTheHand"]}],"is_beta":false,"boss_relics":[{"not_picked":["Velvet Choker","Calling Bell"],"picked":"HolyWater"},{"not_picked":["Runic Pyramid","Snecko Eye"],"picked":"SlaversCollar"}],"items_purged_floors":[22,39],"is_endless":false,"potions_floor_spawned":[1,3,8,10,16,18,19,44,45,46],"ascension_level":0}}