{"host":"2zu68f54ie7ltg2f","time":1612564408,"event":{"mods":["AchievementEnabler","BaseMod","Colored Map","Colored Powertips","Minty Spire (QoL Compilation)","StSLib"],"gold_per_floor":[113,125,125,22,40,73,85,132,196,235,286,298,322,95,95,207,207,236,161,161,173,192,220,220,246,273,273,299,10,53,53,53,160,160,188,242,251,269,293,327,327,368,395,438,76,76,104,114,114,114],"floor_reached":51,"language":"ENG","playtime":2103,"items_purged":["Strike_G","Strike_G"],"score":1030,"play_id":"1ea7abc8-11f0-4557-a944-b3c8123824cb","local_time":"20210205143328","is_ascension_mode":true,"campfire_choices":[{"data":"Underhanded Strike","floor":7.0,"key":"SMITH"},{"data":"Calculated Gamble","floor":15.0,"key":"SMITH"},{"data":"Noxious Fumes","floor":24.0,"key":"SMITH"},{"data":"Bullet Time","floor":27.0,"key":"SMITH"},{"data":"Calculated Gamble","floor":32.0,"key":"SMITH"},{"data":"Tactician","floor":41,"key":"SMITH"},{"data":"Tools of the Trade","floor":49,"key":"SMITH"}],"circlet_count":0,"master_deck":["Defend_G","Defend_G","Defend_G+1","Defend_G","Survivor","Neutralize","Underhanded Strike+1","Predator","Leg Sweep","Reflex","Dash","Tools of the Trade+1","Crippling Poison+1","Tactician+1","Noxious Fumes+1","Calculated Gamble+1","Bullet Time+1","Acrobatics","Flying Knee+1","Calculated Gamble+1","Die Die Die","Escape Plan+1","Bouncing Flask+1","After Image","Caltrops+1","Crippling Poison+1","Underhanded Strike","PiercingWail","Underhanded Strike+1"],"relics":["Runic Pyramid","Mummified Hand","MawBank","Pear","CeramicFish","Matryoshka","White Beast Statue","Ninja Scroll","Black Star","Centennial Puzzle","Kunai","Ancient Tea Set","MealTicket","Boot","Paper Crane","Ice Cream","Mercury Hourglass","Pocketwatch","Snake Skull","Empty Cage","Tingsha","Strawberry","Blood Vial","Blue Candle","Orichalcum","Bag of Preparation","Potion Belt","War Paint","Letter Opener"],"acts_visited":["TheCity","TheBeyond"],"potions_floor_usage":[50],"damage_taken":[{"damage":0.0,"enemies":"Small Slimes","floor":1.0,"turns":5.0},{"damage":6.0,"enemies":"Jaw Worm","floor":2.0,"turns":3.0},{"damage":0.0,"enemies":"2 Louse","floor":5.0,"turns":2.0},{"damage":4.0,"enemies":"3 Sentries","floor":6.0,"turns":11.0},{"damage":11.0,"enemies":"Gremlin Nob","floor":8.0,"turns":5.0},{"damage":0.0,"enemies":"2 Fungi Beasts","floor":10.0,"turns":3.0},{"damage":8.0,"enemies":"Lagavulin","floor":11.0,"turns":7.0},{"damage":5.0,"enemies":"Blue Slaver","floor":13.0,"turns":3.0},{"damage":7.0,"enemies":"Hexaghost","floor":16.0,"turns":9.0},{"damage":14.0,"enemies":"Shell Parasite","floor":18.0,"turns":5.0},{"damage":5.0,"enemies":"2 Thieves","floor":21.0,"turns":4.0},{"damage":6.0,"enemies":"Snake Plant","floor":22.0,"turns":5.0},{"damage":0.0,"enemies":"Book of Stabbing","floor":23.0,"turns":5.0},{"damage":0.0,"enemies":"Cultist and Chosen","floor":25.0,"turns":7.0},{"damage":20.0,"enemies":"Slavers","floor":28.0,"turns":5.0},{"damage":8.0,"enemies":"Gremlin Leader","floor":30.0,"turns":8.0},{"damage":9.0,"enemies":"Collector","floor":33.0,"turns":9.0},{"damage":0.0,"enemies":"Orb Walker","floor":35.0,"turns":3.0},{"damage":8.0,"enemies":"2 Orb Walkers","floor":36.0,"turns":5.0},{"damage":5,"enemies":"3 Shapes","floor":38,"turns":3},{"damage":4,"enemies":"Sphere and 2 Shapes","floor":39,"turns":3},{"damage":7,"enemies":"Reptomancer","floor":40,"turns":5},{"damage":0,"enemies":"Giant Head","floor":42,"turns":6},{"damage":0,"enemies":"Nemesis","floor":44,"turns":3},{"damage":3,"enemies":"4 Shapes","floor":47,"turns":2},{"damage":0,"enemies":"Jaw Worm Horde","floor":48,"turns":2},{"damage":27,"enemies":"Donu and Deca","floor":50,"turns":6}],"seed_played":"-5616886917732001982","potions_obtained":[{"floor":6.0,"key":"DuplicationPotion"},{"floor":8.0,"key":"AttackPotion"},{"floor":44,"key":"AttackPotion"},{"floor":47,"key":"FearPotion"}],"is_trial":false,"path_per_floor":["M","M","?","$","M","E","R","E","T","M","E","T","M","$","R","B",null,"M","?","?","M","M","E","R","M","T","R","E","$","E","?","R","B",null,"M","?","?","M","M","E","R","E","T","E","$","?","M","M","R","B",null],"character_chosen":"THE_SILENT","items_purchased":["FairyPotion","Tactician","Noxious Fumes","Calculated Gamble","Ice Cream","Letter Opener"],"campfire_rested":0,"item_purchase_floors":[4,14,14,14,29,45],"current_hp_per_floor":[70,64,46,46,46,42,42,41,41,41,33,33,28,28,28,21,80,66,66,51,46,40,40,40,40,40,40,20,35,27,27,27,18,85,85,77,77,72,68,68,68,70,70,72,87,87,86,88,88,63],"gold":114,"neow_bonus":"BOSS_RELIC","is_daily":false,"chose_seed":false,"campfire_upgraded":7,"win_rate":0.0,"timestamp":1612564408,"path_taken":["M","M","?","$","M","E","R","E","T","M","E","?","M","?","R","BOSS","M","?","?","M","M","E","R","M","T","R","E","$","E","?","R","BOSS","M","?","?","?","M","E","R","E","T","E","$","?","M","M","R","BOSS"],"items_purchased_type":["Potion","Card","Card","Card","Relic","Relic"],"build_version":"2020-12-22","purchased_purges":2,"victory":true,"max_hp_per_floor":[70,70,70,70,70,70,70,80,80,80,80,80,80,80,80,80,80,80,80,85,85,85,85,85,85,85,85,85,85,85,85,85,85,85,85,85,85,85,85,92,92,92,92,92,92,92,92,92,92,92],"card_choices":[{"not_picked":["Flying Knee","Cloak And Dagger"],"picked":"Underhanded Strike","floor":1.0},{"not_picked":["Backflip","Dodge and Roll"],"picked":"Predator","floor":2.0},{"not_picked":["Deflect","Calculated Gamble"],"picked":"Leg Sweep","floor":5.0},{"not_picked":["Dagger Spray","Flying Knee"],"picked":"Reflex","floor":6.0},{"not_picked":["Endless Agony","Prepared"],"picked":"Dash","floor":8.0},{"not_picked":["Quick Slash","PiercingWail"],"picked":"Tools of the Trade","floor":10.0},{"not_picked":["Deflect","Dagger Throw"],"picked":"Crippling Poison","floor":11.0},{"not_picked":["Flying Knee","Riddle With Holes","Setup"],"picked":"SKIP","floor":13.0},{"not_picked":["Phantasmal Killer","Corpse Explosion"],"picked":"Bullet Time","floor":16.0},{"not_picked":["Finisher","Outmaneuver"],"picked":"Acrobatics","floor":18.0},{"not_picked":["Dodge and Roll","Leg Sweep+1","Flying Knee"],"picked":"SKIP","floor":21.0},{"not_picked":["Blur+1","Sucker Punch","Poisoned Stab+1"],"picked":"SKIP","floor":22.0},{"not_picked":["Quick Slash","Slice+1","Poisoned Stab"],"picked":"SKIP","floor":23.0},{"not_picked":["Flying Knee+1","Grand Finale","Bane"],"picked":"SKIP","floor":25.0},{"not_picked":["Grand Finale","Bane"],"picked":"Flying Knee+1","floor":25.0},{"not_picked":["Flying Knee","Concentrate","Sucker Punch+1"],"picked":"SKIP","floor":28.0},{"not_picked":["Deflect","Skewer"],"picked":"Calculated Gamble","floor":30.0},{"not_picked":["Night Terror","Phantasmal Killer"],"picked":"Die Die Die","floor":33.0},{"not_picked":["Accuracy","Slice"],"picked":"Escape Plan+1","floor":35.0},{"not_picked":["Reflex+1","Prepared+1"],"picked":"Bouncing Flask+1","floor":36.0},{"not_picked":["Acrobatics+1","Slice","Outmaneuver"],"picked":"SKIP","floor":38},{"not_picked":["Bane+1","Reflex+1"],"picked":"Caltrops+1","floor":39},{"not_picked":["Venomology","Backflip"],"picked":"Crippling Poison+1","floor":40},{"not_picked":["Flechettes+1","Flying Knee+1"],"picked":"Underhanded Strike","floor":42},{"not_picked":["Escape Plan+1","Sucker Punch+1"],"picked":"PiercingWail","floor":44},{"not_picked":["Riddle With Holes","Dagger Spray+1"],"picked":"Underhanded Strike+1","floor":47},{"not_picked":["Dodge and Roll+1","Outmaneuver","Deadly Poison+1"],"picked":"SKIP","floor":48}],"player_experience":486175,"relics_obtained":[{"floor":6.0,"key":"MawBank"},{"floor":8.0,"key":"Pear"},{"floor":9.0,"key":"CeramicFish"},{"floor":11.0,"key":"Matryoshka"},{"floor":12.0,"key":"White Beast Statue"},{"floor":12.0,"key":"Ninja Scroll"},{"floor":23.0,"key":"Centennial Puzzle"},{"floor":23.0,"key":"Kunai"},{"floor":26.0,"key":"Ancient Tea Set"},{"floor":26.0,"key":"MealTicket"},{"floor":28.0,"key":"Boot"},{"floor":28.0,"key":"Paper Crane"},{"floor":30.0,"key":"Mercury Hourglass"},{"floor":30.0,"key":"Pocketwatch"},{"floor":36.0,"key":"Tingsha"},{"floor":40,"key":"Strawberry"},{"floor":40,"key":"Blood Vial"},{"floor":42,"key":"Blue Candle"},{"floor":42,"key":"Orichalcum"},{"floor":43,"key":"Bag of Preparation"},{"floor":44,"key":"Potion Belt"},{"floor":44,"key":"War Paint"}],"event_choices":[{"damage_healed":0.0,"max_hp_gain":0.0,"max_hp_loss":0.0,"gold_gain":0.0,"event_name":"Scrap Ooze","player_choice":"Success","floor":3.0,"gold_loss":0.0,"damage_taken":18.0,"relics_obtained":["Mummified Hand"]},{"cards_removed":["Strike_G"],"damage_healed":0.0,"max_hp_gain":0.0,"max_hp_loss":0.0,"gold_gain":0.0,"event_name":"Beggar","player_choice":"Gave Gold","floor":19.0,"gold_loss":75.0,"damage_taken":0.0},{"damage_healed":0.0,"max_hp_gain":5.0,"max_hp_loss":0.0,"gold_gain":0.0,"event_name":"Forgotten Altar","player_choice":"Shed Blood","floor":20.0,"gold_loss":0.0,"damage_taken":20.0},{"damage_healed":0.0,"max_hp_gain":0.0,"max_hp_loss":0.0,"gold_gain":0.0,"event_name":"The Mausoleum","player_choice":"Opened","floor":31.0,"gold_loss":0.0,"damage_taken":0.0,"relics_obtained":["Snake Skull"]},{"damage_healed":0.0,"max_hp_gain":0.0,"max_hp_loss":0.0,"gold_gain":0.0,"event_name":"Mysterious Sphere","player_choice":"Fight","floor":36.0,"gold_loss":0.0,"damage_taken":0.0},{"damage_healed":0,"gold_gain":0,"player_choice":"1 cards matched","damage_taken":0,"max_hp_gain":0,"max_hp_loss":0,"event_name":"Match and Keep!","floor":37,"gold_loss":0,"cards_obtained":["After Image"]},{"cards_removed":["Defend_G"],"damage_healed":0,"gold_gain":0,"player_choice":"Removed Skill","damage_taken":0,"max_hp_gain":0,"max_hp_loss":0,"event_name":"Falling","floor":46,"gold_loss":0}],"is_beta":false,"boss_relics":[{"not_picked":["Velvet Choker","Busted Crown"],"picked":"Black Star"},{"not_picked":["Runic Dome","SacredBark"],"picked":"Empty Cage"}],"items_purged_floors":[14,45],"is_endless":false,"potions_floor_spawned":[6,8,10,13,16,18,21,22,23,25,28,30,33,35,36,38,39,40,42,44,47,48],"ascension_level":1}}