{"host":"e1pm3b7xpcm97e5w","time":1612551914,"event":{"mods":["BaseMod","Better Skull","Googly Eyes","Minty Spire (QoL Compilation)","Relic Stats","Shop Mod","Spicy Shops","StSLib"],"gold_per_floor":[111,111,127,10,10,10,28,28,28,28,46,71,71,91,91,162,162,180,180,196,12,27,59,59,74,74,74,74],"floor_reached":27,"language":"ENG","playtime":1192,"items_purged":[],"score":454,"play_id":"cd258189-0cc4-4fc8-9b14-d0322cd13e25","local_time":"20210205140514","is_ascension_mode":true,"campfire_choices":[{"data":"Finisher","floor":6,"key":"SMITH"},{"data":"Footwork","floor":8,"key":"SMITH"},{"data":"Cloak And Dagger","floor":10,"key":"SMITH"},{"data":"Accuracy","floor":13,"key":"SMITH"},{"data":"Neutralize","floor":15,"key":"SMITH"},{"data":"Footwork","floor":24,"key":"SMITH"}],"circlet_count":0,"master_deck":["AscendersBane","Strike_G","Defend_G","Defend_G","Defend_G","Defend_G","Defend_G","Survivor","Neutralize+1","Cloak And Dagger+1","Terror","Accuracy+1","Finisher+1","Footwork+1","Dodge and Roll","PiercingWail","Adrenaline","Crippling Poison+1","Reflex+1","Deflect+1","Cloak And Dagger","Ghostly","Ghostly","Ghostly","Cloak And Dagger","Leg Sweep","Footwork+1"],"relics":["Ring of the Snake","NeowsBlessing","Meat on the Bone","Lizard Tail","Astrolabe","Shuriken","Dream Catcher","The Specimen"],"acts_visited":["Exordium","TheCity"],"potions_floor_usage":[12,16,23,27],"damage_taken":[{"damage":0,"enemies":"2 Louse","floor":1,"turns":1},{"damage":0,"enemies":"Small Slimes","floor":3,"turns":1},{"damage":0,"enemies":"Cultist","floor":7,"turns":1},{"damage":26,"enemies":"3 Louse","floor":11,"turns":7},{"damage":37,"enemies":"Gremlin Nob","floor":12,"turns":4},{"damage":2,"enemies":"2 Fungi Beasts","floor":14,"turns":2},{"damage":14,"enemies":"The Guardian","floor":16,"turns":13},{"damage":40,"enemies":"Chosen","floor":18,"turns":9},{"damage":0,"enemies":"Spheric Guardian","floor":20,"turns":8},{"damage":6,"enemies":"Snake Plant","floor":22,"turns":7},{"damage":27,"enemies":"Slavers","floor":23,"turns":10},{"damage":26,"enemies":"Snecko","floor":25,"turns":12},{"damage":23,"enemies":"Chosen and Byrds","floor":27,"turns":7}],"seed_played":"105519543595070850","potions_obtained":[{"floor":3,"key":"Regen Potion"},{"floor":11,"key":"Block Potion"},{"floor":12,"key":"EssenceOfSteel"},{"floor":16,"key":"Ancient Potion"},{"floor":23,"key":"GhostInAJar"}],"is_trial":false,"path_per_floor":["M","?","M","$","?","R","M","R","T","R","M","E","R","M","R","B",null,"M","?","M","$","M","E","R","M","T","M"],"character_chosen":"THE_SILENT","items_purchased":["Accuracy","Finisher","Shuriken","Cloak And Dagger"],"campfire_rested":0,"item_purchase_floors":[4,4,21,21],"current_hp_per_floor":[59,52,52,52,57,57,57,57,57,57,43,30,30,40,40,38,63,35,35,35,35,29,14,14,18,18,0,0],"gold":74,"neow_bonus":"THREE_ENEMY_KILL","is_daily":false,"chose_seed":false,"campfire_upgraded":6,"win_rate":0.0,"timestamp":1612551914,"path_taken":["M","?","M","$","?","R","M","R","T","R","M","E","R","M","R","BOSS","M","?","M","$","M","E","R","M","T","M"],"items_purchased_type":["Card","Card","Relic","Card"],"build_version":"2020-12-22","purchased_purges":0,"victory":false,"max_hp_per_floor":[66,66,66,66,71,71,71,71,71,71,71,71,71,71,71,71,71,71,35,35,35,35,35,35,35,35,35,35],"relic_stats":{"Lizard Tail":17,"Dream Catcher":0,"counters":[13,82],"Shuriken":[5],"Astrolabe":["Crippling Poison","Reflex","Deflect"],"obtain_stats":[{"Lizard Tail":12,"Dream Catcher":23,"NeowsBlessing":0,"The Specimen":26,"Shuriken":21,"Astrolabe":17,"Ring of the Snake":0,"Meat on the Bone":9},{"Lizard Tail":5,"Dream Catcher":11,"NeowsBlessing":0,"The Specimen":12,"Shuriken":9,"Astrolabe":7,"Ring of the Snake":0,"Meat on the Bone":3},{"Lizard Tail":14,"Dream Catcher":63,"NeowsBlessing":0,"The Specimen":75,"Shuriken":46,"Astrolabe":29,"Ring of the Snake":0,"Meat on the Bone":3}],"Ring of the Snake":[26],"Meat on the Bone":84},"card_choices":[{"not_picked":["Slice","Underhanded Strike"],"picked":"Cloak And Dagger","floor":1},{"not_picked":["Dagger Throw","Slice"],"picked":"Terror","floor":3},{"not_picked":["Deadly Poison","Finisher"],"picked":"Footwork","floor":7},{"not_picked":["Quick Slash","Masterful Stab","Outmaneuver"],"picked":"SKIP","floor":11},{"not_picked":["PiercingWail","Distraction"],"picked":"Dodge and Roll","floor":12},{"not_picked":["Sucker Punch","Catalyst"],"picked":"PiercingWail","floor":14},{"not_picked":["After Image","Glass Knife"],"picked":"Adrenaline","floor":16},{"not_picked":["Calculated Gamble","Slice"],"picked":"Cloak And Dagger","floor":18},{"not_picked":["Concentrate","Underhanded Strike+1","Tactician"],"picked":"SKIP","floor":20},{"not_picked":["Bouncing Flask","Bane"],"picked":"Leg Sweep","floor":22},{"not_picked":["Dodge and Roll","Choke"],"picked":"Footwork","floor":23},{"not_picked":["Bane+1","PiercingWail","Outmaneuver"],"picked":"SKIP","floor":25}],"player_experience":704736,"relics_obtained":[{"floor":9,"key":"Meat on the Bone"},{"floor":12,"key":"Lizard Tail"},{"floor":23,"key":"Dream Catcher"},{"floor":26,"key":"The Specimen"}],"event_choices":[{"cards_removed":["Strike_G"],"damage_healed":0,"gold_gain":0,"player_choice":"Card Removal","damage_taken":7,"max_hp_gain":0,"max_hp_loss":0,"event_name":"Golden Wing","floor":2,"gold_loss":0},{"damage_healed":0,"gold_gain":0,"player_choice":"Donut","damage_taken":0,"max_hp_gain":5,"max_hp_loss":0,"event_name":"Big Fish","floor":5,"gold_loss":0},{"damage_healed":0,"gold_gain":0,"player_choice":"Became a Ghost","damage_taken":0,"max_hp_gain":0,"max_hp_loss":36,"event_name":"Ghosts","floor":19,"gold_loss":0,"cards_obtained":["Ghostly","Ghostly","Ghostly"]}],"is_beta":false,"boss_relics":[{"not_picked":["Philosopher\u0027s Stone","Snecko Eye"],"picked":"Astrolabe"}],"items_purged_floors":[],"is_endless":false,"potions_floor_spawned":[3,11,12,16,22,23],"killed_by":"Chosen and Byrds","ascension_level":19}}