{"host":"ELF","time":1612513482,"event":{"mods":["BaseMod","Bestiary","Minty Spire (QoL Compilation)","Relic Stats","Slay the Relics Exporter"],"gold_per_floor":[114,114,125,138,177,225,225,251,251,5,5,5,5,44,44,138,138,156,180,130,149,169,210,226,266,266,266,279,279,279],"floor_reached":29,"language":"ENG","playtime":1731,"items_purged":[],"score":556,"play_id":"a7228a09-ccb4-45ca-8b6c-5d4e55ba94d7","local_time":"20210205022442","is_ascension_mode":true,"campfire_choices":[{"floor":15.0,"key":"REST"},{"floor":27,"key":"REST"}],"circlet_count":0,"master_deck":["AscendersBane","Strike_R","Strike_R","Strike_R","Strike_R","Strike_R","Defend_R","Defend_R","Defend_R","Defend_R","Bash","Magnetism","Ghostly Armor","Shrug It Off+1","Sever Soul","Pommel Strike","Ghostly Armor+1","Intimidate","Feed","Fire Breathing","Dual Wield","Corruption","Carnage","Seeing Red","Power Through+1","Carnage","Bloodletting+1","Spot Weakness","Headbutt","Reaper"],"relics":["Burning Blood","Bag of Marbles","Mango","Charon\u0027s Ashes","Golden Idol","War Paint","Snecko Eye","The Courier","Potion Belt","Bottled Lightning"],"acts_visited":["Exordium","TheCity"],"potions_floor_usage":[25,28],"damage_taken":[{"damage":14.0,"enemies":"Jaw Worm","floor":1.0,"turns":6.0},{"damage":7.0,"enemies":"2 Louse","floor":3.0,"turns":4.0},{"damage":9.0,"enemies":"Small Slimes","floor":4.0,"turns":6.0},{"damage":11.0,"enemies":"Blue Slaver","floor":5.0,"turns":7.0},{"damage":25.0,"enemies":"3 Sentries","floor":6.0,"turns":8.0},{"damage":35.0,"enemies":"Lagavulin","floor":8.0,"turns":7.0},{"damage":32.0,"enemies":"Gremlin Nob","floor":14.0,"turns":4.0},{"damage":34.0,"enemies":"Slime Boss","floor":16.0,"turns":9.0},{"damage":4.0,"enemies":"2 Thieves","floor":18.0,"turns":4.0},{"damage":0.0,"enemies":"3 Byrds","floor":19.0,"turns":5.0},{"damage":24.0,"enemies":"Snake Plant","floor":21.0,"turns":2.0},{"damage":0.0,"enemies":"Cultist and Chosen","floor":22.0,"turns":4.0},{"damage":31.0,"enemies":"Gremlin Leader","floor":23.0,"turns":8.0},{"damage":24.0,"enemies":"Chosen and Byrds","floor":24.0,"turns":4.0},{"damage":34,"enemies":"Slavers","floor":25,"turns":5},{"damage":18,"enemies":"Centurion and Healer","floor":28,"turns":7},{"damage":58,"enemies":"Gremlin Leader","floor":29,"turns":4}],"seed_played":"-3960668560029885646","potions_obtained":[{"floor":1.0,"key":"SneckoOil"},{"floor":3.0,"key":"EntropicBrew"},{"floor":4.0,"key":"GamblersBrew"},{"floor":5.0,"key":"Ancient Potion"},{"floor":14.0,"key":"Regen Potion"},{"floor":18.0,"key":"ColorlessPotion"},{"floor":22.0,"key":"LiquidBronze"},{"floor":23.0,"key":"BloodPotion"},{"floor":25,"key":"BlessingOfTheForge"}],"is_trial":false,"path_per_floor":["M","?","M","M","M","E","?","E","T","$","?","$","$","E","R","B",null,"M","M","?","M","M","E","M","E","T","R","M","E"],"character_chosen":"IRONCLAD","items_purchased":["Feed","Fire Breathing"],"campfire_rested":2,"item_purchase_floors":[10,10],"current_hp_per_floor":[60,55,54,51,46,41,68,39,39,39,39,39,39,13,35,22,61,66,75,75,57,63,41,42,17,17,43,35,0,0],"gold":279,"neow_bonus":"RANDOM_COLORLESS_2","is_daily":false,"chose_seed":false,"campfire_upgraded":0,"win_rate":0.0,"timestamp":1612513482,"path_taken":["M","?","M","M","M","E","?","E","T","$","?","?","$","E","R","BOSS","M","M","?","M","M","E","?","E","T","R","M","E"],"items_purchased_type":["Card","Card"],"build_version":"2020-12-18","purchased_purges":0,"victory":false,"max_hp_per_floor":[68,68,68,68,68,82,82,82,82,82,74,74,74,74,74,74,74,77,80,80,80,80,83,86,89,89,89,93,93,93],"relic_stats":{"counters":[17,94],"Golden Idol":66,"Snecko Eye":[86,63,75,73],"Charon\u0027s Ashes":[480],"War Paint":["Shrug It Off","Ghostly Armor"],"obtain_stats":[{"Potion Belt":25,"Golden Idol":11,"Snecko Eye":17,"Mango":6,"Charon\u0027s Ashes":8,"The Courier":23,"Bag of Marbles":2,"Bottled Lightning":26,"War Paint":14,"Burning Blood":0},{"Potion Belt":15,"Golden Idol":6,"Snecko Eye":8,"Mango":5,"Charon\u0027s Ashes":6,"The Courier":13,"Bag of Marbles":1,"Bottled Lightning":15,"War Paint":7,"Burning Blood":0},{"Potion Belt":83,"Golden Idol":38,"Snecko Eye":51,"Mango":31,"Charon\u0027s Ashes":38,"The Courier":74,"Bag of Marbles":6,"Bottled Lightning":83,"War Paint":42,"Burning Blood":0}],"Burning Blood":96},"card_choices":[{"not_picked":["Panache","Chrysalis"],"picked":"Magnetism","floor":0.0},{"not_picked":["Armaments","Shrug It Off"],"picked":"Ghostly Armor","floor":1.0},{"not_picked":["Heavy Blade","Sentinel"],"picked":"Shrug It Off","floor":3.0},{"not_picked":["Sword Boomerang","Perfected Strike"],"picked":"Sever Soul","floor":4.0},{"not_picked":["Perfected Strike","Anger"],"picked":"Pommel Strike","floor":5.0},{"not_picked":["Entrench","Metallicize"],"picked":"Ghostly Armor","floor":6.0},{"not_picked":["Clothesline","Cleave"],"picked":"Intimidate","floor":8.0},{"not_picked":["Entrench","Cleave"],"picked":"Dual Wield","floor":14.0},{"not_picked":["Barricade","Brutality"],"picked":"Corruption","floor":16.0},{"not_picked":["Cleave","Iron Wave"],"picked":"Carnage","floor":18.0},{"not_picked":["Spot Weakness","Clothesline"],"picked":"Seeing Red","floor":19.0},{"not_picked":["Iron Wave+1","Shrug It Off"],"picked":"Power Through+1","floor":21.0},{"not_picked":["Heavy Blade","Iron Wave+1"],"picked":"Carnage","floor":22.0},{"not_picked":["Thunderclap+1","Whirlwind"],"picked":"Bloodletting+1","floor":23.0},{"not_picked":["True Grit","Headbutt"],"picked":"Spot Weakness","floor":24.0},{"not_picked":["Cleave+1","Havoc"],"picked":"Headbutt","floor":25},{"not_picked":["Rampage","Wild Strike"],"picked":"Reaper","floor":28}],"player_experience":3404068,"relics_obtained":[{"floor":6.0,"key":"Mango"},{"floor":8.0,"key":"Charon\u0027s Ashes"},{"floor":14.0,"key":"War Paint"},{"floor":23.0,"key":"The Courier"},{"floor":25,"key":"Potion Belt"},{"floor":26,"key":"Bottled Lightning"}],"event_choices":[{"damage_healed":0.0,"max_hp_gain":0.0,"max_hp_loss":0.0,"gold_gain":0.0,"event_name":"Scrap Ooze","player_choice":"Success","floor":2.0,"gold_loss":0.0,"damage_taken":5.0,"relics_obtained":["Bag of Marbles"]},{"damage_healed":27.0,"max_hp_gain":0.0,"max_hp_loss":0.0,"gold_gain":0.0,"event_name":"Big Fish","player_choice":"Banana","floor":7.0,"gold_loss":0.0,"damage_taken":0.0},{"damage_healed":0.0,"max_hp_gain":0.0,"max_hp_loss":8.0,"gold_gain":0.0,"event_name":"Golden Idol","player_choice":"Lose Max HP","floor":11.0,"gold_loss":0.0,"damage_taken":0.0,"relics_obtained":["Golden Idol"]},{"damage_healed":0.0,"max_hp_gain":0.0,"max_hp_loss":0.0,"gold_gain":0.0,"event_name":"The Joust","player_choice":"Bet on Owner","floor":20.0,"gold_loss":50.0,"damage_taken":0.0}],"is_beta":true,"boss_relics":[{"not_picked":["Velvet Choker","Empty Cage"],"picked":"Snecko Eye"}],"items_purged_floors":[],"is_endless":false,"potions_floor_spawned":[1,3,4,5,14,18,22,23,25],"killed_by":"Gremlin Leader","ascension_level":19}}