{"host":"at5b10nm0iti0w4x","time":1612486999,"event":{"mods":["AchievementEnabler","BaseMod","Bestiary","Block Reminder","Colored Map","Colored Powertips","Highlight Path","Keyboard Shortcuts","Minty Spire (QoL Compilation)","Relic Stats","StSLib","SuperFastMode"],"gold_per_floor":[109,125,45,45,63,63,82,108,108,125,151,165,195,214,214,309,309,327,327,344,344,344],"floor_reached":21,"language":"ENG","playtime":3329,"items_purged":[],"score":228,"play_id":"1f9bf5b4-ba94-429a-92d4-a0f5cc21ec94","local_time":"20210204200319","is_ascension_mode":false,"campfire_choices":[{"floor":15,"key":"REST"}],"circlet_count":0,"master_deck":["Survivor","Neutralize","Sucker Punch","Cloak And Dagger","Footwork","Decay","Distraction","Footwork","Cloak And Dagger","Deadly Poison","PiercingWail","Backstab","Quick Slash","Backstab","Envenom","Night Terror","Footwork","Caltrops","Distraction","Footwork","Footwork","Infinite Blades","Skewer","Corpse Explosion","Escape Plan","Slice+1","All Out Attack+1"],"relics":["Ring of the Snake","Toy Ornithopter","The Specimen","Bottled Tornado","Bottled Lightning","PreservedInsect","Pandora\u0027s Box","Enchiridion"],"acts_visited":["Exordium","TheCity"],"potions_floor_usage":[13,13,13,13],"damage_taken":[{"damage":0,"enemies":"Cultist","floor":1,"turns":5},{"damage":0,"enemies":"Small Slimes","floor":2,"turns":4},{"damage":0,"enemies":"2 Louse","floor":5,"turns":3},{"damage":10,"enemies":"Lots of Slimes","floor":7,"turns":6},{"damage":11,"enemies":"3 Sentries","floor":8,"turns":15},{"damage":9,"enemies":"Blue Slaver","floor":10,"turns":5},{"damage":21,"enemies":"Lagavulin","floor":11,"turns":9},{"damage":4,"enemies":"Looter","floor":12,"turns":4},{"damage":9,"enemies":"Gremlin Nob","floor":13,"turns":4},{"damage":13,"enemies":"3 Louse","floor":14,"turns":4},{"damage":20,"enemies":"The Guardian","floor":16,"turns":14},{"damage":15,"enemies":"3 Byrds","floor":18,"turns":4},{"damage":22,"enemies":"Spheric Guardian","floor":20,"turns":7},{"damage":17,"enemies":"3 Cultists","floor":21,"turns":3}],"seed_played":"3053711569612008708","potions_obtained":[{"floor":7,"key":"LiquidMemories"},{"floor":8,"key":"FearPotion"},{"floor":11,"key":"EntropicBrew"},{"floor":12,"key":"DistilledChaos"},{"floor":13,"key":"Poison Potion"}],"is_trial":false,"path_per_floor":["M","M","$","?","M","$","M","E","T","M","E","M","E","M","R","B",null,"M","?","M","M"],"character_chosen":"THE_SILENT","items_purchased":["Footwork"],"campfire_rested":1,"item_purchase_floors":[3],"current_hp_per_floor":[70,70,70,70,70,70,60,49,49,40,19,15,26,13,34,14,70,55,39,17,0,0],"gold":344,"neow_bonus":"RANDOM_COMMON_RELIC","is_daily":false,"chose_seed":false,"campfire_upgraded":0,"win_rate":0.0,"timestamp":1612486999,"path_taken":["M","M","$","?","M","?","?","E","T","M","E","M","E","M","R","BOSS","M","?","M","M"],"items_purchased_type":["Card"],"build_version":"2020-12-22","purchased_purges":0,"victory":false,"max_hp_per_floor":[70,70,70,70,70,70,70,70,70,70,70,70,70,70,70,70,70,70,70,70,70,70],"relic_stats":{"counters":[14,87],"Pandora\u0027s Box":["Night Terror","Footwork","Caltrops","Distraction","Footwork","Footwork","Infinite Blades","Skewer","Corpse Explosion","Escape Plan"],"PreservedInsect":0,"obtain_stats":[{"The Specimen":8,"Enchiridion":19,"Pandora\u0027s Box":17,"PreservedInsect":13,"Bottled Lightning":11,"Bottled Tornado":9,"Toy Ornithopter":0,"Ring of the Snake":0},{"The Specimen":5,"Enchiridion":12,"Pandora\u0027s Box":11,"PreservedInsect":9,"Bottled Lightning":7,"Bottled Tornado":5,"Toy Ornithopter":0,"Ring of the Snake":0},{"The Specimen":33,"Enchiridion":77,"Pandora\u0027s Box":73,"PreservedInsect":55,"Bottled Lightning":47,"Bottled Tornado":33,"Toy Ornithopter":0,"Ring of the Snake":0}],"Toy Ornithopter":20,"Ring of the Snake":[28]},"card_choices":[{"not_picked":["Acrobatics","Expertise"],"picked":"Sucker Punch","floor":1},{"not_picked":["Flying Knee","Deflect"],"picked":"Cloak And Dagger","floor":2},{"not_picked":["Reflex","Underhanded Strike"],"picked":"Distraction","floor":5},{"not_picked":["Burst","Deadly Poison"],"picked":"Footwork","floor":7},{"not_picked":["Outmaneuver","Blur"],"picked":"Cloak And Dagger","floor":8},{"not_picked":["Dagger Spray","Deflect"],"picked":"Deadly Poison","floor":10},{"not_picked":["Doppelganger","Dagger Spray"],"picked":"PiercingWail","floor":11},{"not_picked":["Dodge and Roll","Finisher"],"picked":"Backstab","floor":12},{"not_picked":["Blur","Infinite Blades"],"picked":"Quick Slash","floor":13},{"not_picked":["PiercingWail","Acrobatics"],"picked":"Backstab","floor":14},{"not_picked":["Doppelganger","Glass Knife"],"picked":"Envenom","floor":16},{"not_picked":["Dodge and Roll","Catalyst"],"picked":"Slice+1","floor":18},{"not_picked":["Underhanded Strike","Prepared"],"picked":"All Out Attack+1","floor":20}],"player_experience":32509,"relics_obtained":[{"floor":8,"key":"The Specimen"},{"floor":9,"key":"Bottled Tornado"},{"floor":11,"key":"Bottled Lightning"},{"floor":13,"key":"PreservedInsect"},{"floor":19,"key":"Enchiridion"}],"event_choices":[{"damage_healed":0,"gold_gain":0,"player_choice":"Cursed","damage_taken":0,"max_hp_gain":0,"max_hp_loss":0,"event_name":"Wheel of Change","floor":4,"gold_loss":0,"cards_obtained":["Decay"]},{"damage_healed":0,"gold_gain":0,"player_choice":"Obtained Book","damage_taken":16,"max_hp_gain":0,"max_hp_loss":0,"event_name":"Cursed Tome","floor":19,"gold_loss":0}],"is_beta":false,"boss_relics":[{"not_picked":["Coffee Dripper","HoveringKite"],"picked":"Pandora\u0027s Box"}],"items_purged_floors":[],"is_endless":false,"potions_floor_spawned":[7,8,11,12,13,18],"killed_by":"3 Cultists","ascension_level":0}}