{"host":"knspyp6dy614fx6e","time":1612542375,"event":{"mods":["ATMod(°¢èªMod)","Aspiration","BaseMod","Better Altar","Better Skull","Better Third Choice","Card Filter","DeckTracker","Dota2Spire","Energized Spire","Jedi Mod","Minty Spire (QoL Compilation)","Quick Restart","Relic Filter Mod","Relic Stats","Reliquary","Shop Mod","Spicy Shops","StSLib","TestMod","Waifu the Spire"],"gold_per_floor":[113,129,142,142,142,142,160,187,236,247,281,292,308,70,70,149,149,166,166,166,182,182,215,215,231,254,3,33,112,112,112,112,112,112,112,112,26,75,75,75,107,107,107,107,126,158,169,194,194,194,194,194,194,14,39,39],"floor_reached":57,"language":"ZHS","playtime":2517,"items_purged":["Injury","Strike_R","Strike_R"],"score":2935,"play_id":"e09166ea-0e0b-41bd-a2d2-6e4bee27e747","local_time":"20210206002615","is_ascension_mode":true,"campfire_choices":[{"data":"Whirlwind","floor":6.0,"key":"SMITH"},{"data":"Disarm","floor":15.0,"key":"SMITH"},{"data":"Evolve","floor":40.0,"key":"SMITH"},{"data":"Offering","floor":42.0,"key":"SMITH"},{"data":"Shrug It Off","floor":44.0,"key":"SMITH"},{"floor":49.0,"key":"RECALL"},{"data":"AT_Dispersion","floor":53.0,"key":"SMITH"}],"circlet_count":0,"master_deck":["AscendersBane","Defend_R","Defend_R","Defend_R","Defend_R","Bash","testmod-BackupPower+1","Whirlwind+1","Fire Breathing+1","Flex","All For One","Reckless Charge+1","Second Wind","AT_Dispersion+1","Disarm+1","Offering+1","Inflame+1","Heavy Blade+1","Thunderclap+1","Body Slam+1","Exhume","Evolve+1","Pommel Strike+1","Shrug It Off+1","Havoc+1"],"relics":["Burning Blood","AT_ATBox","testmod-TestBox","aspiration:ArtOfWarUpgrade","Molten Egg 2","Pantograph","betterAltar:BloodRelic","Toy Ornithopter","Chemical X","Lantern","aspiration:Lifesprig","reliquary:MedicineBall","reliquary:Crutches","Membership Card","AT_ImmortalShieldbow","jedi:ominousloannote","AT_ForceNature","testmod-AssaultLearning","testmod-IndustrialRevolution","Mark of Pain","Bag of Preparation","Turnip","MerchantsRug","Strange Spoon","Happy Flower","testmod-LifeArmor"],"acts_visited":["Exordium","TheCity","TheBeyond","TheEnding"],"potions_floor_usage":[56],"damage_taken":[{"damage":7.0,"enemies":"Jaw Worm","floor":1.0,"turns":3.0},{"damage":6.0,"enemies":"2 Louse","floor":2.0,"turns":2.0},{"damage":3.0,"enemies":"Small Slimes","floor":3.0,"turns":4.0},{"damage":11.0,"enemies":"3 Louse","floor":7.0,"turns":3.0},{"damage":25.0,"enemies":"3 Sentries","floor":8.0,"turns":5.0},{"damage":11.0,"enemies":"Looter","floor":10.0,"turns":4.0},{"damage":8.0,"enemies":"Gremlin Nob","floor":11.0,"turns":3.0},{"damage":11.0,"enemies":"Blue Slaver","floor":12.0,"turns":3.0},{"damage":5.0,"enemies":"2 Fungi Beasts","floor":13.0,"turns":3.0},{"damage":17.0,"enemies":"The Guardian","floor":16.0,"turns":10.0},{"damage":0.0,"enemies":"3 Byrds","floor":18.0,"turns":3.0},{"damage":15.0,"enemies":"Shell Parasite","floor":21.0,"turns":4.0},{"damage":37.0,"enemies":"Book of Stabbing","floor":23.0,"turns":3.0},{"damage":28.0,"enemies":"Snecko","floor":25.0,"turns":5.0},{"damage":21.0,"enemies":"Gremlin Leader","floor":28.0,"turns":4.0},{"damage":3.0,"enemies":"3 Cultists","floor":30.0,"turns":1.0},{"damage":15.0,"enemies":"Slavers","floor":31.0,"turns":2.0},{"damage":21.0,"enemies":"Automaton","floor":33.0,"turns":6.0},{"damage":17.0,"enemies":"3 Shapes","floor":35.0,"turns":2.0},{"damage":3.0,"enemies":"3 Darklings","floor":36.0,"turns":1.0},{"damage":37.0,"enemies":"Nemesis","floor":41.0,"turns":7.0},{"damage":30.0,"enemies":"Spire Growth","floor":45.0,"turns":4.0},{"damage":14.0,"enemies":"Giant Head","floor":46.0,"turns":4.0},{"damage":6.0,"enemies":"Writhing Mass","floor":47.0,"turns":3.0},{"damage":15.0,"enemies":"Mind Bloom Boss Battle","floor":48.0,"turns":5.0},{"damage":78.0,"enemies":"Awakened One","floor":50.0,"turns":7.0},{"damage":34.0,"enemies":"Time Eater","floor":51.0,"turns":4.0},{"damage":53,"enemies":"Shield and Spear","floor":55,"turns":3},{"damage":59,"enemies":"The Heart","floor":56,"turns":8}],"seed_played":"-6533451029083502224","potions_obtained":[{"floor":2.0,"key":"Strength Potion"},{"floor":7.0,"key":"AttackPotion"},{"floor":10.0,"key":"AttackPotion"},{"floor":11.0,"key":"SkillPotion"},{"floor":16.0,"key":"Energy Potion"},{"floor":18.0,"key":"BloodPotion"},{"floor":21.0,"key":"testmod-SpacePotion"},{"floor":23.0,"key":"FearPotion"},{"floor":33.0,"key":"EntropicBrew"},{"floor":46.0,"key":"FearPotion"},{"floor":47.0,"key":"SneckoOil"},{"floor":48.0,"key":"SteroidPotion"}],"is_trial":false,"path_per_floor":["M","M","M","?","?","R","M","E","T","M","E","M","M","$","R","B",null,"M","?","?","M","?","E","R","M","T","$","E","$","M","E","R","B",null,"M","M","$","?","?","R","E","R","T","R","M","E","M","?","R","B","B",null,"R","$","E","B",null],"character_chosen":"IRONCLAD","items_purchased":["Chemical X","Lantern","Membership Card","SkillPotion","jedi:StrikingPotion","jedi:ominousloannote","AT_ForceNature","testmod-AssaultLearning","Evolve","Bag of Preparation","MerchantsRug","Strange Spoon","Happy Flower"],"campfire_rested":0,"item_purchase_floors":[14,14,27,27,27,29,29,29,29,37,54,54,54],"current_hp_per_floor":[67,67,70,52,52,52,47,28,28,25,25,22,25,25,25,41,67,75,75,28,61,42,24,24,16,21,21,24,29,36,30,30,43,67,61,69,69,74,71,71,45,45,45,45,63,65,71,67,67,56,43,64,64,71,57,57],"gold":39,"neow_bonus":"RANDOM_COLORLESS","is_daily":false,"chose_seed":false,"campfire_upgraded":6,"win_rate":0.0,"timestamp":1612542375,"path_taken":["M","M","M","?","?","R","M","E","T","M","E","M","M","$","R","BOSS","M","?","?","M","?","E","R","M","T","$","E","?","?","E","R","BOSS","M","M","$","?","?","R","E","R","T","R","M","E","?","?","R","BOSS","BOSS","R","$","E","BOSS"],"items_purchased_type":["Relic","Relic","Relic","Potion","Potion","Relic","Relic","Relic","Card","Relic","Relic","Relic","Relic"],"build_version":"2020-12-22","purchased_purges":3,"victory":true,"max_hp_per_floor":[75,75,75,75,75,75,75,75,75,75,75,75,75,75,75,75,75,75,75,75,75,75,75,75,75,75,75,75,75,75,75,75,75,75,75,75,75,75,71,71,71,71,71,71,71,71,71,71,71,71,71,71,71,71,71,71],"relic_stats":{"Strange Spoon":[5],"Happy Flower":[3],"counters":[29,116],"Pantograph":67,"Turnip":[3],"Bag of Preparation":[18],"Chemical X":[28],"obtain_stats":[{"Lantern":14,"aspiration:Lifesprig":19,"AT_ATBox":0,"testmod-LifeArmor":55,"Bag of Preparation":37,"Burning Blood":0,"aspiration:RitualStick":22,"Blood Vial":9,"Pantograph":8,"aspiration:ArtOfWarUpgrade":32,"reliquary:Buckler":46,"Chemical X":14,"AT_ForceNature":29,"Potion Belt":41,"MerchantsRug":54,"testmod-TestBox":0,"betterAltar:BloodRelic":20,"Happy Flower":54,"Astrolabe":17,"testmod-IndustrialRevolution":31,"reliquary:Crutches":26,"AT_ImmortalShieldbow":28,"Strange Spoon":54,"jedi:ominousloannote":29,"Bloody Idol":20,"testmod-AssaultLearning":29,"Molten Egg 2":5,"Mark of Pain":34,"Turnip":48,"Art of War":4,"reliquary:MedicineBall":23,"Membership Card":27,"Toy Ornithopter":11},{"Lantern":9,"aspiration:Lifesprig":11,"AT_ATBox":0,"testmod-LifeArmor":28,"Bag of Preparation":20,"Burning Blood":0,"aspiration:RitualStick":12,"Blood Vial":5,"Pantograph":5,"aspiration:ArtOfWarUpgrade":17,"reliquary:Buckler":23,"Chemical X":9,"AT_ForceNature":15,"Potion Belt":21,"MerchantsRug":27,"testmod-TestBox":0,"betterAltar:BloodRelic":11,"Happy Flower":27,"Astrolabe":10,"testmod-IndustrialRevolution":17,"reliquary:Crutches":14,"AT_ImmortalShieldbow":15,"Strange Spoon":27,"jedi:ominousloannote":15,"Bloody Idol":11,"testmod-AssaultLearning":15,"Molten Egg 2":3,"Mark of Pain":18,"Turnip":25,"Art of War":3,"reliquary:MedicineBall":13,"Membership Card":14,"Toy Ornithopter":7},{"Lantern":30,"aspiration:Lifesprig":43,"AT_ATBox":0,"testmod-LifeArmor":108,"Bag of Preparation":71,"Burning Blood":0,"aspiration:RitualStick":47,"Blood Vial":17,"Pantograph":17,"aspiration:ArtOfWarUpgrade":62,"reliquary:Buckler":86,"Chemical X":30,"AT_ForceNature":59,"Potion Belt":78,"MerchantsRug":105,"testmod-TestBox":0,"betterAltar:BloodRelic":43,"Happy Flower":105,"Astrolabe":40,"testmod-IndustrialRevolution":62,"reliquary:Crutches":55,"AT_ImmortalShieldbow":59,"Strange Spoon":105,"jedi:ominousloannote":59,"Bloody Idol":43,"testmod-AssaultLearning":59,"Molten Egg 2":9,"Mark of Pain":68,"Turnip":94,"Art of War":9,"reliquary:MedicineBall":50,"Membership Card":55,"Toy Ornithopter":24}],"Burning Blood":174,"Toy Ornithopter":52},"card_choices":[{"not_picked":["Forethought","AT_Homeward"],"picked":"testmod-BackupPower","floor":0.0},{"not_picked":["Pommel Strike","Uppercut"],"picked":"Whirlwind","floor":1.0},{"not_picked":["Ghostly Armor","Sword Boomerang"],"picked":"Fire Breathing","floor":2.0},{"not_picked":["Wild Strike","Headbutt"],"picked":"Flex","floor":3.0},{"not_picked":["True Grit","Headbutt+1"],"picked":"Reckless Charge+1","floor":7.0},{"not_picked":["Reckless Charge+1","Heavy Blade+1"],"picked":"Second Wind","floor":8.0},{"not_picked":["Entrench","Pommel Strike+1","Armaments"],"picked":"SKIP","floor":10.0},{"not_picked":["Shockwave","Twin Strike+1"],"picked":"AT_Dispersion","floor":11.0},{"not_picked":["Armaments","Sever Soul+1"],"picked":"Disarm","floor":12.0},{"not_picked":["Perfected Strike+1","Headbutt+1","Warcry"],"picked":"SKIP","floor":13.0},{"not_picked":["Immolate+1","Demon Form"],"picked":"Offering","floor":16.0},{"not_picked":["Armaments","Cleave+1","True Grit"],"picked":"SKIP","floor":18.0},{"not_picked":["Iron Wave+1","Sword Boomerang+1"],"picked":"Body Slam+1","floor":21.0},{"not_picked":["Searing Blow+1","Feel No Pain","Dark Embrace"],"picked":"SKIP","floor":23.0},{"not_picked":["Flex","Perfected Strike+1","Armaments"],"picked":"SKIP","floor":25.0},{"not_picked":["AT_DrawKnifeCut+1","Armaments"],"picked":"Exhume","floor":28.0},{"not_picked":["Carnage+1","Armaments"],"picked":"Pommel Strike+1","floor":30.0},{"not_picked":["Bludgeon+1","Iron Wave+1"],"picked":"Shrug It Off","floor":31.0},{"not_picked":["Armaments+1","Pommel Strike+1","Disarm"],"picked":"SKIP","floor":35.0},{"not_picked":["Warcry","Thunderclap+1","Shrug It Off+1"],"picked":"SKIP","floor":36.0},{"not_picked":["Rage","Second Wind","Headbutt+1"],"picked":"SKIP","floor":41.0},{"not_picked":["Havoc+1","True Grit+1","Sword Boomerang+1"],"picked":"SKIP","floor":45.0},{"not_picked":["True Grit+1","Sword Boomerang+1"],"picked":"Havoc+1","floor":45.0},{"not_picked":["AT_DrawKnifeCut+1","Flame Barrier","Searing Blow+1"],"picked":"SKIP","floor":46.0},{"not_picked":["Clothesline+1","Combust","Pommel Strike+1"],"picked":"SKIP","floor":47.0},{"not_picked":["Shrug It Off+1","Havoc","Combust"],"picked":"SKIP","floor":55}],"player_experience":326122,"relics_obtained":[{"floor":8.0,"key":"Pantograph"},{"floor":9.0,"key":"Blood Vial"},{"floor":11.0,"key":"Toy Ornithopter"},{"floor":19.0,"key":"aspiration:Lifesprig"},{"floor":23.0,"key":"reliquary:MedicineBall"},{"floor":26.0,"key":"reliquary:Crutches"},{"floor":28.0,"key":"AT_ImmortalShieldbow"},{"floor":31.0,"key":"testmod-IndustrialRevolution"},{"floor":41.0,"key":"Potion Belt"},{"floor":46.0,"key":"reliquary:Buckler"},{"floor":48.0,"key":"Turnip"},{"floor":55,"key":"testmod-LifeArmor"}],"event_choices":[{"damage_healed":0.0,"max_hp_gain":75.0,"max_hp_loss":28.0,"gold_gain":0.0,"event_name":"betterAltar:BetterAltar","player_choice":" RottenVial Idol Potion ","floor":20.0,"potions_obtained":["betterAltar:AltarPotion"],"relics_lost":["Blood Vial"],"gold_loss":0.0,"damage_taken":67.0,"relics_obtained":["betterAltar:BloodRelic","Bloody Idol"]},{"damage_healed":0.0,"max_hp_gain":0.0,"max_hp_loss":0.0,"gold_gain":400.0,"event_name":"¶÷ÂåË¹µÄÅÌ×Ó","player_choice":"Sell","floor":38.0,"relics_lost":["aspiration:RitualStick"],"gold_loss":0.0,"damage_taken":0.0},{"damage_healed":0.0,"max_hp_gain":0.0,"max_hp_loss":4.0,"gold_gain":0.0,"event_name":"Winding Halls","player_choice":"Max HP","floor":39.0,"gold_loss":0.0,"damage_taken":0.0},{"damage_healed":0.0,"max_hp_gain":0.0,"max_hp_loss":0.0,"gold_gain":0.0,"event_name":"MindBloom","player_choice":"Fight","floor":48.0,"gold_loss":0.0,"damage_taken":0.0}],"is_beta":false,"boss_relics":[{"not_picked":["Runic Cube","testmod-Prudence"],"picked":"Astrolabe"},{"not_picked":["aspiration:SilentSkillbook","reliquary:WritOfMandamus"],"picked":"Mark of Pain"}],"items_purged_floors":[27,29,54],"is_endless":false,"potions_floor_spawned":[2,7,10,11,16,18,21,23,33,46,47,48],"ascension_level":20}}