{"host":"kn32u0f2pym5bozc","time":1612511416,"event":{"mods":["2.2 Compatiblity","BaseMod","Better Third Choice","Minty Spire (QoL Compilation)","Permanent Neow","Relic Stats","StSLib","The Animator"],"gold_per_floor":[126,141,159,170,170,170,188,188,212,222,147,91,125,148,148,148,148],"floor_reached":16,"language":"ENG","playtime":1471,"items_purged":[],"score":198,"play_id":"e0e852d4-a1c5-4e83-b5de-8a65cf1ba467","local_time":"20210205025016","is_ascension_mode":true,"campfire_choices":[{"data":"animator:Kuroyukihime","floor":6,"key":"SMITH"},{"floor":8,"key":"REST"},{"floor":15,"key":"REST"}],"circlet_count":0,"master_deck":["AscendersBane","animator:Strike_AccelWorld","animator:Defend_AccelWorld+1","animator:Strike","animator:Strike","animator:Strike+1","animator:Defend","animator:Defend","animator:Defend+1","animator:Kuroyukihime+1","animator:LimeBell","animator:Vesta","animator:LizardPriest","animator:Alexander","animator:Konayuki","animator:Kaijin","animator:TukaLunaMarceau","animator:LizardPriest","animator:ElricEdward","animator:Shion"],"relics":["animator:LivingPicture","animator:TheMissingPiece","animator:PurgingStone","War Paint","White Beast Statue"],"acts_visited":["Exordium"],"potions_floor_usage":[16],"damage_taken":[{"damage":3,"enemies":"2 Louse","floor":1,"turns":3},{"damage":7,"enemies":"Small Slimes","floor":2,"turns":5},{"damage":3,"enemies":"Jaw Worm","floor":3,"turns":7},{"damage":8,"enemies":"Large Slime","floor":4,"turns":9},{"damage":14,"enemies":"Red Slaver","floor":7,"turns":8},{"damage":12,"enemies":"Exordium Wildlife","floor":10,"turns":6},{"damage":6,"enemies":"3 Sentries","floor":13,"turns":9},{"damage":18,"enemies":"Exordium Thugs","floor":14,"turns":8},{"damage":20,"enemies":"Slime Boss","floor":16,"turns":10}],"seed_played":"5403551119022929248","potions_obtained":[{"floor":1,"key":"SmokeBomb"},{"floor":3,"key":"Ancient Potion"},{"floor":4,"key":"Ancient Potion"},{"floor":14,"key":"EssenceOfSteel"}],"is_trial":false,"path_per_floor":["M","M","M","M","?","R","M","R","T","M","?","$","E","M","R","B"],"character_chosen":"THE_ANIMATOR","items_purchased":["animator:LizardPriest"],"campfire_rested":2,"item_purchase_floors":[12],"current_hp_per_floor":[51,44,41,33,33,33,20,38,38,26,26,26,20,2,20,0,0],"gold":148,"neow_bonus":"ONE_RANDOM_RARE_CARD","is_daily":false,"chose_seed":false,"campfire_upgraded":1,"win_rate":0.0,"timestamp":1612511416,"path_taken":["M","M","M","M","?","R","M","R","T","M","?","?","E","M","R","BOSS"],"items_purchased_type":["Card"],"build_version":"2020-12-22","purchased_purges":0,"victory":false,"max_hp_per_floor":[60,60,60,60,60,60,61,61,61,61,61,61,61,61,61,61,61],"relic_stats":{"counters":[9,65],"War Paint":["animator:Defend_AccelWorld","animator:Defend"],"obtain_stats":[{"animator:PurgingStone":0,"animator:TheMissingPiece":0,"animator:LivingPicture":0,"War Paint":9,"White Beast Statue":13},{"animator:PurgingStone":0,"animator:TheMissingPiece":0,"animator:LivingPicture":0,"War Paint":5,"White Beast Statue":7},{"animator:PurgingStone":0,"animator:TheMissingPiece":0,"animator:LivingPicture":0,"War Paint":32,"White Beast Statue":47}]},"card_choices":[{"not_picked":["animator:Guy","animator:Kuribayashi"],"picked":"animator:Vesta","floor":1},{"not_picked":["animator:Priestess","animator:Guy"],"picked":"animator:LizardPriest","floor":2},{"not_picked":["animator:Tet","animator:Cocytus"],"picked":"animator:Alexander","floor":3},{"not_picked":["animator:ZankiKiguchi","animator:Emonzaemon"],"picked":"animator:Konayuki","floor":4},{"not_picked":["animator:HighElfArcher","animator:IrohaTamaki"],"picked":"animator:Kaijin","floor":7},{"not_picked":["animator:Mikaela","animator:ChlammyZell"],"picked":"animator:TukaLunaMarceau","floor":10},{"not_picked":["animator:Mikaela","animator:Witch"],"picked":"animator:ElricEdward","floor":13},{"not_picked":["animator:Kaijin","animator:Hakurou"],"picked":"animator:Shion","floor":14}],"player_experience":904674,"relics_obtained":[{"floor":9,"key":"War Paint"},{"floor":13,"key":"White Beast Statue"}],"event_choices":[{"damage_healed":33,"gold_gain":0,"player_choice":"Leave","damage_taken":0,"max_hp_gain":0,"max_hp_loss":60,"event_name":"betterThird:BetterShining","floor":5,"gold_loss":0},{"cards_removed":["animator:Father"],"damage_healed":0,"gold_gain":0,"player_choice":"Card Removal","damage_taken":0,"max_hp_gain":0,"max_hp_loss":0,"event_name":"The Cleric","floor":11,"gold_loss":75}],"is_beta":false,"boss_relics":[],"items_purged_floors":[],"is_endless":false,"potions_floor_spawned":[1,3,4,14],"killed_by":"Slime Boss","ascension_level":18}}