{"host":"i2ntsfwoh5q5m216","time":1612493442,"event":{"mods":["BaseMod","Colored Map","Downfall","Minty Spire (QoL Compilation)","StSLib"],"gold_per_floor":[0,18,54,71,110,139,139,151,169,9,43,43,71,81,101,204,204,204,217,217,236,249,261,311,311,311,311],"floor_reached":25,"language":"ENG","playtime":1544,"items_purged":[],"score":256,"play_id":"2981f747-4923-4e92-871c-0edf42039688","local_time":"20210204205042","is_ascension_mode":false,"campfire_choices":[{"data":"Magnetism","floor":1,"key":"SMITH"},{"data":"Slimebound:LeadByExample","floor":12,"key":"SMITH"},{"data":"Slimebound:MassRepurpose","floor":18,"key":"SMITH"}],"circlet_count":0,"master_deck":["Slimebound:Strike_Slimebound","Slimebound:Strike_Slimebound","Slimebound:Strike_Slimebound","Slimebound:Tackle","Slimebound:Defend_Slimebound","Slimebound:Defend_Slimebound","Slimebound:Defend_Slimebound","Slimebound:Defend_Slimebound","Slimebound:Split","Slimebound:CorrosiveSpit","Magnetism+1","Slimebound:SplitLeeching","Slimebound:LeadByExample+1","Slimebound:SplitAcid","Slimebound:LivingWall","Slimebound:SamplingLick","Slimebound:Schlurp","Slimebound:OozeBath","Slimebound:Repurpose","Slimebound:GoopSpray","Slimebound:LevelUp","Slimebound:Prepare","Slimebound:MassRepurpose+1","Slimebound:Nibble","Slimebound:SplitBruiser","Slimebound:SplitAcid+1"],"relics":["Slimebound:AbsorbEndCombat","White Beast Statue","Kunai","Sling","Eternal Feather","Meat on the Bone","Slimebound:TarBlob","Ancient Tea Set"],"acts_visited":["Exordium","TheCity"],"potions_floor_usage":[4,8,11,14,19,20,22,25],"damage_taken":[{"damage":5,"enemies":"2 Louse","floor":2,"turns":4},{"damage":3,"enemies":"Cultist","floor":3,"turns":4},{"damage":7,"enemies":"Jaw Worm","floor":4,"turns":5},{"damage":24,"enemies":"Lots of Slimes","floor":5,"turns":3},{"damage":2,"enemies":"Lagavulin","floor":6,"turns":7},{"damage":6,"enemies":"Exordium Wildlife","floor":8,"turns":7},{"damage":1,"enemies":"3 Louse","floor":9,"turns":4},{"damage":0,"enemies":"downfall:FleeingMerchant","floor":10,"turns":4},{"damage":4,"enemies":"3 Sentries","floor":11,"turns":7},{"damage":0,"enemies":"Lagavulin","floor":13,"turns":5},{"damage":8,"enemies":"Exordium Wildlife","floor":14,"turns":4},{"damage":0,"enemies":"Large Slime","floor":15,"turns":4},{"damage":19,"enemies":"DF_ARCHETYPE_STREAMLINE","floor":16,"turns":11},{"damage":27,"enemies":"3 Byrds","floor":19,"turns":6},{"damage":0,"enemies":"Spheric Guardian","floor":20,"turns":3},{"damage":17,"enemies":"Snake Plant","floor":21,"turns":5},{"damage":14,"enemies":"Snecko","floor":22,"turns":4},{"damage":18,"enemies":"Centurion and Healer","floor":23,"turns":5},{"damage":47,"enemies":"Gremlin Leader","floor":25,"turns":4}],"seed_played":"5269457640631088277","potions_obtained":[{"floor":3,"key":"Swift Potion"},{"floor":6,"key":"Fruit Juice"},{"floor":8,"key":"bronze:BurnAndBuffPotion"},{"floor":9,"key":"Ancient Potion"},{"floor":10,"key":"SkillPotion"},{"floor":11,"key":"Strength Potion"},{"floor":13,"key":"Guardian:BlockOnCardUsePotion"},{"floor":14,"key":"Explosive Potion"},{"floor":16,"key":"PowerPotion"},{"floor":19,"key":"SmokeBomb"},{"floor":21,"key":"Slimebound:SlimedPotion"},{"floor":22,"key":"bronze:BurnAndBuffPotion"},{"floor":23,"key":"FearPotion"}],"is_trial":false,"path_per_floor":["R","M","M","M","M","E","T","M","M","$","E","R","E","M","M","B",null,"R","M","M","M","M","M","T","E"],"character_chosen":"SLIMEBOUND","items_purchased":["Sling"],"campfire_rested":0,"item_purchase_floors":[10],"current_hp_per_floor":[65,64,61,62,38,40,40,43,48,52,54,66,70,64,68,57,70,70,47,47,46,36,36,36,0,0,0],"gold":311,"neow_bonus":"RANDOM_COLORLESS_2","is_daily":false,"chose_seed":false,"campfire_upgraded":3,"win_rate":0.0,"timestamp":1612493442,"path_taken":["R","M","M","M","M","E","T","M","M","$","E","R","E","M","M","BOSS","R","M","M","M","M","M","T","E"],"items_purchased_type":["Relic"],"build_version":"2020-12-22","purchased_purges":0,"victory":false,"max_hp_per_floor":[65,65,65,65,65,65,65,70,70,70,70,70,70,70,70,70,70,70,70,70,70,70,70,70,70,70,70],"card_choices":[{"not_picked":["Secret Technique","Thinking Ahead"],"picked":"Magnetism","floor":0},{"not_picked":["Slimebound:Prepare","Slimebound:Chomp"],"picked":"Slimebound:SplitLeeching","floor":2},{"not_picked":["Slimebound:GoopTackle","Slimebound:LeechingTouch"],"picked":"Slimebound:LeadByExample","floor":3},{"not_picked":["Slimebound:AcidTongue","Slimebound:SamplingLick"],"picked":"Slimebound:SplitAcid","floor":4},{"not_picked":["Slimebound:SplitLeeching","Slimebound:SlimeBrawl"],"picked":"Slimebound:LivingWall","floor":5},{"not_picked":["Slimebound:TongueLash","Slimebound:SlimeTap"],"picked":"Slimebound:SamplingLick","floor":6},{"not_picked":["Slimebound:SamplingLick","Slimebound:Replication"],"picked":"Slimebound:Schlurp","floor":8},{"not_picked":["Slimebound:SamplingLick","Slimebound:Prepare"],"picked":"Slimebound:OozeBath","floor":9},{"not_picked":["Slimebound:BestDefense","Slimebound:Prepare"],"picked":"Slimebound:Repurpose","floor":10},{"not_picked":["Slimebound:SamplingLick","Slimebound:LeechEnergy"],"picked":"Slimebound:GoopSpray","floor":11},{"not_picked":["Slimebound:LeechingTouch","Slimebound:GoopSpray"],"picked":"Slimebound:LevelUp","floor":13},{"not_picked":["Slimebound:SamplingLick","Slimebound:Equalize","Slimebound:FinishingTackle"],"picked":"SKIP","floor":14},{"not_picked":["Slimebound:SplitBruiser","Slimebound:Schlurp"],"picked":"Slimebound:Prepare","floor":15},{"not_picked":["Slimebound:SelfFormingGoo","Slimebound:PrepareCrush"],"picked":"Slimebound:MassRepurpose","floor":16},{"not_picked":["Slimebound:Schlurp","Slimebound:HauntingLick","Slimebound:BestDefense"],"picked":"SKIP","floor":19},{"not_picked":["Slimebound:LeechingTouch","Slimebound:Chomp"],"picked":"Slimebound:Nibble","floor":21},{"not_picked":["Slimebound:RollThrough","Slimebound:SlimeBrawl"],"picked":"Slimebound:SplitBruiser","floor":22},{"not_picked":["Slimebound:LeechingTouch","Slimebound:GoopTackle"],"picked":"Slimebound:SplitAcid+1","floor":23}],"player_experience":9563,"relics_obtained":[{"floor":6,"key":"White Beast Statue"},{"floor":7,"key":"Kunai"},{"floor":11,"key":"Eternal Feather"},{"floor":13,"key":"Meat on the Bone"},{"floor":24,"key":"Ancient Tea Set"}],"event_choices":[],"is_beta":false,"boss_relics":[{"not_picked":["Runic Pyramid","Calling Bell"],"picked":"Slimebound:TarBlob"}],"items_purged_floors":[],"is_endless":false,"potions_floor_spawned":[3,6,8,9,10,11,13,14,15,16,19,20,21,22,23],"killed_by":"Gremlin Leader","ascension_level":0}}