{"host":"Qube","time":1612565298,"event":{"mods":["AchievementEnabler","BaseMod","Colored Map","Colored Powertips","Highlight Path","Minty Spire (QoL Compilation)","Permanent Neow","Quick Restart","Random Character Button","StSLib"],"gold_per_floor":[119,44,44,44,58,71,71,103,103,122,122,197,197,209,209,209,209],"floor_reached":16,"language":"ENG","playtime":600,"items_purged":[],"score":200,"play_id":"b042d555-412c-4224-84db-1b0d329eb277","local_time":"20210205144818","is_ascension_mode":true,"campfire_choices":[{"data":"Searing Blow","floor":7.0,"key":"SMITH"},{"floor":11,"key":"REST"},{"data":"Searing Blow+1","floor":15,"key":"SMITH"}],"circlet_count":0,"master_deck":["AscendersBane","Strike_R+1","Strike_R","Strike_R","Strike_R+1","Strike_R","Defend_R","Defend_R","Defend_R","Bash","Rage","Battle Trance","Searing Blow+2","Seeing Red","Armaments","Ghostly Armor"],"relics":["SlaversCollar","Ginger","Matryoshka","Ornamental Fan"],"acts_visited":["Exordium"],"potions_floor_usage":[8],"damage_taken":[{"damage":7.0,"enemies":"Small Slimes","floor":1.0,"turns":4.0},{"damage":4.0,"enemies":"2 Louse","floor":5.0,"turns":2.0},{"damage":7.0,"enemies":"Jaw Worm","floor":6.0,"turns":4.0},{"damage":12,"enemies":"3 Sentries","floor":8,"turns":7},{"damage":9,"enemies":"Gremlin Gang","floor":10,"turns":5},{"damage":0,"enemies":"Exordium Wildlife","floor":14,"turns":2},{"damage":20,"enemies":"Hexaghost","floor":16,"turns":9}],"seed_played":"1415162973853899841","potions_obtained":[{"floor":5.0,"key":"Block Potion"},{"floor":10,"key":"Strength Potion"}],"is_trial":false,"path_per_floor":["M","?","?","$","M","M","R","E","T","M","R","?","?","M","R","B"],"character_chosen":"IRONCLAD","items_purchased":[],"campfire_rested":1,"item_purchase_floors":[],"current_hp_per_floor":[61,61,38,38,34,27,27,15,15,6,28,17,17,17,17,0,0],"gold":209,"neow_bonus":"BOSS_RELIC","is_daily":false,"chose_seed":false,"campfire_upgraded":2,"win_rate":0.0,"timestamp":1612565298,"path_taken":["M","?","?","?","?","M","R","E","T","M","R","?","?","M","R","BOSS"],"items_purchased_type":[],"build_version":"2020-12-18","purchased_purges":0,"victory":false,"max_hp_per_floor":[75,75,75,75,75,75,75,75,75,75,75,75,75,75,75,75,75],"card_choices":[{"not_picked":["Anger","Sword Boomerang"],"picked":"Rage","floor":1.0},{"not_picked":["Cleave","Clash"],"picked":"Battle Trance","floor":5.0},{"not_picked":["Wild Strike","Pommel Strike"],"picked":"Searing Blow","floor":6.0},{"not_picked":["Spot Weakness","Juggernaut"],"picked":"Seeing Red","floor":8},{"not_picked":["Rupture","Metallicize"],"picked":"Armaments","floor":10},{"not_picked":["Armaments","Wild Strike"],"picked":"Ghostly Armor","floor":14}],"player_experience":1061954,"relics_obtained":[{"floor":8,"key":"Ginger"},{"floor":9,"key":"Matryoshka"}],"event_choices":[{"cards_removed":["Defend_R"],"damage_healed":0.0,"max_hp_gain":0.0,"max_hp_loss":0.0,"gold_gain":0.0,"event_name":"The Cleric","player_choice":"Card Removal","floor":2.0,"gold_loss":75.0,"damage_taken":0.0},{"damage_healed":0.0,"max_hp_gain":0.0,"max_hp_loss":0.0,"gold_gain":0.0,"event_name":"Shining Light","player_choice":"Entered Light","floor":3.0,"gold_loss":0.0,"damage_taken":23.0,"cards_upgraded":["Strike_R","Strike_R"]},{"damage_healed":0,"gold_gain":75,"player_choice":"Gather Gold","damage_taken":11,"max_hp_gain":0,"max_hp_loss":0,"event_name":"World of Goop","floor":12,"gold_loss":0},{"damage_healed":0,"gold_gain":0,"player_choice":"Gave Potion","damage_taken":0,"relics_obtained":["Ornamental Fan"],"max_hp_gain":0,"max_hp_loss":0,"event_name":"WeMeetAgain","floor":13,"gold_loss":0}],"is_beta":true,"boss_relics":[],"items_purged_floors":[],"is_endless":false,"potions_floor_spawned":[5,10],"killed_by":"Hexaghost","ascension_level":20}}