{"host":"r53pw7z744tg3fxg","time":1612533325,"event":{"mods":["AchievementEnabler","BaseMod","Colored Map","Colored Powertips","Highlight Path","Minty Spire (QoL Compilation)","Quick Restart","Transform Curses"],"gold_per_floor":[117,67,67,77,87,87,117,117,117,117,89,1,15,32,32,110,110,129,144,144,144,144,144,144],"floor_reached":23,"language":"ENG","playtime":722,"items_purged":[],"score":407,"play_id":"e22b455f-6b95-49c7-8887-30773771405d","local_time":"20210205065525","is_ascension_mode":true,"campfire_choices":[{"data":"Eruption","floor":6,"key":"SMITH"},{"floor":8,"key":"REST"},{"data":"WindmillStrike","floor":10,"key":"SMITH"},{"data":"Nirvana","floor":15,"key":"SMITH"}],"circlet_count":0,"master_deck":["AscendersBane","Strike_P","Strike_P","Strike_P","Strike_P","Defend_P","Defend_P","Defend_P","Eruption+1","Vigilance","Prostrate","ClearTheMind","JustLucky","CutThroughFate","WindmillStrike+1","BowlingBash","FollowUp","Nirvana+1","PathToVictory","ThirdEye","Consecrate","Judgement","Worship+1"],"relics":["HolyWater","TungstenRod","Letter Opener","MutagenicStrength"],"acts_visited":["Exordium","TheCity"],"potions_floor_usage":[14,23,23],"damage_taken":[{"damage":2,"enemies":"Jaw Worm","floor":1,"turns":3},{"damage":6,"enemies":"Cultist","floor":4,"turns":4},{"damage":4,"enemies":"2 Louse","floor":5,"turns":3},{"damage":12,"enemies":"Lagavulin","floor":7,"turns":7},{"damage":3,"enemies":"Looter","floor":13,"turns":3},{"damage":3,"enemies":"Blue Slaver","floor":14,"turns":4},{"damage":41,"enemies":"Hexaghost","floor":16,"turns":10},{"damage":27,"enemies":"Shell Parasite","floor":18,"turns":5},{"damage":0,"enemies":"Spheric Guardian","floor":19,"turns":3},{"damage":50,"enemies":"Book of Stabbing","floor":23,"turns":4}],"seed_played":"-8069366654397187496","potions_obtained":[{"floor":7,"key":"Energy Potion"},{"floor":14,"key":"SteroidPotion"},{"floor":16,"key":"PowerPotion"},{"floor":19,"key":"LiquidMemories"}],"is_trial":false,"path_per_floor":["M","$","?","M","M","R","E","R","T","R","$","$","M","M","R","B",null,"M","M","?","?","?","E"],"character_chosen":"WATCHER","items_purchased":["ClearTheMind","FollowUp","Nirvana","PathToVictory"],"campfire_rested":1,"item_purchase_floors":[2,11,12,12],"current_hp_per_floor":[65,65,65,59,55,55,43,65,65,65,65,65,62,59,59,18,60,33,33,48,48,48,0,0],"gold":144,"neow_bonus":"TEN_PERCENT_HP_BONUS","is_daily":false,"chose_seed":false,"campfire_upgraded":3,"win_rate":0.0,"timestamp":1612533325,"path_taken":["M","$","?","M","M","R","E","R","T","R","?","$","?","M","R","BOSS","M","M","?","?","?","E"],"items_purchased_type":["Card","Card","Card","Card"],"build_version":"2020-12-22","purchased_purges":0,"victory":false,"max_hp_per_floor":[74,74,74,74,74,74,74,74,74,74,74,74,74,74,74,74,74,74,74,74,74,74,74,74],"card_choices":[{"not_picked":["ClearTheMind","Meditate"],"picked":"Prostrate","floor":1},{"not_picked":["EmptyFist","Crescendo"],"picked":"CutThroughFate","floor":4},{"not_picked":["FollowUp","ThirdEye"],"picked":"WindmillStrike","floor":5},{"not_picked":["CrushJoints","Scrawl"],"picked":"BowlingBash","floor":7},{"not_picked":["EmptyFist","FlyingSleeves"],"picked":"ThirdEye","floor":13},{"not_picked":["Weave","EmptyBody"],"picked":"Consecrate","floor":14},{"not_picked":["Establishment","Blasphemy"],"picked":"Judgement","floor":16},{"not_picked":["BowlingBash","Crescendo"],"picked":"Worship+1","floor":18},{"not_picked":["FollowUp","PathToVictory","ThirdEye"],"picked":"SKIP","floor":19}],"player_experience":1439932,"relics_obtained":[{"floor":7,"key":"TungstenRod"},{"floor":9,"key":"Letter Opener"}],"event_choices":[{"damage_healed":0,"gold_gain":0,"cards_transformed":["Defend_P"],"player_choice":"Transformed","damage_taken":0,"max_hp_gain":0,"max_hp_loss":0,"event_name":"Transmorgrifier","floor":3,"gold_loss":0,"cards_obtained":["JustLucky"]},{"damage_healed":15,"gold_gain":0,"player_choice":"Heal","damage_taken":0,"max_hp_gain":0,"max_hp_loss":0,"event_name":"The Library","floor":20,"gold_loss":0},{"damage_healed":0,"gold_gain":0,"player_choice":"Inject Mutagens","damage_taken":0,"relics_obtained":["MutagenicStrength"],"max_hp_gain":0,"max_hp_loss":0,"event_name":"Drug Dealer","floor":21,"gold_loss":0},{"damage_healed":0,"gold_gain":0,"player_choice":"Ignored","damage_taken":0,"max_hp_gain":0,"max_hp_loss":0,"event_name":"Ghosts","floor":22,"gold_loss":0}],"is_beta":false,"boss_relics":[{"not_picked":["Snecko Eye","Busted Crown"],"picked":"HolyWater"}],"items_purged_floors":[],"is_endless":false,"potions_floor_spawned":[7,14,16,18,19],"killed_by":"Book of Stabbing","ascension_level":18}}