{"host":"rolltorest","time":1612499501,"event":{"mods":["BaseMod","Minty Spire (QoL Compilation)","Relic Stats","Slay the Relics Exporter","StSLib"],"gold_per_floor":[116,116,28,28,178,206,206,223,269,269,34,51,51,80,80,152,152,163,143,176,195,211,211,244,244,290,319,332,368,368,368,368,368,368],"floor_reached":33,"language":"ENG","playtime":1676,"items_purged":["Doubt"],"score":868,"play_id":"cfdef3eb-e51c-43aa-a5b8-1e3004c4b48d","local_time":"20210204203141","is_ascension_mode":true,"campfire_choices":[{"data":"Dagger Spray","floor":7,"key":"SMITH"},{"data":"Masterful Stab","floor":13,"key":"SMITH"},{"data":"Poisoned Stab","floor":15,"key":"SMITH"},{"data":"Dash","floor":23,"key":"SMITH"},{"data":"Dash","floor":25,"key":"SMITH"},{"data":"Night Terror","floor":30,"key":"SMITH"},{"data":"Well Laid Plans","floor":32,"key":"SMITH"}],"circlet_count":0,"master_deck":["AscendersBane","Survivor","Neutralize","Masterful Stab+1","Terror","Dagger Spray+1","Slice+1","Poisoned Stab+1","Adrenaline","Tactician","Prepared","Setup","Cloak And Dagger","Backstab","Dash+1","Sucker Punch","Distraction","Distraction","Expertise","Dash+1","Accuracy+1","Concentrate+1","Well Laid Plans+1","Night Terror+1"],"relics":["Ring of the Snake","NeowsBlessing","FossilizedHelix","TwistedFunnel","Akabeko","Pandora\u0027s Box","Red Mask","Mercury Hourglass","Ancient Tea Set","Sundial","CeramicFish","Nloth\u0027s Gift"],"acts_visited":["Exordium","TheCity"],"potions_floor_usage":[29,33],"damage_taken":[{"damage":0,"enemies":"Small Slimes","floor":1,"turns":1},{"damage":0,"enemies":"Lagavulin","floor":6,"turns":2},{"damage":0,"enemies":"Jaw Worm","floor":8,"turns":1},{"damage":0,"enemies":"2 Louse","floor":12,"turns":2},{"damage":7,"enemies":"3 Sentries","floor":14,"turns":8},{"damage":0,"enemies":"Slime Boss","floor":16,"turns":6},{"damage":0,"enemies":"Shell Parasite","floor":18,"turns":3},{"damage":0,"enemies":"Masked Bandits","floor":20,"turns":2},{"damage":0,"enemies":"Spheric Guardian","floor":21,"turns":3},{"damage":0,"enemies":"Chosen and Byrds","floor":22,"turns":3},{"damage":0,"enemies":"Slavers","floor":24,"turns":5},{"damage":0,"enemies":"Gremlin Leader","floor":27,"turns":6},{"damage":0,"enemies":"3 Cultists","floor":28,"turns":3},{"damage":12,"enemies":"Book of Stabbing","floor":29,"turns":4},{"damage":51,"enemies":"Automaton","floor":33,"turns":6}],"seed_played":"-6925880661545807866","potions_obtained":[{"floor":8,"key":"PowerPotion"},{"floor":14,"key":"AttackPotion"},{"floor":29,"key":"SteroidPotion"}],"is_trial":false,"path_per_floor":["M","?","$","?","?","E","R","M","T","?","$","M","R","E","R","B",null,"M","?","?","M","M","R","E","R","T","E","M","E","R","?","R","B"],"character_chosen":"THE_SILENT","items_purchased":["Terror","TwistedFunnel"],"campfire_rested":0,"item_purchase_floors":[3,11],"current_hp_per_floor":[59,64,64,43,43,43,43,43,43,43,43,43,43,36,36,36,62,62,62,62,62,62,62,62,62,62,62,62,50,50,50,50,0,0],"gold":368,"neow_bonus":"THREE_ENEMY_KILL","is_daily":false,"chose_seed":false,"campfire_upgraded":7,"win_rate":0.0,"timestamp":1612499501,"path_taken":["M","?","$","?","?","E","R","M","T","?","$","M","R","E","R","BOSS","M","?","?","M","M","R","E","R","T","E","M","E","R","?","R","BOSS"],"items_purchased_type":["Card","Relic"],"build_version":"2020-12-18","purchased_purges":1,"victory":false,"max_hp_per_floor":[66,71,71,71,71,71,71,71,71,71,71,71,71,71,71,71,71,71,71,71,71,71,71,71,71,71,71,71,71,71,71,71,71,71],"relic_stats":{"counters":[15,55],"Sundial":[0],"CeramicFish":9,"Pandora\u0027s Box":["Tactician","Prepared","Setup","Cloak And Dagger","Backstab","Dash","Sucker Punch","Distraction","Distraction","Expertise"],"Nloth\u0027s Gift":0,"obtain_stats":[{"TwistedFunnel":11,"NeowsBlessing":0,"CeramicFish":29,"Juzu Bracelet":9,"Ancient Tea Set":26,"Akabeko":14,"Mercury Hourglass":24,"Sundial":27,"Pandora\u0027s Box":17,"Red Mask":20,"Nloth\u0027s Gift":31,"FossilizedHelix":6,"Ring of the Snake":0},{"TwistedFunnel":3,"NeowsBlessing":0,"CeramicFish":14,"Juzu Bracelet":3,"Ancient Tea Set":11,"Akabeko":5,"Mercury Hourglass":11,"Sundial":12,"Pandora\u0027s Box":6,"Red Mask":8,"Nloth\u0027s Gift":14,"FossilizedHelix":2,"Ring of the Snake":0},{"TwistedFunnel":4,"NeowsBlessing":0,"CeramicFish":49,"Juzu Bracelet":4,"Ancient Tea Set":36,"Akabeko":14,"Mercury Hourglass":36,"Sundial":42,"Pandora\u0027s Box":20,"Red Mask":25,"Nloth\u0027s Gift":49,"FossilizedHelix":3,"Ring of the Snake":0}],"Ring of the Snake":[30],"Mercury Hourglass":[90]},"card_choices":[{"not_picked":["Slice","Blur"],"picked":"Masterful Stab","floor":1},{"not_picked":["Backflip","Skewer"],"picked":"Dagger Spray","floor":6},{"not_picked":["Sucker Punch","Bane"],"picked":"Slice","floor":8},{"not_picked":["Terror","Deadly Poison","Flying Knee"],"picked":"SKIP","floor":12},{"not_picked":["Escape Plan","Setup"],"picked":"Poisoned Stab","floor":14},{"not_picked":["Doppelganger","Die Die Die"],"picked":"Adrenaline","floor":16},{"not_picked":["Sucker Punch","Outmaneuver"],"picked":"Dash","floor":18},{"not_picked":["Dodge and Roll","Acrobatics"],"picked":"Accuracy+1","floor":20},{"not_picked":["Deadly Poison","Deflect","Poisoned Stab"],"picked":"SKIP","floor":21},{"not_picked":["Sucker Punch+1","Terror","All Out Attack"],"picked":"SKIP","floor":22},{"not_picked":["Cloak And Dagger","Catalyst","Outmaneuver"],"picked":"SKIP","floor":24},{"not_picked":["Poisoned Stab","Terror"],"picked":"Concentrate+1","floor":27},{"not_picked":["Infinite Blades+1","PiercingWail"],"picked":"Well Laid Plans","floor":28},{"not_picked":["Infinite Blades+1","Underhanded Strike"],"picked":"Night Terror","floor":29}],"player_experience":1849957,"relics_obtained":[{"floor":6,"key":"FossilizedHelix"},{"floor":9,"key":"Juzu Bracelet"},{"floor":14,"key":"Akabeko"},{"floor":20,"key":"Red Mask"},{"floor":24,"key":"Mercury Hourglass"},{"floor":26,"key":"Ancient Tea Set"},{"floor":27,"key":"Sundial"},{"floor":29,"key":"CeramicFish"}],"event_choices":[{"damage_healed":0,"gold_gain":0,"player_choice":"Donut","damage_taken":0,"max_hp_gain":5,"max_hp_loss":0,"event_name":"Big Fish","floor":2,"gold_loss":0},{"damage_healed":0,"gold_gain":0,"player_choice":"Entered Light","damage_taken":21,"max_hp_gain":0,"max_hp_loss":0,"event_name":"Shining Light","floor":4,"gold_loss":0,"cards_upgraded":["Defend_G","Strike_G"]},{"damage_healed":0,"gold_gain":150,"player_choice":"AGREE","damage_taken":0,"max_hp_gain":0,"max_hp_loss":0,"event_name":"Liars Game","floor":5,"gold_loss":0,"cards_obtained":["Doubt"]},{"damage_healed":0,"gold_gain":0,"player_choice":"Grow","damage_taken":0,"max_hp_gain":0,"max_hp_loss":0,"event_name":"Living Wall","floor":10,"gold_loss":0,"cards_upgraded":["Slice"]},{"damage_healed":0,"gold_gain":0,"player_choice":"Bought 1 Potion","damage_taken":0,"max_hp_gain":0,"max_hp_loss":0,"event_name":"The Woman in Blue","floor":19,"gold_loss":0},{"damage_healed":0,"gold_gain":0,"player_choice":"Fought Bandits","damage_taken":0,"max_hp_gain":0,"max_hp_loss":0,"event_name":"Masked Bandits","floor":20,"gold_loss":0},{"damage_healed":0,"gold_gain":0,"player_choice":"Traded Relic","damage_taken":0,"relics_obtained":["Nloth\u0027s Gift"],"max_hp_gain":0,"max_hp_loss":0,"event_name":"N\u0027loth","floor":31,"relics_lost":["Juzu Bracelet"],"gold_loss":0}],"is_beta":true,"boss_relics":[{"not_picked":["Snecko Eye","Coffee Dripper"],"picked":"Pandora\u0027s Box"}],"items_purged_floors":[11],"is_endless":false,"potions_floor_spawned":[8,14,16,21,24,28,29],"killed_by":"Automaton","ascension_level":20}}