{"host":"4rvakrj1idbgia3f","time":1612558508,"event":{"mods":["BaseMod","Colored Map","Colored Powertips","DeckTracker","Highlight Path","Minty Spire (QoL Compilation)","Random Character Button","StSLib"],"gold_per_floor":[119,119,137,137,157,157,182,197,197,197,28,76,120,142,154,237,249,249],"floor_reached":17,"language":"JPN","playtime":546,"items_purged":[],"score":330,"play_id":"ae86a26b-9e0e-4933-bd82-cab0dcff182d","local_time":"20210206055508","is_ascension_mode":true,"campfire_choices":[{"data":"Uppercut","floor":6.0,"key":"SMITH"},{"data":"Perfected Strike","floor":10.0,"key":"SMITH"},{"data":"Wild Strike","floor":15,"key":"SMITH"}],"circlet_count":0,"master_deck":["AscendersBane","Strike_R","Strike_R","Strike_R","Strike_R","Defend_R","Defend_R","Defend_R","Bash","Perfected Strike+1","Uppercut+1","Wild Strike+1","Burning Pact","Sword Boomerang","Metallicize","Shrug It Off","Corruption"],"relics":["Burning Blood","NeowsBlessing","Oddly Smooth Stone","Blood Vial","Happy Flower","MawBank","Eternal Feather","Busted Crown"],"acts_visited":["Exordium","TheCity"],"potions_floor_usage":[13],"damage_taken":[{"damage":0.0,"enemies":"2 Louse","floor":1.0,"turns":1.0},{"damage":0.0,"enemies":"Cultist","floor":3.0,"turns":1.0},{"damage":0.0,"enemies":"Small Slimes","floor":5.0,"turns":1.0},{"damage":6.0,"enemies":"Gremlin Nob","floor":7.0,"turns":3.0},{"damage":17.0,"enemies":"Exordium Wildlife","floor":8.0,"turns":4.0},{"damage":18,"enemies":"Lagavulin","floor":13,"turns":6},{"damage":4,"enemies":"3 Louse","floor":14,"turns":3},{"damage":66,"enemies":"Slime Boss","floor":16,"turns":11}],"seed_played":"-6708340946891403929","potions_obtained":[{"floor":5.0,"key":"Energy Potion"},{"floor":7.0,"key":"LiquidBronze"},{"floor":16,"key":"LiquidMemories"}],"is_trial":false,"path_per_floor":["M","?","M","?","M","R","E","M","T","R","$","T","E","M","R","B",null],"character_chosen":"IRONCLAD","items_purchased":["Happy Flower"],"campfire_rested":0,"item_purchase_floors":[11],"current_hp_per_floor":[74,67,73,73,75,75,75,64,64,64,64,64,54,58,67,9,59,59],"gold":249,"neow_bonus":"THREE_ENEMY_KILL","is_daily":false,"chose_seed":false,"campfire_upgraded":3,"win_rate":0.0,"timestamp":1612558508,"path_taken":["M","?","M","?","?","R","E","M","T","R","$","?","E","M","R","BOSS"],"items_purchased_type":["Relic"],"build_version":"2020-12-22","purchased_purges":0,"victory":false,"max_hp_per_floor":[75,75,75,75,75,75,75,75,75,75,75,75,75,75,75,75,75,75],"card_choices":[{"not_picked":["Dual Wield","Anger"],"picked":"Perfected Strike","floor":1.0},{"not_picked":["Anger","Clothesline"],"picked":"Uppercut","floor":3.0},{"not_picked":["Havoc","Clash"],"picked":"Wild Strike","floor":5.0},{"not_picked":["Flex","Ghostly Armor"],"picked":"Burning Pact","floor":7.0},{"not_picked":["Havoc","Bludgeon"],"picked":"Sword Boomerang","floor":8.0},{"not_picked":["Headbutt","Anger"],"picked":"Metallicize","floor":13},{"not_picked":["Anger","Armaments"],"picked":"Shrug It Off","floor":14},{"not_picked":["Exhume","Juggernaut"],"picked":"Corruption","floor":16}],"player_experience":2215704,"relics_obtained":[{"floor":7.0,"key":"Oddly Smooth Stone"},{"floor":9.0,"key":"Blood Vial"},{"floor":12.0,"key":"MawBank"},{"floor":13,"key":"Eternal Feather"}],"event_choices":[{"cards_removed":["Defend_R"],"damage_healed":0.0,"max_hp_gain":0.0,"max_hp_loss":0.0,"gold_gain":0.0,"event_name":"Golden Wing","player_choice":"Card Removal","floor":2.0,"gold_loss":0.0,"damage_taken":7.0},{"cards_removed":["Strike_R"],"damage_healed":0.0,"max_hp_gain":0.0,"max_hp_loss":0.0,"gold_gain":0.0,"event_name":"Purifier","player_choice":"Purged","floor":4.0,"gold_loss":0.0,"damage_taken":0.0}],"is_beta":false,"boss_relics":[{"not_picked":["Velvet Choker","Empty Cage"],"picked":"Busted Crown"}],"items_purged_floors":[],"is_endless":false,"potions_floor_spawned":[5,7,16],"ascension_level":20}}