{"host":"sav7uxregyirlf69","time":1612522106,"event":{"mods":["AchievementEnabler","BaseMod","Colored Map","DeckTracker","Keyboard Shortcuts","Minty Spire (QoL Compilation)","READ ME - Guardian Mod","StSLib","SuperFastMode"],"gold_per_floor":[117,117,135,60,71,71,88,88,88,119,137,150,150,163,163,240,240,256,256,268,292,326,326,356,356,380,380,380,280,305,42,42,114,114,130,155,172,192,208,243,243,268,268,301,301,330,343,390,390,390,390],"floor_reached":50,"language":"KOR","playtime":1340,"items_purged":["Parasite","Deadly Poison","Infinite Blades+1"],"score":1496,"play_id":"37e4b95a-c0b7-414f-9d1d-3b976e39fc39","local_time":"20210205194826","is_ascension_mode":true,"campfire_choices":[{"data":"Terror","floor":6.0,"key":"SMITH"},{"data":"Blade Dance","floor":8.0,"key":"SMITH"},{"data":"Cloak And Dagger","floor":13.0,"key":"SMITH"},{"data":"Neutralize","floor":15.0,"key":"SMITH"},{"data":"Tactician","floor":23.0,"key":"SMITH"},{"data":"Acrobatics","floor":25.0,"key":"SMITH"},{"data":"Adrenaline","floor":28.0,"key":"SMITH"},{"data":"Phantasmal Killer","floor":32.0,"key":"SMITH"},{"floor":41.0,"key":"RECALL"},{"floor":49.0,"key":"REST"}],"circlet_count":0,"master_deck":["AscendersBane","Survivor","Neutralize+1","Finisher+1","Blade Dance+1","Terror+1","Cloak And Dagger+1","Blur","Phantasmal Killer+1","Escape Plan","Acrobatics+1","Adrenaline+1","Tactician+1","Glass Knife","Malaise","Calculated Gamble","Footwork+1","Blade Dance","PiercingWail","Accuracy+1","Backflip","Envenom+1","Backflip+1","Escape Plan+1","Adrenaline","Reflex"],"relics":["Ring of the Snake","Pantograph","Frozen Egg 2","Pandora\u0027s Box","Red Mask","CaptainsWheel","Blood Vial","Gambling Chip","Membership Card","Fusion Hammer","The Specimen","Bag of Marbles","Happy Flower","Thread and Needle","Regal Pillow","Mercury Hourglass","FossilizedHelix"],"acts_visited":["Exordium","TheCity","TheBeyond"],"potions_floor_usage":[50],"damage_taken":[{"damage":7.0,"enemies":"Small Slimes","floor":1.0,"turns":3.0},{"damage":0.0,"enemies":"Cultist","floor":3.0,"turns":3.0},{"damage":2.0,"enemies":"Jaw Worm","floor":5.0,"turns":3.0},{"damage":9.0,"enemies":"Large Slime","floor":7.0,"turns":5.0},{"damage":5.0,"enemies":"Gremlin Nob","floor":10.0,"turns":3.0},{"damage":0.0,"enemies":"3 Louse","floor":11.0,"turns":3.0},{"damage":12.0,"enemies":"Exordium Thugs","floor":12.0,"turns":3.0},{"damage":0.0,"enemies":"2 Fungi Beasts","floor":14.0,"turns":3.0},{"damage":4.0,"enemies":"Hexaghost","floor":16.0,"turns":4.0},{"damage":0.0,"enemies":"3 Byrds","floor":18.0,"turns":5.0},{"damage":0.0,"enemies":"Spheric Guardian","floor":20.0,"turns":3.0},{"damage":8.0,"enemies":"Masked Bandits","floor":22.0,"turns":4.0},{"damage":14.0,"enemies":"Book of Stabbing","floor":24.0,"turns":3.0},{"damage":9.0,"enemies":"Gremlin Leader","floor":30.0,"turns":4.0},{"damage":0.0,"enemies":"Champ","floor":33.0,"turns":5.0},{"damage":0.0,"enemies":"Orb Walker","floor":35.0,"turns":1.0},{"damage":4.0,"enemies":"Mind Bloom Boss Battle","floor":36.0,"turns":4.0},{"damage":0.0,"enemies":"3 Darklings","floor":37.0,"turns":3.0},{"damage":0.0,"enemies":"Transient","floor":38.0,"turns":6.0},{"damage":0.0,"enemies":"Jaw Worm Horde","floor":39.0,"turns":2.0},{"damage":0.0,"enemies":"Nemesis","floor":40.0,"turns":3.0},{"damage":0.0,"enemies":"Giant Head","floor":42.0,"turns":3.0},{"damage":0.0,"enemies":"Nemesis","floor":44.0,"turns":5.0},{"damage":18.0,"enemies":"Reptomancer","floor":46.0,"turns":4.0},{"damage":0.0,"enemies":"Maw","floor":47.0,"turns":2.0},{"damage":0.0,"enemies":"2 Orb Walkers","floor":48.0,"turns":1.0},{"damage":66,"enemies":"Time Eater","floor":50,"turns":12}],"seed_played":"-1977883031961004748","potions_obtained":[{"floor":1.0,"key":"Fire Potion"},{"floor":3.0,"key":"DistilledChaos"},{"floor":7.0,"key":"SteroidPotion"},{"floor":22.0,"key":"LiquidMemories"},{"floor":30.0,"key":"EssenceOfSteel"},{"floor":33.0,"key":"Fire Potion"}],"is_trial":false,"path_per_floor":["M","?","M","$","M","R","M","R","T","E","M","M","R","M","R","B",null,"M","?","M","T","?","R","E","R","T","?","R","$","E","$","R","B",null,"M","?","M","M","M","E","R","E","T","E","?","E","M","?","R","B"],"character_chosen":"THE_SILENT","items_purchased":["Membership Card","Backflip"],"campfire_rested":1,"item_purchase_floors":[31,31],"current_hp_per_floor":[52,52,52,52,50,50,41,41,41,36,36,24,24,24,24,45,59,59,59,59,59,51,51,37,37,37,37,37,37,30,30,30,57,62,63,59,61,63,63,63,63,63,63,63,63,45,47,49,63,0,0],"gold":390,"neow_bonus":"TRANSFORM_TWO_CARDS","is_daily":false,"chose_seed":false,"campfire_upgraded":8,"win_rate":0.0,"timestamp":1612522106,"path_taken":["M","?","M","$","M","R","?","R","T","E","M","M","R","M","R","BOSS","M","?","M","?","?","R","E","R","T","?","R","$","E","$","R","BOSS","M","?","M","M","M","E","R","E","T","E","?","E","?","?","R","BOSS"],"items_purchased_type":["Relic","Card"],"build_version":"2020-12-22","purchased_purges":3,"victory":false,"max_hp_per_floor":[66,66,66,63,63,63,63,63,63,63,63,63,63,63,63,63,63,63,63,63,63,63,63,63,63,63,63,63,63,63,63,63,63,63,63,63,63,63,63,63,63,63,63,63,63,63,63,63,63,63,63],"card_choices":[{"not_picked":["Leg Sweep","Dagger Throw"],"picked":"Blade Dance","floor":1.0},{"not_picked":["Bouncing Flask","Finisher"],"picked":"Terror","floor":3.0},{"not_picked":["Sucker Punch","Underhanded Strike"],"picked":"Cloak And Dagger","floor":5.0},{"not_picked":["Deadly Poison","Quick Slash","Dodge and Roll"],"picked":"SKIP","floor":7.0},{"not_picked":["Heel Hook","Predator","Eviscerate"],"picked":"SKIP","floor":10.0},{"not_picked":["Quick Slash","Backflip"],"picked":"Infinite Blades+1","floor":11.0},{"not_picked":["Bane","Masterful Stab"],"picked":"Blur","floor":12.0},{"not_picked":["Bouncing Flask","Crippling Poison","Dagger Throw"],"picked":"SKIP","floor":14.0},{"not_picked":["Doppelganger","Unload"],"picked":"Phantasmal Killer","floor":16.0},{"not_picked":["Outmaneuver","Dagger Throw","Distraction"],"picked":"SKIP","floor":18.0},{"not_picked":["Quick Slash","Concentrate"],"picked":"Footwork+1","floor":20.0},{"not_picked":["Setup","Deflect"],"picked":"Blade Dance","floor":22.0},{"not_picked":["Dagger Spray","Backstab"],"picked":"PiercingWail","floor":24.0},{"not_picked":["Blur","Die Die Die","Terror"],"picked":"SKIP","floor":30.0},{"not_picked":["Glass Knife","Grand Finale"],"picked":"Envenom+1","floor":33.0},{"not_picked":["Flying Knee","Underhanded Strike","Finisher+1"],"picked":"SKIP","floor":35.0},{"not_picked":["Infinite Blades+1","Blade Dance+1","Slice"],"picked":"SKIP","floor":37.0},{"not_picked":["Slice","Skewer","Dash+1"],"picked":"SKIP","floor":38.0},{"not_picked":["Underhanded Strike","Sucker Punch","Slice+1"],"picked":"SKIP","floor":39.0},{"not_picked":["Backstab","Dagger Spray"],"picked":"Backflip+1","floor":40.0},{"not_picked":["Noxious Fumes+1","Cloak And Dagger+1","Deadly Poison"],"picked":"SKIP","floor":42.0},{"not_picked":["Endless Agony","Underhanded Strike"],"picked":"Escape Plan+1","floor":44.0},{"not_picked":["Dagger Spray","Deflect"],"picked":"Adrenaline","floor":46.0},{"not_picked":["Escape Plan","PiercingWail","Dagger Spray"],"picked":"SKIP","floor":47.0},{"not_picked":["PiercingWail+1","Dodge and Roll"],"picked":"Reflex","floor":48.0}],"player_experience":1492618,"relics_obtained":[{"floor":9.0,"key":"Pantograph"},{"floor":10.0,"key":"Frozen Egg 2"},{"floor":22.0,"key":"Red Mask"},{"floor":24.0,"key":"CaptainsWheel"},{"floor":26.0,"key":"Blood Vial"},{"floor":30.0,"key":"Gambling Chip"},{"floor":36.0,"key":"The Specimen"},{"floor":40.0,"key":"Bag of Marbles"},{"floor":42.0,"key":"Happy Flower"},{"floor":43.0,"key":"Thread and Needle"},{"floor":44.0,"key":"Regal Pillow"},{"floor":46.0,"key":"Mercury Hourglass"},{"floor":48.0,"key":"FossilizedHelix"}],"event_choices":[{"damage_healed":0.0,"max_hp_gain":0.0,"max_hp_loss":0.0,"gold_gain":0.0,"event_name":"Upgrade Shrine","player_choice":"Upgraded","floor":2.0,"gold_loss":0.0,"damage_taken":0.0,"cards_upgraded":["Finisher"]},{"damage_healed":0.0,"max_hp_gain":0.0,"max_hp_loss":0.0,"gold_gain":0.0,"cards_transformed":["Bane","Choke"],"event_name":"Drug Dealer","player_choice":"Became Test Subject","floor":19.0,"gold_loss":0.0,"damage_taken":0.0,"cards_obtained":["Calculated Gamble","Infinite Blades"]},{"damage_healed":0.0,"max_hp_gain":0.0,"max_hp_loss":0.0,"gold_gain":0.0,"event_name":"Masked Bandits","player_choice":"Fought Bandits","floor":22.0,"gold_loss":0.0,"damage_taken":0.0},{"damage_healed":0.0,"max_hp_gain":0.0,"max_hp_loss":0.0,"gold_gain":0.0,"event_name":"The Library","player_choice":"Read","floor":27.0,"gold_loss":0.0,"damage_taken":0.0,"cards_obtained":["Accuracy"]},{"damage_healed":0.0,"max_hp_gain":0.0,"max_hp_loss":0.0,"gold_gain":0.0,"event_name":"MindBloom","player_choice":"Fight","floor":36.0,"gold_loss":0.0,"damage_taken":0.0},{"cards_removed":["Infinite Blades"],"damage_healed":0.0,"max_hp_gain":0.0,"max_hp_loss":0.0,"gold_gain":0.0,"event_name":"Purifier","player_choice":"Purged","floor":45.0,"gold_loss":0.0,"damage_taken":0.0},{"damage_healed":0.0,"max_hp_gain":0.0,"max_hp_loss":0.0,"gold_gain":0.0,"event_name":"Mysterious Sphere","player_choice":"Fight","floor":48.0,"gold_loss":0.0,"damage_taken":0.0}],"is_beta":false,"boss_relics":[{"not_picked":["Black Star","Runic Pyramid"],"picked":"Pandora\u0027s Box"},{"not_picked":["Philosopher\u0027s Stone","SacredBark"],"picked":"Fusion Hammer"}],"items_purged_floors":[4,29,31],"is_endless":false,"potions_floor_spawned":[1,3,5,7,12,22,30,33,35,39,42,44],"killed_by":"Time Eater","ascension_level":20}}