{"host":"p34rppyhk302xzzg","time":1612528035,"event":{"mods":["AchievementEnabler","Act Like it!","Ascension Reborn","BaseMod","Better Vampires","BetterRewards","Colored Map","Gensokyo","Googly Eyes","Hallownest","Koishi","KomeijiMod","Lobotomy","LobotomyExtend","Marisa£®ÏF”Í°°ƒß¿Ì…≥£©","Minty Spire (QoL Compilation)","Pale of the Ancients","Quick Restart","Reimu£®≤©¿ˆ¡È√Œ£©","Remilia£®¿Ÿ√◊¿Ú—«£©","Replay The Spire","SOS£®Àπ∞Õ¥Ô÷Æ◊”£©","StSLib","The Administrix","The Bug Knight","UnlockEverythingMod","Waifu the Spire","Yakumo Yukari mod","Youmu£®ªÍ∆«—˝√Œ£©","Yuyuko","noobMod","°æ“≈ŒÔø®≈∆°øREMEMod"],"gold_per_floor":[109,109,125,125,138,170,170,170,220,220,266,295,34,85,85,250,250,314,243,269,278,344,446,446,120,120,220,288,346,398,23,23,159,159,212,221,221,230,260,325,325,377,377,377,420,558,604,247,247,247,265,358,577,77,77,126,126,126,126,126],"floor_reached":61,"language":"ZHS","playtime":3189,"items_purged":["Defend_MRS","Strike_MRS"],"score":1691,"play_id":"d52c110a-9711-4b44-bb7f-7395b2c3c5b4","local_time":"20210205202715","is_ascension_mode":true,"campfire_choices":[{"data":"Adrenaline","floor":7.0,"key":"SMITH"},{"data":"MillisecondPulsars","floor":15.0,"key":"SMITH"},{"floor":24.0,"key":"RECALL"},{"data":"PowerUp","floor":32.0,"key":"SMITH"},{"data":"SatelliteIllusion","floor":41.0,"key":"SMITH"},{"data":"BlazingStar","floor":44.0,"key":"SMITH"},{"data":"MysteriousBeam","floor":49.0,"key":"SMITH"},{"data":"MaximisePower","floor":55.0,"key":"SMITH"},{"data":"AbsoluteMagnitude","floor":57.0,"key":"SMITH"}],"circlet_count":0,"master_deck":["BlueStar","CENSORED","Woodsman","WhiteNight","BodiesMountain","LongBird","QueenOfHatred","Funeral","Mercenary","BigBird","Strike_MRS","HereticApostle","Defend_MRS","MasterSpark","UpSweep","SpiderBud","DoubleSpark","MilkyWay+1","ShootingEcho","BeautyBeast","MillisecondPulsars+1","CrumblingArmor","OSAHOGD","DoubleSpark","MysteriousBeam+1","WitchOfGreed","Murderer","AsteroidBelt+1","OldLady","SatelliteIllusion+1","Hallownest:skillCityofTearsMap","Hallownest:attackMasterCycloneSlash","WitchOfGreed+1","WitchOfGreed","QueenBee","6A","SporeBomb+1","Alriune","PowerUp+1","BlackSwan","BlazingStar+1","LittleHelper","StarBarrage+1","Gensokyo:UnlikelyAid+1","Normality","CherryBlossoms","PowerUp+1","OpenUniverse","Rudolta","GrandCross+1","OortCloud+1","AbsoluteMagnitude","AbsoluteMagnitude+1","WitchOfGreed+1","BlackArmy","GrandCross+1","OrrerysSun+1","WitchLeyline+1","EscapeVelocity+1","MaximisePower+1","DoubleSpark","WitchLeyline+1","EarthLightRay+1"],"relics":["MiniHakkero","REME_ComplimentaryCards","ice","CogitoBucket","LetterFromLob","HandmadeGrimoire","Lamp_r","InkBottle","Lantern","Tiny Chest","CeramicFish","SkinProphecy","Sling","Empty Cage","HonorFeather","LaetitiaHeart","WantedRequest","Amita_r","Chameleon Ring","SimpleLauncher","Matryoshka","SolemnVow_r","Vajra","LuminousBracelet","Membership Card","REME_PuzzleBoxRelic","Replay:Accelerometer","RampagingMagicTools","InTheNameOfLoveAndHate_r","Strawberry","HollowMod:LifeEnderRelic","Ring of Peace","ReplayTheSpireMod:Ring of Addiction","Toy Ornithopter","White Beast Statue","Blue Doll","AtMidnight","BehaviorAdjustment","ReplayTheSpireMod:Lightbulb","Justitia_r","Frozen Egg 2","Gremlin Horn","Bottled Tornado","HoshigumaDish","TheSmile_r","Ancient Tea Set","War Paint","Mirror","Chemical X","paleoftheancients:Timepiece","paleoftheancients:KeyRelic","CultistMask","DeathAngel","Ornamental Fan","Pantograph","Strange Spoon","paleoftheancients:SoulOfTheVixen","Kunai","Logging_r","CENSORED_r","SoundOfStar_r"],"acts_visited":["Exordium","Exordium","Hallownest:CityofTears","Gensokyo:Gensokyoest"],"potions_floor_usage":[60,60,60],"damage_taken":[{"damage":11.0,"enemies":"Jaw Worm","floor":1.0,"turns":3.0},{"damage":0.0,"enemies":"Cultist","floor":3.0,"turns":2.0},{"damage":120.0,"enemies":"2 Louse","floor":5.0,"turns":11.0},{"damage":0.0,"enemies":"Gremlin Nob","floor":6.0,"turns":2.0},{"damage":9.0,"enemies":"Lagavulin","floor":11.0,"turns":4.0},{"damage":16.0,"enemies":"Exordium Wildlife","floor":12.0,"turns":3.0},{"damage":1.0,"enemies":"Looter","floor":14.0,"turns":2.0},{"damage":0.0,"enemies":"Hexaghost","floor":16.0,"turns":4.0},{"damage":55.0,"enemies":"Hallownest:2_Mistakes","floor":18.0,"turns":3.0},{"damage":1.0,"enemies":"Hallownest:2_Mistakes","floor":22.0,"turns":2.0},{"damage":0.0,"enemies":"Hallownest:Nosk","floor":23.0,"turns":3.0},{"damage":0.0,"enemies":"Hallownest:eliteSoulWarrior","floor":27.0,"turns":2.0},{"damage":0.0,"enemies":"Hallownest:Guard_and_Sentry","floor":28.0,"turns":1.0},{"damage":0.0,"enemies":"Hallownest:monsterMisterMushroom","floor":29.0,"turns":1.0},{"damage":0.0,"enemies":"Hallownest:3_Mistakes","floor":30.0,"turns":2.0},{"damage":3.0,"enemies":"Hallownest:BossMantisLord","floor":33.0,"turns":2.0},{"damage":1.0,"enemies":"Gensokyo:3_Bats","floor":35.0,"turns":2.0},{"damage":0.0,"enemies":"Gensokyo:3_Bats","floor":36.0,"turns":3.0},{"damage":2.0,"enemies":"Gensokyo:AncientGuardian","floor":39.0,"turns":3.0},{"damage":0.0,"enemies":"Gensokyo:Doremy","floor":40.0,"turns":2.0},{"damage":0.0,"enemies":"Gensokyo:Kasen","floor":42.0,"turns":1.0},{"damage":5.0,"enemies":"Gensokyo:Marisa","floor":45.0,"turns":1.0},{"damage":1.0,"enemies":"Gensokyo:AtlasGolem","floor":46.0,"turns":2.0},{"damage":0.0,"enemies":"Gensokyo:Kasen","floor":47.0,"turns":1.0},{"damage":0.0,"enemies":"Gensokyo:Yuyuko","floor":50.0,"turns":2.0},{"damage":0.0,"enemies":"Gensokyo:Yuyuko","floor":51.0,"turns":2.0},{"damage":0.0,"enemies":"Gensokyo:Yuyuko","floor":52.0,"turns":2.0},{"damage":0.0,"enemies":"Gensokyo:Yuyuko","floor":56.0,"turns":1.0},{"damage":170,"enemies":"paleoftheancients:N","floor":60,"turns":7}],"seed_played":"-1924590138058070735","potions_obtained":[{"floor":1.0,"key":"SpeedPotion"},{"floor":5.0,"key":"Explosive Potion"},{"floor":6.0,"key":"Fire Potion"},{"floor":10.0,"key":"Doom Potion"},{"floor":10.0,"key":"Strength Potion"},{"floor":14.0,"key":"LiquidMemories"},{"floor":16.0,"key":"PanachePotion"},{"floor":23.0,"key":"Elixir"},{"floor":27.0,"key":"SkillPotion"},{"floor":28.0,"key":"SkillPotion"},{"floor":39.0,"key":"PowerPotion"},{"floor":47.0,"key":"LiquidBronze"},{"floor":51.0,"key":"ShroomBrew"}],"is_trial":false,"path_per_floor":["M","?","M","?","M","E","R","T","T","?","E","M","$","M","R","B",null,"M","?","T","?","M","E","R","$","T","E","M","M","M","$","R","B",null,"M","?","T","?","M","E","R","E","T","R","E","M","E","$","R","B","M","M","?","$","R","M","R","T","?","B",null],"character_chosen":"MARISA","items_purchased":["Sling","MysteriousBeam","Robbery","WitchOfGreed","SimpleLauncher","WitchOfGreed","Membership Card","REME_PuzzleBoxRelic","Replay:Accelerometer","PowerUp","War Paint","Mirror","Chemical X","AbsoluteMagnitude","WitchOfGreed+1","Ornamental Fan","Pantograph","Strange Spoon","EscapeVelocity+1","MaximisePower","DoubleSpark","WitchLeyline+1"],"campfire_rested":0,"item_purchase_floors":[13,13,13,13,25,25,31,31,31,31,48,48,48,48,48,54,54,54,54,54,54,54],"current_hp_per_floor":[64,57,57,57,11,11,11,11,11,11,2,65,65,60,60,56,97,100,100,100,100,102,105,106,106,106,109,131,134,139,139,140,146,148,154,154,161,161,170,173,174,177,176,176,178,180,184,184,182,185,190,196,196,196,196,198,198,197,197,157],"gold":126,"neow_bonus":"","is_daily":false,"chose_seed":false,"campfire_upgraded":8,"win_rate":0.0,"timestamp":1612528035,"path_taken":["M","?","?","?","M","E","R","?","T","?","E","?","$","M","R","BOSS","M","?","?","?","M","E","R","$","T","E","M","?","M","$","R","BOSS","M","?","?","?","M","E","R","E","T","R","E","M","E","$","R","BOSS","M","M","?","$","R","M","R","T","?","BOSS"],"items_purchased_type":["Relic","Card","Card","Card","Relic","Card","Relic","Relic","Relic","Card","Relic","Relic","Relic","Card","Card","Relic","Relic","Relic","Card","Card","Card","Card"],"build_version":"2020-12-22","purchased_purges":2,"victory":true,"max_hp_per_floor":[75,75,75,75,76,76,76,76,76,76,78,85,85,88,88,97,97,100,100,100,100,102,106,106,106,106,110,132,135,140,140,140,148,148,154,155,162,162,171,174,174,178,176,176,179,181,184,184,182,186,192,198,198,198,196,199,199,197,197,215],"card_choices":[{"not_picked":["WallGazer","BeautyBeast","CherryBlossoms"],"picked":"Singing Bowl","floor":1.0},{"not_picked":["Bloodbath","PunishingBird"],"picked":"SpiderBud","floor":1.0},{"not_picked":["GravityBeat","AsteroidBelt"],"picked":"DoubleSpark","floor":1.0},{"not_picked":["Scarecrow","BeautyBeast"],"picked":"BigBird","floor":3.0},{"not_picked":["SprinkleStarSeal","StarDustReverie"],"picked":"MilkyWay","floor":3.0},{"not_picked":["WallGazer","BeautyBeast"],"picked":"Freischutz","floor":5.0},{"not_picked":["GravityBeat","EarthLightRay"],"picked":"ShootingEcho","floor":5.0},{"not_picked":["MeatLantern","WallGazer"],"picked":"BeautyBeast","floor":6.0},{"not_picked":["DoubleSpark","RefractionSpark"],"picked":"MillisecondPulsars","floor":6.0},{"not_picked":["FairyFestival","ShyLook"],"picked":"CrumblingArmor","floor":11.0},{"not_picked":["PulseMagic","SatelliteIllusion"],"picked":"MagicAbsorber","floor":11.0},{"not_picked":["Variant","MeatLantern"],"picked":"OSAHOGD","floor":12.0},{"not_picked":["DC","AsteroidBelt"],"picked":"DoubleSpark","floor":12.0},{"not_picked":["Bloodbath","CherryBlossoms","NakedNest"],"picked":"Singing Bowl","floor":14.0},{"not_picked":["GreedKing","CherryBlossoms"],"picked":"Murderer","floor":14.0},{"not_picked":["GravityBeat","ChargingUp"],"picked":"AsteroidBelt","floor":14.0},{"not_picked":["MHz","Wellcheers","UniverseFragment"],"picked":"Singing Bowl","floor":16.0},{"not_picked":["CherryBlossoms","Yin"],"picked":"OldLady","floor":16.0},{"not_picked":["BinaryStars","BigCrunch"],"picked":"SatelliteIllusion","floor":16.0},{"not_picked":["ShyLook","MeatLantern"],"picked":"Mercenary","floor":22.0},{"not_picked":["Acceleration","GrandCross"],"picked":"WitchOfGreed+1","floor":22.0},{"not_picked":["HeroicMonk","MeatLantern"],"picked":"Funeral","floor":23.0},{"not_picked":["MagicChant","DoubleSpark"],"picked":"6A","floor":23.0},{"not_picked":["FairyFestival","MeatLantern"],"picked":"QueenBee","floor":27.0},{"not_picked":["ManaConvection","EnergyFlow"],"picked":"6A","floor":27.0},{"not_picked":["Porccubus","BlackSwan","SingingMachine"],"picked":"Singing Bowl","floor":28.0},{"not_picked":["Scarecrow","MeatLantern"],"picked":"QueenOfHatred","floor":28.0},{"not_picked":["NonDirectionalLaser","IllusionStar"],"picked":"ShootTheMoon","floor":28.0},{"not_picked":["WallGazer","Wellcheers"],"picked":"MeltingLove","floor":29.0},{"not_picked":["PulseMagic","ShootTheMoon"],"picked":"SporeBomb+1","floor":29.0},{"not_picked":["DreamingCurrent","Variant","LittlePrince"],"picked":"Singing Bowl","floor":30.0},{"not_picked":["NakedNest","Yin"],"picked":"Alriune","floor":30.0},{"not_picked":["DC+1","DragonMeteor"],"picked":"EarthLightRay+1","floor":30.0},{"not_picked":["DreamingCurrent","BlueStar"],"picked":"BlackSwan","floor":33.0},{"not_picked":["UltimateShortwave","BigCrunch"],"picked":"BlazingStar","floor":33.0},{"not_picked":["BlackArmy","Variant","FairyFestival"],"picked":"Singing Bowl","floor":35.0},{"not_picked":["Bloodbath","SilentOrchestra"],"picked":"LittleHelper","floor":35.0},{"not_picked":["OneTimeOff","UnstableBomb+1"],"picked":"StarBarrage+1","floor":35.0},{"not_picked":["Gensokyo:UnhurriedMind+1","Gensokyo:MorningStar+1"],"picked":"Gensokyo:UnlikelyAid+1","floor":36.0},{"not_picked":["WallGazer","Variant","SilentOrchestra"],"picked":"Singing Bowl","floor":39.0},{"not_picked":["Wellcheers","PunishingBird"],"picked":"CherryBlossoms","floor":39.0},{"not_picked":["DC+1","NonDirectionalLaser+1"],"picked":"PowerUp+1","floor":39.0},{"not_picked":["GreedKing","FieryBird","Woodsman"],"picked":"Singing Bowl","floor":40.0},{"not_picked":["Yin","DreamingCurrent"],"picked":"LongBird","floor":40.0},{"not_picked":["MillisecondPulsars","AsteroidBelt"],"picked":"OpenUniverse","floor":40.0},{"not_picked":["Scarecrow","BlueStar"],"picked":"BodiesMountain","floor":42.0},{"not_picked":["PowerUp","JA"],"picked":"IllusionStar+1","floor":42.0},{"not_picked":["Yin","GalaxyChild"],"picked":"BlueStar","floor":45.0},{"not_picked":["LuminesStrike","MilkyWay+1"],"picked":"MagicChant","floor":45.0},{"not_picked":["SilentOrchestra","DreamingCurrent"],"picked":"Rudolta","floor":46.0},{"not_picked":["MilkyWay","DC"],"picked":"GrandCross+1","floor":46.0},{"not_picked":["Yin","LaLuna"],"picked":"WhiteNight","floor":47.0},{"not_picked":["MaximisePower","Orbital"],"picked":"OortCloud+1","floor":47.0},{"not_picked":["Freischutz","CENSORED"],"picked":"BlackArmy","floor":51.0},{"not_picked":["OneTimeOff","LuminesStrike"],"picked":"GrandCross+1","floor":51.0},{"not_picked":["WhitesApple","SilentOrchestra"],"picked":"CENSORED","floor":52.0},{"not_picked":["6A+1","MeteoricShower+1"],"picked":"OrrerysSun+1","floor":52.0},{"not_picked":["LuminesStrike","NonDirectionalLaser"],"picked":"WitchLeyline+1","floor":53.0},{"not_picked":["NothingThere","SilentOrchestra"],"picked":"Woodsman","floor":56.0},{"not_picked":["Acceleration+1","OneTimeOff+1"],"picked":"EarthLightRay+1","floor":56.0}],"player_experience":101702,"relics_obtained":[{"floor":1.0,"key":"LetterFromLob"},{"floor":6.0,"key":"InkBottle"},{"floor":8.0,"key":"Lantern"},{"floor":9.0,"key":"Tiny Chest"},{"floor":11.0,"key":"CeramicFish"},{"floor":23.0,"key":"Chameleon Ring"},{"floor":26.0,"key":"Matryoshka"},{"floor":27.0,"key":"Vajra"},{"floor":37.0,"key":"Strawberry"},{"floor":37.0,"key":"HollowMod:LifeEnderRelic"},{"floor":38.0,"key":"Ring of Peace"},{"floor":38.0,"key":"ReplayTheSpireMod:Ring of Addiction"},{"floor":38.0,"key":"Toy Ornithopter"},{"floor":38.0,"key":"White Beast Statue"},{"floor":39.0,"key":"Blue Doll"},{"floor":39.0,"key":"AtMidnight"},{"floor":40.0,"key":"ReplayTheSpireMod:Lightbulb"},{"floor":42.0,"key":"Frozen Egg 2"},{"floor":43.0,"key":"Gremlin Horn"},{"floor":43.0,"key":"Bottled Tornado"},{"floor":45.0,"key":"HoshigumaDish"},{"floor":47.0,"key":"Ancient Tea Set"},{"floor":51.0,"key":"DeathAngel"},{"floor":56.0,"key":"paleoftheancients:SoulOfTheVixen"},{"floor":58.0,"key":"Kunai"}],"event_choices":[{"damage_healed":0.0,"max_hp_gain":0.0,"max_hp_loss":0.0,"gold_gain":0.0,"event_name":"Wheel of Change","player_choice":"Damaged","floor":2.0,"gold_loss":0.0,"damage_taken":7.0},{"damage_healed":0.0,"max_hp_gain":0.0,"max_hp_loss":0.0,"gold_gain":0.0,"event_name":"Big Fish","player_choice":"Box","floor":4.0,"gold_loss":0.0,"damage_taken":0.0,"relics_obtained":["HandmadeGrimoire"],"cards_obtained":["Regret"]},{"damage_healed":0.0,"max_hp_gain":0.0,"max_hp_loss":0.0,"gold_gain":0.0,"event_name":"Lab","player_choice":"Got Potions","floor":10.0,"gold_loss":0.0,"damage_taken":0.0}],"is_beta":false,"boss_relics":[{"not_picked":["Pandora\u0027s Box","ReplayTheSpireMod:DimensionalGlitch"],"picked":"Empty Cage"},{"not_picked":["Coffee Dripper","REME_DemonsWealth"],"picked":"RampagingMagicTools"}],"items_purged_floors":[48,54],"is_endless":false,"potions_floor_spawned":[1,5,6,14,16,18,30,33,35,39,40,42,45,46,47,51,52,56],"ascension_level":1}}