{"host":"z006ei7uzxyjbw2q","time":1612540372,"event":{"mods":["BaseMod","Minty Spire (QoL Compilation)"],"gold_per_floor":[114,289,289,304,329,359,359,359,384,414,429,429,429],"floor_reached":12,"language":"ENG","playtime":407,"items_purged":[],"score":111,"play_id":"2f543f55-08c5-4530-bd22-42070360765d","local_time":"20210205105252","daily_mods":["Specialized","ControlledChaos","Elite Swarm"],"is_ascension_mode":false,"campfire_choices":[{"data":"Devotion","floor":7,"key":"SMITH"}],"circlet_count":0,"master_deck":["Strike_P","Strike_P","Strike_P","Strike_P","Defend_P","Defend_P","Defend_P","Defend_P","Eruption","Vigilance","FlyingSleeves","FlyingSleeves","FlyingSleeves","FlyingSleeves","FlyingSleeves","Conclude+1","Doubt","Consecrate","Devotion+1","BowlingBash"],"relics":["PureWater","Frozen Eye","Centennial Puzzle","Art of War","Omamori","Potion Belt"],"acts_visited":["Exordium"],"potions_floor_usage":[10,12],"damage_taken":[{"damage":0,"enemies":"2 Louse","floor":1,"turns":2},{"damage":0,"enemies":"Small Slimes","floor":4,"turns":2},{"damage":18,"enemies":"3 Sentries","floor":6,"turns":2},{"damage":3,"enemies":"Gremlin Nob","floor":10,"turns":3},{"damage":9,"enemies":"Cultist","floor":11,"turns":4},{"damage":44,"enemies":"Lagavulin","floor":12,"turns":3}],"seed_played":"-8643747277835071688","potions_obtained":[{"floor":1,"key":"BottledMiracle"},{"floor":6,"key":"ColorlessPotion"}],"is_trial":false,"path_per_floor":["M","?","?","M","T","E","R","?","T","E","M","E"],"character_chosen":"WATCHER","items_purchased":[],"campfire_rested":0,"item_purchase_floors":[],"current_hp_per_floor":[72,72,72,72,72,54,54,54,54,51,42,0,0],"gold":429,"neow_bonus":"","is_daily":true,"chose_seed":false,"campfire_upgraded":1,"win_rate":0.0,"timestamp":1612540372,"path_taken":["M","?","?","?","?","E","R","?","T","E","?","E"],"items_purchased_type":[],"build_version":"2020-12-22","purchased_purges":0,"victory":false,"max_hp_per_floor":[72,72,72,72,72,72,72,72,72,72,72,72,72],"card_choices":[{"not_picked":["Sanctity","BowlingBash"],"picked":"Conclude","floor":1},{"not_picked":["CrushJoints","CutThroughFate"],"picked":"Consecrate","floor":4},{"not_picked":["Vault","Scrawl"],"picked":"Devotion","floor":6},{"not_picked":["Alpha","MasterReality","Scrawl"],"picked":"SKIP","floor":10},{"not_picked":["InnerPeace","Swivel"],"picked":"BowlingBash","floor":11}],"player_experience":37760,"relics_obtained":[{"floor":5,"key":"Centennial Puzzle"},{"floor":6,"key":"Art of War"},{"floor":9,"key":"Omamori"},{"floor":10,"key":"Potion Belt"}],"event_choices":[{"damage_healed":0,"gold_gain":175,"player_choice":"AGREE","damage_taken":0,"max_hp_gain":0,"max_hp_loss":0,"event_name":"Liars Game","floor":2,"gold_loss":0,"cards_obtained":["Doubt"]},{"damage_healed":0,"gold_gain":0,"player_choice":"Upgraded","damage_taken":0,"max_hp_gain":0,"max_hp_loss":0,"event_name":"Upgrade Shrine","floor":3,"gold_loss":0,"cards_upgraded":["Conclude"]},{"damage_healed":0,"gold_gain":0,"player_choice":"Bought 0 Potions","damage_taken":0,"max_hp_gain":0,"max_hp_loss":0,"event_name":"The Woman in Blue","floor":8,"gold_loss":0}],"is_beta":false,"boss_relics":[],"items_purged_floors":[],"is_endless":false,"potions_floor_spawned":[1,6],"killed_by":"Lagavulin","ascension_level":0}}