{"host":"niv6bi8ufjzyofbf","time":1612549309,"event":{"mods":["ATMod(∞¢Ë™Mod)","Act Like it!","BaseMod","Colored Powertips","Conspire","Gensokyo","Hermit","Mad Scientist","Marisa£®ÏF”Í°°ƒß¿Ì…≥£©","Minty Spire (QoL Compilation)","Quick Restart","Rare Cards Sparkle","Reimu£®≤©¿ˆ¡È√Œ£©","Relic Filter Mod","Reliquary","Replay The Spire","Shop Mod","Spicy Shops","StSLib","SuperFastMode","The Cursed","The Servant 0.9.4","Youmu£®ªÍ∆«—˝√Œ£©","°æ“≈ŒÔø®≈∆°øREMEMod","≤–¡Ù÷ÆŒÔ"],"gold_per_floor":[23333,21563,21580,21599,21599,21567,21567,21476,21503,21537,20917,20753,20753,20750,20750,20629,20629,20526,20526,20089,20136,20089,19877,19837,19837,19889,19774,19774,19653,18844,18768,18768,18805,18805,18766,18099,18099,18099,18139,18196,18196,18196,18277,18277,18414,18414,17731,17766,17766,17791],"floor_reached":51,"language":"ZHS","playtime":1552,"items_purged":["Doubt","Clumsy","PlaceholderMod:BaseDefend","PlaceholderMod:BaseDefend","PlaceholderMod:BaseDefend","PlaceholderMod:BaseDefend","PlaceholderMod:BaseDefend","PlaceholderMod:BaseStrike"],"score":1303,"play_id":"e72ef9ca-9d9c-4ad8-88db-e777ddc4f1d3","local_time":"20210206022149","is_ascension_mode":true,"campfire_choices":[{"data":"PlaceholderMod:Stable","floor":7,"key":"SMITH"},{"data":"PlaceholderMod:ComplexForm","floor":13,"key":"SMITH"},{"data":"Secret Weapon","floor":15,"key":"SMITH"},{"floor":25,"key":"DIG"},{"floor":28,"key":"DIG"},{"floor":32,"key":"DIG"},{"floor":42,"key":"DIG"},{"floor":44,"key":"DIG"},{"floor":49,"key":"DIG"}],"circlet_count":0,"master_deck":["PlaceholderMod:BaseStrike+1","PlaceholderMod:BaseStrike","PlaceholderMod:BaseStrike","PlaceholderMod:BaseStrike","PlaceholderMod:Crystal","PlaceholderMod:PoisonWhip","PlaceholderMod:HardStrike+1","PlaceholderMod:QualitativeChange+1","Secret Weapon+1","PlaceholderMod:BlastSpray+1","PlaceholderMod:Stable+1","PlaceholderMod:RadicalHit+1","PlaceholderMod:Hyperplasia","PlaceholderMod:ConsolidateHit+1","PlaceholderMod:ConsolidateHit+1","PlaceholderMod:SeverePoisonStrike+1","PlaceholderMod:ComplexForm+1","PlaceholderMod:CycleAttack+1","PlaceholderMod:Activation","PlaceholderMod:Inner+1","PlaceholderMod:MultipleOxi+1","PlaceholderMod:FastReaction+1","PlaceholderMod:SelfCoupling+1","PlaceholderMod:Colorful+1","PlaceholderMod:StressReaction+1"],"relics":["PlaceholderMod:Tancle","REME_ComplimentaryCards","AT_ATBox","ReplayTheSpireMod:TigerMarble","Molten Egg 2","reliquary:WeakTea","Frozen Eye","REME_OnlineShoppingPlatform","ReplayTheSpireMod:Lightbulb","conspire:GiftBox","MerchantsRug","PreservedInsect","Gremlin Food","Art of War","Potion Belt","Membership Card","Tiny Chest","HandDrill","conspire:DeflatedDodgeball","PlaceholderMod:DeVermisMysteriis","reliquary:FerryPass","SacredBark","REME_HandOfSuture","AT_ArchangelStaff","REME_CardOfGreed","Shovel","Dream Catcher","AT_BellDemon","Bronze Scales","reliquary:Knoch","reliquary:RoseTintedGlasses","AT_MibuBalloonWealth","AT_DeathDance","Toy Ornithopter","Blood Vial","Omamori","Toxic Egg 2","Meat on the Bone","reliquary:Firecrackers","conspire:Boomerang","Strange Spoon","Mummified Hand","FossilizedHelix","reliquary:PurpleTingedLeaf","SlaversCollar","AT_BladeRuinedKing","reliquary:TridentHead","reliquary:BrokenClock","RuthlessExorcism:ReiMu","Ice Cream","Happy Flower","Bottled Lightning","Whetstone","Calipers","reliquary:BoilingFlask","reliquary:Sideboard","Bottled Tornado","Blue Doll","Replay:Baseball","reliquary:Buckler","conspire:DecoderRing","Toolbox","Onion Ring","Sling","Thread and Needle","StoneCalendar"],"acts_visited":["Exordium","TheCity","TheBeyond"],"potions_floor_usage":[6,6,6,6,6,6,8,8,8,8,8,8,12,12,12,12,12,12,12,12,12,14,16,16,16,16,16,16,16,16,16,16,16,16,16,16,16,18,18,18,18,18,18,22,22,22,23,23,23,23,23,23,23,23,23,23,23,23,24,24,24,27,27,27,27,27,27,27,29,29,29,29,29,29,29,29,29,29,29,29,31,31,31,31,31,31,31,33,33,33,33,33,33,33,35,35,35,35,35,35,35,35,35],"damage_taken":[{"damage":1,"enemies":"Cultist","floor":1,"turns":3},{"damage":12,"enemies":"Jaw Worm","floor":3,"turns":2},{"damage":12,"enemies":"2 Louse","floor":4,"turns":2},{"damage":0,"enemies":"3 Sentries","floor":6,"turns":2},{"damage":0,"enemies":"Gremlin Nob","floor":8,"turns":2},{"damage":0,"enemies":"3 Sentries","floor":10,"turns":2},{"damage":0,"enemies":"Exordium Thugs","floor":12,"turns":1},{"damage":6,"enemies":"Exordium Wildlife","floor":14,"turns":2},{"damage":9,"enemies":"The Guardian","floor":16,"turns":2},{"damage":0,"enemies":"Chosen","floor":18,"turns":1},{"damage":0,"enemies":"3 Byrds","floor":22,"turns":2},{"damage":0,"enemies":"Slavers","floor":23,"turns":1},{"damage":0,"enemies":"Snecko","floor":24,"turns":1},{"damage":0,"enemies":"conspire:SneckoGhost","floor":27,"turns":4},{"damage":0,"enemies":"Book of Stabbing","floor":29,"turns":1},{"damage":0,"enemies":"Centurion and Healer","floor":31,"turns":1},{"damage":0,"enemies":"Collector","floor":33,"turns":2},{"damage":0,"enemies":"3 Darklings","floor":35,"turns":1},{"damage":0,"enemies":"Orb Walker","floor":39,"turns":2},{"damage":0,"enemies":"Giant Head","floor":40,"turns":2},{"damage":0,"enemies":"3 Darklings","floor":45,"turns":1},{"damage":0,"enemies":"Time Eater","floor":50,"turns":2}],"seed_played":"-8695658594269553691","potions_obtained":[],"is_trial":false,"path_per_floor":["M","$","M","M","?","E","R","E","T","E","$","M","R","M","R","B",null,"M","?","$","T","M","E","M","R","T","E","R","E","$","M","R","B",null,"M","$","T","?","M","E","?","R","T","R","M","T","$","?","R","B",null],"character_chosen":"THE_PLACEHOLDER","items_purchased":["Molten Egg 2","reliquary:WeakTea","Frozen Eye","REME_OnlineShoppingPlatform","ReplayTheSpireMod:Lightbulb","conspire:GiftBox","Secret Weapon","PlaceholderMod:BlastSpray+1","PlaceholderMod:Stable","PlaceholderMod:RadicalHit+1","MerchantsRug","Membership Card","Tiny Chest","HandDrill","conspire:DeflatedDodgeball","PlaceholderMod:DeVermisMysteriis","reliquary:FerryPass","PlaceholderMod:ComplexForm","PlaceholderMod:CycleAttack+1","REME_HandOfSuture","AT_ArchangelStaff","REME_CardOfGreed","Shovel","Toxic Egg 2","Meat on the Bone","reliquary:Firecrackers","conspire:Boomerang","Strange Spoon","PlaceholderMod:MultipleOxi+1","reliquary:TridentHead","reliquary:BrokenClock","RuthlessExorcism:ReiMu","Ice Cream","Happy Flower","PlaceholderMod:Colorful+1","PlaceholderMod:StressReaction+1","reliquary:Buckler","conspire:DecoderRing","Toolbox","Onion Ring","Sling"],"campfire_rested":0,"item_purchase_floors":[2,2,2,2,2,2,2,2,2,2,2,11,11,11,11,11,11,11,11,20,20,20,20,30,30,30,30,30,30,36,36,36,36,36,36,36,47,47,47,47,47],"current_hp_per_floor":[77,77,65,53,53,53,53,53,53,53,53,53,53,47,47,47,78,78,78,78,78,78,78,78,78,78,78,78,78,78,78,78,78,78,78,78,78,78,78,78,78,78,78,78,78,78,78,78,78,78],"gold":17791,"neow_bonus":"RANDOM_COMMON_RELIC","is_daily":false,"chose_seed":false,"campfire_upgraded":3,"win_rate":0.0,"timestamp":1612549309,"path_taken":["M","$","?","M","?","E","R","E","T","E","$","M","R","?","R","BOSS","M","?","$","?","M","E","M","R","T","E","R","E","$","M","R","BOSS","M","$","?","?","M","E","?","R","T","R","?","?","$","?","R","BOSS"],"items_purchased_type":["Relic","Relic","Relic","Relic","Relic","Relic","Card","Card","Card","Card","Relic","Relic","Relic","Relic","Relic","Relic","Relic","Card","Card","Relic","Relic","Relic","Relic","Relic","Relic","Relic","Relic","Relic","Card","Relic","Relic","Relic","Relic","Relic","Card","Card","Relic","Relic","Relic","Relic","Relic"],"build_version":"2020-12-22","purchased_purges":8,"victory":true,"max_hp_per_floor":[78,78,78,78,78,78,78,78,78,78,78,78,78,78,78,78,78,78,78,78,78,78,78,78,78,78,78,78,78,78,78,78,78,78,78,78,78,78,78,78,78,78,78,78,78,78,78,78,78,78],"card_choices":[{"not_picked":["PlaceholderMod:CrystallizationStrike","PlaceholderMod:ConsolidateHit"],"picked":"PlaceholderMod:HardStrike","floor":1},{"not_picked":["PlaceholderMod:Activation","PlaceholderMod:BlastSpray+1"],"picked":"PlaceholderMod:QualitativeChange","floor":2},{"not_picked":["PlaceholderMod:DissolvingSpikes+1","PlaceholderMod:DirectingGroup"],"picked":"PlaceholderMod:Hyperplasia","floor":3},{"not_picked":["PlaceholderMod:SevereHeat","PlaceholderMod:StressReaction","PlaceholderMod:HardStinger"],"picked":"SKIP","floor":4},{"not_picked":["PlaceholderMod:Sweep+1","PlaceholderMod:Hyperplasia"],"picked":"PlaceholderMod:ConsolidateHit+1","floor":6},{"not_picked":["PlaceholderMod:DoublePoint","PlaceholderMod:CycleAttack+1"],"picked":"PlaceholderMod:ConsolidateHit+1","floor":8},{"not_picked":["PlaceholderMod:Turn","PlaceholderMod:CycleAttack+1"],"picked":"PlaceholderMod:SeverePoisonStrike+1","floor":10},{"not_picked":["PlaceholderMod:ContinueSpray+1","PlaceholderMod:DirectingGroup","PlaceholderMod:NearChange"],"picked":"SKIP","floor":12},{"not_picked":["PlaceholderMod:SpinBlade+1","PlaceholderMod:ThreeBenzyolStart","PlaceholderMod:EvolutionSpray+1"],"picked":"SKIP","floor":14},{"not_picked":["PlaceholderMod:MultiReaction","PlaceholderMod:GrowthForm"],"picked":"PlaceholderMod:Activation","floor":16},{"not_picked":["PlaceholderMod:RadicalHit+1","PlaceholderMod:SprayAttack+1","PlaceholderMod:AttackAsDefend+1"],"picked":"SKIP","floor":18},{"not_picked":["PlaceholderMod:InnerStable","PlaceholderMod:DiffusionChemical","PlaceholderMod:SevereHeat"],"picked":"SKIP","floor":22},{"not_picked":["PlaceholderMod:Crystallization","PlaceholderMod:StrongAcid","PlaceholderMod:HornyBlast+1"],"picked":"SKIP","floor":23},{"not_picked":["PlaceholderMod:HardStrike+1","PlaceholderMod:AngryAttack+1","PlaceholderMod:DissolvingSpikes+1"],"picked":"SKIP","floor":24},{"not_picked":["PlaceholderMod:TriggerStrike+1","PlaceholderMod:AbsorbTouch+1"],"picked":"PlaceholderMod:Inner","floor":27},{"not_picked":["PlaceholderMod:HardStrike+1","PlaceholderMod:SeverePoisonStrike+1","PlaceholderMod:ParasiteChange"],"picked":"SKIP","floor":29},{"not_picked":["PlaceholderMod:Hard+1","PlaceholderMod:HardStrike+1"],"picked":"PlaceholderMod:FastReaction+1","floor":31},{"not_picked":["PlaceholderMod:ReactionCatalyze+1","PlaceholderMod:InnerSoften+1"],"picked":"PlaceholderMod:SelfCoupling","floor":33},{"not_picked":["PlaceholderMod:Polyp+1","PlaceholderMod:StrongAcid+1","PlaceholderMod:RadicalHit+1"],"picked":"SKIP","floor":35},{"not_picked":["PlaceholderMod:SpinBlade+1","PlaceholderMod:SelectReaction+1","PlaceholderMod:Internalization+1"],"picked":"SKIP","floor":39},{"not_picked":["PlaceholderMod:Stratification+1","PlaceholderMod:CrystallizationStrike+1","PlaceholderMod:PoisonExcitation+1"],"picked":"SKIP","floor":40},{"not_picked":["PlaceholderMod:SpinBlade+1","PlaceholderMod:Internalization+1","PlaceholderMod:SprayAttack+1"],"picked":"SKIP","floor":45}],"player_experience":615111,"relics_obtained":[{"floor":6,"key":"PreservedInsect"},{"floor":8,"key":"Gremlin Food"},{"floor":9,"key":"Art of War"},{"floor":10,"key":"Potion Belt"},{"floor":21,"key":"Dream Catcher"},{"floor":23,"key":"AT_BellDemon"},{"floor":24,"key":"Bronze Scales"},{"floor":25,"key":"reliquary:Knoch"},{"floor":26,"key":"reliquary:RoseTintedGlasses"},{"floor":27,"key":"AT_MibuBalloonWealth"},{"floor":27,"key":"AT_DeathDance"},{"floor":28,"key":"Toy Ornithopter"},{"floor":29,"key":"Blood Vial"},{"floor":29,"key":"Omamori"},{"floor":31,"key":"Mummified Hand"},{"floor":32,"key":"FossilizedHelix"},{"floor":33,"key":"reliquary:PurpleTingedLeaf"},{"floor":35,"key":"AT_BladeRuinedKing"},{"floor":37,"key":"Bottled Lightning"},{"floor":39,"key":"Whetstone"},{"floor":40,"key":"Calipers"},{"floor":40,"key":"reliquary:BoilingFlask"},{"floor":42,"key":"reliquary:Sideboard"},{"floor":44,"key":"Bottled Tornado"},{"floor":45,"key":"Blue Doll"},{"floor":46,"key":"Replay:Baseball"},{"floor":48,"key":"Thread and Needle"},{"floor":49,"key":"StoneCalendar"}],"event_choices":[{"damage_healed":0,"gold_gain":0,"player_choice":"Upgraded","damage_taken":0,"max_hp_gain":0,"max_hp_loss":0,"event_name":"Upgrade Shrine","floor":5,"gold_loss":0,"cards_upgraded":["PlaceholderMod:QualitativeChange"]},{"damage_healed":0,"gold_gain":0,"player_choice":"Got Potions","damage_taken":0,"max_hp_gain":0,"max_hp_loss":0,"event_name":"Lab","floor":19,"gold_loss":0},{"damage_healed":0,"gold_gain":0,"player_choice":"Ignored","damage_taken":0,"max_hp_gain":0,"max_hp_loss":0,"event_name":"Golden Shrine","floor":41,"gold_loss":0}],"is_beta":false,"boss_relics":[{"not_picked":["Busted Crown","Pandora\u0027s Box"],"picked":"SacredBark"},{"not_picked":["AT_TrinityForce","Black Star"],"picked":"SlaversCollar"}],"items_purged_floors":[2,11,20,30,30,36,47,47],"is_endless":false,"potions_floor_spawned":[8,10,12,14,18,23,31,39,40],"ascension_level":3}}