{"host":"hkj1blq6xqcrzx6o","time":1612534326,"event":{"mods":["Act Like it!","BaseMod","Downfall","Gensokyo","Lobotomy","Marisa£®ÏF”Í°°ƒß¿Ì…≥£©","Minty Spire (QoL Compilation)","Quick Restart","Reimu£®≤©¿ˆ¡È√Œ£©","Remilia£®¿Ÿ√◊¿Ú—«£©","Replay The Spire","StSLib","The Servant 0.9.4","Youmu£®ªÍ∆«—˝√Œ£©"],"gold_per_floor":[109,109,109,123,48,74,74,89,113,113,113,144,159,176,176,274,274,284,284,24,68,88,107,107,125,151,151,151],"floor_reached":27,"language":"ZHS","playtime":1151,"items_purged":[],"score":223,"play_id":"9281f136-399d-482e-954f-e86ff254a86b","local_time":"20210205221206","is_ascension_mode":false,"campfire_choices":[{"floor":7,"key":"REST"},{"floor":11,"key":"REST"},{"floor":24,"key":"REST"}],"circlet_count":0,"master_deck":["Strike_YM","Strike_YM","Strike_YM","Strike_YM","Defend_YM","Defend_YM","Defend_YM","Defend_YM","SlashOfPresentWorld","WheelOfPainOfLivingAndDead","HeavenSword","HeartExcerptSlash","Gensokyo:CrescentMoonSlash","HumanKnowledgeSword","DoubleWheelOfPain","GhostSword","PretaSword","Hallucinations","TransmigrationSlash","EchoesOfTheInclemencyOfAllBeings","SpiderLilyBurial","IrresoluteSoul","TwoHundredYojanaInOneSlash","SlashOfTheEternalFuture","HeavenlyHaloSlash","Gensokyo:AllTheWorldsEvil","SuddenPhantomFormationSlashOfKarmicWind","SuddenPhantomFormationSlashOfKarmicWind","DispleasureOfTheSevenHakus+1","CherryBlossomFlashing","FastingOfTheYoungPreta","SwordExtraction+1"],"relics":["HalfPhantom","Roukanken","Replay:Baseball","ReplayTheSpireMod:Ring of Collecting","Chameleon Ring","ChewingGum","Regal Pillow","Ring of Hypnosis","Dream Catcher"],"acts_visited":["Exordium","Gensokyo:Gensokyo"],"potions_floor_usage":[6,16,16,23],"damage_taken":[{"damage":11,"enemies":"Gensokyo:Gryphon","floor":1,"turns":4},{"damage":0,"enemies":"Gensokyo:3_Fairies","floor":4,"turns":3},{"damage":18,"enemies":"Gensokyo:Cirno","floor":6,"turns":6},{"damage":1,"enemies":"Gensokyo:Python","floor":8,"turns":3},{"damage":14,"enemies":"Gensokyo:Mamizou","floor":12,"turns":8},{"damage":2,"enemies":"Gensokyo:5_Fairies","floor":13,"turns":3},{"damage":1,"enemies":"Gensokyo:Kitsune","floor":14,"turns":2},{"damage":33,"enemies":"Gensokyo:Reimu","floor":16,"turns":5},{"damage":30,"enemies":"Gensokyo:3_Dogs","floor":18,"turns":4},{"damage":15,"enemies":"Gensokyo:AngelMirror","floor":22,"turns":3},{"damage":37,"enemies":"Gensokyo:Slime_Group","floor":23,"turns":3},{"damage":15,"enemies":"Gensokyo:Wraith","floor":25,"turns":4},{"damage":32,"enemies":"Gensokyo:Swordslinger","floor":27,"turns":1}],"seed_played":"4405896545003373155","potions_obtained":[{"floor":1,"key":"PowerPotion"},{"floor":13,"key":"Block Potion"},{"floor":14,"key":"CausticAgent"},{"floor":21,"key":"Explosive Potion"},{"floor":21,"key":"ZuzhouPotion:ReiMu"},{"floor":25,"key":"Cursed Concoction"}],"is_trial":false,"path_per_floor":["M","?","?","M","$","E","R","M","T","?","R","E","M","M","R","B",null,"M","?","$","?","M","M","R","M","T","M"],"character_chosen":"YOUMU","items_purchased":["DoubleWheelOfPain","Regal Pillow","SuddenPhantomFormationSlashOfKarmicWind","PowerPotion"],"campfire_rested":3,"item_purchase_floors":[5,20,20,20],"current_hp_per_floor":[43,32,32,32,32,14,36,35,35,35,57,43,51,50,50,17,75,45,45,45,45,30,9,46,31,31,0,0],"gold":151,"neow_bonus":"THREE_RARE_CARDS","is_daily":false,"chose_seed":false,"campfire_upgraded":0,"win_rate":0.0,"timestamp":1612534326,"path_taken":["M","?","?","M","$","E","R","M","T","?","R","E","M","M","R","BOSS","M","?","$","?","M","?","R","M","T","M"],"items_purchased_type":["Card","Relic","Card","Potion"],"build_version":"2020-12-22","purchased_purges":0,"victory":false,"max_hp_per_floor":[75,75,75,75,75,75,75,75,75,75,75,75,75,75,75,75,75,75,75,75,75,75,75,75,75,75,75,75],"card_choices":[{"not_picked":["WickedSoul","ReincarnationSword"],"picked":"HeavenSword","floor":0},{"not_picked":["ThoughtCuttingSword","FourBirthsSword"],"picked":"HeartExcerptSlash","floor":1},{"not_picked":["FlashingScatteredFlowers","SwordOfBindingDesires"],"picked":"HumanKnowledgeSword","floor":4},{"not_picked":["PhosphoricSlash","LifeCuttingSword"],"picked":"GhostSword","floor":6},{"not_picked":["FlashingScatteredFlowers","SlashOfDepartureFromHesitation"],"picked":"PretaSword","floor":8},{"not_picked":["HeartExcerptSlash","TenKingsRetributionOnThePreta"],"picked":"TransmigrationSlash","floor":12},{"not_picked":["SlashOfMeditation","SanzenSekai"],"picked":"EchoesOfTheInclemencyOfAllBeings","floor":13},{"not_picked":["EchoesOfTheInclemencyOfAllBeings","DispleasureOfTheSevenHakus"],"picked":"SpiderLilyBurial","floor":14},{"not_picked":["TwoHundredYojanaInOneSlash","TenKingsRetributionOnThePreta"],"picked":"IrresoluteSoul","floor":15},{"not_picked":["HumanKnowledgeSword","EchoesOfTheInclemencyOfAllBeings"],"picked":"TwoHundredYojanaInOneSlash","floor":15},{"not_picked":["HeavenGodSword","DeadlyForm"],"picked":"SlashOfTheEternalFuture","floor":16},{"not_picked":["SpiritCuttingSword","TwoHundredYojanaInOneSlash"],"picked":"HeavenlyHaloSlash","floor":18},{"not_picked":["LifeCuttingSword","ConstancyOfTheConventionalTruth"],"picked":"DispleasureOfTheSevenHakus+1","floor":21},{"not_picked":["KarmicPunishmentOfTheIdleAndUnfocused","SanzenSekai+1"],"picked":"CherryBlossomFlashing","floor":22},{"not_picked":["SlashOfMeditation","LifeCuttingSword+1"],"picked":"FastingOfTheYoungPreta","floor":23},{"not_picked":["TwoHundredYojanaInOneSlash","CrescentMoonSlash+1"],"picked":"SwordExtraction+1","floor":25}],"player_experience":41208,"relics_obtained":[{"floor":6,"key":"Roukanken"},{"floor":9,"key":"Replay:Baseball"},{"floor":10,"key":"ReplayTheSpireMod:Ring of Collecting"},{"floor":12,"key":"Chameleon Ring"},{"floor":26,"key":"Ring of Hypnosis"},{"floor":26,"key":"Dream Catcher"}],"event_choices":[],"is_beta":false,"boss_relics":[{"not_picked":["Sozu","Replay:Drink Me"],"picked":"ChewingGum"}],"items_purged_floors":[],"is_endless":false,"potions_floor_spawned":[1,13,14,25],"killed_by":"Gensokyo:Swordslinger","ascension_level":0}}