{"host":"Ringo","time":1612534985,"event":{"mods":["BaseMod","Colored Map","Conspire","Dota2Spire","Hubris","Minty Spire (QoL Compilation)","Replay The Spire","StSLib","The Construct","[IsaacMod]ÒÔÈö¼âËþ","¡¾ÒÅÎï¿¨ÅÆ¡¿REMEMod"],"gold_per_floor":[118,128,144,159,220,274,310,347,347,423,456,494,494,536,536,619,619,635,17,17,42,65,98,139,173,173,206,237,295,329,374,374,451,451,465,62,104,126,0,61,145,199,199,240,334,389,439,1,19,79,82],"floor_reached":52,"language":"ZHS","playtime":1807,"items_purged":["Pot Of Greed"],"score":4215,"play_id":"785de294-757e-4afd-82d7-603d259a7630","local_time":"20210205222305","daily_mods":["SealedDeck","Vintage","Heirloom","Time Dilation","Flight","DeadlyEvents","Elite Swarm","Lethality","Binary"],"is_ascension_mode":true,"campfire_choices":[{"data":"Flechettes","floor":13,"key":"SMITH"},{"data":"Hidden Blade","floor":15,"key":"SMITH"},{"data":"Pot Of Greed","floor":32,"key":"SMITH"},{"data":"Backstab","floor":49,"key":"SMITH"}],"circlet_count":0,"master_deck":["AscendersBane","Endless Agony+1","Deflect+1","PiercingWail","Sucker Punch","Flechettes+1","Hidden Blade+1","Underhanded Strike","Acrobatics","Dagger Spray+1","Dagger Throw","construct:LongRangeLance+1","Blade Dance+1","Choke+1","Footwork+1","Pot Of Greed+1","REME_ACTH","Backstab+1","Anger","Reaper","Juggernaut","Demonic Infusion","Immolate","Eclipse","conspire:HitWhereItHurts","Brutality","Master of Strategy","Terror","Infinite Blades","Quick Slash","Purity","Eclipse"],"relics":["Ring of the Snake","Busted Crown","HushsDoor","REME_ComplimentaryCards","replay:Trail_Library","conspire:GlowingRock","D6","Replay:Bottled Snecko","hubris:TinFlute","Centennial Puzzle","REME_ArchaeologicalTools","Replay:Ringing Soul","DeathBook","Gremlin Food","Dota2Spire:Mjollnir","Bag of Preparation","Happy Flower","Replay:PocketPolymizer","Boot","Bird Faced Urn","Black Star","SatanicBible","Smiling Mask","Guide Book","Dota2Spire:MagicBottle","Black Star","Leech","construct:FoamFinger","Kunai","War Paint","Dota2Spire:MonkeyKingBar","Pet Ghost","Replay:Wax Seal","Dota2Spire:LotusOrb","White Beast Statue","Toy Ornithopter","CeramicFish","Grinning Jar","hubris:DisguiseKit","Nunchaku","Du-Vu Doll","Bottled Flame","Painkiller Herb","Art of War","Akabeko","Orichalcum","hubris:BundleOfHerbs","Lantern","Red Mask","GuppysTail","Dota2Spire:HandOfMidas","Quantum Egg","REME_HourglassOfDeath","Counterbalance","hubris:ToyBattleship","Replay:Bottled Steam","BloodDonationMachine","Mirror","Garlic","Replay:Towering Pillar of Hats","Blue Candle","ReplayTheSpireMod:Lightbulb","Oddly Smooth Stone","hubris:BottledRain"],"acts_visited":["Exordium","TheCity","TheBeyond"],"potions_floor_usage":[6,10,16,16,23,29,29,33,33,40,41,44,45,51,51],"damage_taken":[{"damage":0,"enemies":"2 Louse","floor":1,"turns":1},{"damage":0,"enemies":"Small Slimes","floor":2,"turns":1},{"damage":0,"enemies":"Cultist","floor":3,"turns":1},{"damage":0,"enemies":"Exordium Wildlife","floor":4,"turns":1},{"damage":17,"enemies":"conspire:2 RoseBushes","floor":5,"turns":1},{"damage":0,"enemies":"3 Sentries","floor":6,"turns":2},{"damage":0,"enemies":"Lagavulin","floor":7,"turns":2},{"damage":0,"enemies":"Gremlin Nob","floor":8,"turns":2},{"damage":0,"enemies":"Lagavulin","floor":10,"turns":2},{"damage":0,"enemies":"Gremlin Nob","floor":11,"turns":2},{"damage":0,"enemies":"3 Sentries","floor":12,"turns":2},{"damage":0,"enemies":"Lagavulin","floor":14,"turns":1},{"damage":0,"enemies":"Hexaghost","floor":16,"turns":1},{"damage":0,"enemies":"conspire:FuzzyDice","floor":18,"turns":2},{"damage":0,"enemies":"Spheric Guardian","floor":21,"turns":1},{"damage":0,"enemies":"Chosen and Byrds","floor":22,"turns":1},{"damage":0,"enemies":"Replay:Snechameleon","floor":23,"turns":1},{"damage":0,"enemies":"Book of Stabbing","floor":24,"turns":1},{"damage":0,"enemies":"Gremlin Leader","floor":25,"turns":1},{"damage":0,"enemies":"REME_1_Revenger","floor":27,"turns":1},{"damage":0,"enemies":"Replay:Snechameleon","floor":28,"turns":1},{"damage":0,"enemies":"conspire:Head Lice","floor":29,"turns":2},{"damage":0,"enemies":"Slavers","floor":30,"turns":1},{"damage":0,"enemies":"conspire:Head Lice","floor":31,"turns":2},{"damage":0,"enemies":"Collector","floor":33,"turns":1},{"damage":0,"enemies":"3 Shapes","floor":35,"turns":1},{"damage":0,"enemies":"Orb Walker","floor":38,"turns":1},{"damage":0,"enemies":"R_Hoarder","floor":40,"turns":2},{"damage":0,"enemies":"Giant Head","floor":41,"turns":1},{"damage":0,"enemies":"R_Hoarder","floor":42,"turns":2},{"damage":0,"enemies":"Reptomancer","floor":44,"turns":1},{"damage":0,"enemies":"R_Hoarder","floor":45,"turns":2},{"damage":0,"enemies":"Reptomancer","floor":46,"turns":1},{"damage":0,"enemies":"R_Hoarder","floor":47,"turns":2},{"damage":0,"enemies":"Awakened One","floor":50,"turns":2},{"damage":0,"enemies":"Time Eater","floor":51,"turns":1}],"seed_played":"-5135227166718566141","potions_obtained":[{"floor":1,"key":"SteroidPotion"},{"floor":5,"key":"Fire Potion"},{"floor":8,"key":"REME_GoldPotion"},{"floor":10,"key":"ColorlessPotion"},{"floor":16,"key":"Fire Potion"},{"floor":21,"key":"Dota2Spire:HealingSalve"},{"floor":23,"key":"Dexterity Potion"},{"floor":29,"key":"Fruit Juice"},{"floor":30,"key":"SteroidPotion"},{"floor":31,"key":"SpeedPotion"},{"floor":33,"key":"SkillPotion"},{"floor":35,"key":"Strength Potion"},{"floor":40,"key":"Block Potion"},{"floor":41,"key":"Fruit Juice"},{"floor":42,"key":"BlessingOfTheForge"},{"floor":44,"key":"Weak Potion"},{"floor":45,"key":"CultistPotion"},{"floor":46,"key":"PowerPotion"},{"floor":47,"key":"Adrenaline Potion"}],"is_trial":true,"path_per_floor":["M","M","M","M","M","E","E","E","T","E","E","E","R","E","R","B",null,"M","$","?","M","M","E","E","E","T","E","E","E","E","E","R","B",null,"?","T","?","?","?","E","E","E","T","E","E","E","E","T","T","B","B",null],"character_chosen":"THE_SILENT","items_purchased":["SatanicBible","Choke+1","Diplopia","Guide Book","Footwork+1","Akabeko","Orichalcum","Backstab","Master of Strategy","Terror","Infinite Blades","Quick Slash"],"campfire_rested":0,"item_purchase_floors":[17,19,19,19,19,36,36,36,48,48,48,48],"current_hp_per_floor":[59,59,59,59,42,42,42,42,42,42,42,42,45,45,45,47,56,56,59,59,59,61,61,61,62,62,62,62,70,70,73,73,73,73,73,76,79,79,79,82,90,93,93,96,99,102,105,108,111,111,111],"gold":82,"neow_bonus":"","is_daily":false,"chose_seed":false,"campfire_upgraded":4,"win_rate":0.0,"timestamp":1612534985,"path_taken":["M","M","M","M","M","E","E","E","T","E","E","E","R","E","R","BOSS","M","$","?","M","M","E","E","E","T","E","E","E","E","E","R","BOSS","?","T","?","?","?","E","E","E","T","E","E","E","E","T","T","BOSS","BOSS"],"items_purchased_type":["Relic","Card","Relic","Relic","Card","Relic","Relic","Card","Card","Card","Card","Card"],"build_version":"2020-12-18","purchased_purges":1,"victory":true,"max_hp_per_floor":[66,66,66,66,66,66,66,66,66,66,66,66,69,69,69,69,59,59,62,62,62,62,62,62,62,62,62,62,70,70,73,73,73,73,73,76,79,79,79,82,90,93,93,96,99,102,105,108,111,111,111],"card_choices":[{"not_picked":[],"picked":"Bomb","floor":0},{"not_picked":[],"picked":"REME_ACTH","floor":31},{"not_picked":[],"picked":"Anger","floor":37},{"not_picked":[],"picked":"Reaper","floor":40},{"not_picked":[],"picked":"Juggernaut","floor":41},{"not_picked":[],"picked":"Demonic Infusion","floor":42},{"not_picked":[],"picked":"Immolate","floor":44},{"not_picked":[],"picked":"Eclipse","floor":45},{"not_picked":[],"picked":"conspire:HitWhereItHurts","floor":46},{"not_picked":[],"picked":"Brutality","floor":47}],"player_experience":636794,"relics_obtained":[{"floor":1,"key":"Replay:Bottled Snecko"},{"floor":2,"key":"hubris:TinFlute"},{"floor":3,"key":"Centennial Puzzle"},{"floor":4,"key":"REME_ArchaeologicalTools"},{"floor":5,"key":"Replay:Ringing Soul"},{"floor":6,"key":"DeathBook"},{"floor":7,"key":"Gremlin Food"},{"floor":8,"key":"Dota2Spire:Mjollnir"},{"floor":9,"key":"Bag of Preparation"},{"floor":10,"key":"Happy Flower"},{"floor":11,"key":"Replay:PocketPolymizer"},{"floor":12,"key":"Boot"},{"floor":14,"key":"Bird Faced Urn"},{"floor":18,"key":"Smiling Mask"},{"floor":21,"key":"Dota2Spire:MagicBottle"},{"floor":22,"key":"Leech"},{"floor":23,"key":"construct:FoamFinger"},{"floor":23,"key":"Kunai"},{"floor":24,"key":"War Paint"},{"floor":24,"key":"Dota2Spire:MonkeyKingBar"},{"floor":26,"key":"Pet Ghost"},{"floor":27,"key":"Replay:Wax Seal"},{"floor":27,"key":"Dota2Spire:LotusOrb"},{"floor":28,"key":"White Beast Statue"},{"floor":28,"key":"Toy Ornithopter"},{"floor":29,"key":"CeramicFish"},{"floor":29,"key":"Grinning Jar"},{"floor":30,"key":"hubris:DisguiseKit"},{"floor":30,"key":"Nunchaku"},{"floor":31,"key":"Du-Vu Doll"},{"floor":31,"key":"Bottled Flame"},{"floor":35,"key":"Art of War"},{"floor":37,"key":"hubris:BundleOfHerbs"},{"floor":38,"key":"Lantern"},{"floor":40,"key":"GuppysTail"},{"floor":40,"key":"Dota2Spire:HandOfMidas"},{"floor":41,"key":"Quantum Egg"},{"floor":41,"key":"REME_HourglassOfDeath"},{"floor":42,"key":"Counterbalance"},{"floor":42,"key":"hubris:ToyBattleship"},{"floor":43,"key":"Replay:Bottled Steam"},{"floor":44,"key":"BloodDonationMachine"},{"floor":44,"key":"Mirror"},{"floor":45,"key":"Garlic"},{"floor":45,"key":"Replay:Towering Pillar of Hats"},{"floor":46,"key":"Blue Candle"},{"floor":46,"key":"ReplayTheSpireMod:Lightbulb"},{"floor":47,"key":"Oddly Smooth Stone"},{"floor":47,"key":"hubris:BottledRain"}],"event_choices":[{"damage_healed":0,"gold_gain":0,"player_choice":"Paid","damage_taken":0,"relics_obtained":["Red Mask"],"max_hp_gain":0,"max_hp_loss":0,"event_name":"Tomb of Lord Red Mask","floor":39,"gold_loss":126}],"is_beta":true,"boss_relics":[{"not_picked":["Snecko Eye","Astrolabe"],"picked":"Black Star"},{"not_picked":[]},{"not_picked":["Sozu","Velvet Choker"],"picked":"Painkiller Herb"},{"not_picked":[]}],"items_purged_floors":[48],"is_endless":false,"potions_floor_spawned":[1,5,8,10,12,16,21,23,29,30,31,33,35,38,40,41,42,44,45,46,47],"ascension_level":20}}