{"host":"yd2pjkbo7craqw2u","time":1612533544,"event":{"mods":["Aspiration","BaseMod","Colored Powertips","Conspire","Downfall","Highlight Path","Marisa£®ÏF”Í°°ƒß¿Ì…≥£©","Minty Spire (QoL Compilation)","Practice Mode","Quick Restart","Replay The Spire","Shop Mod","StSLib","SuperFastMode"],"gold_per_floor":[116,66,101,101,129,129,129,150,150,172,172,205,205,52,52,167,167,203,183,183,183,183],"floor_reached":21,"language":"ZHS","playtime":963,"items_purged":[],"score":224,"play_id":"e025c936-f4fb-40fd-b686-8c36e9b0df59","local_time":"20210205215904","is_ascension_mode":true,"campfire_choices":[{"data":"Eruption","floor":7,"key":"SMITH"},{"floor":13,"key":"REST"}],"circlet_count":0,"master_deck":["Strike_P","Strike_P","Strike_P","Strike_P","Defend_P","Defend_P","Defend_P","Defend_P","Eruption+1","Vigilance+1","Evaluate","conspire:SpireCoStock","EmptyBody","Replay:Battleflow","FollowUp","Replay:Vibes+1","InnerPeace","ConjureBlade","downfall:Bewildered"],"relics":["PureWater","aspiration:DSix","Oddly Smooth Stone","Anchor","MerchantsRug","Fusion Hammer","sneckomod:BabySnecko"],"acts_visited":["Exordium","TheCity"],"potions_floor_usage":[12,16,16],"damage_taken":[{"damage":11,"enemies":"Jaw Worm","floor":1,"turns":5},{"damage":8,"enemies":"2 Louse","floor":3,"turns":4},{"damage":6,"enemies":"Small Slimes","floor":5,"turns":4},{"damage":30,"enemies":"Gremlin Gang","floor":8,"turns":5},{"damage":6,"enemies":"3 Louse","floor":10,"turns":5},{"damage":0,"enemies":"Lagavulin","floor":12,"turns":10},{"damage":6,"enemies":"Slime Boss","floor":16,"turns":9},{"damage":30,"enemies":"3 Byrds","floor":18,"turns":7},{"damage":12,"enemies":"2 Thieves","floor":19,"turns":4},{"damage":24,"enemies":"3 Cultists","floor":21,"turns":5}],"seed_played":"-6492601210988401565","potions_obtained":[{"floor":1,"key":"LifebloodPotion"},{"floor":8,"key":"Weak Potion"},{"floor":10,"key":"GamblersBrew"},{"floor":19,"key":"Guardian:BlockOnCardUsePotion"}],"is_trial":false,"path_per_floor":["M","?","M","$","M","$","R","M","T","M","?","E","R","$","R","B",null,"M","M","?","M"],"character_chosen":"WATCHER","items_purchased":["MerchantsRug"],"campfire_rested":1,"item_purchase_floors":[14],"current_hp_per_floor":[54,54,46,46,40,40,40,10,10,4,4,4,23,23,23,17,65,35,23,23,0,0],"gold":183,"neow_bonus":"ONE_RARE_RELIC","is_daily":false,"chose_seed":false,"campfire_upgraded":1,"win_rate":0.0,"timestamp":1612533544,"path_taken":["M","?","M","$","M","$","R","M","T","M","?","E","R","$","R","BOSS","M","?","?","M"],"items_purchased_type":["Relic"],"build_version":"2020-12-22","purchased_purges":0,"victory":false,"max_hp_per_floor":[65,65,65,65,65,65,65,65,65,65,65,65,65,65,65,65,65,65,65,65,65,65],"card_choices":[{"not_picked":["LikeWater","Protect"],"picked":"Evaluate","floor":1},{"not_picked":["Replay:BluntJabs","WaveOfTheHand"],"picked":"EmptyBody","floor":3},{"not_picked":["BowlingBash","Collect"],"picked":"CrushJoints","floor":5},{"not_picked":["Crescendo","Protect"],"picked":"Replay:Battleflow","floor":8},{"not_picked":["Protect","DeusExMachina"],"picked":"FollowUp","floor":10},{"not_picked":["FollowUp","Halt"],"picked":"InnerPeace","floor":12},{"not_picked":["Judgement","Establishment"],"picked":"ConjureBlade","floor":16},{"not_picked":["Replay:Battleflow","JustLucky","Nirvana"],"picked":"SKIP","floor":18},{"not_picked":["JustLucky","Crescendo","Worship"],"picked":"SKIP","floor":19}],"player_experience":296604,"relics_obtained":[{"floor":9,"key":"Oddly Smooth Stone"},{"floor":12,"key":"Anchor"}],"event_choices":[{"damage_healed":0,"gold_gain":0,"player_choice":"Invest 1","damage_taken":0,"max_hp_gain":0,"max_hp_loss":0,"event_name":"conspire:Investor","floor":2,"gold_loss":0},{"damage_healed":0,"gold_gain":0,"player_choice":"Grow","damage_taken":0,"max_hp_gain":0,"max_hp_loss":0,"event_name":"Living Wall","floor":15,"gold_loss":0,"cards_upgraded":["Vigilance"]}],"is_beta":false,"boss_relics":[{"not_picked":["Philosopher\u0027s Stone","Empty Cage"],"picked":"Fusion Hammer"}],"items_purged_floors":[],"is_endless":false,"potions_floor_spawned":[1,8,10,19],"killed_by":"3 Cultists","ascension_level":2}}