{"host":"n9lc5i44t98l6pio","time":1612542611,"event":{"mods":["BaseMod","Curses Come First","Downfall","Minty Spire (QoL Compilation)","Replay The Spire","Say the Spire","StSLib"],"gold_per_floor":[0,18,18,3,0,0,0,10,41,60,60,70,55,55,71,171,171,171,191,210,210,210,210],"floor_reached":21,"language":"ENG","playtime":958,"items_purged":[],"score":179,"play_id":"6f886ebd-f44d-4e6b-8046-0ff4f90d0a87","local_time":"20210205173011","is_ascension_mode":false,"campfire_choices":[{"data":"Mayhem","floor":1.0,"key":"SMITH"},{"data":"hexamod:Sear","floor":6.0,"key":"SMITH"},{"floor":18,"key":"DIG"}],"circlet_count":0,"master_deck":["hexamod:Strike","hexamod:Strike","hexamod:Strike","hexamod:Strike","hexamod:Defend","hexamod:Defend","hexamod:Defend","hexamod:Defend","hexamod:Sear+1","hexamod:Float","Mayhem+1","hexamod:EtherealExpedition","hexamod:FirstSeal","hexamod:WildfireWeapon","hexamod:Firestarter","hexamod:StepThrough","hexamod:HexaLevel","Regret","hexamod:StepThrough","hexamod:FlamesFromBeyond","hexamod:SoulSteal","hexamod:UnlimitedPower","hexamod:SuperheatedStrike","hexamod:NightmareGuise"],"relics":["hexamod:UnbrokenSoul","Happy Flower","Potion Belt","Replay:Bottled Snecko","Smiling Mask","Nunchaku"],"acts_visited":["Exordium","TheCity"],"potions_floor_usage":[16,16,16],"damage_taken":[{"damage":6.0,"enemies":"Jaw Worm","floor":2.0,"turns":3.0},{"damage":0.0,"enemies":"downfall:FleeingMerchant","floor":4.0,"turns":4.0},{"damage":0.0,"enemies":"downfall:FleeingMerchant","floor":5.0,"turns":4.0},{"damage":1.0,"enemies":"Cultist","floor":8.0,"turns":4.0},{"damage":22.0,"enemies":"Replay:BlueRogue","floor":9.0,"turns":4.0},{"damage":0.0,"enemies":"Small Slimes","floor":10.0,"turns":3.0},{"damage":5.0,"enemies":"Blue Slaver","floor":12.0,"turns":3.0},{"damage":17.0,"enemies":"downfall:FleeingMerchant","floor":13.0,"turns":4.0},{"damage":9.0,"enemies":"3 Louse","floor":15.0,"turns":4.0},{"damage":15,"enemies":"WA_ARCHETYPE_RETAIN","floor":16,"turns":5},{"damage":33,"enemies":"Spheric Guardian","floor":19,"turns":6},{"damage":14,"enemies":"Shell Parasite","floor":20,"turns":3},{"damage":31,"enemies":"Chosen and Byrds","floor":21,"turns":5}],"seed_played":"-631946302012453672","potions_obtained":[{"floor":8.0,"key":"Cursed Concoction"},{"floor":9.0,"key":"FearPotion"},{"floor":12.0,"key":"SpeedPotion"},{"floor":15.0,"key":"Strength Potion"},{"floor":20,"key":"Languid Potion"}],"is_trial":false,"path_per_floor":["R","M","?","$","$","R","T","M","E","M","?","M","$","?","M","B",null,"R","M","M","M"],"character_chosen":"THE_SPIRIT","items_purchased":[],"campfire_rested":0,"item_purchase_floors":[],"current_hp_per_floor":[70,64,64,64,70,70,70,70,55,55,55,57,47,44,42,27,70,70,44,30,0,0,0],"gold":210,"neow_bonus":"RANDOM_COLORLESS_2","is_daily":false,"chose_seed":false,"campfire_upgraded":2,"win_rate":0.0,"timestamp":1612542611,"path_taken":["R","M","?","?","$","R","T","?","E","M","?","M","$","?","M","BOSS","R","M","M","M"],"items_purchased_type":[],"build_version":"2020-12-22","purchased_purges":0,"victory":false,"max_hp_per_floor":[70,70,70,70,70,70,70,70,70,70,70,70,70,70,70,70,70,70,70,70,70,70,70],"card_choices":[{"not_picked":["Master of Strategy","ReplayTheSpireMod:Brewmster"],"picked":"Mayhem","floor":0.0},{"not_picked":["hexamod:HauntingEcho","hexamod:CatchUp"],"picked":"hexamod:EtherealExpedition","floor":2.0},{"not_picked":["hexamod:Hexaguard","hexamod:TurnItUp"],"picked":"hexamod:FirstSeal","floor":4.0},{"not_picked":["hexamod:GhostShield","hexamod:SuperheatedStrike"],"picked":"hexamod:WildfireWeapon","floor":5.0},{"not_picked":["hexamod:HauntingEcho","hexamod:SwordOfDarkness"],"picked":"hexamod:Firestarter","floor":8.0},{"not_picked":["hexamod:Again","hexamod:SpectersWail"],"picked":"hexamod:StepThrough","floor":9.0},{"not_picked":["hexamod:NightmareGuise","hexamod:SuperheatedStrike"],"picked":"hexamod:HexaLevel","floor":10.0},{"not_picked":["hexamod:SpectralSpark","hexamod:FlamesFromBeyond"],"picked":"hexamod:StepThrough","floor":12.0},{"not_picked":["hexamod:HauntingEcho","hexamod:HeatMetal"],"picked":"hexamod:FlamesFromBeyond","floor":13.0},{"not_picked":["hexamod:ApocalypseNow","hexamod:Hexaguard"],"picked":"hexamod:SoulSteal","floor":15.0},{"not_picked":["hexamod:TimeWarp","hexamod:ForkedFlame"],"picked":"hexamod:UnlimitedPower","floor":16},{"not_picked":["hexamod:GhostOfSpirePast","hexamod:SpectralAdrenaline+1"],"picked":"hexamod:SuperheatedStrike","floor":19},{"not_picked":["hexamod:InspiringFlames","hexamod:PhantomCloak"],"picked":"hexamod:NightmareGuise","floor":20}],"player_experience":246697,"relics_obtained":[{"floor":7.0,"key":"Happy Flower"},{"floor":9.0,"key":"Potion Belt"},{"floor":18,"key":"Nunchaku"}],"event_choices":[{"damage_healed":0.0,"max_hp_gain":0.0,"max_hp_loss":0.0,"gold_gain":0.0,"event_name":"Big Fish","player_choice":"Box","floor":11.0,"gold_loss":0.0,"damage_taken":0.0,"relics_obtained":["Replay:Bottled Snecko"],"cards_obtained":["Regret"]},{"damage_healed":0.0,"max_hp_gain":0.0,"max_hp_loss":0.0,"gold_gain":0.0,"event_name":"Scrap Ooze","player_choice":"Success","floor":14.0,"gold_loss":0.0,"damage_taken":3.0,"relics_obtained":["Smiling Mask"]}],"is_beta":false,"boss_relics":[{"not_picked":["Busted Crown","Kintsugi"],"picked":"hexamod:UnbrokenSoul"}],"items_purged_floors":[],"is_endless":false,"potions_floor_spawned":[8,9,12,15,20],"killed_by":"Chosen and Byrds","ascension_level":0}}