{"host":"1u5b8mzv927aru3b","time":1612519859,"event":{"mods":["AchievementEnabler","BaseMod","Colored Map","Colored Powertips","Downfall","GifTheSpireLib","Googly Eyes","Minty Spire (QoL Compilation)","Quick Restart","Relic Sorter","StSLib","The IronCluck","Unceasing Turn Reminder"],"gold_per_floor":[99,115,131,149,149,163,163,47,65,81,111,129,29,49,67,167,167,167,178,189,189,189,206,233,38,64,64,64,64],"floor_reached":27,"language":"ENG","playtime":1308,"items_purged":[],"score":299,"play_id":"817a0d91-c413-4d2e-b761-09fa59c2ef36","local_time":"20210205141059","is_ascension_mode":true,"campfire_choices":[{"floor":1.0,"key":"RECALL"},{"floor":13,"key":"REST"},{"data":"Guardian:StasisEngine","floor":18,"key":"SMITH"}],"circlet_count":0,"master_deck":["Guardian:Strike_Guardian","Guardian:Strike_Guardian","Guardian:Strike_Guardian","Guardian:Defend_Guardian","Guardian:Defend_Guardian","Guardian:Defend_Guardian","Guardian:Defend_Guardian+1","Guardian:CurlUp","Guardian:TwinSlam","Guardian:ChargeCore","Guardian:ShieldCharger","Guardian:BronzeOrb","Guardian:TemporalStrike","Guardian:ChargeUp","Guardian:Orbwalk","Guardian:ShieldCharger","Guardian:Planning","Guardian:Suspension+1","Guardian:Recover","Guardian:SentryBeam","Guardian:StasisEngine+1","Apotheosis"],"relics":["Snecko Eye","WingedGreaves","CaptainsWheel","downfall:HeartBlessingRed","Black Star","Oddly Smooth Stone","Guardian:DefensiveModeMoreBlock","War Paint"],"acts_visited":["Exordium","TheCity"],"potions_floor_usage":[16,16,25,26],"damage_taken":[{"damage":7.0,"enemies":"Small Slimes","floor":2.0,"turns":3.0},{"damage":1,"enemies":"Cultist","floor":3,"turns":3},{"damage":5,"enemies":"2 Louse","floor":4,"turns":2},{"damage":1,"enemies":"Exordium Wildlife","floor":6,"turns":4},{"damage":0,"enemies":"downfall:FleeingMerchant","floor":8,"turns":4},{"damage":3,"enemies":"Blue Slaver","floor":9,"turns":5},{"damage":24,"enemies":"Lots of Slimes","floor":10,"turns":5},{"damage":14,"enemies":"3 Sentries","floor":11,"turns":10},{"damage":0,"enemies":"Large Slime","floor":12,"turns":6},{"damage":3,"enemies":"Blue Slaver","floor":14,"turns":3},{"damage":7,"enemies":"2 Fungi Beasts","floor":15,"turns":5},{"damage":6,"enemies":"DF_ARCHETYPE_STREAMLINE","floor":16,"turns":7},{"damage":20,"enemies":"3 Byrds","floor":19,"turns":7},{"damage":24,"enemies":"Snecko","floor":20,"turns":7},{"damage":32,"enemies":"Centurion and Healer","floor":23,"turns":9},{"damage":0,"enemies":"downfall:FleeingMerchant","floor":25,"turns":4},{"damage":25,"enemies":"Slavers","floor":26,"turns":9}],"seed_played":"2496912301530455993","potions_obtained":[{"floor":6,"key":"FairyPotion"},{"floor":9,"key":"SteroidPotion"},{"floor":11,"key":"BlessingOfTheForge"},{"floor":12,"key":"CultistPotion"},{"floor":16,"key":"Ancient Potion"},{"floor":20,"key":"GamblersBrew"}],"is_trial":false,"path_per_floor":["R","M","M","M","?","M","T","$","M","M","E","M","R","M","M","B",null,"R","M","M","?","?","M","T","$","E","?"],"character_chosen":"GUARDIAN","items_purchased":["Guardian:Orbwalk","Guardian:ShieldCharger","Apotheosis"],"campfire_rested":1,"item_purchase_floors":[8,8,25],"current_hp_per_floor":[80,73,72,67,67,66,66,66,63,39,25,25,49,46,39,33,68,68,48,24,50,50,18,18,18,22,0,0,0],"gold":64,"neow_bonus":"BOSS_RELIC","is_daily":false,"chose_seed":false,"campfire_upgraded":1,"win_rate":0.0,"timestamp":1612519859,"path_taken":["R","M","M","M","?","?","T","?","M","M","E","?","R","?","M","BOSS","R","M","M","?","?","M","T","$","E","?"],"items_purchased_type":["Card","Card","Card"],"build_version":"2020-12-22","purchased_purges":0,"victory":false,"max_hp_per_floor":[80,80,80,80,80,80,80,80,80,80,80,80,80,80,80,80,80,80,80,80,80,80,80,80,80,80,80,80,80],"card_choices":[{"not_picked":["Guardian:PrimingBeam","Guardian:TemporalStrike"],"picked":"Guardian:ChargeCore","floor":2},{"not_picked":["Guardian:TimeCapacitor","Guardian:TemporalShield"],"picked":"Guardian:ShieldCharger","floor":3},{"not_picked":["Guardian:PiercingHide","Guardian:EvasiveProtocol"],"picked":"Guardian:BronzeOrb","floor":4},{"not_picked":["Guardian:EvasiveProtocol","Guardian:CrystalBeam"],"picked":"Guardian:TemporalStrike","floor":6},{"not_picked":["Guardian:AncientConstruct","Guardian:FastForward"],"picked":"Guardian:ChargeUp","floor":8},{"not_picked":["Guardian:ShieldCharger","Guardian:CrystalBeam"],"picked":"Guardian:Planning","floor":9},{"not_picked":["Guardian:Gem_Red","Guardian:DonusPower"],"picked":"Guardian:Suspension","floor":10},{"not_picked":["Guardian:Gem_Green","Guardian:TimeBomb"],"picked":"Guardian:Recover","floor":11},{"not_picked":["Guardian:TemporalStrike","Guardian:GatlingBeam","Guardian:PiercingHide"],"picked":"SKIP","floor":12},{"not_picked":["Guardian:EvasiveProtocol","Guardian:TemporalShield"],"picked":"Guardian:SentryBeam","floor":14},{"not_picked":["Guardian:PrimingBeam","Guardian:CrystalBeam","Guardian:Gem_Purple"],"picked":"SKIP","floor":15},{"not_picked":["Guardian:HyperBeam_Guardian","Guardian:FierceBash"],"picked":"Guardian:StasisEngine","floor":16},{"not_picked":["Guardian:Clone","Guardian:PiercingHide","Guardian:Gem_Lightblue"],"picked":"SKIP","floor":19},{"not_picked":["Guardian:Gem_Red","Guardian:Gem_Cyan","Guardian:Gem_Yellow"],"picked":"SKIP","floor":20},{"not_picked":["Guardian:ArmoredProtocol","Guardian:VentSteam","Guardian:PiercingHide"],"picked":"SKIP","floor":23},{"not_picked":["Guardian:Gem_Green","Guardian:PrimingBeam","Guardian:ExploitGems"],"picked":"SKIP","floor":25},{"not_picked":["Guardian:RollAttack+1","Guardian:Gem_Lightblue","Guardian:Reroute"],"picked":"SKIP","floor":26}],"player_experience":177509,"relics_obtained":[{"floor":7,"key":"WingedGreaves"},{"floor":11,"key":"CaptainsWheel"},{"floor":24,"key":"Oddly Smooth Stone"},{"floor":26,"key":"Guardian:DefensiveModeMoreBlock"},{"floor":26,"key":"War Paint"}],"event_choices":[{"damage_healed":26,"gold_gain":0,"player_choice":"Heal","damage_taken":0,"max_hp_gain":0,"max_hp_loss":0,"event_name":"The Library","floor":21,"gold_loss":0},{"damage_healed":0,"gold_gain":0,"player_choice":"Ignored","damage_taken":0,"max_hp_gain":0,"max_hp_loss":0,"event_name":"Ghosts","floor":22,"gold_loss":0}],"is_beta":false,"boss_relics":[{"not_picked":["Empty Cage","Calling Bell"],"picked":"Black Star"}],"items_purged_floors":[],"is_endless":false,"potions_floor_spawned":[6,9,11,12,14,15,16,20,23],"ascension_level":5}}