{"host":"ming","time":1612531978,"event":{"mods":["BaseMod","Hermit","KinomotoSakuraMod(Ä¾Ö®±¾Ó£)","Minty Spire (QoL Compilation)","Replay The Spire","StSLib","The Bug Knight","The Senshi"],"gold_per_floor":[110,130,148,148,198,210,249,310,372,394,406,438,68,143,143,243,243,258,112,112,181,80,80,80,80],"floor_reached":24,"language":"ZHS","playtime":2202,"items_purged":["Normality"],"score":196,"play_id":"8c443aef-751a-48e2-8e4d-b72baf8dec00","local_time":"20210205213258","is_ascension_mode":false,"campfire_choices":[{"data":"ClowCardTheDream","floor":6,"key":"SMITH"},{"data":"ClowCardTheLight","floor":15,"key":"SMITH"},{"floor":23,"key":"REST"}],"circlet_count":0,"master_deck":["SakuraCardTheDream+","ClowCardTheSword+1","ClowCardTheSword+1","ClowCardTheSword+1","ClowCardTheSword+1","ClowCardTheShield","ClowCardTheShield","ClowCardTheShield","ClowCardTheShield","SpellCardSeal+1","SpellCardRelease","Normality","ClowCardTheSleep+1","ReplayTheSpireMod:Faulty Equipment","ClowCardTheDream","ClowCardTheWave","ClowCardTheVoice","ClowCardTheLight+1","Decay","ClowCardTheThunder","CurseOfTheBell","Apotheosis","ClowCardTheArrow+1","ClowCardTheDark"],"relics":["KSMOD_SealedBook","KSMOD_SealedWand","NeowsBlessing","ReplayTheSpireMod:Ring of Challenge","Ring of Greed","MawBank","The Courier","HornCleat","Oddly Smooth Stone","Replay:Bottled Eggs","Calling Bell","CeramicFish","HollowMod:LifeEnderRelic","Torii"],"acts_visited":["Exordium","TheCity"],"potions_floor_usage":[8,16,24,24],"damage_taken":[{"damage":0,"enemies":"Cultist","floor":1,"turns":1},{"damage":0,"enemies":"2 Louse","floor":2,"turns":1},{"damage":0,"enemies":"Small Slimes","floor":3,"turns":1},{"damage":8,"enemies":"Exordium Wildlife","floor":7,"turns":2},{"damage":17,"enemies":"3 Sentries","floor":8,"turns":9},{"damage":0,"enemies":"Large Slime","floor":10,"turns":6},{"damage":0,"enemies":"Blue Slaver","floor":12,"turns":3},{"damage":33,"enemies":"Fading Forest","floor":16,"turns":11},{"damage":11,"enemies":"Chosen","floor":18,"turns":4},{"damage":16,"enemies":"Centurion and Healer","floor":21,"turns":8},{"damage":69,"enemies":"Gremlin Leader","floor":24,"turns":14}],"seed_played":"-8178811261254528902","potions_obtained":[{"floor":2,"key":"Strength Potion"},{"floor":3,"key":"Fire Potion"},{"floor":10,"key":"DistilledChaos"},{"floor":16,"key":"SteroidPotion"},{"floor":18,"key":"SkillPotion"}],"is_trial":false,"path_per_floor":["M","M","M","?","?","R","M","E","T","M","?","M","$","?","R","B",null,"M","$","?","M","$","R","E"],"character_chosen":"KINOMOTOSAKURA","items_purchased":["Replay:Bottled Eggs","ClowCardTheLight","Apotheosis","ClowCardTheDark"],"campfire_rested":1,"item_purchase_floors":[13,13,19,22],"current_hp_per_floor":[70,70,70,70,70,70,62,45,45,45,45,45,45,34,34,11,70,59,59,59,43,43,64,0,0],"gold":80,"neow_bonus":"THREE_ENEMY_KILL","is_daily":false,"chose_seed":false,"campfire_upgraded":2,"win_rate":0.0,"timestamp":1612531978,"path_taken":["M","?","M","?","?","R","M","E","T","?","?","M","$","?","R","BOSS","M","$","?","M","$","R","E"],"items_purchased_type":["Relic","Card","Card","Card"],"build_version":"2020-12-18","purchased_purges":1,"victory":false,"max_hp_per_floor":[70,70,70,70,70,70,70,70,70,70,70,70,70,70,70,70,70,70,70,70,70,70,70,70,70],"card_choices":[{"not_picked":["ClowCardTheRain","ClowCardTheFly"],"picked":"ClowCardTheDream","floor":1},{"not_picked":["ClowCardTheShadow","ClowCardTheLock","ClowCardTheBig"],"picked":"SKIP","floor":2},{"not_picked":["ClowCardTheLibra","ClowCardTheMist","ClowCardTheReturn"],"picked":"SKIP","floor":3},{"not_picked":["ClowCardTheMirror","ClowCardTheDream"],"picked":"ClowCardTheSleep","floor":7},{"not_picked":["ClowCardTheRain","ClowCardTheErase"],"picked":"ClowCardTheDream","floor":8},{"not_picked":["ClowCardTheSand","ClowCardTheDream"],"picked":"ClowCardTheWave","floor":10},{"not_picked":["ClowCardTheChange","ClowCardTheShot"],"picked":"ClowCardTheVoice","floor":12},{"not_picked":["ClowCardTheTime","ClowCardTheFight"],"picked":"ClowCardTheThunder","floor":16},{"not_picked":["ClowCardTheShot","ClowCardTheSand","ClowCardTheMist"],"picked":"SKIP","floor":18},{"not_picked":["ClowCardTheWatery","ClowCardTheLock"],"picked":"ClowCardTheArrow+1","floor":21}],"player_experience":712125,"relics_obtained":[{"floor":5,"key":"ReplayTheSpireMod:Ring of Challenge"},{"floor":5,"key":"Ring of Greed"},{"floor":5,"key":"MawBank"},{"floor":5,"key":"The Courier"},{"floor":8,"key":"HornCleat"},{"floor":9,"key":"Oddly Smooth Stone"},{"floor":17,"key":"CeramicFish"},{"floor":17,"key":"HollowMod:LifeEnderRelic"},{"floor":17,"key":"Torii"}],"event_choices":[{"damage_healed":0,"gold_gain":0,"player_choice":"Grow","damage_taken":0,"max_hp_gain":0,"max_hp_loss":0,"event_name":"Living Wall","floor":4,"gold_loss":0,"cards_upgraded":["SpellCardSeal"]},{"damage_healed":0,"gold_gain":75,"player_choice":"Gather Gold","damage_taken":11,"max_hp_gain":0,"max_hp_loss":0,"event_name":"World of Goop","floor":14,"gold_loss":0}],"is_beta":true,"boss_relics":[{"not_picked":["Kintsugi","Runic Pyramid"],"picked":"Calling Bell"}],"items_purged_floors":[13],"is_endless":false,"potions_floor_spawned":[2,3,10,16,18],"killed_by":"Gremlin Leader","ascension_level":0}}