{"host":"0rxdudjy6rylha1k","time":1612504768,"event":{"mods":["Aspiration","BaseMod","Colored Map","Colored Powertips","Downfall","Highlight Path","Hubris","Minty Spire (QoL Compilation)","StSLib"],"gold_per_floor":[99,113,123,123,141,152,231,31,16,43,54,54,73,91,107,206,206,106,122,122,18,38,38,61,61,72,105,105,136,148,133,152,251,251,251,251,251,251,251,261,286,313,313,339,339,370,380,380,394,394,394,426,122,122,122,122,122,122],"floor_reached":56,"language":"ENG","playtime":22801,"items_purged":["downfall:Icky"],"score":1025,"play_id":"2c41e0c2-8581-4509-aaaa-088fb69854af","local_time":"20210204225928","is_ascension_mode":true,"campfire_choices":[{"floor":1.0,"key":"RECALL"},{"data":"champ:Taunt","floor":8.0,"key":"SMITH"},{"data":"Genetic Algorithm","floor":12.0,"key":"SMITH"},{"data":"Buffer","floor":18.0,"key":"SMITH"},{"data":"Buffer","floor":23.0,"key":"SMITH"},{"data":"Echo Form","floor":28.0,"key":"SMITH"},{"data":"Capacitor","floor":35.0,"key":"SMITH"},{"data":"champ:ShieldWall","floor":43.0,"key":"SMITH"},{"data":"Electrodynamics","floor":45.0,"key":"SMITH"},{"data":"Echo Form","floor":54,"key":"SMITH"}],"circlet_count":0,"master_deck":["champ:Strike","champ:Strike","champ:Defend","champ:Defend","champ:Defend","champ:Defend","champ:Execute","champ:Taunt+1","champ:FlashCut","Sweeping Beam","Redo","Melter","champ:SkillfulDodge","Genetic Algorithm+1","champ:DefensiveShout","champ:ArenaPreparation","Buffer+1","Capacitor+1","champ:TornadoPunch","champ:ShieldWall+1","Echo Form+1","Blizzard","Electrodynamics+1","Cold Snap","Echo Form+1","Hologram+1","expansioncontent:AwakenDeath","expansioncontent:AwakenDeath","expansioncontent:AwakenDeath","champ:Improvising"],"relics":["aspiration:DefectSkillbook","champ:LiftRelic","downfall:HeartBlessingRed","downfall:HeartBlessingBlue","sneckomod:BlankCard","aspiration:SecretTechniqueScroll","downfall:HeartBlessingGreen","Ancient Tea Set","Toy Ornithopter","Bronze Scales","Cursed Key","hubris:Icosahedron","hubris:Towel","MealTicket","hubris:BottledRain","PreservedInsect","Bottled Lightning","hubris:FunFungus","Vajra"],"acts_visited":["Exordium","TheCity","TheBeyond","TheEnding"],"potions_floor_usage":[55,56,56,56],"damage_taken":[{"damage":6.0,"enemies":"Jaw Worm","floor":2.0,"turns":4.0},{"damage":0.0,"enemies":"2 Louse","floor":3.0,"turns":3.0},{"damage":10.0,"enemies":"Cultist","floor":5.0,"turns":3.0},{"damage":0.0,"enemies":"Large Slime","floor":6.0,"turns":5.0},{"damage":10.0,"enemies":"downfall:FleeingMerchant","floor":9.0,"turns":4.0},{"damage":39.0,"enemies":"Lagavulin","floor":10.0,"turns":6.0},{"damage":15.0,"enemies":"Red Slaver","floor":11.0,"turns":3.0},{"damage":3.0,"enemies":"3 Louse","floor":13.0,"turns":2.0},{"damage":18.0,"enemies":"Large Slime","floor":14.0,"turns":6.0},{"damage":0.0,"enemies":"2 Fungi Beasts","floor":15.0,"turns":1.0},{"damage":21.0,"enemies":"IC_STATUS_ARCHETYPE","floor":16.0,"turns":7.0},{"damage":0.0,"enemies":"Spheric Guardian","floor":19.0,"turns":3.0},{"damage":6.0,"enemies":"downfall:FleeingMerchant","floor":21.0,"turns":4.0},{"damage":6.0,"enemies":"Shelled Parasite and Fungi","floor":22.0,"turns":5.0},{"damage":7.0,"enemies":"Snake Plant","floor":26.0,"turns":5.0},{"damage":18.0,"enemies":"Slavers","floor":27.0,"turns":5.0},{"damage":0.0,"enemies":"Book of Stabbing","floor":29.0,"turns":6.0},{"damage":0.0,"enemies":"Snecko","floor":30.0,"turns":4.0},{"damage":10.0,"enemies":"downfall:FleeingMerchant","floor":31.0,"turns":4.0},{"damage":0.0,"enemies":"Shelled Parasite and Fungi","floor":32.0,"turns":3.0},{"damage":0.0,"enemies":"WA_ARCHETYPE_CALM","floor":33.0,"turns":9.0},{"damage":0.0,"enemies":"Orb Walker","floor":40.0,"turns":3.0},{"damage":11.0,"enemies":"Giant Head","floor":42.0,"turns":8.0},{"damage":5.0,"enemies":"Reptomancer","floor":44.0,"turns":6.0},{"damage":0.0,"enemies":"Nemesis","floor":46.0,"turns":5.0},{"damage":6.0,"enemies":"3 Darklings","floor":47.0,"turns":4.0},{"damage":10.0,"enemies":"4 Shapes","floor":49.0,"turns":6.0},{"damage":179.0,"enemies":"SI_POISON_ARCHETYPE","floor":50.0,"turns":8.0},{"damage":14,"enemies":"downfall:CharBossMerchant","floor":52,"turns":7},{"damage":24,"enemies":"downfall:NeowBoss","floor":55,"turns":15},{"damage":207,"enemies":"downfall:NeowBossFinal","floor":56,"turns":11}],"seed_played":"7858036507000547653","potions_obtained":[{"floor":2.0,"key":"champ:CounterPotion"},{"floor":6.0,"key":"Explosive Potion"},{"floor":10.0,"key":"bronze:BurnAndBuffPotion"},{"floor":15.0,"key":"Fire Potion"},{"floor":27.0,"key":"Strength Potion"},{"floor":29.0,"key":"SteroidPotion"},{"floor":30.0,"key":"Block Potion"},{"floor":32.0,"key":"Energy Potion"},{"floor":40.0,"key":"champ:CounterPotion"},{"floor":46.0,"key":"champ:TechniquePotion"},{"floor":52,"key":"champ:OpenerPotion"}],"is_trial":false,"path_per_floor":["R","M","M","?","M","M","T","R","$","E","M","R","M","M","M","B",null,"R","M","?","$","M","R","T","?","M","E","R","E","M","$","M","B",null,"R","?","?","?","?","M","T","E","R","E","R","E","M","?","M","B",null,"E","$","R","B","B"],"character_chosen":"THE_CHAMP","items_purchased":["Capacitor","champ:TornadoPunch","Vajra","LiquidBronze"],"campfire_rested":0,"item_purchase_floors":[21,21,53,53],"current_hp_per_floor":[90,84,84,84,84,84,84,94,94,75,70,70,67,59,59,48,100,100,100,100,94,88,88,88,110,103,85,85,90,90,90,95,100,110,110,110,110,110,110,110,110,109,109,110,110,110,104,94,94,90,110,101,110,110,108,0,0,0],"gold":122,"neow_bonus":"BOSS_RELIC","is_daily":false,"chose_seed":false,"campfire_upgraded":9,"win_rate":0.0,"timestamp":1612504768,"path_taken":["R","M","M","?","M","M","T","R","$","E","M","R","M","M","M","BOSS","R","M","?","?","M","R","T","?","?","E","R","E","M","$","M","BOSS","R","?","?","?","?","M","T","E","R","E","R","E","M","?","M","BOSS","E","$","R","BOSS","BOSS"],"items_purchased_type":["Card","Card","Relic","Potion"],"build_version":"2020-12-22","purchased_purges":1,"victory":false,"max_hp_per_floor":[90,90,90,90,90,90,90,100,100,100,100,100,100,100,100,100,100,100,100,100,100,100,100,100,110,110,110,110,110,110,110,110,110,110,110,110,110,110,110,110,110,110,110,110,110,110,110,110,110,110,110,110,110,110,110,110,110,110],"card_choices":[{"not_picked":["Stack","Hologram","Static Discharge"],"picked":"champ:FlashCut","floor":2.0},{"not_picked":["Static Discharge","champ:GladiatorStyle","Undo"],"picked":"Sweeping Beam","floor":3.0},{"not_picked":["champ:BringItOn","champ:GutPunch","Leap"],"picked":"Redo","floor":5.0},{"not_picked":["hubris:SpecializedCircuitry","Steam","champ:ShieldSigil","champ:ViciousMockery"],"picked":"SKIP","floor":6.0},{"not_picked":["Chill","champ:PreciseThrust","champ:CrownThrow"],"picked":"Melter","floor":9.0},{"not_picked":["champ:FlashCut","champ:BladeFlurry","champ:EnchantSword"],"picked":"champ:SkillfulDodge","floor":10.0},{"not_picked":["Hello World","champ:Circumvent","champ:DefensiveShout"],"picked":"Genetic Algorithm","floor":11.0},{"not_picked":["champ:PerfectedStrike","champ:AdrenalArmor","champ:RecklessLeap"],"picked":"champ:DefensiveShout","floor":13.0},{"not_picked":["Beam Cell","champ:Backstep","Storm"],"picked":"champ:ArenaPreparation","floor":14.0},{"not_picked":["Rip and Tear","champ:BringItOn","champ:PerfectedStrike","champ:ShieldSigil"],"picked":"SKIP","floor":15.0},{"not_picked":["Multi-Cast","champ:HeavySlash","Thunder Strike"],"picked":"Buffer","floor":16.0},{"not_picked":["champ:BerserkersShout+1","champ:Backstep","Streamline","champ:Parry"],"picked":"SKIP","floor":19.0},{"not_picked":["champ:Circumvent+1","Force Field","Rebound","Compile Driver"],"picked":"SKIP","floor":21.0},{"not_picked":["Redo+1","Reprogram","Stack"],"picked":"champ:ShieldWall","floor":22.0},{"not_picked":["Redo","champ:EnGarde+1","Beam Cell","champ:StanceDance+1"],"picked":"SKIP","floor":26.0},{"not_picked":["champ:CrownThrow","Stack","Double Energy"],"picked":"Echo Form","floor":27.0},{"not_picked":["Leap","champ:FanOfKnives","Doom and Gloom"],"picked":"Blizzard","floor":29.0},{"not_picked":["Barrage","champ:Endure+1","champ:FocusedDefense"],"picked":"Electrodynamics","floor":30.0},{"not_picked":["Steam","champ:Circumvent","Blizzard"],"picked":"Cold Snap","floor":31.0},{"not_picked":["champ:PerfectedStrike","champ:Shatter","champ:Lariat","champ:PreciseThrust"],"picked":"SKIP","floor":32.0},{"not_picked":["champ:PreciseThrust+1","Leap","champ:StanceDance","champ:Backstep+1"],"picked":"SKIP","floor":40.0},{"not_picked":["Stack+1","champ:PerfectedStrike+1","champ:TornadoPunch+1","champ:FaceSlap+1"],"picked":"SKIP","floor":42.0},{"not_picked":["champ:PreciseThrust+1","champ:EnGarde+1","champ:HeartStrike+1","hubris:PowerSurge"],"picked":"SKIP","floor":44.0},{"not_picked":["champ:BladeFlurry","Recycle","champ:SwordSigil+1"],"picked":"Echo Form","floor":46.0},{"not_picked":["Steam Power","champ:ShieldSigil+1","champ:CrownThrow+1"],"picked":"Hologram+1","floor":47.0},{"not_picked":["expansioncontent:GuardianWhirl","expansioncontent:PrepareCrush"],"picked":"expansioncontent:AwakenDeath","floor":48.0},{"not_picked":["expansioncontent:PolyBeam","expansioncontent:HyperBeam"],"picked":"expansioncontent:AwakenDeath","floor":48.0},{"not_picked":["expansioncontent:Chronoboost","expansioncontent:HyperBeam"],"picked":"expansioncontent:AwakenDeath","floor":48.0},{"not_picked":["champ:Circumvent","Leap+1","Doom and Gloom+1","champ:SkillfulDodge"],"picked":"SKIP","floor":49.0},{"not_picked":["champ:Lariat+1","hubris:PowerSurge+1","Streamline+1"],"picked":"champ:Improvising","floor":52}],"player_experience":2791308,"relics_obtained":[{"floor":10.0,"key":"sneckomod:BlankCard"},{"floor":24.0,"key":"Ancient Tea Set"},{"floor":27.0,"key":"Toy Ornithopter"},{"floor":29.0,"key":"Bronze Scales"},{"floor":41.0,"key":"MealTicket"},{"floor":42.0,"key":"hubris:BottledRain"},{"floor":44.0,"key":"PreservedInsect"},{"floor":46.0,"key":"Bottled Lightning"},{"floor":52,"key":"hubris:FunFungus"}],"event_choices":[{"cards_removed":["Buffer"],"damage_healed":12.0,"max_hp_gain":10.0,"max_hp_loss":0.0,"gold_gain":0.0,"event_name":"Bonfire Elementals","player_choice":"Offered Rare","floor":25.0,"gold_loss":0.0,"damage_taken":0.0},{"cards_removed":["champ:Strike"],"damage_healed":0.0,"max_hp_gain":0.0,"max_hp_loss":0.0,"gold_gain":0.0,"event_name":"Falling","player_choice":"Removed Attack","floor":36.0,"gold_loss":0.0,"damage_taken":0.0}],"is_beta":false,"boss_relics":[{"not_picked":["hubris:BlackHole","hubris:TerracottaHorce"],"picked":"aspiration:SecretTechniqueScroll"},{"not_picked":["Calling Bell","Empty Cage"],"picked":"Cursed Key"}],"items_purged_floors":[53],"is_endless":false,"potions_floor_spawned":[2,6,10,15,27,29,30,32,40,46,52],"killed_by":"downfall:NeowBossFinal","ascension_level":1}}