{"host":"0ssbae92yp6998o9","time":1612496477,"event":{"mods":["ATMod(°¢èªMod)","BaseMod","Marisa£¨ìFÓê¡¡Ä§ÀíÉ³£©","Minty Spire (QoL Compilation)","READ ME - Guardian Mod","Shop Mod","Spicy Shops","StSLib","Waifu the Spire"],"gold_per_floor":[113,145,145,145,186,186,29,29,29,57,57],"floor_reached":10,"language":"ZHT","playtime":336,"items_purged":[],"score":62,"play_id":"3cd6480d-28dc-4f06-8883-d60929e72a6a","local_time":"20210205114117","is_ascension_mode":true,"campfire_choices":[{"data":"PulseMagic","floor":6,"key":"SMITH"},{"data":"CollectingQuirk","floor":8,"key":"SMITH"}],"circlet_count":0,"master_deck":["Strike_MRS","Strike_MRS+1","Strike_MRS+1","Strike_MRS","Defend_MRS","Defend_MRS+1","Defend_MRS+1","Defend_MRS","MasterSpark","UpSweep","AT_RealColorLess","Robbery","ShootTheMoon","PulseMagic+1","CollectingQuirk+1"],"relics":["MiniHakkero","AT_ATBox","AT_BellDemon","Whetstone"],"acts_visited":["Exordium"],"potions_floor_usage":[1],"damage_taken":[{"damage":4,"enemies":"Jaw Worm","floor":1,"turns":4},{"damage":0,"enemies":"Small Slimes","floor":2,"turns":3},{"damage":0,"enemies":"Cultist","floor":5,"turns":4},{"damage":23,"enemies":"Lagavulin","floor":10,"turns":5}],"seed_played":"-6792752069877660739","potions_obtained":[{"floor":1,"key":"Fruit Juice"},{"floor":2,"key":"BottledSpark"}],"is_trial":false,"path_per_floor":["M","M","?","$","M","R","$","R","T","E"],"character_chosen":"MARISA","items_purchased":["CollectingQuirk"],"campfire_rested":0,"item_purchase_floors":[7],"current_hp_per_floor":[76,76,60,60,60,60,60,60,60,37,37],"gold":57,"neow_bonus":"RANDOM_COMMON_RELIC","is_daily":false,"chose_seed":false,"campfire_upgraded":2,"win_rate":0.0,"timestamp":1612496477,"path_taken":["M","M","?","$","M","R","$","R","T","E"],"items_purchased_type":["Card"],"build_version":"2020-12-22","purchased_purges":0,"victory":false,"max_hp_per_floor":[80,80,80,80,80,80,80,80,80,80,80],"card_choices":[{"not_picked":["IllusionStar","WitchOfGreed"],"picked":"Robbery","floor":1},{"not_picked":["WitchOfGreed","DeepEcoloBomb"],"picked":"ShootTheMoon","floor":2},{"not_picked":["MachineGunSpark","WitchOfGreed"],"picked":"PulseMagic","floor":5}],"player_experience":245135,"relics_obtained":[{"floor":9,"key":"Whetstone"}],"event_choices":[{"damage_healed":0,"gold_gain":0,"player_choice":"Entered Light","damage_taken":16,"max_hp_gain":0,"max_hp_loss":0,"event_name":"Shining Light","floor":3,"gold_loss":0,"cards_upgraded":["Defend_MRS","Defend_MRS"]}],"is_beta":false,"boss_relics":[],"items_purged_floors":[],"is_endless":false,"potions_floor_spawned":[1,2],"killed_by":"Lagavulin","ascension_level":2}}