{"host":"fff5e1uasnm04x18","time":1612486575,"event":{"mods":["BaseMod","Minty Spire (QoL Compilation)"],"gold_per_floor":[117,117,117,132,143,175,175,32,84,101,101,134,147,181,181,285,285,296,307,198,218,59,94,121,121,121,121,140,169,0,13,13,117,117,133,65,0,19,32,32,32,32],"floor_reached":41,"language":"ENG","playtime":8145,"items_purged":["Strike_B","Defend_B"],"score":552,"play_id":"612b6097-f686-4af0-8e04-0d66d7ab7cf3","local_time":"20210204195615","is_ascension_mode":true,"campfire_choices":[{"floor":7,"key":"REST"},{"floor":15,"key":"REST"},{"floor":25,"key":"REST"},{"floor":27,"key":"REST"},{"data":"Fission","floor":32,"key":"SMITH"},{"floor":40,"key":"REST"}],"circlet_count":0,"master_deck":["Strike_B+1","Defend_B+1","Defend_B","Defend_B","Zap+1","Dualcast+1","Self Repair","Buffer","Tempest","Lockon","Fission+1","Double Energy","Conserve Battery+1","Capacitor","Seek","Double Energy+1","Electrodynamics","Storm","Creative AI","Darkness+1","Capacitor","BootSequence+1","Parasite","Capacitor+1"],"relics":["Cracked Core","War Paint","Happy Flower","DataDisk","WingedGreaves","Du-Vu Doll","Philosopher\u0027s Stone","Pen Nib","Orichalcum","Blue Candle","MealTicket","SlaversCollar","Red Mask"],"acts_visited":["Exordium","TheCity","TheBeyond"],"potions_floor_usage":[12,23,31,38],"damage_taken":[{"damage":0,"enemies":"Small Slimes","floor":1,"turns":2},{"damage":7,"enemies":"2 Louse","floor":4,"turns":2},{"damage":0,"enemies":"Cultist","floor":5,"turns":3},{"damage":29,"enemies":"3 Sentries","floor":6,"turns":10},{"damage":1,"enemies":"Exordium Wildlife","floor":10,"turns":4},{"damage":13,"enemies":"Lagavulin","floor":12,"turns":4},{"damage":0,"enemies":"Red Slaver","floor":13,"turns":2},{"damage":0,"enemies":"Gremlin Nob","floor":14,"turns":3},{"damage":13,"enemies":"The Guardian","floor":16,"turns":7},{"damage":17,"enemies":"Shell Parasite","floor":18,"turns":6},{"damage":12,"enemies":"Chosen","floor":19,"turns":3},{"damage":0,"enemies":"Snecko","floor":21,"turns":4},{"damage":51,"enemies":"Gremlin Leader","floor":23,"turns":5},{"damage":0,"enemies":"Centurion and Healer","floor":28,"turns":4},{"damage":25,"enemies":"Book of Stabbing","floor":29,"turns":4},{"damage":9,"enemies":"Chosen and Byrds","floor":31,"turns":4},{"damage":0,"enemies":"Collector","floor":33,"turns":5},{"damage":14,"enemies":"Orb Walker","floor":35,"turns":4},{"damage":10,"enemies":"3 Shapes","floor":38,"turns":3},{"damage":54,"enemies":"Writhing Mass","floor":39,"turns":5},{"damage":40,"enemies":"Nemesis","floor":41,"turns":3}],"seed_played":"-403749547423383613","potions_obtained":[{"floor":6,"key":"AttackPotion"},{"floor":12,"key":"Fire Potion"},{"floor":13,"key":"EssenceOfSteel"},{"floor":14,"key":"PowerPotion"},{"floor":19,"key":"Ancient Potion"},{"floor":29,"key":"Swift Potion"},{"floor":33,"key":"Block Potion"}],"is_trial":false,"path_per_floor":["M","?","?","M","M","E","R","$","T","M","?","E","M","E","R","B",null,"M","M","$","M","$","E","T","R","T","R","M","E","$","M","R","B",null,"M","$","?","M","M","R","E"],"character_chosen":"DEFECT","items_purchased":["Happy Flower","Capacitor","Seek","Storm","Capacitor"],"campfire_rested":5,"item_purchase_floors":[8,20,22,30,36],"current_hp_per_floor":[75,60,60,53,53,24,46,46,46,45,45,39,46,53,75,69,75,65,60,60,67,67,23,23,45,45,67,74,56,71,69,69,75,75,68,75,75,65,11,33,0,0],"gold":32,"neow_bonus":"REMOVE_CARD","is_daily":false,"chose_seed":false,"campfire_upgraded":1,"win_rate":0.0,"timestamp":1612486575,"path_taken":["M","?","?","M","?","E","R","$","T","M","?","E","M","E","R","BOSS","M","M","$","M","$","E","?","R","T","R","M","E","?","M","R","BOSS","M","$","?","M","M","R","E"],"items_purchased_type":["Relic","Card","Card","Card","Card"],"build_version":"2020-12-22","purchased_purges":2,"victory":false,"max_hp_per_floor":[75,75,75,75,75,75,75,75,75,75,75,75,75,75,75,75,75,75,75,75,75,75,75,75,75,75,75,75,75,75,75,75,75,75,75,75,75,75,75,75,75,75],"card_choices":[{"not_picked":["Stack","Steam","Hologram"],"picked":"SKIP","floor":1},{"not_picked":["Cold Snap","Hologram","Sweeping Beam"],"picked":"SKIP","floor":4},{"not_picked":["Redo","Streamline","Melter"],"picked":"SKIP","floor":5},{"not_picked":["Sweeping Beam","Meteor Strike","Tempest"],"picked":"SKIP","floor":6},{"not_picked":["Hologram","Ball Lightning"],"picked":"Self Repair","floor":10},{"not_picked":["Coolheaded","Go for the Eyes"],"picked":"Lockon","floor":12},{"not_picked":["Conserve Battery","Barrage","Coolheaded"],"picked":"SKIP","floor":13},{"not_picked":["FTL","Barrage","Rebound"],"picked":"SKIP","floor":14},{"not_picked":["Machine Learning","Core Surge"],"picked":"Fission","floor":16},{"not_picked":["Consume+1","Redo+1"],"picked":"Double Energy","floor":18},{"not_picked":["Hologram","Rebound"],"picked":"Conserve Battery+1","floor":19},{"not_picked":["Ball Lightning","Rip and Tear","Skim"],"picked":"SKIP","floor":21},{"not_picked":["Redo+1","Reprogram"],"picked":"Double Energy+1","floor":23},{"not_picked":["Compile Driver+1","Blizzard","Gash"],"picked":"SKIP","floor":28},{"not_picked":["Redo+1","Consume"],"picked":"Electrodynamics","floor":29},{"not_picked":["Chill+1","Beam Cell+1","FTL+1"],"picked":"SKIP","floor":31},{"not_picked":["Machine Learning","Biased Cognition"],"picked":"Creative AI","floor":33},{"not_picked":["Redo","Rip and Tear"],"picked":"Darkness+1","floor":35},{"not_picked":["Ball Lightning","Melter+1"],"picked":"BootSequence+1","floor":38},{"not_picked":["Gash+1","FTL"],"picked":"Capacitor+1","floor":39}],"player_experience":477184,"relics_obtained":[{"floor":6,"key":"War Paint"},{"floor":9,"key":"DataDisk"},{"floor":12,"key":"WingedGreaves"},{"floor":14,"key":"Du-Vu Doll"},{"floor":23,"key":"Pen Nib"},{"floor":24,"key":"Orichalcum"},{"floor":26,"key":"Blue Candle"},{"floor":29,"key":"MealTicket"}],"event_choices":[{"damage_healed":0,"gold_gain":0,"player_choice":"Entered Light","damage_taken":15,"max_hp_gain":0,"max_hp_loss":0,"event_name":"Shining Light","floor":2,"gold_loss":0,"cards_upgraded":["Strike_B","Defend_B"]},{"cards_removed":["Strike_B"],"damage_healed":0,"gold_gain":0,"player_choice":"Card Removal","damage_taken":0,"max_hp_gain":0,"max_hp_loss":0,"event_name":"Wheel of Change","floor":3,"gold_loss":0},{"damage_healed":0,"gold_gain":0,"player_choice":"2 cards matched","damage_taken":0,"max_hp_gain":0,"max_hp_loss":0,"event_name":"Match and Keep!","floor":11,"gold_loss":0,"cards_obtained":["Buffer","Tempest"]},{"damage_healed":0,"gold_gain":0,"player_choice":"Paid","damage_taken":0,"relics_obtained":["Red Mask"],"max_hp_gain":0,"max_hp_loss":0,"event_name":"Tomb of Lord Red Mask","floor":37,"gold_loss":65}],"is_beta":false,"boss_relics":[{"not_picked":["Ectoplasm","Fusion Hammer"],"picked":"Philosopher\u0027s Stone"},{"not_picked":["Astrolabe","Pandora\u0027s Box"],"picked":"SlaversCollar"}],"items_purged_floors":[20,30],"is_endless":false,"potions_floor_spawned":[6,12,13,14,16,19,29,33],"killed_by":"Nemesis","ascension_level":1}}