{"host":"e5u7qs1emxzejr12","time":1612513080,"event":{"mods":["100% Spire Juice","2.2 Compatiblity","Act Like it!","Arknights","Ascension Unlocker","BaseMod","CapriCore","Card Forge","Colored Powertips","Custom Start","GifTheSpireLib","Highlight Path","Minty Spire (QoL Compilation)","MostiFishMod","Quick Restart","Relic Filter Mod","Reliquary","Replay The Spire","StSLib","SuperFastMode","The Blackbeard","WarShipGirlsR/战舰少女R mod","篝火指南"],"gold_per_floor":[212,226,239,253,270,270,302,319,319,354,354,364,380,400,400,474,474,492,492,492,509,527,556,567,567,617,617,520,1130,1047,1080,109,786,786,1402,1233,1233,1312,2523,2523,3150,2812,2812,2840,2930,2930,4858,5403,5132,5777,8330,8330,7768,7768,8335,8335,8335],"floor_reached":56,"language":"ZHS","playtime":3601,"items_purged":[],"score":2501,"play_id":"3b24f66d-9c21-497d-9747-334bff4a69d4","local_time":"20210205161800","is_ascension_mode":true,"campfire_choices":[{"floor":6.0,"key":"RECALL"},{"floor":25.0,"key":"REST"}],"circlet_count":0,"master_deck":["AscendersBane","Dualcast+1","BasicCrystalCard+1","Fusion+1","MostiFishMod:TalkingToTheRain+1","MostiFishMod:DeathFromBelow+1","MostiFishMod:ATRI+1","MostiFishMod:SeaWaves+1","Deep Breath+1","Fusion+1","Recycle+1","MostiFishMod:InterfaceCompatibility+1","Master of Strategy+1","MostiFishMod:SupremeArchaeology+1","Master of Strategy+1","Deep Breath+1","MostiFishMod:SupremeArchaeology+1"],"relics":["Cracked Core","Hammer of Thor","Seething Fire","Anvil of the Gods","DaveBox","FeatherPendant","SynthV:TestCard","reliquary:RedPaperclip","ReplayTheSpireMod:Ring of Collecting","Regal Pillow","Turnip","Ring of Greed","Tiny Chest","MealTicket","Peace Pipe","MetatronsCube","Nuclear Battery","DiscerningMonocle","Replay:Bottled Eggs","Lantern","Ring of Shattering","Matryoshka","ReplayFunnel","Replay:Towering Pillar of Hats","DataDisk","CeramicFish","Ring of Hypnosis","Replay:Bottled Snecko","reliquary:SilkGlove","Onion Ring","ReplayTheSpireMod:ShopPack","Civilization","Bronze Scales","SynthV:C4"],"acts_visited":["Exordium","TheCity","TheBeyond","TheEnding"],"potions_floor_usage":[],"damage_taken":[{"damage":0.0,"enemies":"2 Louse","floor":1.0,"turns":2.0},{"damage":0.0,"enemies":"Jaw Worm","floor":2.0,"turns":1.0},{"damage":0.0,"enemies":"Cultist","floor":3.0,"turns":2.0},{"damage":0.0,"enemies":"Blue Slaver","floor":4.0,"turns":1.0},{"damage":0.0,"enemies":"Exordium Wildlife","floor":5.0,"turns":2.0},{"damage":0.0,"enemies":"Lagavulin","floor":7.0,"turns":2.0},{"damage":0.0,"enemies":"Looter","floor":8.0,"turns":2.0},{"damage":0.0,"enemies":"Gremlin Nob","floor":10.0,"turns":2.0},{"damage":0.0,"enemies":"3 Louse","floor":12.0,"turns":2.0},{"damage":0.0,"enemies":"Lots of Slimes","floor":13.0,"turns":1.0},{"damage":0.0,"enemies":"Blue Slaver","floor":14.0,"turns":3.0},{"damage":20.0,"enemies":"Hexaghost","floor":16.0,"turns":5.0},{"damage":0.0,"enemies":"3 Byrds","floor":18.0,"turns":2.0},{"damage":4.0,"enemies":"Chosen","floor":21.0,"turns":9.0},{"damage":7.0,"enemies":"Snecko","floor":22.0,"turns":3.0},{"damage":20.0,"enemies":"Gremlin Leader","floor":23.0,"turns":5.0},{"damage":6.0,"enemies":"Chosen and Byrds","floor":24.0,"turns":4.0},{"damage":0.0,"enemies":"Snake Plant","floor":29.0,"turns":2.0},{"damage":0.0,"enemies":"Book of Stabbing","floor":31.0,"turns":5.0},{"damage":0.0,"enemies":"Pondfish","floor":33.0,"turns":2.0},{"damage":0.0,"enemies":"Orb Walker","floor":35.0,"turns":2.0},{"damage":10.0,"enemies":"3 Darklings","floor":39.0,"turns":2.0},{"damage":0.0,"enemies":"Nemesis","floor":41.0,"turns":1.0},{"damage":0.0,"enemies":"Giant Head","floor":44.0,"turns":5.0},{"damage":0.0,"enemies":"Maw","floor":45.0,"turns":5.0},{"damage":9.0,"enemies":"Sphere and 2 Shapes","floor":47.0,"turns":3.0},{"damage":7.0,"enemies":"Writhing Mass","floor":48.0,"turns":2.0},{"damage":32.0,"enemies":"Time Eater","floor":50.0,"turns":6.0},{"damage":9.0,"enemies":"Awakened One","floor":51.0,"turns":5.0},{"damage":0.0,"enemies":"Shield and Spear","floor":55.0,"turns":1.0},{"damage":61,"enemies":"The Heart","floor":56,"turns":8}],"seed_played":"-7676320142489693097","potions_obtained":[{"floor":1.0,"key":"Weak Potion"},{"floor":3.0,"key":"Swift Potion"},{"floor":35.0,"key":"SkillPotion"},{"floor":44.0,"key":"PowerPotion"}],"is_trial":false,"path_per_floor":["M","M","M","M","M","R","E","M","T","E","?","M","M","M","R","B",null,"M","?","?","M","M","E","M","R","T","?","$","M","R","E","R","B",null,"M","$","?","T","M","R","E","R","T","E","M","?","M","M","R","B","B",null,"R","$","E","B"],"character_chosen":"DEFECT","items_purchased":["Deep Breath","Fusion","MetatronsCube","Finesse","DiscerningMonocle","Replay:Bottled Eggs","Lantern","Replay:Towering Pillar of Hats","Master of Strategy","MostiFishMod:SupremeArchaeology","reliquary:SilkGlove","Onion Ring","ReplayTheSpireMod:ShopPack","Civilization","Bronze Scales","SynthV:C4"],"campfire_rested":1,"item_purchase_floors":[28,30,32,32,36,36,36,42,49,49,53,53,53,54,54,54],"current_hp_per_floor":[64,64,64,64,64,64,64,64,64,64,64,64,64,64,64,44,64,64,64,64,60,53,33,27,63,63,63,71,71,71,71,71,71,71,71,71,71,71,61,61,61,61,61,61,61,61,52,45,45,13,4,45,45,59,61,0,0],"gold":8335,"neow_bonus":"HUNDRED_GOLD","is_daily":false,"chose_seed":false,"campfire_upgraded":0,"win_rate":0.0,"timestamp":1612513080,"path_taken":["M","M","M","M","M","R","E","M","T","E","?","M","M","M","R","BOSS","M","?","?","M","?","E","M","R","T","?","?","M","R","E","R","BOSS","M","$","?","?","M","R","E","R","T","E","M","?","?","M","R","BOSS","BOSS","R","$","E","BOSS"],"items_purchased_type":["Card","Card","Relic","Card","Relic","Relic","Relic","Relic","Card","Card","Relic","Relic","Relic","Relic","Relic","Relic"],"build_version":"2020-12-22","purchased_purges":0,"victory":false,"max_hp_per_floor":[71,71,71,71,71,71,71,71,71,71,71,71,71,71,71,71,71,71,71,71,71,71,71,71,71,71,71,71,71,71,71,71,71,71,71,71,71,71,68,68,68,68,68,68,65,65,59,59,59,59,59,59,59,59,61,61,61],"card_choices":[{"not_picked":["Rip and Tear","Tempest"],"picked":"Doom and Gloom","floor":1.0},{"not_picked":["Turbo","Crystallizer","MostiFishMod:LinkProtocol","Beam Cell"],"picked":"BasicCrystalCard","floor":2.0},{"not_picked":["Melter","MostiFishMod:LinkProtocol","MostiFishMod:ReprogramOld","Go for the Eyes"],"picked":"Sweeping Beam","floor":3.0},{"not_picked":["Self Repair","Panic Button","Barrage","MostiFishMod:IntelligentEquipment"],"picked":"Chaos","floor":4.0},{"not_picked":["Ball Lightning","Turbo","BasicCrystalCard","Glacier"],"picked":"Time Bomb","floor":5.0},{"not_picked":["MostiFishMod:PushDownKick","Rebound","Compile Driver","BasicCrystalCard"],"picked":"Fusion","floor":7.0},{"not_picked":["Compile Driver","Auto Shields","Redo","Skim"],"picked":"MostiFishMod:TalkingToTheRain","floor":8.0},{"not_picked":["Stack","Conserve Battery","Redo","Go for the Eyes"],"picked":"Defragment","floor":10.0},{"not_picked":["Beam Cell","Steam Power","Cold Snap","Panic Button"],"picked":"ReplayTheSpireMod:Calculation Training","floor":12.0},{"not_picked":["Go for the Eyes","Barrage","Cold Snap","Double Energy"],"picked":"Rainbow","floor":13.0},{"not_picked":["Ball Lightning","Conserve Battery","Sweeping Beam","Undo"],"picked":"Glacier","floor":14.0},{"not_picked":["MostiFishMod:Exploitation","Seek","ReplayRNGCard","MostiFishMod:DawningShadow"],"picked":"MostiFishMod:DeathFromBelow","floor":16.0},{"not_picked":["Steam Power","MostiFishMod:Impulse","Go for the Eyes","Panic Button","ReplaySolidLightProjector"],"picked":"SKIP","floor":18.0},{"not_picked":["Hello World","Leap","Cold Snap","Streamline"],"picked":"Tempest","floor":21.0},{"not_picked":["Turbo","MostiFishMod:Impulse","Scrape","Barrage","Compile Driver+1"],"picked":"SKIP","floor":22.0},{"not_picked":["Gash+1","MostiFishMod:GatherIntelligence","Double Energy","Turbo"],"picked":"MostiFishMod:ATRI","floor":23.0},{"not_picked":["ReplayTheSpireMod:GoodbyeWorld","Hologram","Cold Snap","Conserve Battery"],"picked":"MostiFishMod:SeaWaves","floor":24.0},{"not_picked":["Hologram","MostiFishMod:PushDownKick","Compile Driver","ReplayTheSpireMod:Calculation Training+1"],"picked":"Skim","floor":29.0},{"not_picked":["Glacier","Go for the Eyes","Auto Shields","Cold Snap"],"picked":"Recycle","floor":31.0},{"not_picked":["MostiFishMod:StrandedSiren","Rainbow","MostiFishMod:StarOceanB","Core Surge"],"picked":"MostiFishMod:InterfaceCompatibility","floor":33.0},{"not_picked":["Redo+1","Conserve Battery","Steam","Panic Button","Streamline"],"picked":"SKIP","floor":35.0},{"not_picked":["Streamline","White Noise","Turbo+1","Redo","Reinforced Body"],"picked":"SKIP","floor":39.0},{"not_picked":["ReplayGash","Go for the Eyes","Glacier+1","Scrape","Aggregate"],"picked":"SKIP","floor":41.0},{"not_picked":["Panic Button","Conserve Battery","Streamline","Gash","Sweeping Beam+1"],"picked":"SKIP","floor":44.0},{"not_picked":["Force Field","BasicCrystalCard","Self Repair+1","Hologram","ReplayTheSpireMod:Repulse"],"picked":"SKIP","floor":45.0},{"not_picked":["BasicCrystalCard","MostiFishMod:Impulse","Rip and Tear","Meteor Strike","Recycle"],"picked":"SKIP","floor":47.0},{"not_picked":["Gash","Rebound","ReplayTheSpireMod:GoodbyeWorld","Stack","MostiFishMod:FluxCapactior+1"],"picked":"SKIP","floor":48.0},{"not_picked":["MostiFishMod:MusicBox","Metamorphosis","MostiFishMod:JungleRules","The Bomb"],"picked":"Master of Strategy","floor":53.0},{"not_picked":["PanicButton","MostiFishMod:Awakening","Transmutation","Jack Of All Trades"],"picked":"Deep Breath","floor":53.0},{"not_picked":["Panacea","MostiFishMod:Kaleido","Sadistic Nature","Replay:Parry"],"picked":"MostiFishMod:SupremeArchaeology","floor":53.0},{"not_picked":["Conserve Battery","Steam","Cold Snap","Recycle","Streamline+1"],"picked":"SKIP","floor":55.0},{"not_picked":["Conserve Battery","Steam","Cold Snap","Recycle","Streamline+1"],"picked":"SKIP","floor":55.0}],"player_experience":67610,"relics_obtained":[{"floor":1.0,"key":"SynthV:TestCard"},{"floor":7.0,"key":"Orichalcum"},{"floor":10.0,"key":"Akabeko"},{"floor":19.0,"key":"ReplayTheSpireMod:Ring of Collecting"},{"floor":23.0,"key":"Regal Pillow"},{"floor":26.0,"key":"Turnip"},{"floor":26.0,"key":"Ring of Greed"},{"floor":26.0,"key":"Tiny Chest"},{"floor":26.0,"key":"MealTicket"},{"floor":31.0,"key":"Peace Pipe"},{"floor":38.0,"key":"Ring of Shattering"},{"floor":38.0,"key":"Matryoshka"},{"floor":41.0,"key":"ReplayFunnel"},{"floor":43.0,"key":"DataDisk"},{"floor":43.0,"key":"CeramicFish"},{"floor":43.0,"key":"Ring of Hypnosis"},{"floor":44.0,"key":"Replay:Bottled Snecko"}],"event_choices":[{"damage_healed":0.0,"max_hp_gain":0.0,"max_hp_loss":0.0,"gold_gain":0.0,"event_name":"The Cleric","player_choice":"Leave","floor":11.0,"gold_loss":0.0,"damage_taken":0.0},{"cards_removed":["Defend_B"],"damage_healed":0.0,"max_hp_gain":0.0,"max_hp_loss":0.0,"gold_gain":0.0,"event_name":"Purifier","player_choice":"Purged","floor":20.0,"gold_loss":0.0,"damage_taken":0.0},{"damage_healed":0.0,"max_hp_gain":0.0,"max_hp_loss":0.0,"gold_gain":0.0,"event_name":"Vampires","player_choice":"Ignored","floor":27.0,"gold_loss":0.0,"damage_taken":0.0},{"cards_removed":["Finesse"],"damage_healed":0.0,"max_hp_gain":0.0,"max_hp_loss":0.0,"gold_gain":0.0,"event_name":"Falling","player_choice":"Removed Skill","floor":37.0,"gold_loss":0.0,"damage_taken":0.0},{"damage_healed":0.0,"max_hp_gain":0.0,"max_hp_loss":0.0,"gold_gain":0.0,"event_name":"SecretPortal","player_choice":"Ignored","floor":46.0,"gold_loss":0.0,"damage_taken":0.0}],"is_beta":false,"boss_relics":[{"not_picked":["NightmareShop","OneHitWonderSystem"],"picked":"reliquary:RedPaperclip"},{"not_picked":["ChewingGum","Empty Cage"],"picked":"Nuclear Battery"}],"items_purged_floors":[],"is_endless":false,"potions_floor_spawned":[1,3,4,8,14,16,23,29,35,44,45,47],"killed_by":"The Heart","ascension_level":20}}