{"host":"ac6e1xz8pi3qqstb","time":1612524453,"event":{"mods":["BaseMod","Minty Spire (QoL Compilation)","MostiFishMod","Relic Stats","Replay The Spire","StSLib","[IsaacMod]ÒÔÈö¼âËþ"],"gold_per_floor":[112,187,207,307,307,307,317,334,379,379,379,379,390,408,408,507,507,520,530,530,542,638,638,638,33,33,50,68,84,97,97,97,199,199,211,226,276,290,302,347,365,400,427,427,447,465,75,91,91,91],"floor_reached":51,"language":"ZHS","playtime":2189,"items_purged":[],"score":877,"play_id":"ed63f6d2-a700-415c-85da-a0d5fefbf0f8","local_time":"20210205192733","is_ascension_mode":false,"campfire_choices":[{"data":"Neutralize","floor":6.0,"key":"SMITH"},{"data":"Eruption","floor":10.0,"key":"SMITH"},{"data":"Vigilance","floor":12.0,"key":"SMITH"},{"data":"ForeignInfluence","floor":15.0,"key":"SMITH"},{"data":"MostiFishMod:StarOceanP","floor":23.0,"key":"SMITH"},{"floor":32.0,"key":"REST"},{"floor":44.0,"key":"RECALL"},{"data":"MostiFishMod:LegendTransform","floor":49,"key":"SMITH"}],"circlet_count":0,"master_deck":["Strike_P","Strike_P","Strike_P","Strike_P","Defend_P+1","Defend_P+1","Defend_P+1","Defend_P+1","Eruption+1","Vigilance+1","Neutralize+1","Bash","EmptyBody","Halt","CutThroughFate","Conclude","Hallucinations","ForeignInfluence+1","EmptyFist","MostiFishMod:StarOceanP+1","SashWhip","Consecrate","MostiFishMod:LegendTransform+1","FearNoEvil","Replay:Battleflow","EmptyFist","Wish","Consecrate+1","FlurryOfBlows+1","ClearTheMind+1","FlurryOfBlows+1","CutThroughFate+1","Wallop+1","TalkToTheHand+1","Consecrate","Replay:DivineShield"],"relics":["PureWater","DaveBox","HushsDoor","FossilizedHelix","PokeGo","SentryEyes","SynthV:TestCard","Quantum Egg","Bag of Preparation","Ring of Peace","Ring of Chaos","Enchiridion","StoneCalendar","Regal Pillow","Kunai","Prayer Wheel","Thread and Needle","BookofShadows","Orichalcum","Replay:Bottled Eggs","ClockworkSouvenir"],"acts_visited":["Exordium","TheCity","TheBeyond"],"potions_floor_usage":[50,50],"damage_taken":[{"damage":0.0,"enemies":"Jaw Worm","floor":1.0,"turns":2.0},{"damage":0.0,"enemies":"2 Louse","floor":3.0,"turns":1.0},{"damage":0.0,"enemies":"Cultist","floor":7.0,"turns":2.0},{"damage":0.0,"enemies":"Blue Slaver","floor":8.0,"turns":2.0},{"damage":0.0,"enemies":"Lots of Slimes","floor":13.0,"turns":1.0},{"damage":0.0,"enemies":"3 Louse","floor":14.0,"turns":1.0},{"damage":0.0,"enemies":"Fading Forest","floor":16.0,"turns":11.0},{"damage":0.0,"enemies":"Spheric Guardian","floor":18.0,"turns":3.0},{"damage":0.0,"enemies":"Chosen","floor":19.0,"turns":4.0},{"damage":0.0,"enemies":"Sentry and Sphere","floor":21.0,"turns":4.0},{"damage":0.0,"enemies":"Snake Plant","floor":27.0,"turns":3.0},{"damage":0.0,"enemies":"Shelled Parasite and Fungi","floor":28.0,"turns":3.0},{"damage":0.0,"enemies":"Snecko","floor":29.0,"turns":4.0},{"damage":0.0,"enemies":"Cultist and Chosen","floor":30.0,"turns":3.0},{"damage":0.0,"enemies":"Collector","floor":33.0,"turns":7.0},{"damage":0.0,"enemies":"3 Shapes","floor":35.0,"turns":4.0},{"damage":0.0,"enemies":"Orb Walker","floor":36.0,"turns":2.0},{"damage":0.0,"enemies":"Mind Bloom Boss Battle","floor":37.0,"turns":4.0},{"damage":0.0,"enemies":"3 Darklings","floor":38.0,"turns":4.0},{"damage":0.0,"enemies":"Spire Growth","floor":39.0,"turns":4.0},{"damage":0.0,"enemies":"2 Orb Walkers","floor":40.0,"turns":4.0},{"damage":0.0,"enemies":"Sphere and 2 Shapes","floor":41.0,"turns":4.0},{"damage":0.0,"enemies":"Giant Head","floor":42.0,"turns":6.0},{"damage":0.0,"enemies":"Maw","floor":45.0,"turns":7.0},{"damage":0.0,"enemies":"Spire Growth","floor":46.0,"turns":1.0},{"damage":0,"enemies":"Sphere and 2 Shapes","floor":48,"turns":4},{"damage":40,"enemies":"Time Eater","floor":50,"turns":12}],"seed_played":"-4233575660577814611","potions_obtained":[{"floor":1.0,"key":"Swift Potion"},{"floor":7.0,"key":"BottledMiracle"},{"floor":8.0,"key":"SpeedPotion"}],"is_trial":false,"path_per_floor":["M","?","M","?","T","R","M","M","T","R","?","R","M","M","R","B",null,"M","M","?","M","?","R","?","$","T","M","M","M","M","?","R","B",null,"M","M","?","M","M","?","M","E","T","R","M","M","$","M","R","B",null],"character_chosen":"WATCHER","items_purchased":["MostiFishMod:LegendTransform","StoneCalendar","FearNoEvil","Regal Pillow","Replay:Bottled Eggs","ClockworkSouvenir"],"campfire_rested":1,"item_purchase_floors":[25,25,25,25,47,47],"current_hp_per_floor":[72,61,61,61,61,61,61,61,61,61,61,61,61,61,61,72,72,72,72,72,72,57,57,41,41,41,41,41,41,41,41,72,72,72,72,72,72,72,72,72,72,72,72,72,72,72,72,72,72,32],"gold":91,"neow_bonus":"ONE_RARE_RELIC","is_daily":false,"chose_seed":false,"campfire_upgraded":6,"win_rate":0.0,"timestamp":1612524453,"path_taken":["M","?","M","?","?","R","?","M","T","R","?","R","?","M","R","BOSS","M","M","?","M","?","R","?","$","T","M","?","M","M","?","R","BOSS","M","?","?","M","M","?","M","E","T","R","?","M","$","M","R","BOSS"],"items_purchased_type":["Card","Relic","Card","Relic","Relic","Relic"],"build_version":"2020-12-22","purchased_purges":0,"victory":true,"max_hp_per_floor":[72,72,72,72,72,72,72,72,72,72,72,72,72,72,72,72,72,72,72,72,72,72,72,72,72,72,72,72,72,72,72,72,72,72,72,72,72,72,72,72,72,72,72,72,72,72,72,72,72,72],"relic_stats":{"Regal Pillow":10,"counters":[27,98],"StoneCalendar":[52],"Prayer Wheel":6,"Bag of Preparation":[46],"Kunai":[45],"Orichalcum":[18],"obtain_stats":[{"KeepersGift":0,"Regal Pillow":25,"BookofShadows":42,"DaveBox":0,"Quantum Egg":5,"Enchiridion":24,"StoneCalendar":25,"Thread and Needle":40,"Ring of Chaos":17,"Bag of Preparation":9,"Orichalcum":43,"ClockworkSouvenir":47,"PokeGo":0,"SynthV:TestCard":1,"Ring of Peace":11,"SentryEyes":0,"Prayer Wheel":37,"Kunai":26,"PureWater":0,"Replay:Bottled Eggs":47,"HushsDoor":0,"FossilizedHelix":0},{"KeepersGift":0,"Regal Pillow":10,"BookofShadows":23,"DaveBox":0,"Quantum Egg":2,"Enchiridion":10,"StoneCalendar":10,"Thread and Needle":21,"Ring of Chaos":7,"Bag of Preparation":4,"Orichalcum":23,"ClockworkSouvenir":25,"PokeGo":0,"SynthV:TestCard":1,"Ring of Peace":4,"SentryEyes":0,"Prayer Wheel":18,"Kunai":10,"PureWater":0,"Replay:Bottled Eggs":25,"HushsDoor":0,"FossilizedHelix":0},{"KeepersGift":0,"Regal Pillow":28,"BookofShadows":76,"DaveBox":0,"Quantum Egg":2,"Enchiridion":28,"StoneCalendar":28,"Thread and Needle":67,"Ring of Chaos":19,"Bag of Preparation":6,"Orichalcum":76,"ClockworkSouvenir":84,"PokeGo":0,"SynthV:TestCard":1,"Ring of Peace":6,"SentryEyes":0,"Prayer Wheel":56,"Kunai":28,"PureWater":0,"Replay:Bottled Eggs":84,"HushsDoor":0,"FossilizedHelix":0}]},"card_choices":[{"not_picked":["Replay:ManipulateFuture","Vengeance"],"picked":"EmptyBody","floor":1.0},{"not_picked":["Replay:Hum","Evaluate","Sanctity","FlyingSleeves"],"picked":"Halt","floor":3.0},{"not_picked":["MostiFishMod:Dust","JustLucky","Replay:ManipulateFuture","FlyingSleeves"],"picked":"CutThroughFate","floor":7.0},{"not_picked":["Replay:BluntJabs","Bomb","Worship","Replay:ManipulateFuture"],"picked":"Conclude","floor":8.0},{"not_picked":["Bomb","TalkToTheHand","BowlingBash","ConjureBlade"],"picked":"ForeignInfluence","floor":13.0},{"not_picked":["Crescendo","Evaluate","CutThroughFate","Protect"],"picked":"EmptyFist","floor":14.0},{"not_picked":["DeusExMachina","MostiFishMod:KamiSmash","SpiritShield","Omniscience"],"picked":"MostiFishMod:StarOceanP","floor":16.0},{"not_picked":["LikeWater","JustLucky","Protect","ClearTheMind"],"picked":"SashWhip","floor":18.0},{"not_picked":["MostiFishMod:Speedup+1","WindmillStrike","Replay:BluntJabs+1","Crescendo+1"],"picked":"Consecrate","floor":19.0},{"not_picked":["ThirdEye+1","Weave","Evaluate+1","MostiFishMod:Nomercy","Prostrate+1"],"picked":"SKIP","floor":21.0},{"not_picked":["Sanctity","Halt","SpiritShield","JustLucky"],"picked":"Replay:Battleflow","floor":27.0},{"not_picked":["Replay:AtTheReady+1","Halt","WaveOfTheHand","ClearTheMind+1","JustLucky+1"],"picked":"SKIP","floor":28.0},{"not_picked":["Adaptation+1","MostiFishMod:LegendTransform","Crescendo","SashWhip+1"],"picked":"EmptyFist","floor":29.0},{"not_picked":["MostiFishMod:FlowState","MostiFishMod:Nomercy+1","Prostrate","FlyingSleeves","Replay:BluntJabs+1"],"picked":"SKIP","floor":30.0},{"not_picked":["MostiFishMod:StarHerder","MostiFishMod:StarLaLaLa","MostiFishMod:Minus","MostiFishMod:StarWish"],"picked":"Wish","floor":33.0},{"not_picked":["MostiFishMod:FlowState+1","JustLucky","EmptyBody+1","EmptyFist"],"picked":"Consecrate+1","floor":35.0},{"not_picked":["Replay:Hum+1","Replay:LoomingThreat","Prostrate","EmptyBody+1"],"picked":"FlurryOfBlows+1","floor":36.0},{"not_picked":["ThirdEye+1","SashWhip","JustLucky","Replay:Battleflow+1","Consecrate+1"],"picked":"SKIP","floor":38.0},{"not_picked":["EmptyBody","MostiFishMod:ScryFuture","Vengeance+1","ClearTheMind","Indignation"],"picked":"SKIP","floor":38.0},{"not_picked":["Blasphemy","Worship+1","BowlingBash+1","Evaluate"],"picked":"ClearTheMind+1","floor":39.0},{"not_picked":["WindmillStrike+1","Perseverance+1","Sanctity+1","FlurryOfBlows+1","Weave+1"],"picked":"SKIP","floor":39.0},{"not_picked":["MostiFishMod:Nomercy","Evaluate+1","ThirdEye+1","FollowUp+1"],"picked":"FlurryOfBlows+1","floor":40.0},{"not_picked":["Nirvana","Halt","TalkToTheHand","Wireheading","Crescendo"],"picked":"SKIP","floor":41.0},{"not_picked":["MostiFishMod:FlowState","FlurryOfBlows","Nirvana+1","Swivel","Replay:BluntJabs"],"picked":"SKIP","floor":41.0},{"not_picked":["EmptyMind+1","Wireheading","Protect","Collect","JustLucky"],"picked":"SKIP","floor":42.0},{"not_picked":["Fasting2+1","Replay:ManipulateFuture","FlurryOfBlows","MostiFishMod:StarHerder"],"picked":"CutThroughFate+1","floor":45.0},{"not_picked":["FlurryOfBlows+1","Indignation","MostiFishMod:ScryFuture","ThirdEye","Wallop+1"],"picked":"SKIP","floor":45.0},{"not_picked":["FlurryOfBlows+1","Indignation","MostiFishMod:ScryFuture","ThirdEye"],"picked":"Wallop+1","floor":45.0},{"not_picked":["PathToVictory+1","Protect","Replay:BluntJabs+1","WheelKick"],"picked":"TalkToTheHand+1","floor":46.0},{"not_picked":["PathToVictory","Indignation","Crescendo","BowlingBash+1"],"picked":"Consecrate","floor":46.0},{"not_picked":["DevaForm","EmptyBody+1","FollowUp","Nirvana+1"],"picked":"Replay:DivineShield","floor":48},{"not_picked":["Study","BowlingBash","EmptyBody","InnerPeace+1","Protect+1"],"picked":"SKIP","floor":48}],"player_experience":437013,"relics_obtained":[{"floor":1.0,"key":"SynthV:TestCard"},{"floor":5.0,"key":"Quantum Egg"},{"floor":9.0,"key":"Bag of Preparation"},{"floor":11.0,"key":"Ring of Peace"},{"floor":24.0,"key":"Enchiridion"},{"floor":26.0,"key":"Kunai"},{"floor":37.0,"key":"Prayer Wheel"},{"floor":40.0,"key":"Thread and Needle"},{"floor":42.0,"key":"BookofShadows"},{"floor":43.0,"key":"Orichalcum"}],"event_choices":[{"damage_healed":0.0,"max_hp_gain":0.0,"max_hp_loss":0.0,"gold_gain":75.0,"event_name":"World of Goop","player_choice":"Gather Gold","floor":2.0,"gold_loss":0.0,"damage_taken":11.0},{"damage_healed":0.0,"max_hp_gain":0.0,"max_hp_loss":0.0,"gold_gain":100.0,"event_name":"Golden Shrine","player_choice":"Pray","floor":4.0,"gold_loss":0.0,"damage_taken":0.0},{"damage_healed":0.0,"max_hp_gain":0.0,"max_hp_loss":0.0,"gold_gain":0.0,"event_name":"Beggar","player_choice":"Ignored","floor":20.0,"gold_loss":0.0,"damage_taken":0.0},{"damage_healed":0.0,"max_hp_gain":0.0,"max_hp_loss":0.0,"gold_gain":0.0,"event_name":"Cursed Tome","player_choice":"Obtained Book","floor":24.0,"gold_loss":0.0,"damage_taken":16.0},{"damage_healed":0.0,"max_hp_gain":0.0,"max_hp_loss":0.0,"gold_gain":0.0,"event_name":"Vampires","player_choice":"Ignored","floor":31.0,"gold_loss":0.0,"damage_taken":0.0},{"damage_healed":0.0,"max_hp_gain":0.0,"max_hp_loss":0.0,"gold_gain":0.0,"event_name":"MindBloom","player_choice":"Fight","floor":37.0,"gold_loss":0.0,"damage_taken":0.0},{"damage_healed":0.0,"max_hp_gain":0.0,"max_hp_loss":0.0,"gold_gain":0.0,"event_name":"Mysterious Sphere","player_choice":"Fight","floor":40.0,"gold_loss":0.0,"damage_taken":0.0}],"is_beta":false,"boss_relics":[{"not_picked":["Empty Cage","HereWithMe"],"picked":"Ring of Chaos"},{"not_picked":[]},{"not_picked":["Calling Bell","Coffee Dripper","ExusiaiGun"]}],"items_purged_floors":[],"is_endless":false,"potions_floor_spawned":[1,7,8,18,29,33,35,38,40,45,48],"ascension_level":0}}