{"host":"sc0o2qwpf9j16a4i","time":1612529483,"event":{"mods":["AchievementEnabler","BaseMod","BetterRewards","Block Reminder","Colored Map","Colored Powertips","Custom Start","Highlight Path","Minty Spire (QoL Compilation)","Relic Stats"],"gold_per_floor":[159,159,213,243,297,297,66,120,145,241,289,349,409,454,454,769,769,826,826,883,952,467,467,557,191,216,273,312,321,360,414,423,735,735,777,700,745,811,862,904,904,904,904,913,938,1028,1037,1076,1085,1085],"floor_reached":51,"language":"ENG","playtime":2995,"items_purged":[],"score":1132,"play_id":"8f021e2e-bbfe-43c0-8430-491a9d35bed6","local_time":"20210205145123","daily_mods":["Insanity","Uncertain Future","Midas"],"is_ascension_mode":false,"campfire_choices":[{"floor":6.0,"key":"REST"},{"floor":15,"key":"REST"},{"floor":23,"key":"REST"},{"floor":29,"key":"REST"},{"floor":32,"key":"REST"},{"floor":44,"key":"REST"},{"floor":47,"key":"REST"},{"floor":49,"key":"REST"}],"circlet_count":0,"master_deck":["Loop","Cold Snap","Turbo","Compile Driver+1","FTL","Static Discharge","Skim","Conserve Battery","Loop","Lockon","Redo","Leap","Compile Driver","Reprogram","Turbo","Static Discharge","Sweeping Beam","Beam Cell","Genetic Algorithm","Rebound","Beam Cell","Leap","Streamline","Defragment+1","Conserve Battery","Compile Driver","Doom and Gloom","Ball Lightning","Hello World","Chaos","Double Energy","Reprogram","Barrage","Leap","Coolheaded","Chaos","Hologram","Streamline","Glacier","Rip and Tear+1","Skim","Fusion","Hologram","Turbo","Conserve Battery","Sunder","Redo","Stack","Coolheaded","Compile Driver","Lockon","Chaos","Self Repair","Turbo","Defragment","FTL","Conserve Battery","Genetic Algorithm","Defragment","Leap","Cold Snap","Echo Form","CurseOfTheBell","Sweeping Beam","Redo+1","Static Discharge","Cold Snap","Loop","Hologram+1","Sweeping Beam","Beam Cell","Sweeping Beam","White Noise","Cold Snap","Coolheaded","Heatsinks+1","Stack+1","Stack","Loop+1","Meteor Strike","Loop+1","Lockon","Hologram","Stack+1","Sunder","Chaos","Double Energy","Ball Lightning","Defragment+1","Reprogram+1"],"relics":["Cracked Core","DataDisk","Boot","Calling Bell","CeramicFish","Kunai","Peace Pipe","Oddly Smooth Stone","Orrery","Whetstone","Lantern","Membership Card","Toy Ornithopter","Dream Catcher","Tiny Chest","Snecko Eye","ClockworkSouvenir","Gremlin Horn","Omamori","Bag of Marbles"],"acts_visited":["Exordium","TheCity","TheBeyond"],"potions_floor_usage":[16,16,24,33,38,46,46,46,50,50,50],"damage_taken":[{"damage":0.0,"enemies":"Small Slimes","floor":1.0,"turns":1.0},{"damage":0.0,"enemies":"2 Louse","floor":3.0,"turns":3.0},{"damage":0.0,"enemies":"Jaw Worm","floor":4.0,"turns":2.0},{"damage":2.0,"enemies":"Large Slime","floor":5.0,"turns":5.0},{"damage":0,"enemies":"3 Sentries","floor":10,"turns":6},{"damage":12,"enemies":"3 Louse","floor":11,"turns":3},{"damage":0,"enemies":"Looter","floor":12,"turns":3},{"damage":0,"enemies":"Large Slime","floor":13,"turns":3},{"damage":3,"enemies":"Gremlin Gang","floor":14,"turns":4},{"damage":2,"enemies":"Hexaghost","floor":16,"turns":10},{"damage":27,"enemies":"3 Byrds","floor":18,"turns":4},{"damage":26,"enemies":"Spheric Guardian","floor":20,"turns":3},{"damage":1,"enemies":"Cultist and Chosen","floor":21,"turns":4},{"damage":47,"enemies":"Book of Stabbing","floor":24,"turns":6},{"damage":20,"enemies":"Centurion and Healer","floor":27,"turns":6},{"damage":8,"enemies":"Snake Plant","floor":28,"turns":3},{"damage":14,"enemies":"Shelled Parasite and Fungi","floor":30,"turns":12},{"damage":1,"enemies":"Centurion and Healer","floor":31,"turns":11},{"damage":46,"enemies":"Automaton","floor":33,"turns":18},{"damage":5,"enemies":"3 Darklings","floor":35,"turns":4},{"damage":1,"enemies":"Orb Walker","floor":37,"turns":3},{"damage":0,"enemies":"Transient","floor":38,"turns":5},{"damage":23,"enemies":"Jaw Worm Horde","floor":39,"turns":9},{"damage":1,"enemies":"4 Shapes","floor":40,"turns":4},{"damage":0,"enemies":"Giant Head","floor":46,"turns":10},{"damage":43,"enemies":"Transient","floor":48,"turns":5},{"damage":21,"enemies":"Awakened One","floor":50,"turns":18}],"seed_played":"-8116539945595623494","potions_obtained":[{"floor":1.0,"key":"Strength Potion"},{"floor":4.0,"key":"EssenceOfSteel"},{"floor":10,"key":"FearPotion"},{"floor":12,"key":"ColorlessPotion"},{"floor":20,"key":"FocusPotion"},{"floor":27,"key":"Fire Potion"},{"floor":33,"key":"PowerPotion"},{"floor":35,"key":"ColorlessPotion"},{"floor":37,"key":"EntropicBrew"},{"floor":42,"key":"DuplicationPotion"},{"floor":48,"key":"LiquidMemories"}],"is_trial":true,"path_per_floor":["M","?","M","M","M","R","$","?","T","E","M","M","M","M","R","B",null,"M","?","M","M","$","R","E","$","T","M","M","R","M","M","R","B",null,"M","$","M","M","M","M","?","?","T","R","T","E","R","M","R","B",null],"character_chosen":"DEFECT","items_purchased":["Turbo","Defragment","FTL","Conserve Battery","Cold Snap","Loop","Oddly Smooth Stone","Orrery","Whetstone","Membership Card","Cold Snap","Coolheaded","Toy Ornithopter","Dream Catcher","CultistPotion","ClockworkSouvenir"],"campfire_rested":8,"item_purchase_floors":[7,7,7,7,22,22,22,22,22,25,25,25,25,25,25,36],"current_hp_per_floor":[75,75,75,75,73,75,75,75,75,75,63,63,70,67,75,75,75,62,67,41,47,47,69,36,36,36,16,8,30,30,36,58,24,75,70,70,69,74,58,57,57,57,57,75,75,75,75,32,54,55],"gold":1085,"neow_bonus":"","is_daily":false,"chose_seed":false,"campfire_upgraded":0,"win_rate":0.0,"timestamp":1612529483,"path_taken":["M","?","?","M","M","R","$","?","T","E","M","M","M","M","R","BOSS","M","?","M","M","?","R","E","$","T","M","M","R","?","M","R","BOSS","M","$","M","M","M","M","?","?","T","R","?","E","R","M","R","BOSS"],"items_purchased_type":["Card","Card","Card","Card","Card","Card","Relic","Relic","Relic","Relic","Card","Card","Relic","Relic","Potion","Relic"],"build_version":"2020-12-22","purchased_purges":0,"victory":true,"max_hp_per_floor":[75,75,75,75,75,75,75,75,75,75,75,75,75,75,75,75,75,75,75,75,75,75,75,75,75,75,75,75,75,75,75,75,75,75,75,75,75,75,75,75,75,75,75,75,75,75,75,75,75,75],"relic_stats":{"Peace Pipe":0,"Dream Catcher":5,"Gremlin Horn":[3,3],"counters":[27,164],"CeramicFish":243,"Snecko Eye":[127,152,137,120],"Tiny Chest":1,"Kunai":[48],"Whetstone":["Compile Driver","Rip and Tear"],"Boot":[78],"obtain_stats":[{"Lantern":24,"Gremlin Horn":43,"CeramicFish":17,"Oddly Smooth Stone":22,"Omamori":45,"Whetstone":22,"Boot":10,"ClockworkSouvenir":36,"Calling Bell":17,"Peace Pipe":17,"DataDisk":9,"Dream Catcher":25,"Orrery":22,"Snecko Eye":34,"Tiny Chest":26,"Bag of Marbles":46,"Kunai":17,"Membership Card":25,"Cracked Core":0,"Toy Ornithopter":25},{"Lantern":14,"Gremlin Horn":24,"CeramicFish":10,"Oddly Smooth Stone":13,"Omamori":24,"Whetstone":13,"Boot":5,"ClockworkSouvenir":20,"Calling Bell":10,"Peace Pipe":10,"DataDisk":4,"Dream Catcher":14,"Orrery":13,"Snecko Eye":19,"Tiny Chest":14,"Bag of Marbles":25,"Kunai":10,"Membership Card":14,"Cracked Core":0,"Toy Ornithopter":14},{"Lantern":56,"Gremlin Horn":131,"CeramicFish":39,"Oddly Smooth Stone":50,"Omamori":131,"Whetstone":50,"Boot":16,"ClockworkSouvenir":110,"Calling Bell":39,"Peace Pipe":39,"DataDisk":10,"Dream Catcher":56,"Orrery":50,"Snecko Eye":106,"Tiny Chest":56,"Bag of Marbles":141,"Kunai":39,"Membership Card":56,"Cracked Core":0,"Toy Ornithopter":56}],"Toy Ornithopter":25},"card_choices":[{"not_picked":["Redo","Loop"],"picked":"Compile Driver","floor":1.0},{"not_picked":["Coolheaded","Steam"],"picked":"Lockon","floor":3.0},{"not_picked":["Turbo","Recycle"],"picked":"Chaos","floor":4.0},{"not_picked":["Compile Driver","Tempest"],"picked":"Self Repair","floor":5.0},{"not_picked":["Melter","Chill","Buffer"],"picked":"SKIP","floor":10},{"not_picked":["Go for the Eyes","Redo"],"picked":"Genetic Algorithm","floor":11},{"not_picked":["Beam Cell","Barrage"],"picked":"Defragment","floor":12},{"not_picked":["Go for the Eyes","Steam Power"],"picked":"Leap","floor":13},{"not_picked":["Leap","Turbo"],"picked":"Cold Snap","floor":14},{"not_picked":["Seek","Thunder Strike"],"picked":"Echo Form","floor":16},{"not_picked":["Turbo","Scrape"],"picked":"Sweeping Beam","floor":18},{"not_picked":["Barrage","Go for the Eyes"],"picked":"Redo+1","floor":20},{"not_picked":["Conserve Battery+1","Barrage"],"picked":"Static Discharge","floor":21},{"not_picked":["Genetic Algorithm+1","Chill"],"picked":"Hologram+1","floor":22},{"not_picked":["Buffer","Go for the Eyes+1"],"picked":"Sweeping Beam","floor":22},{"not_picked":["Turbo+1","Melter+1"],"picked":"Beam Cell","floor":22},{"not_picked":["Compile Driver+1","Static Discharge"],"picked":"Sweeping Beam","floor":22},{"not_picked":["Melter","Steam+1"],"picked":"White Noise","floor":24},{"not_picked":["Darkness","Rebound","Compile Driver"],"picked":"SKIP","floor":27},{"not_picked":["Cold Snap","Steam+1"],"picked":"Heatsinks+1","floor":28},{"not_picked":["Thunder Strike","Reprogram"],"picked":"Stack+1","floor":29},{"not_picked":["Melter+1","Doom and Gloom"],"picked":"Stack","floor":30},{"not_picked":["Auto Shields","Melter","Sweeping Beam+1"],"picked":"SKIP","floor":31},{"not_picked":["Conserve Battery","Hologram+1"],"picked":"Loop+1","floor":32},{"not_picked":["Rainbow","Thunder Strike"],"picked":"Meteor Strike","floor":33},{"not_picked":["Recycle","Gash+1"],"picked":"Loop+1","floor":35},{"not_picked":["Cold Snap","Reprogram+1"],"picked":"Lockon","floor":37},{"not_picked":["Compile Driver","Rebound"],"picked":"Hologram","floor":38},{"not_picked":["Darkness","Steam"],"picked":"Stack+1","floor":39},{"not_picked":["Consume+1","Steam"],"picked":"Sunder","floor":40},{"not_picked":["Conserve Battery","Hologram"],"picked":"Chaos","floor":44},{"not_picked":["Reboot","Chill"],"picked":"Double Energy","floor":46},{"not_picked":["Rebound","Auto Shields+1"],"picked":"Ball Lightning","floor":47},{"not_picked":["Hologram","Conserve Battery"],"picked":"Defragment+1","floor":48},{"not_picked":["Consume","Stack+1"],"picked":"Reprogram+1","floor":49}],"player_experience":1193514,"relics_obtained":[{"floor":9.0,"key":"DataDisk"},{"floor":10,"key":"Boot"},{"floor":17,"key":"CeramicFish"},{"floor":17,"key":"Kunai"},{"floor":17,"key":"Peace Pipe"},{"floor":24,"key":"Lantern"},{"floor":26,"key":"Tiny Chest"},{"floor":43,"key":"Gremlin Horn"},{"floor":45,"key":"Omamori"},{"floor":46,"key":"Bag of Marbles"}],"event_choices":[{"damage_healed":0.0,"max_hp_gain":0.0,"max_hp_loss":0.0,"gold_gain":0.0,"event_name":"Upgrade Shrine","player_choice":"Upgraded","floor":2.0,"gold_loss":0.0,"damage_taken":0.0,"cards_upgraded":["Defragment"]},{"damage_healed":0.0,"max_hp_gain":0.0,"max_hp_loss":0.0,"gold_gain":54.0,"event_name":"Golden Wing","player_choice":"Gained Gold","floor":8.0,"gold_loss":0.0,"damage_taken":0.0},{"cards_removed":["Leap"],"damage_healed":5,"gold_gain":0,"player_choice":"Offered Common","damage_taken":0,"max_hp_gain":0,"max_hp_loss":0,"event_name":"Bonfire Elementals","floor":19,"gold_loss":0},{"cards_removed":["Leap"],"damage_healed":5,"gold_gain":0,"player_choice":"Offered Special","damage_taken":0,"max_hp_gain":0,"max_hp_loss":0,"event_name":"Bonfire Elementals","floor":19,"gold_loss":0},{"damage_healed":0,"gold_gain":0,"player_choice":"Ignored","damage_taken":0,"max_hp_gain":0,"max_hp_loss":0,"event_name":"Tomb of Lord Red Mask","floor":41,"gold_loss":0},{"damage_healed":0,"gold_gain":0,"player_choice":"Got Potions","damage_taken":0,"max_hp_gain":0,"max_hp_loss":0,"event_name":"Lab","floor":42,"gold_loss":0}],"is_beta":false,"boss_relics":[{"not_picked":["SacredBark","Runic Pyramid"],"picked":"Calling Bell"},{"not_picked":["Astrolabe","Coffee Dripper"],"picked":"Snecko Eye"}],"items_purged_floors":[],"is_endless":false,"potions_floor_spawned":[1,4,10,12,13,20,27,28,33,35,37,48],"ascension_level":0}}