{"host":"l3mntlxfatf6lpxm","time":1612548020,"event":{"mods":["2.2 Compatiblity","AchievementEnabler","Arknights","Aspiration","Bard","BaseMod","Beaked The Cultist","Better Altar","Better Match","Better Note","Better Sensory Stone","Better Skull","Better Third Choice","Bossed Relics","Challenge The Spire","Colored Powertips","Defuse TimeMaze Blight","Displayed Cursed Tome","Dota2Spire","Downfall","Ekko","Energized Spire","Evolution","Gold Saver","Hubris","Infinite Spire","Jorbs\u0027s Wanderer Trilogy","Kratos Character Expansion","Luminous","Marisa????????","Minty Spire (QoL Compilation)","Replay The Spire","Retaliation","Shade Mod","Shop Mod","Somnambulant","Spicy Shops","StSLib","The Blue Laboratory","The Caster","The Construct","The Cursed","The Jungle","The Runesmith","The Servant 0.9.4","TheSurvivalist","TheVacant","Thieving Mod","Trackpad","Unceasing Turn Reminder","Virulent Crown","Wandering Minibosses"],"gold_per_floor":[792,967,967,977,993,993,1019,1059,1137,1137,1149,1149,1164,1184,1184,1184,1184],"floor_reached":16,"language":"SPA","playtime":1071,"items_purged":[],"score":102,"play_id":"d51c4b50-3d7a-48e8-bfdb-7ebb22e7016b","local_time":"20210205190020","is_ascension_mode":false,"campfire_choices":[{"data":"survmod:VersatileOffense","floor":6,"key":"SMITH"},{"data":"survmod:MarkedShot","floor":10,"key":"SMITH"},{"data":"survmod:SkillfulManeuver","floor":12,"key":"SMITH"},{"data":"survmod:FenceTrap","floor":15,"key":"SMITH"}],"circlet_count":0,"master_deck":["survmod:Strike","survmod:Strike","survmod:Strike","survmod:Strike","survmod:Defend","survmod:Defend","survmod:Defend","survmod:Defend","survmod:VersatileOffense+1","survmod:Sprint+1","survmod:AcidTrap","Doubt","survmod:LongShot","survmod:BearTrap","survmod:SkillfulManeuver+1","ReplayTheSpireMod:Splinters","survmod:FlashbangTrap","survmod:MarkedShot+1","survmod:ComplexMutation","survmod:Adaptability","survmod:FenceTrap+1"],"relics":["survmod:InnateMutation","EVO:Axolotl","NeowsBlessing","Torii","Oddly Smooth Stone","Runesmith:Nanobots"],"acts_visited":["Exordium"],"potions_floor_usage":[],"damage_taken":[{"damage":0,"enemies":"Small Slimes","floor":1,"turns":1},{"damage":0,"enemies":"Cultist","floor":4,"turns":1},{"damage":0,"enemies":"infinitespire:Voidling","floor":5,"turns":1},{"damage":2,"enemies":"Replay:BlueRogue","floor":7,"turns":12},{"damage":0,"enemies":"Large Slime","floor":11,"turns":7},{"damage":0,"enemies":"Lots of Slimes","floor":13,"turns":3},{"damage":0,"enemies":"Gremlin Gang","floor":14,"turns":6},{"damage":52,"enemies":"Hexaghost","floor":16,"turns":14}],"seed_played":"4711893938997370304","potions_obtained":[{"floor":8,"key":"BlessingOfTheForge"},{"floor":13,"key":"Milkshake"},{"floor":14,"key":"blueLaboratory:TrueEctoplasm"}],"is_trial":false,"path_per_floor":["M","?","?","M","M","R","E","?","T","R","M","R","M","M","R","B"],"character_chosen":"THE_SURVIVOR","items_purchased":[],"campfire_rested":0,"item_purchase_floors":[],"current_hp_per_floor":[50,50,50,50,50,50,48,48,48,48,48,48,48,48,48,0,0],"gold":1184,"neow_bonus":"THREE_ENEMY_KILL","is_daily":false,"chose_seed":false,"campfire_upgraded":4,"win_rate":0.0,"timestamp":1612548020,"path_taken":["M","?","?","M","M","R","E","?","T","R","?","R","?","M","R","BOSS"],"items_purchased_type":[],"build_version":"2020-12-22","purchased_purges":0,"victory":false,"max_hp_per_floor":[50,50,50,50,50,50,50,50,50,50,50,50,50,50,50,50,50],"card_choices":[{"not_picked":["survmod:VersatileDefense","survmod:TrickShot"],"picked":"survmod:AcidTrap","floor":1},{"not_picked":["survmod:MarkTrap","survmod:AcidArrow"],"picked":"survmod:LongShot","floor":4},{"not_picked":["survmod:TrickShot","survmod:AcidTrap"],"picked":"survmod:BearTrap","floor":5},{"not_picked":["survmod:LongShot","survmod:FlashbangShot"],"picked":"survmod:SkillfulManeuver","floor":7},{"not_picked":["survmod:HiddenTactic","survmod:AcidTrap"],"picked":"survmod:FlashbangTrap","floor":8},{"not_picked":["survmod:BendAndBow","survmod:QuickDash"],"picked":"survmod:MarkedShot","floor":8},{"not_picked":["survmod:UnfortunateEscape","survmod:BearTrap"],"picked":"survmod:ComplexMutation","floor":11},{"not_picked":["survmod:AimForTheLiver","survmod:AcidArrow"],"picked":"survmod:Adaptability","floor":13},{"not_picked":["survmod:Adaptability","survmod:SwiftKick"],"picked":"survmod:FenceTrap","floor":14}],"player_experience":784744,"relics_obtained":[{"floor":7,"key":"Torii"},{"floor":8,"key":"Oddly Smooth Stone"},{"floor":9,"key":"Runesmith:Nanobots"}],"event_choices":[{"damage_healed":0,"gold_gain":175,"player_choice":"AGREE","damage_taken":792,"max_hp_gain":0,"max_hp_loss":0,"event_name":"betterThird:BetterSerpent","floor":2,"gold_loss":0}],"is_beta":false,"boss_relics":[],"items_purged_floors":[],"is_endless":false,"potions_floor_spawned":[13,14],"killed_by":"Hexaghost","ascension_level":0}}