{"host":"yqw1zpryoutrnocq","time":1612568327,"event":{"mods":["2.2 Compatiblity","AchievementEnabler","BaseMod","Colored Map","Custom Start","DeckTracker","Minty Spire (QoL Compilation)","StSLib","SuperFastMode"],"gold_per_floor":[364,113,113,113,288,288,288,288,288,52,64,91,91,106,106,106,106],"floor_reached":16,"language":"KOR","playtime":232,"items_purged":["Decay"],"score":130,"play_id":"e8e50677-89e6-47dd-8f1e-d23b796f6433","local_time":"20210205173847","is_ascension_mode":true,"campfire_choices":[{"data":"Bash","floor":6.0,"key":"SMITH"},{"data":"Seeing Red","floor":8.0,"key":"SMITH"},{"data":"Body Slam","floor":13.0,"key":"SMITH"},{"data":"True Grit","floor":15.0,"key":"SMITH"}],"circlet_count":0,"master_deck":["Strike_R","Strike_R","Strike_R","Strike_R","Strike_R+1","Defend_R+1","Defend_R","Defend_R","Defend_R","Bash+1","Fire Breathing","Panacea","Seeing Red+1","Doubt","Ghostly Armor","Body Slam","Body Slam+1","Shrug It Off","True Grit+1"],"relics":["Burning Blood","Akabeko","StoneCalendar","Red Skull","Centennial Puzzle"],"acts_visited":["Exordium"],"potions_floor_usage":[],"damage_taken":[{"damage":14.0,"enemies":"Small Slimes","floor":1.0,"turns":4.0},{"damage":0.0,"enemies":"Jaw Worm","floor":11.0,"turns":3.0},{"damage":12.0,"enemies":"3 Sentries","floor":12.0,"turns":6.0},{"damage":0.0,"enemies":"2 Louse","floor":14.0,"turns":2.0},{"damage":33,"enemies":"Slime Boss","floor":16,"turns":6}],"seed_played":"4855162088565757081","potions_obtained":[],"is_trial":false,"path_per_floor":["M","$","?","$","?","R","?","R","T","$","M","E","R","M","R","B"],"character_chosen":"IRONCLAD","items_purchased":["Panacea","Seeing Red","Red Skull","Ghostly Armor","Body Slam"],"campfire_rested":0,"item_purchase_floors":[2,2,10,10,10],"current_hp_per_floor":[64,64,39,39,39,39,23,23,23,23,29,23,23,29,29,0,0],"gold":106,"neow_bonus":"TWO_FIFTY_GOLD","is_daily":false,"chose_seed":false,"campfire_upgraded":4,"win_rate":0.0,"timestamp":1612568327,"path_taken":["M","$","?","$","?","R","?","R","T","$","M","E","R","M","R","BOSS"],"items_purchased_type":["Card","Card","Relic","Card","Card"],"build_version":"2020-12-22","purchased_purges":1,"victory":false,"max_hp_per_floor":[80,80,80,80,80,80,80,80,80,80,80,80,80,80,80,80,80],"card_choices":[{"not_picked":["Havoc","Sword Boomerang"],"picked":"Fire Breathing","floor":1.0},{"not_picked":["Warcry","Iron Wave"],"picked":"Body Slam","floor":11.0},{"not_picked":["Headbutt","Wild Strike"],"picked":"Shrug It Off","floor":12.0},{"not_picked":["Immolate","Thunderclap"],"picked":"True Grit","floor":14.0}],"player_experience":295760,"relics_obtained":[{"floor":9.0,"key":"StoneCalendar"},{"floor":12.0,"key":"Centennial Puzzle"}],"event_choices":[{"damage_healed":0.0,"max_hp_gain":0.0,"max_hp_loss":0.0,"gold_gain":0.0,"event_name":"Scrap Ooze","player_choice":"Success","floor":3.0,"gold_loss":0.0,"damage_taken":25.0,"relics_obtained":["Akabeko"]},{"damage_healed":0.0,"max_hp_gain":0.0,"max_hp_loss":0.0,"gold_gain":175.0,"event_name":"Liars Game","player_choice":"AGREE","floor":5.0,"gold_loss":0.0,"damage_taken":0.0,"cards_obtained":["Doubt"]},{"damage_healed":0.0,"max_hp_gain":0.0,"max_hp_loss":0.0,"gold_gain":0.0,"event_name":"Shining Light","player_choice":"Entered Light","floor":7.0,"gold_loss":0.0,"damage_taken":16.0,"cards_upgraded":["Defend_R","Strike_R"]}],"is_beta":false,"boss_relics":[],"items_purged_floors":[2],"is_endless":false,"potions_floor_spawned":[],"killed_by":"Slime Boss","ascension_level":7}}