{"host":"y4sghvfd0ewtcchd","time":1612505635,"event":{"mods":["A Penny For Your Troubles","Aspiration","BaseMod","Better Altar","Better Debug","Better Note","Better Third Choice","BetterRewards","Block Reminder","Colored Map","Colored Powertips","Highlight Path","Hubris","Infinite Spire","Minty Spire (QoL Compilation)","Relic Sorter","Relic Stats","Replay The Spire","Robot Space Explorer","Shop Mod","Spicy Shops","StSLib","The Jungle","The Saiyan","Wide Potions"],"gold_per_floor":[128,150,150,183,8,8,8,59,110,151,151,151,200,240,240,339,339,383,249,307,307,307,356,356,426,426,426,489,489,530,584,584,730,730,815,476,476,554,145,223,293,293,347,347,436,436,501,572,572,602,685,685,685,1021,1226,1240],"floor_reached":57,"language":"ENG","playtime":4903,"items_purged":["Strike_G"],"score":3722,"play_id":"b3e2a969-8cfd-4bc7-8733-c69014bfbc7b","local_time":"20210205091355","is_ascension_mode":true,"campfire_choices":[{"data":"HandOfGreed","floor":6.0,"key":"SMITH"},{"data":"Bouncing Flask","floor":11.0,"key":"SMITH"},{"data":"aspiration:Lunge","floor":15.0,"key":"SMITH"},{"data":"Cloak And Dagger","floor":24,"key":"SMITH"},{"data":"Neutralize","floor":27,"key":"SMITH"},{"floor":29,"key":"RECALL"},{"data":"Doppelganger","floor":32,"key":"SMITH"},{"data":"infinitespire:FutureSight","floor":42,"key":"SMITH"},{"data":"Blur","floor":46,"key":"SMITH"}],"circlet_count":0,"master_deck":["AscendersBane","Strike_G","Strike_G","Strike_G","Strike_G","Defend_G","Defend_G","Defend_G","Defend_G","Defend_G","Survivor","Neutralize+1","ReplayTheSpireMod:Faulty Equipment","HandOfGreed+1","Good Instincts","aspiration:Lunge+1","Cloak And Dagger+1","Doppelganger+1","Noxious Fumes+1","Catalyst+1","Die Die Die+1","Dagger Spray+1","Dagger Spray+1","Caltrops+1","Poisoned Stab","Blur+1","ReplayTheSpireMod:Speed Training","Sneak Up+1","hubris:EnhanceAbility+1","Skewer+1","Bouncing Flask+1","Replay:Poison Smokescreen","Malaise+1","Outmaneuver+1","infinitespire:FutureSight+1","After Image+1","Doppelganger+1","Bouncing Flask+1","hubris:DuctTapeCard+2","Wraith Form v2+1","Riddle With Holes+1","Blur+1","Impatience+1","Doppelganger+1","Blur+1","Setup+1","Riddle With Holes+1","Slice+1","Backflip+1","Replay:Dark Deal+1","Wraith Form v2+1"],"relics":["Ring of the Snake","Incense Burner","Replay:Bandana","ReplayTheSpireMod:CursedCoin","infinitespire:Broken Mirror","Omamori","infinitespire:FocusingShard","aspiration:HatOfInfinitePower","Gambling Chip","ReplayTheSpireMod:ShopPack","ReplayTheSpireMod:TigerMarble","Vajra","Membership Card","Chemical X","Golden Egg","PreservedInsect","Nunchaku","Snake Skull","Onion Ring","Replay:Bronze Core","Oddly Smooth Stone","Anchor","Matryoshka","hubris:Zylophone","aspiration:ArtOfWarUpgrade","infinitespire:Bottled Soul","aspiration:Lifesprig","infinitespire:EvilPickle","Philosopher\u0027s Stone","hubris:DuctTape","hubris:Towel","infinitespire:EmpoweringShard","ClockworkSouvenir","Sling","hubris:SlimyHat","infinitespire:Satchel","Pantograph","hubris:NiceRug","Paper Crane","Unceasing Top","aspiration:Nostalgia","Cracked Core","Boot","hubris:MobiusCoin","Cauldron","hubris:FunFungus"],"acts_visited":["Exordium","TheCity","TheBeyond","TheEnding"],"potions_floor_usage":[20,56,56],"damage_taken":[{"damage":0.0,"enemies":"Cultist","floor":1.0,"turns":2.0},{"damage":0.0,"enemies":"Jaw Worm","floor":2.0,"turns":1.0},{"damage":0.0,"enemies":"Small Slimes","floor":4.0,"turns":1.0},{"damage":0.0,"enemies":"Lagavulin","floor":8.0,"turns":2.0},{"damage":0.0,"enemies":"Gremlin Nob","floor":10.0,"turns":2.0},{"damage":0.0,"enemies":"3 Sentries","floor":13.0,"turns":1.0},{"damage":0.0,"enemies":"Gremlin Gang","floor":14.0,"turns":1.0},{"damage":9.0,"enemies":"Hexaghost","floor":16.0,"turns":4.0},{"damage":0.0,"enemies":"Spheric Guardian","floor":18.0,"turns":3.0},{"damage":0,"enemies":"3 Byrds","floor":20,"turns":3},{"damage":0,"enemies":"Slavers","floor":23,"turns":1},{"damage":0,"enemies":"Book of Stabbing","floor":25,"turns":3},{"damage":0,"enemies":"Replay:Snechameleon","floor":28,"turns":3},{"damage":0,"enemies":"Snecko","floor":30,"turns":2},{"damage":0,"enemies":"Snake Plant","floor":31,"turns":2},{"damage":0,"enemies":"Pondfish","floor":33,"turns":4},{"damage":0,"enemies":"Orb Walker","floor":35,"turns":2},{"damage":0,"enemies":"3 Shapes","floor":38,"turns":4},{"damage":0,"enemies":"R_Hoarder","floor":40,"turns":5},{"damage":0,"enemies":"Maw","floor":41,"turns":4},{"damage":0,"enemies":"Reptomancer","floor":45,"turns":3},{"damage":0,"enemies":"Sphere and 2 Shapes","floor":47,"turns":1},{"damage":0,"enemies":"Writhing Mass","floor":48,"turns":4},{"damage":0,"enemies":"Awakened One","floor":50,"turns":10},{"damage":0,"enemies":"Replay:Hell Engine","floor":51,"turns":7},{"damage":0,"enemies":"hubris:Merchant","floor":54,"turns":5},{"damage":0,"enemies":"Shield and Spear","floor":55,"turns":5},{"damage":0,"enemies":"The Heart","floor":56,"turns":8}],"seed_played":"-4709171620482789723","potions_obtained":[{"floor":4.0,"key":"Ancient Potion"},{"floor":12.0,"key":"Toxic Potion"},{"floor":12.0,"key":"Fire Potion"},{"floor":14.0,"key":"Fire Potion"},{"floor":23,"key":"Swift Potion"},{"floor":54,"key":"SteroidPotion"}],"is_trial":false,"path_per_floor":["M","M","?","M","$","R","$","E","T","E","R","?","E","M","R","B",null,"M","$","M","?","?","E","R","E","T","R","E","R","M","M","R","B",null,"M","$","?","M","$","E","M","R","T","?","E","R","M","M","R","B","B",null,"R","$","E","B",null],"character_chosen":"THE_SILENT","items_purchased":["ReplayTheSpireMod:CursedCoin","infinitespire:Broken Mirror","Omamori","infinitespire:FocusingShard","aspiration:HatOfInfinitePower","Gambling Chip","ReplayTheSpireMod:ShopPack","ReplayTheSpireMod:TigerMarble","Vajra","aspiration:Lunge","Cloak And Dagger","Doppelganger","Membership Card","Chemical X","Golden Egg","Noxious Fumes","Catalyst","PreservedInsect","Replay:Bandana","Die Die Die","Dagger Spray","Caltrops","Sneak Up","hubris:EnhanceAbility","Skewer+1","Oddly Smooth Stone","Anchor","Outmaneuver","hubris:DuctTape","Wraith Form v2","Riddle With Holes","Blur","infinitespire:EmpoweringShard","ClockworkSouvenir","Sling","Impatience"],"campfire_rested":0,"item_purchase_floors":[0,0,0,0,0,0,0,0,0,0,0,0,0,0,0,0,0,0,0,0,0,0,5,5,5,19,19,19,36,36,36,39,39,39,39,39],"current_hp_per_floor":[18,18,66,66,66,66,66,66,66,66,66,66,66,66,66,57,64,64,64,64,48,48,48,48,48,48,48,48,48,48,48,48,48,62,62,62,62,62,62,62,62,62,62,62,62,62,62,62,62,66,66,66,66,66,66,66],"gold":1240,"neow_bonus":"","is_daily":false,"chose_seed":false,"campfire_upgraded":8,"win_rate":0.0,"timestamp":1612505635,"path_taken":["M","?","?","?","$","R","$","E","T","E","R","?","E","M","R","BOSS","M","$","?","?","?","E","R","E","T","R","E","R","M","M","R","BOSS","M","$","?","M","$","E","M","R","T","?","E","R","M","M","R","BOSS","BOSS","R","$","E","BOSS"],"items_purchased_type":["Relic","Relic","Relic","Relic","Relic","Relic","Relic","Relic","Relic","Card","Card","Card","Relic","Relic","Relic","Card","Card","Relic","Relic","Card","Card","Card","Card","Card","Card","Relic","Relic","Card","Relic","Card","Card","Card","Relic","Relic","Relic","Card"],"build_version":"2020-12-22","purchased_purges":1,"victory":true,"max_hp_per_floor":[66,66,66,66,66,66,66,66,66,66,66,66,66,66,66,66,66,66,66,66,66,66,66,66,66,66,66,66,66,66,66,66,66,66,66,66,66,66,66,66,66,66,66,66,66,66,66,66,66,66,66,66,66,66,66,66],"relic_stats":{"Nunchaku":[24],"counters":[790,2930],"Gambling Chip":[99],"Pantograph":4,"PreservedInsect":928,"Snake Skull":[214],"Chemical X":[77],"Boot":[5],"obtain_stats":[{"Replay:Accelerometer":30,"aspiration:SneckoTail":38,"Vampiric Spirits":46,"downfall:HeartBlessingGreen":10,"aspiration:PoetsPen_weak":17,"hubris:MysteriousPyramids":9,"Sling":55,"Ring of Searing":38,"Blood Vial":43,"Replay:Wanted Poster":34,"infinitespire:ShieldingShard":13,"hubris:HerbalPaste":0,"hubris:AstralHammer":40,"Replay:Bronze Core":34,"Fusion Hammer":34,"Replay:Bottled Flurry":46,"HandDrill":0,"Replay:Bottled Steam":53,"hubris:MobiusCoin":6,"MerchantsRug":53,"Blue Candle":53,"Velvet Choker":34,"Eternal Feather":53,"Pen Nib":25,"ReplayTheSpireMod:SealedPack":17,"infinitespire:Magic Flask":9,"infinitespire:EvilPickle":33,"infinitespire:Broken Mirror":54,"infinitespire:Lychee Nut":27,"Bird Faced Urn":39,"Unceasing Top":14,"hubris:Reverence":23,"Regal Pillow":29,"Torii":7,"Singing Bowl":25,"hubris:EmptyBottle":29,"Ancient Tea Set":5,"Pet Ghost":41,"Ring of Fangs":46,"hubris:Backtick":34,"infinitespire:Bottled Soul":43,"aspiration:AnachronicSnailShell":41,"Toolbox":53,"hubris:CuriousFeather":38,"Chemical X":27,"Replay:Bottled Eggs":53,"infinitespire:Eraser":23,"InkBottle":25,"aspiration:ChemicalBlood":24,"Ring of the Snake":0,"Potion Belt":44,"Lee\u0027s Waffle":53,"Replay:M_StaffOfTheSnake":0,"Replay:Fungal Core":29,"NeowsBlessing":0,"hubris:64BitClover":0,"Golden Idol":10,"PreservedInsect":26,"infinitespire:Lucky Rock":26,"hubris:Towel":30,"Replay:Arrowhead":0,"Ornamental Fan":6,"hubris:Spice":42,"Art of War":37,"Garlic":11,"Durian":0,"infinitespire:Midas Blood":0,"hubris:BottledRain":17,"Ice Cream":44,"Calipers":23,"Gremlin Horn":38,"HoveringKite":17,"aspiration:Stabinomicon":22,"hubris:TerracottaHorce":48,"Sozu":17,"Centennial Puzzle":48,"Prayer Wheel":11,"Philosopher\u0027s Stone":17,"Iron Hammer":54,"hubris:DuctTape":34,"ReplayTheSpireMod:CursedCoin":53,"Replay:Grab Bag":34,"Ring of Chaos":34,"SaiyanHeart":0,"aspiration:HiddenCompartment":29,"hubris:Zylophone":53,"hubris:PeanutButter":9,"Onion Ring":0,"infinitespire:EmpoweringShard":0,"aspiration:HatOfInfinitePower":37,"Mirror":9,"Pocketwatch":36,"aspiration:TomeofQuesting":38,"Snake Skull":7,"Juzu Bracelet":44,"Sizzling Blood":53,"hubris:RunicObelisk":17,"Replay:Mystery Machine":47,"PrismaticShard":53,"aspiration:StickyExplosives_weak":24,"Tough Bandages":9,"Dream Catcher":23,"Nunchaku":25,"hubris:Icosahedron":47,"TheAbacus":53,"Chameleon Ring":25,"aspiration:DefectSkillbook":34,"downfall:HeartBlessingBlue":18,"Red Mask":31,"Runic Pyramid":21,"hubris:KleinBottle":37,"Guide Book":0,"Replay:WaspNest":53,"infinitespire:FocusingShard":53,"Odd Mushroom":13,"Medical Kit":0,"Mercury Hourglass":6,"Calling Bell":47,"Strange Spoon":53,"Cauldron":53,"Pondfish Scales":29,"infinitespire:DarkRift":0,"infinitespire:Satchel":31,"SaiyanSoul":0,"Bag of Marbles":6,"Membership Card":20,"hubris:AncientText":36,"FossilizedHelix":36,"hubris:OldNail":0,"ReplayTheSpireMod:ShopPack":0,"TwistedFunnel":0,"infinitespire:BottledMercury":46,"Golden Egg":53,"Ginger":25,"Whetstone":29,"Bottled Tornado":0,"Boot":52,"aspiration:RitualStick":25,"Old Coin":24,"Replay:Ringing Soul":43,"Sundial":24,"MealTicket":48,"hubris:DeckOfHolding":28,"infinitespire:Golems Mask":48,"Kunai":47,"Replay:Wax Seal":18,"hubris:TinFlute":53,"Pear":20,"Counterbalance":38,"ReplayTheSpireMod:Ring of Addiction":46,"hubris:SphereOfDissonance":0,"Replay:Ancient Bell":34,"Paper Crane":22,"aspiration:IroncladSkillbook":17,"aspiration:FrozenJewel":9,"SlaversCollar":17,"Pandora\u0027s Box":34,"hubris:TenFootPole":2,"infinitespire:PuzzleCube":24,"Abe\u0027s Treasure":17,"aspiration:Lifesprig":0,"Lantern":40,"hubris:Metronome":41,"Blue Doll":52,"Bag of Preparation":42,"Replay:Multitool":20,"Cursed Key":34,"Replay:Rubber Ducky":36,"Shovel":3,"Matryoshka":23,"Ninja Scroll":53,"Ring of Peace":38,"WingedGreaves":36,"Replay:Lucky Slots":54,"hubris:FunFungus":28,"Ring of Panic":10,"hubris:GlazedTorus":46,"aspiration:VileToxins":42,"downfall:HeartBlessingRed":10,"Basket Of Snakes":31,"Damaru":6,"Thread and Needle":53,"The Courier":41,"infinitespire:Joker Card":0,"Omamori":45,"infinitespire:CheckeredPen":43,"Frozen Egg 2":13,"MawBank":41,"Busted Crown":17,"Orrery":0,"Turnip":19,"Bottled Lightning":52,"ReplayTheSpireMod:Onyx Gauntlets":34,"ReplayTheSpireMod:Lightbulb":0,"Toy Ornithopter":46,"hubris:CrystalStatue":41,"Vajra":12,"Lizard Tail":13,"HornCleat":0,"DollysMirror":20,"Strawberry":49,"aspiration:ArtOfWarUpgrade":49,"Toxic Egg 2":0,"Byrd Skull":41,"Happy Flower":43,"aspiration:Nostalgia":53,"Astrolabe":17,"Oddly Smooth Stone":10,"infinitespire:Beetle Shell":53,"aspiration:SeaSaltIceCream":41,"Letter Opener":31,"Replay:Kaleidoscope":53,"War Paint":9,"Question Card":25,"Replay:Baseball":29,"Bottled Flame":8,"ReplayTheSpireMod:Shallot":36,"Shuriken":0,"Bronze Scales":54,"Molten Egg 2":23,"Simple Rune":54,"ReplayTheSpireMod:TigerMarble":43,"Black Star":17,"hubris:ToyBattleship":53,"Grinning Jar":17,"Meat on the Bone":4,"ReplayFunnel":36,"Darkstone Periapt":24,"ReplayTheSpireMod:Ring of Exchange":3,"Replay:PocketPolymizer":31,"SacredBark":46,"Mango":20,"hubris:SlimyHat":36,"Incense Burner":0,"ClockworkSouvenir":53,"Frozen Eye":53,"Replay:Bandana":0,"Mummified Hand":19,"Gambling Chip":0,"Pantograph":0,"Tiny Chest":0,"infinitespire:Chaos":0,"Replay:Drink Me":17,"Cracked Core":54,"Gremlin Food":21,"BargainBundle":0,"ReplayTheSpireMod:Ninjato":41,"infinitespire:CursedDice":8,"aspiration:FetidBarrel":9,"Quantum Egg":43,"ReplayTheSpireMod:Ring of Sloth":10,"infinitespire:EmptyRelic":0,"aspiration:HummingbirdHeart":0,"Orichalcum":47,"Anchor":37,"CaptainsWheel":17,"infinitespire:WardingShard":12,"ChewingGum":17,"Ring of Fury":19,"Snack Pack":0,"PureWater":0,"TungstenRod":29,"hubris:Potato":0,"hubris:NiceRug":53},{"Replay:Accelerometer":567,"aspiration:SneckoTail":478,"Vampiric Spirits":144,"downfall:HeartBlessingGreen":6,"aspiration:PoetsPen_weak":187,"hubris:MysteriousPyramids":97,"Sling":207,"Ring of Searing":83,"Blood Vial":85,"Replay:Wanted Poster":168,"infinitespire:ShieldingShard":70,"hubris:HerbalPaste":92,"hubris:AstralHammer":24,"Replay:Bronze Core":51,"Fusion Hammer":196,"Replay:Bottled Flurry":116,"HandDrill":700,"Replay:Bottled Steam":321,"hubris:MobiusCoin":4,"MerchantsRug":32,"Blue Candle":729,"Velvet Choker":569,"Eternal Feather":262,"Pen Nib":16,"ReplayTheSpireMod:SealedPack":244,"infinitespire:Magic Flask":37,"infinitespire:EvilPickle":51,"infinitespire:Broken Mirror":120,"infinitespire:Lychee Nut":473,"Bird Faced Urn":113,"Unceasing Top":186,"hubris:Reverence":223,"Regal Pillow":18,"Torii":4,"Singing Bowl":386,"hubris:EmptyBottle":18,"Ancient Tea Set":4,"Pet Ghost":24,"Ring of Fangs":27,"hubris:Backtick":196,"infinitespire:Bottled Soul":26,"aspiration:AnachronicSnailShell":114,"Toolbox":353,"hubris:CuriousFeather":54,"Chemical X":566,"Replay:Bottled Eggs":32,"infinitespire:Eraser":249,"InkBottle":107,"aspiration:ChemicalBlood":15,"Ring of the Snake":0,"Potion Belt":86,"Lee\u0027s Waffle":177,"Replay:M_StaffOfTheSnake":371,"Replay:Fungal Core":165,"NeowsBlessing":371,"hubris:64BitClover":323,"Golden Idol":463,"PreservedInsect":223,"infinitespire:Lucky Rock":276,"hubris:Towel":136,"Replay:Arrowhead":371,"Ornamental Fan":151,"hubris:Spice":480,"Art of War":23,"Garlic":98,"Durian":487,"infinitespire:Midas Blood":92,"hubris:BottledRain":158,"Ice Cream":144,"Calipers":105,"Gremlin Horn":392,"HoveringKite":740,"aspiration:Stabinomicon":470,"hubris:TerracottaHorce":232,"Sozu":244,"Centennial Puzzle":29,"Prayer Wheel":329,"Philosopher\u0027s Stone":588,"Iron Hammer":146,"hubris:DuctTape":196,"ReplayTheSpireMod:CursedCoin":60,"Replay:Grab Bag":196,"Ring of Chaos":22,"SaiyanHeart":0,"aspiration:HiddenCompartment":78,"hubris:Zylophone":401,"hubris:PeanutButter":153,"Onion Ring":487,"infinitespire:EmpoweringShard":323,"aspiration:HatOfInfinitePower":23,"Mirror":127,"Pocketwatch":112,"aspiration:TomeofQuesting":24,"Snake Skull":184,"Juzu Bracelet":481,"Sizzling Blood":517,"hubris:RunicObelisk":362,"Replay:Mystery Machine":666,"PrismaticShard":668,"aspiration:StickyExplosives_weak":191,"Tough Bandages":359,"Dream Catcher":384,"Nunchaku":472,"hubris:Icosahedron":144,"TheAbacus":401,"Chameleon Ring":445,"aspiration:DefectSkillbook":225,"downfall:HeartBlessingBlue":11,"Red Mask":279,"Runic Pyramid":74,"hubris:KleinBottle":23,"Guide Book":147,"Replay:WaspNest":60,"infinitespire:FocusingShard":517,"Odd Mushroom":156,"Medical Kit":553,"Mercury Hourglass":295,"Calling Bell":88,"Strange Spoon":262,"Cauldron":321,"Pondfish Scales":18,"infinitespire:DarkRift":519,"infinitespire:Satchel":80,"SaiyanSoul":0,"Bag of Marbles":36,"Membership Card":13,"hubris:AncientText":112,"FossilizedHelix":169,"hubris:OldNail":264,"ReplayTheSpireMod:ShopPack":553,"TwistedFunnel":121,"infinitespire:BottledMercury":58,"Golden Egg":401,"Ginger":250,"Whetstone":369,"Bottled Tornado":236,"Boot":32,"aspiration:RitualStick":367,"Old Coin":565,"Replay:Ringing Soul":257,"Sundial":502,"MealTicket":59,"hubris:DeckOfHolding":77,"infinitespire:Golems Mask":144,"Kunai":88,"Replay:Wax Seal":11,"hubris:TinFlute":353,"Pear":189,"Counterbalance":24,"ReplayTheSpireMod:Ring of Addiction":27,"hubris:SphereOfDissonance":121,"Replay:Ancient Bell":253,"Paper Crane":530,"aspiration:IroncladSkillbook":42,"aspiration:FrozenJewel":67,"SlaversCollar":11,"Pandora\u0027s Box":137,"hubris:TenFootPole":180,"infinitespire:PuzzleCube":45,"Abe\u0027s Treasure":272,"aspiration:Lifesprig":62,"Lantern":171,"hubris:Metronome":200,"Blue Doll":32,"Bag of Preparation":85,"Replay:Multitool":335,"Cursed Key":111,"Replay:Rubber Ducky":23,"Shovel":2,"Matryoshka":773,"Ninja Scroll":577,"Ring of Peace":83,"WingedGreaves":140,"Replay:Lucky Slots":605,"hubris:FunFungus":684,"Ring of Panic":97,"hubris:GlazedTorus":88,"aspiration:VileToxins":257,"downfall:HeartBlessingRed":6,"Basket Of Snakes":224,"Damaru":67,"Thread and Needle":321,"The Courier":229,"infinitespire:Joker Card":323,"Omamori":27,"infinitespire:CheckeredPen":284,"Frozen Egg 2":677,"MawBank":427,"Busted Crown":131,"Orrery":236,"Turnip":381,"Bottled Lightning":400,"ReplayTheSpireMod:Onyx Gauntlets":196,"ReplayTheSpireMod:Lightbulb":264,"Toy Ornithopter":27,"hubris:CrystalStatue":114,"Vajra":155,"Lizard Tail":216,"HornCleat":487,"DollysMirror":13,"Strawberry":30,"aspiration:ArtOfWarUpgrade":175,"Toxic Egg 2":291,"Byrd Skull":257,"Happy Flower":114,"aspiration:Nostalgia":517,"Astrolabe":380,"Oddly Smooth Stone":6,"infinitespire:Beetle Shell":32,"aspiration:SeaSaltIceCream":24,"Letter Opener":447,"Replay:Kaleidoscope":517,"War Paint":6,"Question Card":107,"Replay:Baseball":18,"Bottled Flame":127,"ReplayTheSpireMod:Shallot":112,"Shuriken":264,"Bronze Scales":120,"Molten Egg 2":105,"Simple Rune":636,"ReplayTheSpireMod:TigerMarble":26,"Black Star":100,"hubris:ToyBattleship":517,"Grinning Jar":158,"Meat on the Bone":94,"ReplayFunnel":169,"Darkstone Periapt":305,"ReplayTheSpireMod:Ring of Exchange":266,"Replay:PocketPolymizer":422,"SacredBark":27,"Mango":13,"hubris:SlimyHat":23,"Incense Burner":731,"ClockworkSouvenir":32,"Frozen Eye":635,"Replay:Bandana":147,"Mummified Hand":43,"Gambling Chip":33,"Pantograph":403,"Tiny Chest":579,"infinitespire:Chaos":371,"Replay:Drink Me":711,"Cracked Core":788,"Gremlin Food":74,"BargainBundle":62,"ReplayTheSpireMod:Ninjato":143,"infinitespire:CursedDice":269,"aspiration:FetidBarrel":491,"Quantum Egg":56,"ReplayTheSpireMod:Ring of Sloth":97,"infinitespire:EmptyRelic":371,"aspiration:HummingbirdHeart":236,"Orichalcum":88,"Anchor":83,"CaptainsWheel":158,"infinitespire:WardingShard":243,"ChewingGum":333,"Ring of Fury":468,"Snack Pack":62,"PureWater":0,"TungstenRod":109,"hubris:Potato":179,"hubris:NiceRug":177},{"Replay:Accelerometer":2258,"aspiration:SneckoTail":2014,"Vampiric Spirits":705,"downfall:HeartBlessingGreen":31,"aspiration:PoetsPen_weak":930,"hubris:MysteriousPyramids":480,"Sling":992,"Ring of Searing":418,"Blood Vial":426,"Replay:Wanted Poster":818,"infinitespire:ShieldingShard":356,"hubris:HerbalPaste":462,"hubris:AstralHammer":137,"Replay:Bronze Core":277,"Fusion Hammer":971,"Replay:Bottled Flurry":563,"HandDrill":2673,"Replay:Bottled Steam":1446,"hubris:MobiusCoin":22,"MerchantsRug":214,"Blue Candle":2747,"Velvet Choker":2265,"Eternal Feather":1236,"Pen Nib":78,"ReplayTheSpireMod:SealedPack":1150,"infinitespire:Magic Flask":235,"infinitespire:EvilPickle":277,"infinitespire:Broken Mirror":585,"infinitespire:Lychee Nut":2002,"Bird Faced Urn":547,"Unceasing Top":919,"hubris:Reverence":1056,"Regal Pillow":94,"Torii":22,"Singing Bowl":1669,"hubris:EmptyBottle":94,"Ancient Tea Set":22,"Pet Ghost":137,"Ring of Fangs":167,"hubris:Backtick":971,"infinitespire:Bottled Soul":154,"aspiration:AnachronicSnailShell":555,"Toolbox":1548,"hubris:CuriousFeather":289,"Chemical X":2255,"Replay:Bottled Eggs":214,"infinitespire:Eraser":1173,"InkBottle":523,"aspiration:ChemicalBlood":72,"Ring of the Snake":0,"Potion Belt":431,"Lee\u0027s Waffle":867,"Replay:M_StaffOfTheSnake":1620,"Replay:Fungal Core":804,"NeowsBlessing":1620,"hubris:64BitClover":1452,"Golden Idol":1960,"PreservedInsect":1056,"infinitespire:Lucky Rock":1305,"hubris:Towel":656,"Replay:Arrowhead":1620,"Ornamental Fan":742,"hubris:Spice":2020,"Art of War":126,"Garlic":487,"Durian":2044,"infinitespire:Midas Blood":462,"hubris:BottledRain":773,"Ice Cream":705,"Calipers":517,"Gremlin Horn":1693,"HoveringKite":2784,"aspiration:Stabinomicon":1993,"hubris:TerracottaHorce":1095,"Sozu":1150,"Centennial Puzzle":181,"Prayer Wheel":1463,"Philosopher\u0027s Stone":2330,"Iron Hammer":718,"hubris:DuctTape":971,"ReplayTheSpireMod:CursedCoin":314,"Replay:Grab Bag":971,"Ring of Chaos":116,"SaiyanHeart":0,"aspiration:HiddenCompartment":394,"hubris:Zylophone":1742,"hubris:PeanutButter":749,"Onion Ring":2044,"infinitespire:EmpoweringShard":1452,"aspiration:HatOfInfinitePower":126,"Mirror":610,"Pocketwatch":545,"aspiration:TomeofQuesting":137,"Snake Skull":909,"Juzu Bracelet":2023,"Sizzling Blood":2118,"hubris:RunicObelisk":1580,"Replay:Mystery Machine":2568,"PrismaticShard":2579,"aspiration:StickyExplosives_weak":948,"Tough Bandages":1565,"Dream Catcher":1660,"Nunchaku":1999,"hubris:Icosahedron":705,"TheAbacus":1742,"Chameleon Ring":1903,"aspiration:DefectSkillbook":1067,"downfall:HeartBlessingBlue":49,"Red Mask":1318,"Runic Pyramid":381,"hubris:KleinBottle":126,"Guide Book":725,"Replay:WaspNest":314,"infinitespire:FocusingShard":2118,"Odd Mushroom":763,"Medical Kit":2194,"Mercury Hourglass":1373,"Calling Bell":441,"Strange Spoon":1236,"Cauldron":1446,"Pondfish Scales":94,"infinitespire:DarkRift":2125,"infinitespire:Satchel":402,"SaiyanSoul":0,"Bag of Marbles":233,"Membership Card":56,"hubris:AncientText":545,"FossilizedHelix":823,"hubris:OldNail":1248,"ReplayTheSpireMod:ShopPack":2194,"TwistedFunnel":591,"infinitespire:BottledMercury":304,"Golden Egg":1742,"Ginger":1178,"Whetstone":1608,"Bottled Tornado":1121,"Boot":214,"aspiration:RitualStick":1599,"Old Coin":2251,"Replay:Ringing Soul":1209,"Sundial":2079,"MealTicket":307,"hubris:DeckOfHolding":389,"infinitespire:Golems Mask":705,"Kunai":441,"Replay:Wax Seal":49,"hubris:TinFlute":1548,"Pear":941,"Counterbalance":137,"ReplayTheSpireMod:Ring of Addiction":167,"hubris:SphereOfDissonance":591,"Replay:Ancient Bell":1192,"Paper Crane":2143,"aspiration:IroncladSkillbook":246,"aspiration:FrozenJewel":343,"SlaversCollar":49,"Pandora\u0027s Box":666,"hubris:TenFootPole":883,"infinitespire:PuzzleCube":255,"Abe\u0027s Treasure":1290,"aspiration:Lifesprig":323,"Lantern":832,"hubris:Metronome":978,"Blue Doll":214,"Bag of Preparation":426,"Replay:Multitool":1485,"Cursed Key":542,"Replay:Rubber Ducky":126,"Shovel":12,"Matryoshka":2858,"Ninja Scroll":2296,"Ring of Peace":418,"WingedGreaves":683,"Replay:Lucky Slots":2395,"hubris:FunFungus":2622,"Ring of Panic":480,"hubris:GlazedTorus":441,"aspiration:VileToxins":1209,"downfall:HeartBlessingRed":31,"Basket Of Snakes":1060,"Damaru":343,"Thread and Needle":1446,"The Courier":1082,"infinitespire:Joker Card":1452,"Omamori":167,"infinitespire:CheckeredPen":1337,"Frozen Egg 2":2599,"MawBank":1833,"Busted Crown":632,"Orrery":1121,"Turnip":1651,"Bottled Lightning":1735,"ReplayTheSpireMod:Onyx Gauntlets":971,"ReplayTheSpireMod:Lightbulb":1248,"Toy Ornithopter":167,"hubris:CrystalStatue":555,"Vajra":761,"Lizard Tail":1021,"HornCleat":2044,"DollysMirror":56,"Strawberry":193,"aspiration:ArtOfWarUpgrade":853,"Toxic Egg 2":1362,"Byrd Skull":1209,"Happy Flower":555,"aspiration:Nostalgia":2118,"Astrolabe":1649,"Oddly Smooth Stone":31,"infinitespire:Beetle Shell":214,"aspiration:SeaSaltIceCream":137,"Letter Opener":1909,"Replay:Kaleidoscope":2118,"War Paint":31,"Question Card":523,"Replay:Baseball":94,"Bottled Flame":610,"ReplayTheSpireMod:Shallot":545,"Shuriken":1248,"Bronze Scales":585,"Molten Egg 2":517,"Simple Rune":2489,"ReplayTheSpireMod:TigerMarble":154,"Black Star":500,"hubris:ToyBattleship":2118,"Grinning Jar":773,"Meat on the Bone":467,"ReplayFunnel":823,"Darkstone Periapt":1403,"ReplayTheSpireMod:Ring of Exchange":1257,"Replay:PocketPolymizer":1813,"SacredBark":167,"Mango":56,"hubris:SlimyHat":126,"Incense Burner":2756,"ClockworkSouvenir":214,"Frozen Eye":2487,"Replay:Bandana":725,"Mummified Hand":249,"Gambling Chip":226,"Pantograph":1757,"Tiny Chest":2303,"infinitespire:Chaos":1620,"Replay:Drink Me":2695,"Cracked Core":2917,"Gremlin Food":381,"BargainBundle":323,"ReplayTheSpireMod:Ninjato":699,"infinitespire:CursedDice":1272,"aspiration:FetidBarrel":2050,"Quantum Egg":297,"ReplayTheSpireMod:Ring of Sloth":480,"infinitespire:EmptyRelic":1620,"aspiration:HummingbirdHeart":1121,"Orichalcum":441,"Anchor":418,"CaptainsWheel":773,"infinitespire:WardingShard":1143,"ChewingGum":1480,"Ring of Fury":1986,"Snack Pack":323,"PureWater":0,"TungstenRod":530,"hubris:Potato":879,"hubris:NiceRug":867}],"Unceasing Top":[9],"Ring of the Snake":[794]},"card_choices":[{"not_picked":["ReplayTheSpireMod:Brewmster","Mayhem"],"picked":"HandOfGreed","floor":0.0},{"not_picked":["ReplayTheSpireMod:Uncanny Aura","Specialist"],"picked":"Good Instincts","floor":0.0},{"not_picked":["Bandage Up","ReplayTheSpireMod:Trickstab"],"picked":"Flash of Steel","floor":0.0},{"not_picked":["Cloak And Dagger","PiercingWail"],"picked":"Poisoned Stab","floor":1.0},{"not_picked":["Deflect","Calculated Gamble"],"picked":"Blur","floor":2.0},{"not_picked":["Well Laid Plans","Calculated Gamble"],"picked":"ReplayTheSpireMod:Speed Training","floor":4.0},{"not_picked":["Flying Knee","Prepared"],"picked":"Burst","floor":8.0},{"not_picked":["Heel Hook","Flying Knee"],"picked":"Bouncing Flask","floor":10.0},{"not_picked":["hubris:SlightOfHand","Accuracy"],"picked":"Backstab","floor":13.0},{"not_picked":["Underhanded Strike","Deflect"],"picked":"Replay:Poison Smokescreen","floor":14.0},{"not_picked":["Atom Bomb","A Thousand Cuts"],"picked":"Malaise","floor":16.0},{"not_picked":["hubris:SlightOfHand","Hidden Blade+1","Setup"],"picked":"SKIP","floor":18.0},{"not_picked":["Dodge and Roll","Dagger Spray","Quick Slash"],"picked":"SKIP","floor":20},{"not_picked":["infinitespire:UltimateForm","hubris:Rewind"],"picked":"infinitespire:FutureSight","floor":21},{"not_picked":["Caltrops","Dagger Spray","Sneak Up+1"],"picked":"SKIP","floor":23},{"not_picked":["Distraction","ReplayTheSpireMod:From All Sides"],"picked":"After Image","floor":25},{"not_picked":["Prepared","hubris:SlightOfHand","Outmaneuver"],"picked":"SKIP","floor":28},{"not_picked":["Sucker Punch","Acrobatics","Poisoned Stab"],"picked":"SKIP","floor":30},{"not_picked":["Replay:Poison Smokescreen","Sucker Punch","infinitespire:Neurotoxin"],"picked":"SKIP","floor":31},{"not_picked":["Unload","A Thousand Cuts"],"picked":"Doppelganger","floor":33},{"not_picked":["hubris:SlightOfHand","Deadly Poison"],"picked":"Bouncing Flask+1","floor":35},{"not_picked":["ReplayTheSpireMod:Shiv Toss","Quick Slash","Outmaneuver"],"picked":"SKIP","floor":38},{"not_picked":["Cloak And Dagger","hubris:SlightOfHand"],"picked":"Doppelganger","floor":40},{"not_picked":["Slice+1","Dodge and Roll","Noxious Fumes"],"picked":"SKIP","floor":41},{"not_picked":["Prepared","Hidden Blade","hubris:Sniper"],"picked":"SKIP","floor":45},{"not_picked":["Hidden Blade","Quick Slash"],"picked":"Blur+1","floor":47},{"not_picked":["Flechettes+1","Quick Slash+1"],"picked":"Setup+1","floor":48},{"not_picked":[],"picked":"Riddle With Holes","floor":54},{"not_picked":[],"picked":"Slice","floor":54},{"not_picked":[],"picked":"Backflip","floor":54},{"not_picked":[],"picked":"Replay:Dark Deal","floor":54},{"not_picked":["Prepared"],"picked":"SKIP","floor":54},{"not_picked":["Infinite Blades"],"picked":"SKIP","floor":54},{"not_picked":["Swift Strike"],"picked":"SKIP","floor":54},{"not_picked":["Acrobatics","Flying Knee"],"picked":"Wraith Form v2","floor":55}],"player_experience":796935,"relics_obtained":[{"floor":8.0,"key":"Nunchaku"},{"floor":10.0,"key":"Snake Skull"},{"floor":13.0,"key":"Onion Ring"},{"floor":23,"key":"Matryoshka"},{"floor":25,"key":"hubris:Zylophone"},{"floor":26,"key":"Art of War"},{"floor":26,"key":"infinitespire:Bottled Soul"},{"floor":28,"key":"aspiration:Lifesprig"},{"floor":40,"key":"Incense Burner"},{"floor":43,"key":"hubris:SlimyHat"},{"floor":43,"key":"infinitespire:Satchel"},{"floor":45,"key":"Pantograph"},{"floor":54,"key":"Paper Crane"},{"floor":54,"key":"Unceasing Top"},{"floor":54,"key":"aspiration:Nostalgia"},{"floor":54,"key":"Boot"},{"floor":54,"key":"hubris:MobiusCoin"},{"floor":54,"key":"Cauldron"},{"floor":55,"key":"hubris:FunFungus"}],"event_choices":[{"cards_removed":["Flash of Steel"],"damage_healed":48.0,"max_hp_gain":0.0,"max_hp_loss":0.0,"gold_gain":0.0,"event_name":"Bonfire Elementals","player_choice":"Offered Uncommon","floor":3.0,"gold_loss":0.0,"damage_taken":0.0},{"damage_healed":0.0,"max_hp_gain":0.0,"max_hp_loss":0.0,"gold_gain":0.0,"event_name":"Lab","player_choice":"Got Potions","floor":12.0,"gold_loss":0.0,"damage_taken":0.0},{"damage_healed":0,"gold_gain":0,"player_choice":"Ignored","damage_taken":0,"max_hp_gain":0,"max_hp_loss":0,"event_name":"Vampires","floor":22,"gold_loss":0}],"is_beta":false,"boss_relics":[{"not_picked":["WristBlade","Honey Jar"],"picked":"Replay:Bronze Core"},{"not_picked":["HoveringKite","hubris:CrackedHourglass"],"picked":"Philosopher\u0027s Stone"}],"items_purged_floors":[36],"is_endless":false,"potions_floor_spawned":[4,14,16,23,25,28,33,35,38,40,41,55],"ascension_level":20}}