{"host":"nwd160me4iqdtr8u","time":1612505697,"event":{"mods":["AchievementEnabler","Act Like it!","BaseMod","Colored Map","DeckTracker","Keyboard Shortcuts","Minty Spire (QoL Compilation)","Quick Restart","Rare Cards Sparkle","Smile Girya","StSLib","SuperFastMode","everything is the same but u backflip on backflip"],"gold_per_floor":[111,111,111,122,47,75,75,109,109,134,134,55,75,85,85,190,190,203,203,203,218,287,287,287,305,305,305,317,329,347,360,55,55,160,160,174,22,39,56,75,75,92,140,217,217,217,217,231,249,249,249,249],"floor_reached":51,"language":"KOR","playtime":2030,"items_purged":["Strike_R"],"score":645,"play_id":"55115478-f3ae-4e6d-8d72-c252ddc238bc","local_time":"20210205151457","is_ascension_mode":true,"campfire_choices":[{"data":"Body Slam","floor":7.0,"key":"SMITH"},{"data":"Shrug It Off","floor":11.0,"key":"SMITH"},{"data":"True Grit","floor":15.0,"key":"SMITH"},{"data":"Power Through","floor":24.0,"key":"SMITH"},{"data":"Impervious","floor":26.0,"key":"SMITH"},{"floor":33.0,"key":"REST"},{"data":"Headbutt","floor":41.0,"key":"SMITH"},{"floor":45.0,"key":"REST"},{"data":"Defend_R","floor":50.0,"key":"SMITH"}],"circlet_count":0,"master_deck":["Strike_R","Strike_R+1","Strike_R","Strike_R","Defend_R+1","Defend_R+1","Defend_R+1","Defend_R","Bash+1","Body Slam+1","Thunderclap","Headbutt+1","Shrug It Off+1","Wild Strike+1","Power Through+1","Impervious+1","True Grit+1","Fiend Fire+1","CurseOfTheBell","Clothesline+1","Bludgeon+1","Ghostly Armor+1","Pummel+1","Seeing Red+1","Exhume+1","Shrug It Off+1","Offering+1","Body Slam+1","Immolate+1","Second Wind+1","Uppercut+1"],"relics":["Burning Blood","NeowsBlessing","Eternal Feather","Whetstone","Orichalcum","Molten Egg 2","Calling Bell","Tiny Chest","Toxic Egg 2","WingedGreaves","Nloth\u0027s Gift","Pear","War Paint","TungstenRod","Snecko Eye","DollysMirror","Prayer Wheel","Mummified Hand","Gremlin Horn"],"acts_visited":["Exordium","TheCity","TheBeyond"],"potions_floor_usage":[51,51],"damage_taken":[{"damage":0.0,"enemies":"Jaw Worm","floor":1.0,"turns":1.0},{"damage":0.0,"enemies":"2 Louse","floor":4.0,"turns":1.0},{"damage":0.0,"enemies":"3 Sentries","floor":6.0,"turns":2.0},{"damage":20.0,"enemies":"Lagavulin","floor":8.0,"turns":5.0},{"damage":12.0,"enemies":"3 Sentries","floor":10.0,"turns":5.0},{"damage":0.0,"enemies":"Cultist","floor":13.0,"turns":2.0},{"damage":0.0,"enemies":"Red Slaver","floor":14.0,"turns":1.0},{"damage":29.0,"enemies":"Hexaghost","floor":16.0,"turns":14.0},{"damage":22.0,"enemies":"2 Thieves","floor":18.0,"turns":5.0},{"damage":13.0,"enemies":"Shell Parasite","floor":21.0,"turns":5.0},{"damage":5.0,"enemies":"Snecko","floor":25.0,"turns":4.0},{"damage":22.0,"enemies":"Snake Plant","floor":28.0,"turns":4.0},{"damage":19.0,"enemies":"Chosen and Byrds","floor":29.0,"turns":5.0},{"damage":19.0,"enemies":"Shelled Parasite and Fungi","floor":30.0,"turns":5.0},{"damage":13.0,"enemies":"Snake Plant","floor":31.0,"turns":4.0},{"damage":60.0,"enemies":"Collector","floor":34.0,"turns":19.0},{"damage":7.0,"enemies":"3 Shapes","floor":36.0,"turns":6.0},{"damage":8.0,"enemies":"Orb Walker","floor":38.0,"turns":4.0},{"damage":9.0,"enemies":"4 Shapes","floor":39.0,"turns":8.0},{"damage":23.0,"enemies":"Transient","floor":40.0,"turns":5.0},{"damage":15.0,"enemies":"Jaw Worm Horde","floor":42.0,"turns":5.0},{"damage":8.0,"enemies":"2 Orb Walkers","floor":43.0,"turns":3.0},{"damage":29.0,"enemies":"Spire Growth","floor":48.0,"turns":4.0},{"damage":2.0,"enemies":"3 Darklings","floor":49.0,"turns":3.0},{"damage":75,"enemies":"Donu and Deca","floor":51,"turns":9}],"seed_played":"-273994076927994821","potions_obtained":[{"floor":1.0,"key":"Swift Potion"},{"floor":3.0,"key":"AttackPotion"},{"floor":3.0,"key":"CultistPotion"},{"floor":6.0,"key":"BlessingOfTheForge"},{"floor":8.0,"key":"Ancient Potion"},{"floor":10.0,"key":"Fire Potion"},{"floor":16.0,"key":"PowerPotion"},{"floor":21.0,"key":"EntropicBrew"},{"floor":30.0,"key":"PowerPotion"},{"floor":31.0,"key":"Fire Potion"},{"floor":38.0,"key":"Strength Potion"},{"floor":40.0,"key":"EntropicBrew"},{"floor":48.0,"key":"BlessingOfTheForge"}],"is_trial":false,"path_per_floor":["M","?","?","M","$","E","R","E","T","E","R","$","M","M","R","B",null,"M","?","?","M","T","?","R","M","R","T","M","M","M","M","$","R","B",null,"M","$","M","M","M","R","M","?","T","R","?","T","M","M","R","B"],"character_chosen":"IRONCLAD","items_purchased":["Power Through","TungstenRod","DollysMirror"],"campfire_rested":2,"item_purchase_floors":[12,32,37],"current_hp_per_floor":[80,77,77,80,80,80,80,66,66,60,66,66,72,78,80,57,74,58,58,58,51,61,61,73,74,86,86,70,57,44,37,37,79,25,74,73,73,71,68,51,66,57,55,55,90,90,90,67,71,89,14,14],"gold":249,"neow_bonus":"THREE_ENEMY_KILL","is_daily":false,"chose_seed":false,"campfire_upgraded":7,"win_rate":0.0,"timestamp":1612505697,"path_taken":["M","?","?","?","?","E","R","E","T","E","R","$","M","M","R","BOSS","M","?","?","?","?","?","R","M","R","T","M","M","M","?","$","R","BOSS","M","$","M","M","M","R","M","?","T","R","?","?","?","?","R","BOSS"],"items_purchased_type":["Card","Relic","Relic"],"build_version":"2020-12-22","purchased_purges":1,"victory":false,"max_hp_per_floor":[80,80,80,80,80,80,80,80,80,80,80,80,80,80,80,80,80,80,80,80,80,90,90,90,90,90,90,90,90,90,90,90,90,90,90,90,90,90,90,90,90,90,90,90,90,90,90,90,90,90,90,90],"card_choices":[{"not_picked":["Infernal Blade","Havoc"],"picked":"Body Slam","floor":1.0},{"not_picked":["Inflame","Sword Boomerang"],"picked":"Thunderclap","floor":4.0},{"not_picked":["Heavy Blade","Anger"],"picked":"Headbutt","floor":6.0},{"not_picked":["Dropkick","Spot Weakness"],"picked":"Shrug It Off","floor":8.0},{"not_picked":["Body Slam+1","Twin Strike+1"],"picked":"Wild Strike+1","floor":10.0},{"not_picked":["Headbutt+1","Anger+1"],"picked":"Impervious","floor":13.0},{"not_picked":["Clothesline+1","Armaments"],"picked":"True Grit","floor":14.0},{"not_picked":["Impervious","Juggernaut"],"picked":"Fiend Fire+1","floor":16.0},{"not_picked":["Clash+1","Armaments+1"],"picked":"Clothesline+1","floor":18.0},{"not_picked":["Flex+1","Inflame+1"],"picked":"Ghostly Armor+1","floor":21.0},{"not_picked":["Uppercut+1","Carnage+1"],"picked":"Pummel+1","floor":25.0},{"not_picked":["Fiend Fire+1","Thunderclap+1","Headbutt+1"],"picked":"SKIP","floor":28.0},{"not_picked":["Uppercut+1","Hemokinesis+1"],"picked":"Seeing Red+1","floor":29.0},{"not_picked":["Searing Blow+1","Bloodletting+1"],"picked":"Exhume+1","floor":30.0},{"not_picked":["Thunderclap+1","Cleave+1"],"picked":"Shrug It Off+1","floor":31.0},{"not_picked":["Double Tap+1","Barricade"],"picked":"Offering+1","floor":34.0},{"not_picked":["Spot Weakness+1","Infernal Blade+1","Anger+1"],"picked":"SKIP","floor":36.0},{"not_picked":["Twin Strike+1","Pommel Strike+1","Rage+1"],"picked":"SKIP","floor":38.0},{"not_picked":["Cleave+1","Headbutt+1","Armaments+1"],"picked":"SKIP","floor":39.0},{"not_picked":["Havoc+1","Armaments+1","Rampage+1"],"picked":"SKIP","floor":40.0},{"not_picked":["Body Slam+1","Clash+1","Headbutt+1"],"picked":"SKIP","floor":42.0},{"not_picked":["Uppercut+1","Heavy Blade+1"],"picked":"Immolate+1","floor":48.0},{"not_picked":["Shockwave+1","Sword Boomerang+1","Rupture+1"],"picked":"SKIP","floor":48.0},{"not_picked":["Twin Strike+1","Clash+1"],"picked":"Second Wind+1","floor":49.0},{"not_picked":["Wild Strike+1","Clash+1"],"picked":"Uppercut+1","floor":49.0}],"player_experience":398181,"relics_obtained":[{"floor":6.0,"key":"Whetstone"},{"floor":8.0,"key":"Orichalcum"},{"floor":9.0,"key":"Molten Egg 2"},{"floor":10.0,"key":"Juzu Bracelet"},{"floor":17.0,"key":"Tiny Chest"},{"floor":17.0,"key":"Toxic Egg 2"},{"floor":17.0,"key":"WingedGreaves"},{"floor":22.0,"key":"Pear"},{"floor":27.0,"key":"War Paint"},{"floor":43.0,"key":"Prayer Wheel"},{"floor":44.0,"key":"Mummified Hand"},{"floor":47.0,"key":"Gremlin Horn"}],"event_choices":[{"damage_healed":0.0,"max_hp_gain":0.0,"max_hp_loss":0.0,"gold_gain":0.0,"event_name":"Scrap Ooze","player_choice":"Success","floor":2.0,"gold_loss":0.0,"damage_taken":3.0,"relics_obtained":["Eternal Feather"]},{"damage_healed":0.0,"max_hp_gain":0.0,"max_hp_loss":0.0,"gold_gain":0.0,"event_name":"Lab","player_choice":"Got Potions","floor":3.0,"gold_loss":0.0,"damage_taken":0.0},{"damage_healed":0.0,"max_hp_gain":0.0,"max_hp_loss":0.0,"gold_gain":0.0,"event_name":"The Library","player_choice":"Read","floor":19.0,"gold_loss":0.0,"damage_taken":0.0,"cards_obtained":["Bludgeon"]},{"damage_healed":0.0,"max_hp_gain":0.0,"max_hp_loss":0.0,"gold_gain":0.0,"event_name":"N\u0027loth","player_choice":"Traded Relic","floor":20.0,"relics_lost":["Juzu Bracelet"],"gold_loss":0.0,"damage_taken":0.0,"relics_obtained":["Nloth\u0027s Gift"]},{"damage_healed":0.0,"max_hp_gain":0.0,"max_hp_loss":0.0,"gold_gain":0.0,"event_name":"Mysterious Sphere","player_choice":"Fight","floor":43.0,"gold_loss":0.0,"damage_taken":0.0},{"damage_healed":0.0,"max_hp_gain":0.0,"max_hp_loss":0.0,"gold_gain":0.0,"event_name":"SecretPortal","player_choice":"Ignored","floor":46.0,"gold_loss":0.0,"damage_taken":0.0}],"is_beta":false,"boss_relics":[{"not_picked":["Cursed Key","Tiny House"],"picked":"Calling Bell"},{"not_picked":["Runic Cube","Black Blood"],"picked":"Snecko Eye"}],"items_purged_floors":[5],"is_endless":false,"potions_floor_spawned":[1,6,8,10,16,21,30,31,38,40,48],"killed_by":"Donu and Deca","ascension_level":5}}