{"host":"0tiuc76yumknr6qf","time":1612492409,"event":{"mods":["BaseMod","Bestiary","Colored Map","DeckTracker","Highlight Path","Jedi Mod","Minty Spire (QoL Compilation)","StSLib"],"gold_per_floor":[363,380,390,405,418,446,446,22,22,22,33,66,66,80,80,151,151,167,217,250,131,131,131,156,156,182,10,27,40,59,78,78,153,153,168,187,200,422,447,480,480,497,497,497,497],"floor_reached":44,"language":"ENG","playtime":5707,"items_purged":["Strike_R"],"score":994,"play_id":"c3abbd2f-b305-469c-8049-f88b2ea5d6e5","local_time":"20210204203329","is_ascension_mode":true,"campfire_choices":[{"data":"Bash","floor":7.0,"key":"SMITH"},{"floor":10.0,"key":"REST"},{"data":"Dual Wield","floor":15,"key":"SMITH"},{"data":"jedi:harder","floor":23,"key":"SMITH"},{"data":"jedi:controlledanger","floor":32,"key":"SMITH"},{"data":"Immolate","floor":41,"key":"SMITH"}],"circlet_count":0,"master_deck":["AscendersBane","Defend_R","Defend_R","Defend_R","Defend_R+1","Bash+1","jedi:fear+1","Evolve","Spot Weakness","Dropkick","Headbutt","Flash of Steel","Inflame","Immolate+1","Inflame","Dual Wield+1","jedi:harder+1","Armaments+1","Metallicize","Bite","Bite","Bite","Bite","Bite","Shrug It Off+1","Shrug It Off","jedi:collectorstrike","jedi:controlledanger+1","Reaper","Disarm+1","Burning Pact"],"relics":["Burning Blood","Toy Ornithopter","Ornamental Fan","Omamori","War Paint","Philosopher\u0027s Stone","Red Mask","InkBottle","jedi:cryingmask","Bronze Scales","Nunchaku","jedi:hotpepper","jedi:kaleidoscope","Pear","Mango"],"acts_visited":["Exordium","TheCity","TheBeyond"],"potions_floor_usage":[16,18,18,24,24,37,37],"damage_taken":[{"damage":7.0,"enemies":"Small Slimes","floor":1.0,"turns":5.0},{"damage":7.0,"enemies":"Jaw Worm","floor":2.0,"turns":3.0},{"damage":12.0,"enemies":"2 Louse","floor":3.0,"turns":3.0},{"damage":14.0,"enemies":"Blue Slaver","floor":4.0,"turns":4.0},{"damage":11.0,"enemies":"2 Fungi Beasts","floor":5.0,"turns":4.0},{"damage":39.0,"enemies":"Gremlin Nob","floor":6.0,"turns":4.0},{"damage":16.0,"enemies":"Exordium Wildlife","floor":11.0,"turns":4.0},{"damage":5,"enemies":"3 Sentries","floor":12,"turns":2},{"damage":4,"enemies":"Large Slime","floor":14,"turns":4},{"damage":38,"enemies":"The Guardian","floor":16,"turns":7},{"damage":37,"enemies":"Shell Parasite","floor":18,"turns":4},{"damage":16,"enemies":"Masked Bandits","floor":20,"turns":3},{"damage":46,"enemies":"Gremlin Leader","floor":24,"turns":7},{"damage":10,"enemies":"2 Thieves","floor":28,"turns":3},{"damage":16,"enemies":"Snecko","floor":29,"turns":5},{"damage":7,"enemies":"Centurion and Healer","floor":30,"turns":10},{"damage":23,"enemies":"Cultist and Chosen","floor":31,"turns":6},{"damage":61,"enemies":"Champ","floor":33,"turns":14},{"damage":8,"enemies":"Orb Walker","floor":35,"turns":3},{"damage":9,"enemies":"3 Shapes","floor":36,"turns":7},{"damage":20,"enemies":"Transient","floor":37,"turns":6},{"damage":9,"enemies":"Mind Bloom Boss Battle","floor":39,"turns":6},{"damage":30,"enemies":"Reptomancer","floor":40,"turns":5},{"damage":33,"enemies":"Writhing Mass","floor":42,"turns":10},{"damage":47,"enemies":"Maw","floor":44,"turns":5}],"seed_played":"6292459949306935459","potions_obtained":[{"floor":5.0,"key":"SteroidPotion"},{"floor":6.0,"key":"Energy Potion"},{"floor":14,"key":"SteroidPotion"},{"floor":16,"key":"Block Potion"},{"floor":18,"key":"SpeedPotion"},{"floor":20,"key":"DuplicationPotion"},{"floor":33,"key":"PowerPotion"},{"floor":35,"key":"BlessingOfTheForge"},{"floor":36,"key":"LiquidMemories"}],"is_trial":false,"path_per_floor":["M","M","M","M","M","E","R","$","T","R","M","E","?","M","R","B",null,"M","?","?","$","?","R","E","?","T","$","M","M","M","M","R","B",null,"M","M","M","?","?","E","R","M","T","M"],"character_chosen":"IRONCLAD","items_purchased":["Ornamental Fan","Flash of Steel","Inflame","Metallicize","Nunchaku"],"campfire_rested":1,"item_purchase_floors":[8,8,8,21,27],"current_hp_per_floor":[67,66,60,52,47,14,14,14,14,34,29,30,52,54,54,27,58,37,37,27,27,27,27,17,17,17,17,21,20,38,39,39,17,31,35,35,29,29,35,24,24,16,23,0,0],"gold":497,"neow_bonus":"TWO_FIFTY_GOLD","is_daily":false,"chose_seed":false,"campfire_upgraded":5,"win_rate":0.0,"timestamp":1612492409,"path_taken":["M","M","M","M","M","E","R","$","T","R","M","E","?","M","R","BOSS","M","?","?","?","?","R","E","?","T","?","M","M","M","?","R","BOSS","M","M","M","?","?","E","R","M","T","M"],"items_purchased_type":["Relic","Card","Card","Card","Relic"],"build_version":"2020-12-22","purchased_purges":1,"victory":false,"max_hp_per_floor":[68,68,68,68,68,68,68,68,68,68,68,68,68,68,68,68,68,68,68,68,68,47,47,47,47,47,47,47,47,47,47,47,47,35,35,35,35,35,35,40,40,40,47,47,47],"card_choices":[{"not_picked":["Body Slam","Cleave"],"picked":"jedi:fear","floor":1.0},{"not_picked":["Thunderclap","Ghostly Armor"],"picked":"Evolve","floor":2.0},{"not_picked":["Armaments","Demon Form"],"picked":"Spot Weakness","floor":3.0},{"not_picked":["Clash","Intimidate"],"picked":"Dropkick","floor":4.0},{"not_picked":["Combust","Bloodletting","Clash"],"picked":"SKIP","floor":5.0},{"not_picked":["Pommel Strike","Thunderclap"],"picked":"Headbutt","floor":6.0},{"not_picked":["Clash","Clothesline"],"picked":"Immolate","floor":11.0},{"not_picked":["Carnage","Infernal Blade"],"picked":"Inflame","floor":12},{"not_picked":["Flex","Wild Strike"],"picked":"Dual Wield","floor":14},{"not_picked":["Corruption","Reaper"],"picked":"jedi:harder","floor":16},{"not_picked":["Thunderclap","Cleave","Iron Wave+1"],"picked":"SKIP","floor":18},{"not_picked":["Iron Wave","Intimidate"],"picked":"Armaments+1","floor":20},{"not_picked":["Anger","Heavy Blade+1","Entrench"],"picked":"SKIP","floor":24},{"not_picked":["True Grit","Headbutt"],"picked":"Shrug It Off+1","floor":28},{"not_picked":["Headbutt","Blood for Blood+1"],"picked":"Shrug It Off","floor":29},{"not_picked":["Heavy Blade","Corruption"],"picked":"jedi:collectorstrike","floor":30},{"not_picked":["Anger","Rampage"],"picked":"jedi:controlledanger","floor":31},{"not_picked":["Berserk","Brutality"],"picked":"Reaper","floor":33},{"not_picked":["Clothesline","jedi:fear"],"picked":"jedi:collectorstrike","floor":35},{"not_picked":["Flex+1","Headbutt+1","Wild Strike"],"picked":"SKIP","floor":36},{"not_picked":["jedi:fear","Wild Strike"],"picked":"jedi:collectorstrike","floor":37},{"not_picked":["Double Tap","Flame Barrier"],"picked":"jedi:collectorstrike","floor":39},{"not_picked":["Wild Strike","jedi:controlledanger"],"picked":"Disarm+1","floor":40},{"not_picked":["Iron Wave","Perfected Strike"],"picked":"Burning Pact","floor":42}],"player_experience":1940197,"relics_obtained":[{"floor":6.0,"key":"Toy Ornithopter"},{"floor":9.0,"key":"Omamori"},{"floor":12,"key":"War Paint"},{"floor":20,"key":"Red Mask"},{"floor":24,"key":"InkBottle"},{"floor":25,"key":"jedi:cryingmask"},{"floor":26,"key":"Bronze Scales"},{"floor":39,"key":"jedi:kaleidoscope"},{"floor":40,"key":"Pear"},{"floor":43,"key":"Mango"}],"event_choices":[{"damage_healed":22,"gold_gain":0,"player_choice":"Banana","damage_taken":0,"max_hp_gain":0,"max_hp_loss":0,"event_name":"Big Fish","floor":13,"gold_loss":0},{"damage_healed":0,"gold_gain":50,"player_choice":"Stole From Cult","damage_taken":0,"max_hp_gain":0,"max_hp_loss":0,"event_name":"Nest","floor":19,"gold_loss":0},{"damage_healed":0,"gold_gain":0,"player_choice":"Fought Bandits","damage_taken":0,"max_hp_gain":0,"max_hp_loss":0,"event_name":"Masked Bandits","floor":20,"gold_loss":0},{"damage_healed":0,"gold_gain":0,"player_choice":"Became a vampire","damage_taken":0,"max_hp_gain":0,"max_hp_loss":21,"event_name":"Vampires","floor":22,"gold_loss":0,"cards_obtained":["Bite","Bite","Bite","Bite","Bite"]},{"damage_healed":0,"gold_gain":222,"player_choice":"Wore Mask","damage_taken":0,"max_hp_gain":0,"max_hp_loss":0,"event_name":"Tomb of Lord Red Mask","floor":38,"gold_loss":0},{"damage_healed":0,"gold_gain":0,"player_choice":"Fight","damage_taken":0,"max_hp_gain":0,"max_hp_loss":0,"event_name":"MindBloom","floor":39,"gold_loss":0}],"is_beta":false,"boss_relics":[{"not_picked":["Runic Pyramid","jedi:paperlyon"],"picked":"Philosopher\u0027s Stone"},{"not_picked":["Sozu","Coffee Dripper"],"picked":"jedi:hotpepper"}],"items_purged_floors":[21],"is_endless":false,"potions_floor_spawned":[5,6,14,16,18,20,33,35,36],"killed_by":"Maw","ascension_level":20}}