{"host":"fortuna","time":1612549096,"event":{"mods":["100% Spire Juice","Act Like it!","Arknights","BaseMod","Gensokyo","Hallownest","Minty Spire (QoL Compilation)","Reimu£®≤©¿ˆ¡È√Œ£©","Relic Stats","StSLib","The Administrix","The Bug Knight","Waifu the Spire","WarShipGirlsR/’ΩΩ¢…Ÿ≈ÆR mod","Yakumo Yukari mod"],"gold_per_floor":[111,0,0,18,30,30,30,30,54,388,39,39,54,54,54,54,54],"floor_reached":16,"language":"ZHS","playtime":764,"items_purged":["HollowMod:NailStrikeStart"],"score":98,"play_id":"93d83a46-1d6b-4997-b1c7-7b734e6d7075","local_time":"20210206021816","is_ascension_mode":false,"campfire_choices":[{"data":"HollowMod:GrimmsGift","floor":6.0,"key":"SMITH"},{"data":"HollowMod:ShadowDash","floor":8.0,"key":"SMITH"},{"floor":12.0,"key":"REST"},{"floor":15.0,"key":"REST"}],"circlet_count":0,"master_deck":["HollowMod:NailStrikeStart","HollowMod:NailStrikeStart","HollowMod:NailStrikeStart","HollowMod:QuickDashStart","HollowMod:QuickDashStart","HollowMod:QuickDashStart","HollowMod:QuickDashStart","HollowMod:FocusHealStart","HollowMod:PogoStrike","HollowMod:ShadowDash+1","HollowMod:TaintedHusks","HollowMod:GrimmsGift+1","HollowMod:DesolateDive","HollowMod:HornetsHelp"],"relics":["HollowMod:VesselMask","NeowsBlessing","Smiling Mask","Hallownest:DreamNailRelic","Old Coin","Turnip","Gremlin Horn"],"acts_visited":["Hallownest:Greenpath"],"potions_floor_usage":[],"damage_taken":[{"damage":0.0,"enemies":"Hallownest:2_Baldur","floor":1.0,"turns":1.0},{"damage":0.0,"enemies":"2_ Uuma","floor":4.0,"turns":1.0},{"damage":0.0,"enemies":"Hallownest:2_MossCreeps","floor":5.0,"turns":1.0},{"damage":69.0,"enemies":"Hallownest:eliteMossKnight","floor":10.0,"turns":16.0},{"damage":22.0,"enemies":"Hallownest:Guard_and_Warrior","floor":13.0,"turns":6.0},{"damage":59,"enemies":"Hallownest:BossFalseKnight","floor":16,"turns":11}],"seed_played":"8091759116491588233","potions_obtained":[{"floor":4.0,"key":"BlessingOfTheForge"},{"floor":10.0,"key":"Weak Potion"}],"is_trial":false,"path_per_floor":["M","?","?","M","M","R","?","R","T","E","$","R","M","T","R","B"],"character_chosen":"THE_BUGKNIGHT","items_purchased":["Turnip"],"campfire_rested":2,"item_purchase_floors":[11],"current_hp_per_floor":[75,75,75,75,75,75,75,75,75,18,18,40,24,24,46,0,0],"gold":54,"neow_bonus":"THREE_ENEMY_KILL","is_daily":false,"chose_seed":false,"campfire_upgraded":2,"win_rate":0.0,"timestamp":1612549096,"path_taken":["M","?","?","M","?","R","?","R","T","E","$","R","M","?","R","BOSS"],"items_purchased_type":["Relic"],"build_version":"2020-12-18","purchased_purges":1,"victory":false,"max_hp_per_floor":[75,75,75,75,75,75,75,75,75,75,75,75,75,75,75,75,75],"relic_stats":{"Gremlin Horn":[0,0],"counters":[6,36],"Turnip":[4],"Smiling Mask":25,"obtain_stats":[{"NeowsBlessing":0,"Gremlin Horn":14,"HollowMod:VesselMask":0,"Turnip":11,"Hallownest:DreamNailRelic":3,"Smiling Mask":2,"Old Coin":10},{"NeowsBlessing":0,"Gremlin Horn":5,"HollowMod:VesselMask":0,"Turnip":4,"Hallownest:DreamNailRelic":1,"Smiling Mask":1,"Old Coin":4},{"NeowsBlessing":0,"Gremlin Horn":25,"HollowMod:VesselMask":0,"Turnip":19,"Hallownest:DreamNailRelic":1,"Smiling Mask":1,"Old Coin":19}]},"card_choices":[{"not_picked":["HollowMod:LifebloodCocoon","HollowMod:GrimmsGift"],"picked":"HollowMod:ShadowDash","floor":1.0},{"not_picked":["HollowMod:HeavyBlow","HollowMod:VengefulVoid"],"picked":"HollowMod:TaintedHusks","floor":4.0},{"not_picked":["HollowMod:ChannelNail","HollowMod:SharpenedNail"],"picked":"HollowMod:GrimmsGift","floor":5.0},{"not_picked":["HollowMod:ChannelNail","HollowMod:CrystalDash"],"picked":"HollowMod:DesolateDive","floor":10.0},{"not_picked":["HollowMod:HeavyBlow","HollowMod:VengefulSpirit"],"picked":"HollowMod:HornetsHelp","floor":13.0}],"player_experience":314898,"relics_obtained":[{"floor":10.0,"key":"Old Coin"},{"floor":14.0,"key":"Gremlin Horn"}],"event_choices":[],"is_beta":true,"boss_relics":[],"items_purged_floors":[11],"is_endless":false,"potions_floor_spawned":[4,10],"killed_by":"Hallownest:BossFalseKnight","ascension_level":0}}