{"host":"flhjnb5sqrent16x","time":1612500574,"event":{"mods":["BaseMod","Downfall","Hermit","Marisa????????","Minty Spire (QoL Compilation)","StSLib","The Animator","The Cursed","The Hierophant","The Servant 0.9.4"],"gold_per_floor":[115,2,16,16,28,28,59,79,104,122,149,129,142,142,142,241,241,253,264,363,363,363],"floor_reached":21,"language":"ENG","playtime":2124,"items_purged":[],"score":191,"play_id":"6cf93595-0d45-413d-88f8-15c9f964421a","local_time":"20210204224934","is_ascension_mode":false,"campfire_choices":[{"data":"MasterSpark","floor":6,"key":"SMITH"},{"floor":15,"key":"REST"}],"circlet_count":0,"master_deck":["Strike_MRS","Strike_MRS","Strike_MRS","Strike_MRS","Defend_MRS","Defend_MRS","Defend_MRS","Defend_MRS","MasterSpark+1","UpSweep","ShootTheMoon","SuperPerseids","EventHorizon","GalacticHalo","Acceleration","DoubleSpark","CasketOfStar","MagicChant","MagicChant","MysteriousBeam","SatelliteIllusion","PowerUp","ManaConvection"],"relics":["MiniHakkero","NeowsBlessing","Oddly Smooth Stone","Smiling Mask","SlaversCollar"],"acts_visited":["Exordium","TheCity"],"potions_floor_usage":[16,16],"damage_taken":[{"damage":0,"enemies":"Cultist","floor":1,"turns":1},{"damage":0,"enemies":"2 Louse","floor":3,"turns":1},{"damage":0,"enemies":"Small Slimes","floor":5,"turns":1},{"damage":22,"enemies":"3 Sentries","floor":7,"turns":7},{"damage":12,"enemies":"Blue Slaver","floor":8,"turns":4},{"damage":4,"enemies":"Looter","floor":10,"turns":3},{"damage":26,"enemies":"Gremlin Nob","floor":11,"turns":4},{"damage":0,"enemies":"Large Slime","floor":13,"turns":6},{"damage":6,"enemies":"Hexaghost","floor":16,"turns":6},{"damage":27,"enemies":"3 Byrds","floor":18,"turns":6},{"damage":24,"enemies":"Spheric Guardian","floor":19,"turns":4},{"damage":24,"enemies":"Snecko","floor":21,"turns":5}],"seed_played":"-8386724836879053332","potions_obtained":[{"floor":3,"key":"SteroidPotion"},{"floor":5,"key":"ColorlessPotion"},{"floor":11,"key":"sneckomod:MuddlingPotion"},{"floor":12,"key":"FearPotion"},{"floor":13,"key":"PowerPotion"},{"floor":18,"key":"SmokeBomb"}],"is_trial":false,"path_per_floor":["M","$","M","$","M","R","E","M","T","M","E","?","M","?","R","B",null,"M","M","?","M"],"character_chosen":"MARISA","items_purchased":["SuperPerseids","EventHorizon"],"campfire_rested":1,"item_purchase_floors":[2,2],"current_hp_per_floor":[75,75,75,75,75,75,53,41,41,37,11,11,11,11,33,27,75,48,24,24,0,0],"gold":363,"neow_bonus":"THREE_ENEMY_KILL","is_daily":false,"chose_seed":false,"campfire_upgraded":1,"win_rate":0.0,"timestamp":1612500574,"path_taken":["M","$","?","?","M","R","E","M","T","M","E","?","?","?","R","BOSS","M","M","?","M"],"items_purchased_type":["Card","Card"],"build_version":"2020-12-22","purchased_purges":0,"victory":false,"max_hp_per_floor":[75,75,75,75,75,75,75,75,75,75,75,75,75,75,75,75,75,75,75,75,75,75],"card_choices":[{"not_picked":["Acceleration","DeepEcoloBomb"],"picked":"ShootTheMoon","floor":1},{"not_picked":["IllusionStar","WitchLeyline"],"picked":"GalacticHalo","floor":3},{"not_picked":["GasGiant","RefractionSpark"],"picked":"Acceleration","floor":5},{"not_picked":["Acceleration","LuminesStrike"],"picked":"DoubleSpark","floor":7},{"not_picked":["BlazeAway","GalacticHalo"],"picked":"CasketOfStar","floor":8},{"not_picked":["MagicAbsorber","WitchOfGreed"],"picked":"MagicChant","floor":10},{"not_picked":["Acceleration","OrrerysSun"],"picked":"MagicChant","floor":11},{"not_picked":["OneTimeOff","AsteroidBelt"],"picked":"MysteriousBeam","floor":13},{"not_picked":["BlazingStar","StarDustReverie"],"picked":"SatelliteIllusion","floor":16},{"not_picked":["StarBarrage","WitchOfGreed+1"],"picked":"PowerUp","floor":18},{"not_picked":["UnstableBomb","StarlightTyphoon"],"picked":"ManaConvection","floor":19}],"player_experience":188382,"relics_obtained":[{"floor":7,"key":"Oddly Smooth Stone"},{"floor":11,"key":"Smiling Mask"}],"event_choices":[{"damage_healed":0,"gold_gain":0,"player_choice":"Bought 1 Potion","damage_taken":0,"max_hp_gain":0,"max_hp_loss":0,"event_name":"The Woman in Blue","floor":12,"gold_loss":0},{"damage_healed":0,"gold_gain":0,"player_choice":"Ignored","damage_taken":0,"max_hp_gain":0,"max_hp_loss":0,"event_name":"Liars Game","floor":14,"gold_loss":0},{"damage_healed":0,"gold_gain":99,"player_choice":"Stole From Cult","damage_taken":0,"max_hp_gain":0,"max_hp_loss":0,"event_name":"Nest","floor":20,"gold_loss":0}],"is_beta":false,"boss_relics":[{"not_picked":["Busted Crown","Snecko Eye"],"picked":"SlaversCollar"}],"items_purged_floors":[],"is_endless":false,"potions_floor_spawned":[3,5,11,13,18],"killed_by":"Snecko","ascension_level":0}}