{"host":"njruw0b0uprlitpx","time":1612563124,"event":{"mods":["2.2 Compatiblity","Aspiration","Bartender","BaseMod","Beaked The Cultist","Better Altar","Better Match","Better Note","Better Sensory Stone","Better Skull","Better Third Choice","BetterRewards","Block Reminder","Colored Map","Colored Powertips","Energized Spire","Jedi Mod","Keyboard Shortcuts","Minty Spire (QoL Compilation)","Quick Restart","Rare Cards Sparkle","Relic Stats","Replay The Spire","SacredBarkPlus","Spicy Shops","StSLib","SuperFastMode","The Blackbeard","The Dragon Tamer","The Mystic"],"gold_per_floor":[114,114,114,129,154,154,184,9,34,64,79,109,109,109,109,234,234,253,272,297,546,32,32,32,110,110,110,193,257,7,100,100,270,270,339,433,433,1432,725,725,833,833,858,951,1025,1123,64,64,153,153,153,228],"floor_reached":53,"language":"ENG","playtime":2083,"items_purged":["Decay","Pain","Normality","Normality"],"score":1315,"play_id":"b4c6e355-2fb9-4b25-a5eb-e96e0f45b93e","local_time":"20210205161204","daily_mods":["Specialized","Blue Cards","Elite Swarm"],"is_ascension_mode":false,"campfire_choices":[{"data":"Dolphin_Blow","floor":6.0,"key":"SMITH"},{"floor":15.0,"key":"REST"},{"floor":23.0,"key":"REST"},{"data":"mysticmod:Haste","floor":27.0,"key":"SMITH"},{"data":"Vault","floor":32.0,"key":"SMITH"},{"data":"Echo Form","floor":40.0,"key":"SMITH"},{"data":"Cold_Blooded","floor":42.0,"key":"SMITH"}],"circlet_count":0,"master_deck":["Strike_Bartender","Strike_Bartender","Strike_Bartender","Strike_Bartender","Defend_Bartender","Defend_Bartender","Defend_Bartender","Defend_Bartender","Somersault","Dolphin_Blow+1","Dolphin_Blow","Dolphin_Blow","Dolphin_Blow","Alacrity+1","Replay:BluntJabs","blackbeard:Parrot","Cold_Blooded+1","blackbeard:Spear","blackbeard:PirateStrength","mysticmod:Haste+1","Dramatic Entrance","DTMod:BalancedStrike","Wall_of_Ice","Rope_A_Dope","Beam Cell+1","Conserve Battery","Butterfly_Float","blackbeard:GoldenStrike","Ripple","Echo Form+1","Vault+1","Step_Of_The_Wind+1","DTMod:OpeningTactic","AbeCurse","Pummel","Ball_Of_Ice+1","jedi:forcepush","beaked:FullHouse","Master of Strategy","beaked:KnowThyFoe+1","Raptor_Form+1","Windup","jedi:forcepull","Cross"],"relics":["Sneakers","PrismaticShard","Blood Vial","Centennial Puzzle","ReplayTheSpireMod:CursedCoin","White_Cape","jedi:crownofsimplicity","aspiration:FetidBarrel","Ancient Tea Set","Golden Idol","aspiration:BeakedSkillbook","Pet Ghost","Orrery","Replay:Bandana","Lizard Tail","beaked:ShinyBauble","Bottled Flame","Gremlin Horn","Replay:Baseball","Abe\u0027s Treasure","ReplayTheSpireMod:TigerMarble","Nunchaku","Torii","Bag of Preparation","jedi:heavyjacket","ReplayFunnel","Frozen Egg 2","BargainBundle","jedi:firstaidkit","Calipers","OrangePellets"],"acts_visited":["Exordium","TheCity","TheBeyond"],"potions_floor_usage":[52,52,52],"damage_taken":[{"damage":7.0,"enemies":"2 Louse","floor":1.0,"turns":3.0},{"damage":0.0,"enemies":"Small Slimes","floor":4.0,"turns":3.0},{"damage":35.0,"enemies":"3 Sentries","floor":7.0,"turns":7.0},{"damage":4.0,"enemies":"Replay:BlueRogue","floor":10.0,"turns":8.0},{"damage":6.0,"enemies":"Cultist","floor":11.0,"turns":3.0},{"damage":18.0,"enemies":"Lagavulin","floor":12.0,"turns":3.0},{"damage":0.0,"enemies":"Slime Boss","floor":16.0,"turns":3.0},{"damage":5.0,"enemies":"3 Byrds","floor":18.0,"turns":3.0},{"damage":10.0,"enemies":"Spheric Guardian","floor":19.0,"turns":3.0},{"damage":0.0,"enemies":"Gremlin Leader","floor":25.0,"turns":3.0},{"damage":0.0,"enemies":"Replay:Snechameleon","floor":28.0,"turns":3.0},{"damage":0.0,"enemies":"Centurion and Healer","floor":29.0,"turns":4.0},{"damage":3.0,"enemies":"Gremlin Leader","floor":31.0,"turns":3.0},{"damage":0.0,"enemies":"Automaton","floor":33.0,"turns":6.0},{"damage":0.0,"enemies":"Orb Walker","floor":35.0,"turns":3.0},{"damage":0.0,"enemies":"3 Shapes","floor":36.0,"turns":2.0},{"damage":12.0,"enemies":"Reptomancer","floor":41.0,"turns":3.0},{"damage":1,"enemies":"Nemesis","floor":44,"turns":5},{"damage":0,"enemies":"Jaw Worm Horde","floor":45,"turns":1},{"damage":0,"enemies":"Giant Head","floor":46,"turns":2},{"damage":9,"enemies":"4 Shapes","floor":49,"turns":2},{"damage":0,"enemies":"Time Eater","floor":52,"turns":5}],"seed_played":"-8643747277835071688","potions_obtained":[{"floor":1.0,"key":"Elixir"},{"floor":10.0,"key":"FearPotion"},{"floor":12.0,"key":"AttackPotion"},{"floor":18.0,"key":"Swift Potion"},{"floor":19.0,"key":"LiquidMemories"},{"floor":28.0,"key":"DistilledChaos"},{"floor":35.0,"key":"Elixir"},{"floor":46,"key":"jedi:holywater"}],"is_trial":false,"path_per_floor":["M","?","?","M","T","R","E","$","T","E","M","E","?","?","R","B",null,"M","M","T","?","$","R","?","E","T","R","E","M","$","E","R","B",null,"M","M","?","?","$","R","E","R","T","E","M","E","$","?","M","?","R_BF","B",null],"character_chosen":"BARTENDER","items_purchased":["ReplayTheSpireMod:CursedCoin","White_Cape","Wall_of_Ice","Rope_A_Dope","Orrery","Ripple","PowerPotion","Replay:Bandana","Gremlin Horn","ReplayTheSpireMod:TigerMarble","jedi:forcepush","AttackPotion","Swift Potion","Nunchaku","Frozen Egg 2","Raptor_Form+1","Windup","BargainBundle","jedi:firstaidkit","Calipers","Adrenaline Potion","Adrenaline Potion","jedi:forcepull","Cross","OrangePellets"],"campfire_rested":2,"item_purchase_floors":[8,8,22,22,22,22,22,22,30,39,39,39,39,39,47,47,47,47,47,47,47,47,47,47,47],"current_hp_per_floor":[63,63,63,63,63,63,30,30,30,28,24,8,8,8,28,30,67,62,55,55,29,29,49,49,58,58,58,60,62,62,61,61,63,67,67,67,67,67,67,67,55,55,55,56,58,60,60,60,53,53,67,67],"gold":228,"neow_bonus":"","is_daily":true,"chose_seed":false,"campfire_upgraded":5,"win_rate":0.0,"timestamp":1612563124,"path_taken":["M","?","?","?","?","R","E","?","T","E","?","E","?","?","R","BOSS","M","M","?","?","$","R","?","E","T","R","E","?","$","E","R","BOSS","M","M","?","?","$","R","E","R","T","E","M","E","$","?","?","?","R_BF","BOSS"],"items_purchased_type":["Relic","Relic","Card","Card","Relic","Card","Potion","Relic","Relic","Relic","Card","Potion","Potion","Relic","Relic","Card","Card","Relic","Relic","Relic","Potion","Potion","Card","Card","Relic"],"build_version":"2020-12-22","purchased_purges":4,"victory":true,"max_hp_per_floor":[70,70,70,70,70,70,70,70,70,70,70,70,70,67,67,67,67,67,67,67,67,67,67,67,67,67,67,67,67,67,67,67,67,67,67,67,67,67,67,67,67,67,67,67,67,67,67,67,67,67,67,67],"relic_stats":{"Blood Vial":30,"OrangePellets":[0],"Centennial Puzzle":[26],"Lizard Tail":0,"Nunchaku":[6],"Gremlin Horn":[12,14],"Torii":0,"counters":[22,78],"Golden Idol":201,"Bag of Preparation":[10],"obtain_stats":[{"ReplayFunnel":46,"beaked:ShinyBauble":26,"Calipers":47,"Gremlin Horn":30,"Torii":41,"Bag of Preparation":43,"PrismaticShard":2,"White_Cape":8,"Ancient Tea Set":12,"Pet Ghost":20,"Blood Vial":5,"Centennial Puzzle":7,"Replay:Bandana":22,"Lizard Tail":25,"Nunchaku":39,"jedi:firstaidkit":47,"BargainBundle":47,"Sneakers":0,"ReplayTheSpireMod:CursedCoin":8,"aspiration:FetidBarrel":10,"Golden Idol":13,"jedi:crownofsimplicity":9,"Frozen Egg 2":47,"jedi:heavyjacket":44,"OrangePellets":47,"Bottled Flame":28,"Replay:Baseball":31,"Orrery":22,"ReplayTheSpireMod:TigerMarble":39,"aspiration:BeakedSkillbook":17,"Abe\u0027s Treasure":34},{"ReplayFunnel":20,"beaked:ShinyBauble":10,"Calipers":20,"Gremlin Horn":12,"Torii":17,"Bag of Preparation":17,"PrismaticShard":1,"White_Cape":3,"Ancient Tea Set":6,"Pet Ghost":9,"Blood Vial":2,"Centennial Puzzle":3,"Replay:Bandana":9,"Lizard Tail":10,"Nunchaku":16,"jedi:firstaidkit":20,"BargainBundle":20,"Sneakers":0,"ReplayTheSpireMod:CursedCoin":3,"aspiration:FetidBarrel":4,"Golden Idol":6,"jedi:crownofsimplicity":3,"Frozen Egg 2":20,"jedi:heavyjacket":18,"OrangePellets":20,"Bottled Flame":11,"Replay:Baseball":13,"Orrery":9,"ReplayTheSpireMod:TigerMarble":16,"aspiration:BeakedSkillbook":7,"Abe\u0027s Treasure":14},{"ReplayFunnel":71,"beaked:ShinyBauble":39,"Calipers":71,"Gremlin Horn":46,"Torii":63,"Bag of Preparation":63,"PrismaticShard":3,"White_Cape":13,"Ancient Tea Set":27,"Pet Ghost":36,"Blood Vial":6,"Centennial Puzzle":13,"Replay:Bandana":36,"Lizard Tail":39,"Nunchaku":60,"jedi:firstaidkit":71,"BargainBundle":71,"Sneakers":0,"ReplayTheSpireMod:CursedCoin":13,"aspiration:FetidBarrel":21,"Golden Idol":27,"jedi:crownofsimplicity":13,"Frozen Egg 2":71,"jedi:heavyjacket":68,"OrangePellets":71,"Bottled Flame":42,"Replay:Baseball":49,"Orrery":36,"ReplayTheSpireMod:TigerMarble":60,"aspiration:BeakedSkillbook":30,"Abe\u0027s Treasure":55}]},"card_choices":[{"not_picked":["Blizzard_Spikes","Dragonkick"],"picked":"Alacrity","floor":1.0},{"not_picked":["Weave","ClearTheMind"],"picked":"Replay:BluntJabs","floor":4.0},{"not_picked":["Poison Darts","jedi:gatheringstorm"],"picked":"blackbeard:Parrot","floor":7.0},{"not_picked":["Feed","jedi:gatheringstorm"],"picked":"Cold_Blooded","floor":10.0},{"not_picked":["jedi:BurstLightning","DTMod:SneakAttack"],"picked":"blackbeard:Spear","floor":11.0},{"not_picked":["DTMod:StunTrap","beaked:ShadowFade"],"picked":"blackbeard:PirateStrength","floor":12.0},{"not_picked":["jedi:harder","jedi:studyshivs"],"picked":"mysticmod:Haste","floor":16.0},{"not_picked":["DTMod:CleansingStrike","Reflex","blackbeard:TacticalRetreat","mysticmod:MirrorStrike"],"picked":"SKIP","floor":18.0},{"not_picked":["jedi:locknload","Replay:ManipulateFuture+1","Dagger Spray+1"],"picked":"Dramatic Entrance","floor":19.0},{"not_picked":["Replay:Hum+1","Gash","Reflex"],"picked":"DTMod:BalancedStrike","floor":21.0},{"not_picked":["Capacitor","DTMod:TauntingStrike+1","Pony_Shot"],"picked":"Beam Cell","floor":22.0},{"not_picked":["Pommel Strike","Go for the Eyes+1","DTMod:Training"],"picked":"Conserve Battery","floor":22.0},{"not_picked":["Feint+1","Greased_Lightning+1","mysticmod:SpellRecall"],"picked":"Butterfly_Float","floor":22.0},{"not_picked":["ReplayTheSpireMod:System Scan+1","Gash+1","Time Bomb"],"picked":"blackbeard:GoldenStrike","floor":22.0},{"not_picked":["jedi:meditation","jedi:darknesscall","Transmutation"],"picked":"Echo Form","floor":25.0},{"not_picked":["Machine Learning","ReplayRNGCard","ReplayTheSpireMod:Necrosis"],"picked":"Vault","floor":28.0},{"not_picked":["Hidden Blade","Protect","Replay:DivineShield+1"],"picked":"Step_Of_The_Wind+1","floor":29.0},{"not_picked":["jedi:rejectivetoxin","jedi:meditation","blackbeard:Lifeboat"],"picked":"DTMod:OpeningTactic","floor":31.0},{"not_picked":["DTMod:BurningForce+1","Pony_Shot","blackbeard:Sword+1"],"picked":"Pummel","floor":35.0},{"not_picked":["Blade Dance+1","mysticmod:Alacrity","blackbeard:BuriedTreasure"],"picked":"Ball_Of_Ice+1","floor":36.0},{"not_picked":["jedi:bruteforce","A Thousand Cuts","Fission"],"picked":"beaked:FullHouse","floor":41.0},{"not_picked":["Sadistic Nature","Spirits_Within","HandOfGreed"],"picked":"Master of Strategy","floor":44},{"not_picked":["mysticmod:SuddenClarity","Flex","DTMod:InvisibleFlame+1","beaked:Insight+1"],"picked":"SKIP","floor":45},{"not_picked":["jedi:unlimitedpower","Liquid_Armor","Rainbow"],"picked":"beaked:KnowThyFoe","floor":46},{"not_picked":["DTMod:QuickFly+1","Barrage+1","JustLucky+1","LikeWater+1"],"picked":"SKIP","floor":49}],"player_experience":1431127,"relics_obtained":[{"floor":5.0,"key":"Blood Vial"},{"floor":7.0,"key":"Centennial Puzzle"},{"floor":9.0,"key":"jedi:crownofsimplicity"},{"floor":10.0,"key":"aspiration:FetidBarrel"},{"floor":12.0,"key":"Ancient Tea Set"},{"floor":20.0,"key":"Pet Ghost"},{"floor":25.0,"key":"Lizard Tail"},{"floor":26.0,"key":"beaked:ShinyBauble"},{"floor":28.0,"key":"Bottled Flame"},{"floor":31.0,"key":"Replay:Baseball"},{"floor":41.0,"key":"Torii"},{"floor":43.0,"key":"Bag of Preparation"},{"floor":44,"key":"jedi:heavyjacket"},{"floor":46,"key":"ReplayFunnel"}],"event_choices":[{"damage_healed":0.0,"max_hp_gain":0.0,"max_hp_loss":0.0,"gold_gain":0.0,"event_name":"Upgrade Shrine","player_choice":"Upgraded","floor":3.0,"gold_loss":0.0,"damage_taken":0.0,"cards_upgraded":["Alacrity"]},{"damage_healed":0.0,"max_hp_gain":0.0,"max_hp_loss":0.0,"gold_gain":0.0,"event_name":"Golden Idol","player_choice":"Take Wound","floor":13.0,"gold_loss":0.0,"damage_taken":0.0,"relics_obtained":["Golden Idol"],"cards_obtained":["Injury"]},{"cards_removed":["Injury","Parasite"],"damage_healed":0.0,"max_hp_gain":0.0,"max_hp_loss":0.0,"gold_gain":0.0,"event_name":"Fountain of Cleansing","player_choice":"Removed Curses","floor":14.0,"gold_loss":0.0,"damage_taken":0.0},{"damage_healed":0.0,"max_hp_gain":0.0,"max_hp_loss":0.0,"gold_gain":0.0,"event_name":"Ghosts","player_choice":"Ignored","floor":24.0,"gold_loss":0.0,"damage_taken":0.0},{"cards_removed":["Dolphin_Blow"],"damage_healed":0.0,"max_hp_gain":0.0,"max_hp_loss":0.0,"gold_gain":0.0,"event_name":"Falling","player_choice":"Removed Attack","floor":37.0,"gold_loss":0.0,"damage_taken":0.0},{"damage_healed":0.0,"max_hp_gain":0.0,"max_hp_loss":0.0,"gold_gain":999.0,"event_name":"MindBloom","player_choice":"Gold","floor":38.0,"gold_loss":0.0,"damage_taken":0.0,"cards_obtained":["Normality","Normality"]},{"damage_healed":0,"gold_gain":0,"player_choice":"Upgraded","damage_taken":0,"max_hp_gain":0,"max_hp_loss":0,"event_name":"Upgrade Shrine","floor":48,"gold_loss":0,"cards_upgraded":["beaked:KnowThyFoe"]}],"is_beta":false,"boss_relics":[{"not_picked":["Snecko Eye","Coffee Dripper"],"picked":"aspiration:BeakedSkillbook"},{"not_picked":["ChewingGum","aspiration:RunicSpoon"],"picked":"Abe\u0027s Treasure"}],"items_purged_floors":[8,22,39,47],"is_endless":false,"potions_floor_spawned":[1,10,12,18,19,28,29,35,46,49],"ascension_level":0}}