{"host":"bczg3e1yq3rp3pkk","time":1612529946,"event":{"mods":["100% Spire Juice","Act Like it!","Arknights","Aspiration","BaseMod","Conspire","Hermit","KinomotoSakuraMod(木之本樱)","Marisa（F雨　魔理沙）","Minty Spire (QoL Compilation)","Quick Restart","Reliquary","Replay The Spire","RumiaBox-露米娅的神秘盒子","Shop Mod","StSLib","The Administrix","The Bug Knight","The Construct","The Hierophant","The Servant 0.9.4","Warlord Emblem","[GremlinLeader]The Maniac","【遗物卡牌】REMEMod"],"gold_per_floor":[109,139,151,208,244,244,328,328,380,380,425,63,63,136,136,280,280,345,119,160,36,82,141,164,164,164,230,268,268,309,234,234,354,354,394,413,8,29,68,134,134,134,134,180,193,252,252,290,290,290],"floor_reached":51,"language":"ZHS","playtime":2801,"items_purged":["Strike_P","Strike_P"],"score":1003,"play_id":"e21fa4fc-d513-43d4-8cf1-658ae8ccd1b0","local_time":"20210205205906","is_ascension_mode":true,"campfire_choices":[{"data":"HandOfGreed","floor":6.0,"key":"SMITH"},{"data":"Scrawl","floor":8.0,"key":"SMITH"},{"data":"Crescendo","floor":10.0,"key":"SMITH"},{"data":"Adaptation","floor":15.0,"key":"SMITH"},{"floor":25.0,"key":"REST"},{"floor":29.0,"key":"REST"},{"data":"Meditate","floor":32.0,"key":"SMITH"},{"floor":41,"key":"REST"},{"floor":49,"key":"REST"}],"circlet_count":0,"master_deck":["Strike_P+1","Strike_P","Defend_P+1","Defend_P+1","Defend_P+1","Eruption+1","Vigilance+1","HandOfGreed+1","Prostrate+1","Crescendo+1","Scrawl+1","FlurryOfBlows+1","Meditate+1","Adaptation+1","FollowUp","LessonLearned","Halt+1","Replay:BluntJabs","Fasting2+1","REME_CRH+1","FlyingSleeves","EmptyMind+1","Crescendo+1"],"relics":["PureWater","REME_ComplimentaryCards","reliquary:PorcupineQuills","HollowMod:PaleOreRelic","REME_PuzzleBoxRelic","Medical Kit","Golden Idol","EasyGame_NEW","Regal Pillow","GodSword6","REME_LimitBreaker","aspiration:Stabinomicon","Fusion Hammer","Replay:Baseball","Chameleon Ring","Anchor","Divine Protection","Durian","reliquary:Boomerang","Ring of Hypnosis","reliquary:PorcupineQuills"],"acts_visited":["Exordium","TheCity","TheBeyond"],"potions_floor_usage":[40,48,50,50,50],"damage_taken":[{"damage":1.0,"enemies":"Small Slimes","floor":1.0,"turns":3.0},{"damage":0.0,"enemies":"Jaw Worm","floor":2.0,"turns":4.0},{"damage":5.0,"enemies":"conspire:RoseBush","floor":3.0,"turns":3.0},{"damage":13.0,"enemies":"Exordium Thugs","floor":4.0,"turns":5.0},{"damage":0.0,"enemies":"Looter","floor":5.0,"turns":1.0},{"damage":3.0,"enemies":"3 Sentries","floor":7.0,"turns":4.0},{"damage":0.0,"enemies":"Blue Slaver","floor":11.0,"turns":1.0},{"damage":9.0,"enemies":"Exordium Wildlife","floor":14.0,"turns":3.0},{"damage":0.0,"enemies":"Slime Boss","floor":16.0,"turns":3.0},{"damage":1.0,"enemies":"3 Byrds","floor":18.0,"turns":4.0},{"damage":16.0,"enemies":"2 Thieves","floor":20.0,"turns":2.0},{"damage":8.0,"enemies":"Snecko","floor":22.0,"turns":4.0},{"damage":32.0,"enemies":"conspire:SneckoGhost","floor":23.0,"turns":7.0},{"damage":0.0,"enemies":"Snake Plant","floor":24.0,"turns":2.0},{"damage":20.0,"enemies":"Centurion and Healer","floor":27.0,"turns":2.0},{"damage":0.0,"enemies":"3 Cultists","floor":28.0,"turns":3.0},{"damage":2.0,"enemies":"Book of Stabbing","floor":30.0,"turns":3.0},{"damage":23.0,"enemies":"conspire:MysteriousRune","floor":33.0,"turns":3.0},{"damage":0.0,"enemies":"3 Shapes","floor":35.0,"turns":3.0},{"damage":0.0,"enemies":"3 Darklings","floor":36.0,"turns":4.0},{"damage":0.0,"enemies":"Spire Growth","floor":38.0,"turns":3.0},{"damage":1.0,"enemies":"Sphere and 2 Shapes","floor":39.0,"turns":3.0},{"damage":32,"enemies":"Nemesis","floor":40,"turns":5},{"damage":0,"enemies":"Writhing Mass","floor":45,"turns":3},{"damage":0,"enemies":"R_Hoarder","floor":46,"turns":4},{"damage":0,"enemies":"Nemesis","floor":48,"turns":6},{"damage":41,"enemies":"Replay:Hell Engine","floor":50,"turns":4}],"seed_played":"2103234990505955659","potions_obtained":[{"floor":3.0,"key":"Explosive Potion"},{"floor":7.0,"key":"Strength Potion"},{"floor":11.0,"key":"Weak Potion"},{"floor":16.0,"key":"Weak Potion"},{"floor":20.0,"key":"Regen Potion"},{"floor":24.0,"key":"Weak Potion"},{"floor":28.0,"key":"REME_GoldPotion"},{"floor":30.0,"key":"DuplicationPotion"},{"floor":40,"key":"SkillPotion"},{"floor":45,"key":"Dexterity Potion"},{"floor":48,"key":"Weak Potion"}],"is_trial":false,"path_per_floor":["M","M","M","M","M","R","E","R","T","R","M","$","?","M","R","B",null,"M","$","M","$","M","E","M","R","T","M","M","R","E","?","R","B",null,"M","M","$","M","M","E","R","?","T","?","M","E","?","E","R","B",null],"character_chosen":"WATCHER","items_purchased":["Adaptation","REME_PuzzleBoxRelic","Medical Kit","Regal Pillow","Replay:BluntJabs","Replay:Baseball","Chameleon Ring"],"campfire_rested":4,"item_purchase_floors":[12,12,12,19,21,37,37],"current_hp_per_floor":[64,64,59,46,46,46,43,43,43,43,43,43,43,34,34,34,59,58,58,49,49,46,14,14,49,49,29,29,64,62,62,62,39,60,60,60,60,60,59,27,62,62,62,51,51,51,51,51,69,28],"gold":290,"neow_bonus":"UPGRADE_CARD","is_daily":false,"chose_seed":false,"campfire_upgraded":5,"win_rate":0.0,"timestamp":1612529946,"path_taken":["M","M","M","M","M","R","E","R","T","R","M","$","?","M","R","BOSS","M","$","M","$","M","E","M","R","T","M","M","R","E","?","R","BOSS","M","M","$","M","M","E","R","?","T","?","M","E","?","E","R","BOSS"],"items_purchased_type":["Card","Relic","Relic","Relic","Card","Relic","Relic"],"build_version":"2020-12-22","purchased_purges":2,"victory":true,"max_hp_per_floor":[72,72,72,72,72,72,72,72,72,72,72,72,67,67,67,67,67,67,67,67,67,67,67,67,67,67,67,67,67,67,67,67,67,67,67,67,67,67,67,67,67,64,64,69,69,69,69,69,69,69],"card_choices":[{"not_picked":["SandsOfTime","Evaluate"],"picked":"Prostrate","floor":1.0},{"not_picked":["ClearTheMind","FlyingSleeves"],"picked":"Crescendo","floor":2.0},{"not_picked":["Sanctity","Prostrate"],"picked":"Scrawl","floor":3.0},{"not_picked":["WheelKick","Meditate","SignatureMove"],"picked":"SKIP","floor":4.0},{"not_picked":["ClearTheMind","EmptyFist"],"picked":"FlurryOfBlows","floor":5.0},{"not_picked":["Replay:Cycle","Consecrate","WaveOfTheHand"],"picked":"SKIP","floor":7.0},{"not_picked":["FlyingSleeves","DeceiveReality"],"picked":"Meditate","floor":11.0},{"not_picked":["WindmillStrike","Evaluate"],"picked":"FollowUp","floor":14.0},{"not_picked":["SpiritShield","REME_WorshipGod"],"picked":"LessonLearned","floor":16.0},{"not_picked":["Prostrate","DeceiveReality"],"picked":"Replay:Hum","floor":18.0},{"not_picked":["Consecrate","BattleHymn+1"],"picked":"Halt","floor":20.0},{"not_picked":["ThirdEye","CutThroughFate+1","Halt+1"],"picked":"SKIP","floor":22.0},{"not_picked":["FollowUp","Worship+1","PathToVictory"],"picked":"SKIP","floor":23.0},{"not_picked":["Indignation+1","SashWhip","EmptyFist"],"picked":"SKIP","floor":24.0},{"not_picked":["ClearTheMind","Indignation+1","EmptyBody"],"picked":"SKIP","floor":27.0},{"not_picked":["Replay:Anticipation","REME_Repentance","Devotion"],"picked":"SKIP","floor":28.0},{"not_picked":["Replay:AtTheReady","Replay:DivineShield+1"],"picked":"Fasting2+1","floor":30.0},{"not_picked":["Scrawl","Devotion"],"picked":"REME_CRH","floor":33.0},{"not_picked":["PathToVictory+1","Collect+1"],"picked":"FlyingSleeves","floor":35.0},{"not_picked":["PathToVictory+1","Protect"],"picked":"EmptyMind+1","floor":36.0},{"not_picked":["FlyingSleeves","REME_Repentance","Indignation+1"],"picked":"SKIP","floor":38.0},{"not_picked":["Worship+1","Replay:Anticipation+1","Replay:ManipulateFuture+1"],"picked":"SKIP","floor":39.0},{"not_picked":["Sanctity+1","Weave+1","Protect"],"picked":"SKIP","floor":40},{"not_picked":["PathToVictory","Prostrate"],"picked":"Crescendo+1","floor":44},{"not_picked":["Evaluate","REME_Repentance+1","BattleHymn+1"],"picked":"SKIP","floor":45},{"not_picked":["Perseverance","ThirdEye","CrushJoints+1"],"picked":"SKIP","floor":46},{"not_picked":["REME_CRH","WindmillStrike+1","REME_Repentance"],"picked":"SKIP","floor":48}],"player_experience":392069,"relics_obtained":[{"floor":7.0,"key":"reliquary:PorcupineQuills"},{"floor":9.0,"key":"HollowMod:PaleOreRelic"},{"floor":23.0,"key":"GodSword6"},{"floor":26.0,"key":"REME_LimitBreaker"},{"floor":30.0,"key":"aspiration:Stabinomicon"},{"floor":40,"key":"Anchor"},{"floor":43,"key":"Divine Protection"},{"floor":44,"key":"Durian"},{"floor":46,"key":"reliquary:Boomerang"},{"floor":47,"key":"Ring of Hypnosis"},{"floor":48,"key":"reliquary:SculptingSteel"}],"event_choices":[{"damage_healed":0.0,"max_hp_gain":0.0,"max_hp_loss":5.0,"gold_gain":0.0,"event_name":"Golden Idol","player_choice":"Lose Max HP","floor":13.0,"gold_loss":0.0,"damage_taken":0.0,"relics_obtained":["Golden Idol"]},{"cards_removed":["Replay:Hum"],"damage_healed":0.0,"max_hp_gain":0.0,"max_hp_loss":0.0,"gold_gain":0.0,"event_name":"Beggar","player_choice":"Gave Gold","floor":31.0,"gold_loss":75.0,"damage_taken":0.0},{"damage_healed":0,"gold_gain":0,"player_choice":"Max HP","damage_taken":0,"max_hp_gain":0,"max_hp_loss":3,"event_name":"Winding Halls","floor":42,"gold_loss":0}],"is_beta":false,"boss_relics":[{"not_picked":["reliquary:RedPaperclip","conspire:RoyalGoblet"],"picked":"EasyGame_NEW"},{"not_picked":["reliquary:Ember","Philosopher\u0027s Stone"],"picked":"Fusion Hammer"}],"items_purged_floors":[19,21],"is_endless":false,"potions_floor_spawned":[3,7,11,16,18,20,24,28,30,33,35,40,45,48],"ascension_level":7}}