{"host":"6a9c3xws62y7efyw","time":1612510571,"event":{"mods":["BaseMod","Colored Map","Minty Spire (QoL Compilation)","Relic Stats","StSLib"],"gold_per_floor":[110,130,150,167,180,210,210,12,12,12,37,37,56,85,85,162,162,182,182,25,45,45,45,74,89,116,143,154,182,193,219,219,294,294,314,78,96,108,124,124,157,157,157,187,187,216,216,541,541,541,541,541,541,40,73,73,73],"floor_reached":56,"language":"ENG","playtime":3382,"items_purged":["Strike_G","Strike_G"],"score":2395,"play_id":"7d19702d-78b5-49bb-a9d3-0ee530588a55","local_time":"20210204233611","is_ascension_mode":true,"campfire_choices":[{"data":"Blade Dance","floor":7.0,"key":"SMITH"},{"data":"Mayhem","floor":10.0,"key":"SMITH"},{"data":"Leg Sweep","floor":12.0,"key":"SMITH"},{"data":"Dagger Spray","floor":15.0,"key":"SMITH"},{"floor":23.0,"key":"REST"},{"floor":32.0,"key":"REST"},{"floor":40.0,"key":"RECALL"},{"floor":42.0,"key":"REST"},{"floor":45.0,"key":"REST"},{"floor":49.0,"key":"REST"},{"floor":53.0,"key":"REST"}],"circlet_count":0,"master_deck":["AscendersBane","Strike_G","Strike_G","Defend_G","Defend_G","Defend_G","Defend_G","Defend_G","Survivor","Neutralize","Masterful Stab","Predator","Dash","Blade Dance+1","Dagger Spray+1","Mayhem+1","Leg Sweep+1","Predator","Wraith Form v2","Infinite Blades+1","Bouncing Flask","Cloak And Dagger","Acrobatics+1","Blur","Blade Dance+1","Wraith Form v2","Dodge and Roll","Burst","Cloak And Dagger","Wraith Form v2","Backflip","Backflip+1","Backflip","Footwork+1","After Image","Adrenaline","Cloak And Dagger","Dodge and Roll+1","Blur","Impatience","Footwork","Backflip"],"relics":["WristBlade","Bag of Marbles","InkBottle","Letter Opener","Blue Candle","Fusion Hammer","Snake Skull","Matryoshka","Bronze Scales","MealTicket","Dream Catcher","Bottled Lightning","Anchor","StoneCalendar","HoveringKite","DollysMirror","Bottled Flame","Strawberry","Pen Nib","Prayer Wheel","TungstenRod","Old Coin","Membership Card","Paper Crane","Oddly Smooth Stone"],"acts_visited":["Exordium","TheCity","TheBeyond","TheEnding"],"potions_floor_usage":[56],"damage_taken":[{"damage":3.0,"enemies":"Small Slimes","floor":1.0,"turns":5.0},{"damage":0.0,"enemies":"Cultist","floor":2.0,"turns":3.0},{"damage":0.0,"enemies":"Jaw Worm","floor":3.0,"turns":4.0},{"damage":12.0,"enemies":"Exordium Thugs","floor":4.0,"turns":7.0},{"damage":9.0,"enemies":"Red Slaver","floor":5.0,"turns":2.0},{"damage":14.0,"enemies":"3 Sentries","floor":6.0,"turns":8.0},{"damage":0.0,"enemies":"Lagavulin","floor":11.0,"turns":2.0},{"damage":0.0,"enemies":"Looter","floor":13.0,"turns":1.0},{"damage":0.0,"enemies":"Gremlin Nob","floor":14.0,"turns":1.0},{"damage":0.0,"enemies":"Slime Boss","floor":16.0,"turns":4.0},{"damage":10.0,"enemies":"Chosen","floor":18.0,"turns":6.0},{"damage":0.0,"enemies":"Spheric Guardian","floor":21.0,"turns":1.0},{"damage":9.0,"enemies":"Slavers","floor":24.0,"turns":4.0},{"damage":3.0,"enemies":"Centurion and Healer","floor":25.0,"turns":4.0},{"damage":10.0,"enemies":"Book of Stabbing","floor":27.0,"turns":5.0},{"damage":39.0,"enemies":"Shelled Parasite and Fungi","floor":28.0,"turns":3.0},{"damage":0.0,"enemies":"Gremlin Leader","floor":29.0,"turns":5.0},{"damage":2.0,"enemies":"Snake Plant","floor":30.0,"turns":3.0},{"damage":5.0,"enemies":"Book of Stabbing","floor":31.0,"turns":3.0},{"damage":29.0,"enemies":"Collector","floor":33.0,"turns":7.0},{"damage":5.0,"enemies":"3 Darklings","floor":35.0,"turns":4.0},{"damage":0.0,"enemies":"Orb Walker","floor":37.0,"turns":3.0},{"damage":2.0,"enemies":"Sphere and 2 Shapes","floor":38.0,"turns":5.0},{"damage":0.0,"enemies":"Jaw Worm Horde","floor":39.0,"turns":3.0},{"damage":11.0,"enemies":"Giant Head","floor":41.0,"turns":8.0},{"damage":5.0,"enemies":"Nemesis","floor":44.0,"turns":5.0},{"damage":2.0,"enemies":"Reptomancer","floor":46.0,"turns":6.0},{"damage":0.0,"enemies":"Mind Bloom Boss Battle","floor":48.0,"turns":7.0},{"damage":15.0,"enemies":"Donu and Deca","floor":50.0,"turns":12.0},{"damage":47.0,"enemies":"Awakened One","floor":51.0,"turns":17.0},{"damage":21.0,"enemies":"Shield and Spear","floor":55.0,"turns":10.0},{"damage":74,"enemies":"The Heart","floor":56,"turns":3}],"seed_played":"4051832770634247043","potions_obtained":[{"floor":2.0,"key":"GamblersBrew"},{"floor":3.0,"key":"LiquidMemories"},{"floor":6.0,"key":"FairyPotion"},{"floor":14.0,"key":"Weak Potion"},{"floor":24.0,"key":"PowerPotion"},{"floor":28.0,"key":"CunningPotion"},{"floor":33.0,"key":"DistilledChaos"},{"floor":35.0,"key":"Weak Potion"},{"floor":38.0,"key":"GhostInAJar"},{"floor":44.0,"key":"LiquidMemories"},{"floor":55.0,"key":"Fire Potion"}],"is_trial":false,"path_per_floor":["M","M","M","M","M","E","R","$","T","R","E","R","M","E","R","B",null,"M","?","$","M","T","R","E","M","T","E","M","E","M","E","R","B",null,"M","$","M","M","M","R","E","R","T","E","R","E","T","?","R","B","B",null,"R","$","E","B"],"character_chosen":"THE_SILENT","items_purchased":["Mayhem","Snake Skull","DollysMirror","Membership Card","Paper Crane","GamblersBrew","Impatience","Footwork"],"campfire_rested":6,"item_purchase_floors":[8,20,36,54,54,54,54,54],"current_hp_per_floor":[56,56,56,44,35,21,21,21,21,21,21,21,21,21,21,21,55,45,45,45,45,45,64,55,52,52,42,3,3,1,19,38,9,52,47,62,62,60,60,60,49,66,73,68,73,71,71,71,73,58,11,58,73,73,52,0,0],"gold":73,"neow_bonus":"BOSS_RELIC","is_daily":false,"chose_seed":false,"campfire_upgraded":4,"win_rate":0.0,"timestamp":1612510571,"path_taken":["M","M","M","M","M","E","R","$","T","R","E","R","M","E","R","BOSS","M","?","?","?","?","R","E","M","T","E","M","E","M","E","R","BOSS","M","$","M","M","M","R","E","R","T","E","R","E","?","?","R","BOSS","BOSS","R","$","E","BOSS"],"items_purchased_type":["Card","Relic","Relic","Relic","Relic","Potion","Card","Card"],"build_version":"2020-12-22","purchased_purges":2,"victory":false,"max_hp_per_floor":[66,66,66,66,66,66,66,66,66,66,66,66,66,66,66,66,66,66,66,66,66,66,66,66,66,66,66,66,66,66,66,66,66,66,66,66,66,66,66,66,66,66,73,73,73,73,73,73,73,73,73,73,73,73,73,73,73],"relic_stats":{"counters":[32,161],"Blue Candle":[0],"HoveringKite":[26],"StoneCalendar":[292],"Snake Skull":[57],"Pen Nib":[18],"Letter Opener":[320],"Dream Catcher":5,"Bronze Scales":[385],"MealTicket":15,"Prayer Wheel":0,"obtain_stats":[{"HoveringKite":34,"StoneCalendar":31,"Snake Skull":20,"Old Coin":48,"Dream Catcher":26,"Matryoshka":22,"WristBlade":0,"DollysMirror":36,"Strawberry":43,"MealTicket":26,"Prayer Wheel":46,"Fusion Hammer":17,"InkBottle":9,"Ring of the Snake":0,"Blue Candle":14,"Oddly Smooth Stone":55,"Pen Nib":44,"Letter Opener":11,"Paper Crane":54,"Anchor":29,"Bottled Flame":41,"Bronze Scales":24,"Bag of Marbles":6,"Bottled Lightning":27,"Membership Card":54,"TungstenRod":47},{"HoveringKite":20,"StoneCalendar":19,"Snake Skull":11,"Old Coin":28,"Dream Catcher":14,"Matryoshka":12,"WristBlade":0,"DollysMirror":21,"Strawberry":25,"MealTicket":14,"Prayer Wheel":27,"Fusion Hammer":10,"InkBottle":6,"Ring of the Snake":0,"Blue Candle":9,"Oddly Smooth Stone":31,"Pen Nib":26,"Letter Opener":7,"Paper Crane":30,"Anchor":17,"Bottled Flame":25,"Bronze Scales":13,"Bag of Marbles":6,"Bottled Lightning":15,"Membership Card":30,"TungstenRod":27},{"HoveringKite":78,"StoneCalendar":71,"Snake Skull":43,"Old Coin":119,"Dream Catcher":52,"Matryoshka":44,"WristBlade":0,"DollysMirror":82,"Strawberry":101,"MealTicket":52,"Prayer Wheel":112,"Fusion Hammer":37,"InkBottle":29,"Ring of the Snake":0,"Blue Candle":33,"Oddly Smooth Stone":158,"Pen Nib":106,"Letter Opener":31,"Paper Crane":148,"Anchor":65,"Bottled Flame":101,"Bronze Scales":48,"Bag of Marbles":29,"Bottled Lightning":57,"Membership Card":148,"TungstenRod":112}],"InkBottle":[84],"TungstenRod":26},"card_choices":[{"not_picked":["Dagger Spray","Quick Slash"],"picked":"Masterful Stab","floor":1.0},{"not_picked":["Flechettes","Quick Slash"],"picked":"Predator","floor":2.0},{"not_picked":["Bane","Deadly Poison"],"picked":"Dash","floor":3.0},{"not_picked":["Heel Hook","Masterful Stab"],"picked":"Blade Dance","floor":4.0},{"not_picked":["Poisoned Stab","Choke","Dodge and Roll"],"picked":"SKIP","floor":5.0},{"not_picked":["Masterful Stab","Flying Knee"],"picked":"Dagger Spray","floor":6.0},{"not_picked":["Expertise","Backflip"],"picked":"Leg Sweep","floor":11.0},{"not_picked":["Sucker Punch","Unload","Flying Knee"],"picked":"SKIP","floor":13.0},{"not_picked":["Bane","Outmaneuver"],"picked":"Predator","floor":14.0},{"not_picked":["Unload","Venomology"],"picked":"Wraith Form v2","floor":16.0},{"not_picked":["Endless Agony","Crippling Poison"],"picked":"Infinite Blades+1","floor":18.0},{"not_picked":["Quick Slash","Dodge and Roll"],"picked":"Bouncing Flask","floor":21.0},{"not_picked":["Dash","Dodge and Roll"],"picked":"Cloak And Dagger","floor":24.0},{"not_picked":["PiercingWail","Terror"],"picked":"Acrobatics+1","floor":25.0},{"not_picked":["Dash","Prepared"],"picked":"Blur","floor":27.0},{"not_picked":["Dagger Spray","Dagger Throw","Quick Slash"],"picked":"SKIP","floor":28.0},{"not_picked":["Well Laid Plans","Doppelganger"],"picked":"Blade Dance+1","floor":29.0},{"not_picked":["Slice","Dagger Throw","Deadly Poison"],"picked":"SKIP","floor":30.0},{"not_picked":["Dodge and Roll","Terror"],"picked":"Wraith Form v2","floor":31.0},{"not_picked":["Dagger Spray","Blade Dance"],"picked":"Dodge and Roll","floor":32.0},{"not_picked":["Unload","Phantasmal Killer"],"picked":"Burst","floor":33.0},{"not_picked":["Riddle With Holes","Blade Dance"],"picked":"Cloak And Dagger","floor":35.0},{"not_picked":["Dagger Throw","Deflect"],"picked":"Backflip","floor":37.0},{"not_picked":["Bouncing Flask","Masterful Stab"],"picked":"Backflip+1","floor":38.0},{"not_picked":["Blade Dance","Poisoned Stab+1"],"picked":"Backflip","floor":39.0},{"not_picked":["Deflect","Dodge and Roll"],"picked":"Footwork+1","floor":41.0},{"not_picked":["Dagger Spray","Choke"],"picked":"After Image","floor":42.0},{"not_picked":["Sucker Punch","PiercingWail"],"picked":"Adrenaline","floor":44.0},{"not_picked":["Flying Knee","Infinite Blades+1"],"picked":"Cloak And Dagger","floor":46.0},{"not_picked":["Slice","Flying Knee"],"picked":"Dodge and Roll+1","floor":48.0},{"not_picked":["Dagger Spray","Bouncing Flask"],"picked":"Blur","floor":53.0},{"not_picked":["Bouncing Flask","Riddle With Holes"],"picked":"Backflip","floor":55.0}],"player_experience":1490074,"relics_obtained":[{"floor":6.0,"key":"Bag of Marbles"},{"floor":9.0,"key":"InkBottle"},{"floor":11.0,"key":"Letter Opener"},{"floor":14.0,"key":"Blue Candle"},{"floor":22.0,"key":"Matryoshka"},{"floor":24.0,"key":"Bronze Scales"},{"floor":26.0,"key":"MealTicket"},{"floor":26.0,"key":"Dream Catcher"},{"floor":27.0,"key":"Bottled Lightning"},{"floor":29.0,"key":"Anchor"},{"floor":31.0,"key":"StoneCalendar"},{"floor":41.0,"key":"Bottled Flame"},{"floor":43.0,"key":"Strawberry"},{"floor":44.0,"key":"Pen Nib"},{"floor":46.0,"key":"Prayer Wheel"},{"floor":47.0,"key":"TungstenRod"},{"floor":48.0,"key":"Old Coin"},{"floor":55.0,"key":"Oddly Smooth Stone"}],"event_choices":[{"cards_removed":["Strike_G"],"damage_healed":0.0,"max_hp_gain":0.0,"max_hp_loss":0.0,"gold_gain":0.0,"event_name":"Purifier","player_choice":"Purged","floor":19.0,"gold_loss":0.0,"damage_taken":0.0},{"damage_healed":0.0,"max_hp_gain":0.0,"max_hp_loss":0.0,"gold_gain":0.0,"event_name":"MindBloom","player_choice":"Fight","floor":48.0,"gold_loss":0.0,"damage_taken":0.0}],"is_beta":false,"boss_relics":[{"not_picked":["SacredBark","SlaversCollar"],"picked":"Fusion Hammer"},{"not_picked":["Runic Dome","Tiny House"],"picked":"HoveringKite"}],"items_purged_floors":[36,54],"is_endless":false,"potions_floor_spawned":[2,3,6,14,16,21,24,28,30,33,35,38,44,48,55],"killed_by":"The Heart","ascension_level":20}}