{"host":"3xls0xm49ftugio7","time":1612560593,"event":{"mods":["2.2 Compatiblity","AchievementEnabler","Act Like it!","BaseMod","Colored Powertips","Downfall","GifTheSpireLib","Mimic Mod","Minty Spire (QoL Compilation)","Quick Restart","Relic Stats","Spire Arcade","StSLib","Trackpad","Wandering Minibosses","slay the spire mod where everything is the same but ironclad has a cowboy hat"],"gold_per_floor":[300,310,410,510,526,526,571,605,605,250,250,264,264,278,293,293,293,293],"floor_reached":16,"language":"ENG","playtime":549,"items_purged":["Guardian:Strike_Guardian"],"score":135,"play_id":"b852d258-2669-4c0f-94e7-f46944f8157c","local_time":"20210205232953","is_ascension_mode":true,"campfire_choices":[{"data":"Guardian:TwinSlam","floor":1,"key":"SMITH"},{"data":"Guardian:CurlUp","floor":6,"key":"SMITH"},{"data":"Guardian:PiercingHide","floor":9,"key":"SMITH"},{"data":"Guardian:RefractedBeam","floor":13,"key":"SMITH"}],"circlet_count":0,"master_deck":["Guardian:Strike_Guardian","Guardian:Strike_Guardian","Guardian:Strike_Guardian","Guardian:Defend_Guardian","Guardian:Defend_Guardian","Guardian:Defend_Guardian","Guardian:Defend_Guardian","Guardian:CurlUp+1","Guardian:TwinSlam+1","Guardian:PiercingHide+1","Guardian:ShieldCharger","Guardian:RefractedBeam+1","Guardian:Gem_Red","Guardian:SpikerProtocol","Guardian:BaubleBeam","Guardian:ArmoredProtocol"],"relics":["Guardian:ModeShifter","Old Coin","trackpad:WritersBlock","trackpad:Mousetrap","PreservedInsect"],"acts_visited":["Exordium"],"potions_floor_usage":[14],"damage_taken":[{"damage":4,"enemies":"Jaw Worm","floor":2,"turns":4},{"damage":0,"enemies":"2 Louse","floor":5,"turns":2},{"damage":22,"enemies":"Gremlin Nob","floor":8,"turns":4},{"damage":0,"enemies":"downfall:FleeingMerchant","floor":10,"turns":4},{"damage":0,"enemies":"Cultist","floor":12,"turns":2},{"damage":16,"enemies":"Gremlin Gang","floor":14,"turns":5},{"damage":8,"enemies":"Large Slime","floor":15,"turns":4},{"damage":23,"enemies":"IC_STATUS_ARCHETYPE","floor":16,"turns":10}],"seed_played":"-1713863931390633906","potions_obtained":[{"floor":5,"key":"DistilledChaos"},{"floor":12,"key":"BlessingOfTheForge"},{"floor":14,"key":"Explosive Potion"},{"floor":15,"key":"Dexterity Potion"}],"is_trial":false,"path_per_floor":["R","M","?","?","M","R","T","E","R","$","?","M","R","M","M","B"],"character_chosen":"GUARDIAN","items_purchased":["PreservedInsect","Guardian:Gem_White","Guardian:RefractedBeam"],"campfire_rested":0,"item_purchase_floors":[10,10,10],"current_hp_per_floor":[72,68,68,68,68,68,68,46,46,46,46,46,46,30,22,0,0,0],"gold":293,"neow_bonus":"ONE_RARE_RELIC","is_daily":false,"chose_seed":false,"campfire_upgraded":4,"win_rate":0.0,"timestamp":1612560593,"path_taken":["R","M","?","?","M","R","T","E","R","$","?","?","R","M","M","BOSS"],"items_purchased_type":["Relic","Card","Card"],"build_version":"2020-12-22","purchased_purges":1,"victory":false,"max_hp_per_floor":[80,80,80,80,80,80,80,80,80,80,80,80,80,80,80,80,80,80],"relic_stats":{"counters":[8,35],"PreservedInsect":0,"obtain_stats":[{"trackpad:Mousetrap":8,"Guardian:ModeShifter":0,"trackpad:WritersBlock":7,"PreservedInsect":10,"Old Coin":0},{"trackpad:Mousetrap":3,"Guardian:ModeShifter":0,"trackpad:WritersBlock":2,"PreservedInsect":4,"Old Coin":0},{"trackpad:Mousetrap":10,"Guardian:ModeShifter":0,"trackpad:WritersBlock":6,"PreservedInsect":14,"Old Coin":0}]},"card_choices":[{"not_picked":["Guardian:VentSteam","Guardian:Gem_Red"],"picked":"Guardian:Gem_Crimson","floor":2},{"not_picked":["Guardian:PiercingHide","Guardian:TemporalStrike"],"picked":"Guardian:Gem_Lightblue","floor":5},{"not_picked":["Guardian:DecasProtection","Guardian:Gem_Green"],"picked":"Guardian:PiercingHide","floor":8},{"not_picked":["Guardian:Recover","Guardian:TemporalStrike"],"picked":"Guardian:ShieldCharger","floor":10},{"not_picked":["Guardian:Gem_Red","Guardian:ChargeCore"],"picked":"Guardian:SpikerProtocol","floor":12},{"not_picked":["Guardian:DecasProtection","Guardian:Emergency"],"picked":"Guardian:BaubleBeam","floor":14},{"not_picked":["Guardian:Clone","Guardian:Gem_Yellow"],"picked":"Guardian:ArmoredProtocol","floor":15}],"player_experience":1034171,"relics_obtained":[{"floor":7,"key":"trackpad:WritersBlock"},{"floor":8,"key":"trackpad:Mousetrap"}],"event_choices":[],"is_beta":false,"boss_relics":[],"items_purged_floors":[10],"is_endless":false,"potions_floor_spawned":[5,12,14,15],"killed_by":"IC_STATUS_ARCHETYPE","ascension_level":7}}