{"host":"lq2h7q9ca6uwu60x","time":1612503657,"event":{"mods":["Act Like it!","BaseMod","Gensokyo","Minty Spire (QoL Compilation)","StSLib","The Animator"],"gold_per_floor":[270,270,9,89,89,89,89,89,114,146,6,6,6,28,28,152,152,163,163,19,129,129,129,129,464,464,123,123,123,345,345,345],"floor_reached":31,"language":"ZHS","playtime":1013,"items_purged":["animator:Curse_Greed"],"score":298,"play_id":"6e61b23c-ca02-49ab-a0e1-bf98b38ee638","local_time":"20210205134057","is_ascension_mode":true,"campfire_choices":[{"floor":6.0,"key":"RECALL"},{"data":"Gensokyo:CrescentMoonSlash","floor":8.0,"key":"SMITH"},{"data":"animator:Strike_Kancolle","floor":15.0,"key":"SMITH"},{"data":"Injury","floor":23,"key":"PURGE"},{"data":"animator:Strike","floor":24,"key":"PURGE"},{"data":"animator:Strike","floor":28,"key":"PURGE"},{"data":"animator:Defend","floor":29,"key":"PURGE"}],"circlet_count":0,"master_deck":["animator:Strike_Kancolle+1","animator:Defend_Kancolle","animator:Strike","animator:Defend","animator:Defend","Gensokyo:CrescentMoonSlash+1","animator:Shiro","animator:AcuraShin"],"relics":["animator:TheMissingPiece","Velvet Choker","animator:WizardHat","Matryoshka","Gensokyo:PortableGap","MawBank","Bag of Preparation","FossilizedHelix","Gensokyo:OccultBall","Cursed Key","Gensokyo:RedStar","Peace Pipe","Torii","Gensokyo:DayTheSeaSplit","Vajra","animator:Buoy","CloakClasp","Ornamental Fan","Membership Card","Unceasing Top","Gremlin Horn"],"acts_visited":["Exordium","Gensokyo:Gensokyo"],"potions_floor_usage":[21,25,25],"damage_taken":[{"damage":0.0,"enemies":"Gensokyo:Gryphon","floor":1.0,"turns":3.0},{"damage":0.0,"enemies":"Gensokyo:3_Fairies","floor":10.0,"turns":2.0},{"damage":0.0,"enemies":"Gensokyo:Python","floor":14.0,"turns":3.0},{"damage":0.0,"enemies":"Gensokyo:Reimu","floor":16.0,"turns":7.0},{"damage":0.0,"enemies":"Gensokyo:3_Dogs","floor":18.0,"turns":1.0},{"damage":23,"enemies":"Gensokyo:3_Dogs","floor":21,"turns":13},{"damage":30,"enemies":"Gensokyo:Reisen","floor":25,"turns":5},{"damage":8,"enemies":"Gensokyo:AngelMirror","floor":30,"turns":3},{"damage":0,"enemies":"Gensokyo:Tenshi","floor":31,"turns":1}],"seed_played":"-4144483772917209173","potions_obtained":[{"floor":1.0,"key":"Regen Potion"},{"floor":10.0,"key":"Swift Potion"},{"floor":21,"key":"Regen Potion"}],"is_trial":false,"path_per_floor":["M","T","$","?","?","R","?","R","T","M","$","?","?","M","R","B",null,"M","?","COS","?","?","R","R","E","T","$","R","R","M","E"],"character_chosen":"THE_ANIMATOR","items_purchased":["Matryoshka","Bag of Preparation","Membership Card","Unceasing Top"],"campfire_rested":0,"item_purchase_floors":[3,11,27,27],"current_hp_per_floor":[66,66,66,66,60,60,51,51,51,51,51,51,51,51,51,51,60,60,60,60,37,37,37,37,31,31,31,31,31,23,23,23],"gold":345,"neow_bonus":"BOSS_RELIC","is_daily":false,"chose_seed":false,"campfire_upgraded":2,"win_rate":0.0,"timestamp":1612503657,"path_taken":["M","?","$","?","?","R","?","R","T","?","?","?","?","?","R","BOSS","M","?","COS","?","?","R","R","E","T","?","R","R","?","E"],"items_purchased_type":["Relic","Relic","Relic","Relic"],"build_version":"2020-12-22","purchased_purges":1,"victory":false,"max_hp_per_floor":[66,66,66,66,60,60,60,60,60,60,60,60,60,60,60,60,60,60,60,60,60,60,57,57,57,57,57,54,54,54,54,54],"card_choices":[{"not_picked":["animator:AcuraAkari","animator:Ara","animator:GazelDwargon"],"picked":"SKIP","floor":1.0},{"not_picked":["animator:Jibril","animator:Benimaru","animator:LizardPriest"],"picked":"SKIP","floor":10.0},{"not_picked":["animator:ChaikaBohdan","animator:Chung","animator:Elsword"],"picked":"SKIP","floor":14.0},{"not_picked":["animator:PinaCoLada","animator:Saitama"],"picked":"animator:Shiro","floor":16.0},{"not_picked":["animator:GazelDwargon","animator:Hakurou"],"picked":"animator:AcuraShin","floor":25},{"not_picked":["animator:Benimaru","animator:HighElfArcher","animator:DolaSchwi"],"picked":"SKIP","floor":30}],"player_experience":808617,"relics_obtained":[{"floor":2.0,"key":"animator:WizardHat"},{"floor":9.0,"key":"MawBank"},{"floor":14.0,"key":"Gensokyo:OccultBall"},{"floor":16.0,"key":"Gensokyo:OccultBall"},{"floor":21,"key":"Peace Pipe"},{"floor":21,"key":"Torii"},{"floor":25,"key":"animator:Buoy"},{"floor":26,"key":"CloakClasp"},{"floor":26,"key":"Ornamental Fan"}],"event_choices":[],"is_beta":false,"boss_relics":[{"not_picked":["animator:HolyGrailRelic","Tiny House"],"picked":"Cursed Key"}],"items_purged_floors":[27],"is_endless":false,"potions_floor_spawned":[1,10,21],"killed_by":"Gensokyo:Tenshi","ascension_level":1}}