{"host":"pfy6u49v5s5r680p","time":1612566401,"event":{"mods":["BaseMod","Colored Map","DeckTracker","Highlight Path","Keyboard Shortcuts","Minty Spire (QoL Compilation)","Permanent Neow","Quick Restart","StSLib","SuperFastMode","everything is the same but u backflip on backflip"],"gold_per_floor":[113,113,61,236,91,118,18,18,18,18,47,47,61,16,16,116,116,131,131,131,142,17,17,34,50,50,50,70,88,105,105,105,208,208,219,231,243,243,243,278,132,132,180,211,225,225,235,252,252,252],"floor_reached":51,"language":"KOR","playtime":2107,"items_purged":["Doubt","Defend_G","Eviscerate"],"score":840,"play_id":"27f0631e-c920-410e-b788-80f71a34f6be","local_time":"20210206080641","is_ascension_mode":false,"campfire_choices":[{"data":"Accuracy","floor":8.0,"key":"SMITH"},{"data":"Choke","floor":10.0,"key":"SMITH"},{"data":"Blade Dance","floor":15.0,"key":"SMITH"},{"data":"A Thousand Cuts","floor":23.0,"key":"SMITH"},{"data":"Prepared","floor":27.0,"key":"SMITH"},{"data":"Accuracy","floor":32.0,"key":"SMITH"},{"data":"Envenom","floor":42.0,"key":"SMITH"},{"data":"Acrobatics","floor":46.0,"key":"SMITH"},{"data":"Reflex","floor":49,"key":"SMITH"}],"circlet_count":0,"master_deck":["Survivor","Neutralize","Underhanded Strike","Accuracy+1","Blade Dance+1","Choke+1","Cloak And Dagger","Tactician","Blade Dance","A Thousand Cuts+1","Die Die Die","Backstab","PiercingWail","Prepared+1","Poisoned Stab","Outmaneuver","Poisoned Stab","Backflip","Accuracy+1","Reflex+1","Envenom+1","Acrobatics+1","Leg Sweep+1","After Image","Cloak And Dagger+1","Accuracy+1","Infinite Blades+1"],"relics":["Ring of the Snake","TungstenRod","Thread and Needle","Bronze Scales","Pear","Pandora\u0027s Box","Mummified Hand","Sundial","HoveringKite","Shuriken","DollysMirror","MealTicket","Pocketwatch"],"acts_visited":["Exordium","TheCity","TheBeyond"],"potions_floor_usage":[48,48,50],"damage_taken":[{"damage":0.0,"enemies":"2 Louse","floor":1.0,"turns":2.0},{"damage":29.0,"enemies":"3 Sentries","floor":6.0,"turns":10.0},{"damage":0.0,"enemies":"Gremlin Nob","floor":11.0,"turns":2.0},{"damage":0.0,"enemies":"Cultist","floor":13.0,"turns":2.0},{"damage":23.0,"enemies":"The Guardian","floor":16.0,"turns":9.0},{"damage":4.0,"enemies":"3 Byrds","floor":18.0,"turns":3.0},{"damage":5.0,"enemies":"Shell Parasite","floor":21.0,"turns":3.0},{"damage":0.0,"enemies":"Cultist and Chosen","floor":24.0,"turns":2.0},{"damage":4.0,"enemies":"Snecko","floor":25.0,"turns":4.0},{"damage":0.0,"enemies":"Centurion and Healer","floor":28.0,"turns":4.0},{"damage":2.0,"enemies":"Shelled Parasite and Fungi","floor":29.0,"turns":3.0},{"damage":14.0,"enemies":"Snake Plant","floor":30.0,"turns":3.0},{"damage":0.0,"enemies":"Collector","floor":33.0,"turns":6.0},{"damage":0.0,"enemies":"Orb Walker","floor":35.0,"turns":2.0},{"damage":6.0,"enemies":"3 Darklings","floor":36.0,"turns":3.0},{"damage":4.0,"enemies":"Sphere and 2 Shapes","floor":37.0,"turns":4.0},{"damage":15.0,"enemies":"Reptomancer","floor":40.0,"turns":5.0},{"damage":0.0,"enemies":"Giant Head","floor":44.0,"turns":4.0},{"damage":0.0,"enemies":"Maw","floor":45.0,"turns":5.0},{"damage":5.0,"enemies":"Writhing Mass","floor":47.0,"turns":3.0},{"damage":12,"enemies":"4 Shapes","floor":48,"turns":4},{"damage":33,"enemies":"Time Eater","floor":50,"turns":9}],"seed_played":"4500320140470872240","potions_obtained":[{"floor":1.0,"key":"LiquidMemories"},{"floor":11.0,"key":"Swift Potion"},{"floor":18.0,"key":"PowerPotion"},{"floor":25.0,"key":"Ancient Potion"},{"floor":29.0,"key":"BlessingOfTheForge"},{"floor":36.0,"key":"LiquidBronze"},{"floor":37.0,"key":"ColorlessPotion"},{"floor":39.0,"key":"Fruit Juice"},{"floor":39.0,"key":"PowerPotion"},{"floor":39.0,"key":"EssenceOfSteel"},{"floor":45.0,"key":"BlessingOfTheForge"},{"floor":47.0,"key":"Explosive Potion"},{"floor":48,"key":"Weak Potion"}],"is_trial":false,"path_per_floor":["M","?","$","?","$","E","$","R","T","R","E","$","M","$","R","B",null,"M","?","T","M","$","R","M","M","T","R","M","M","M","$","R","B",null,"M","M","M","?","?","E","$","R","T","E","M","R","M","M","R","B",null],"character_chosen":"THE_SILENT","items_purchased":["Blade Dance","Choke","Blade Dance","DollysMirror"],"campfire_rested":0,"item_purchase_floors":[3,5,14,41],"current_hp_per_floor":[70,70,70,70,70,41,41,41,41,41,51,51,51,51,51,28,80,76,76,76,71,71,71,71,67,67,67,67,65,51,51,51,51,80,80,74,70,70,75,60,60,60,60,60,60,60,55,43,43,10],"gold":252,"neow_bonus":"TRANSFORM_CARD","is_daily":false,"chose_seed":false,"campfire_upgraded":9,"win_rate":0.0,"timestamp":1612566401,"path_taken":["M","?","?","?","$","E","?","R","T","R","E","$","?","$","R","BOSS","M","?","?","M","$","R","M","M","T","R","M","M","?","$","R","BOSS","BOSS","M","M","M","?","?","E","$","R","T","E","?","R","M","M","R","BOSS"],"items_purchased_type":["Card","Card","Card","Relic"],"build_version":"2020-12-22","purchased_purges":3,"victory":true,"max_hp_per_floor":[70,70,70,70,70,70,70,70,70,70,80,80,80,80,80,80,80,80,80,80,80,80,80,80,80,80,80,80,80,80,80,80,80,80,80,80,80,80,85,85,85,85,85,85,85,85,85,85,85,85],"card_choices":[{"not_picked":["Reflex","Endless Agony"],"picked":"Accuracy","floor":1.0},{"not_picked":["Deflect","Slice","Sucker Punch"],"picked":"SKIP","floor":6.0},{"not_picked":["Poisoned Stab","Expertise"],"picked":"Cloak And Dagger","floor":11.0},{"not_picked":["Finisher","Prepared"],"picked":"Tactician","floor":13.0},{"not_picked":["Tools of the Trade","Die Die Die"],"picked":"A Thousand Cuts","floor":16.0},{"not_picked":["Choke+1","Dagger Throw","Tactician"],"picked":"SKIP","floor":18.0},{"not_picked":["Outmaneuver+1","Skewer","Underhanded Strike"],"picked":"SKIP","floor":21.0},{"not_picked":["Deadly Poison","Slice+1","Expertise+1"],"picked":"SKIP","floor":24.0},{"not_picked":["Dagger Throw","PiercingWail"],"picked":"Backflip","floor":25.0},{"not_picked":["Deadly Poison","Dagger Throw"],"picked":"Accuracy","floor":28.0},{"not_picked":["Underhanded Strike+1","Deflect","Blade Dance"],"picked":"SKIP","floor":29.0},{"not_picked":["Blade Dance","Underhanded Strike"],"picked":"Reflex","floor":30.0},{"not_picked":["A Thousand Cuts","Unload"],"picked":"Envenom","floor":33.0},{"not_picked":["PiercingWail+1","Underhanded Strike"],"picked":"Acrobatics","floor":35.0},{"not_picked":["Prepared","Backflip+1"],"picked":"Leg Sweep+1","floor":36.0},{"not_picked":["Prepared+1","Riddle With Holes+1"],"picked":"After Image","floor":37.0},{"not_picked":["Outmaneuver+1","Backstab+1"],"picked":"Cloak And Dagger+1","floor":40.0},{"not_picked":["Outmaneuver","Deflect+1","Die Die Die"],"picked":"SKIP","floor":44.0},{"not_picked":["Bane","Predator+1","Expertise"],"picked":"SKIP","floor":45.0},{"not_picked":["PiercingWail+1","Blur+1"],"picked":"Infinite Blades+1","floor":47.0},{"not_picked":["Outmaneuver","Predator+1","Eviscerate"],"picked":"SKIP","floor":48}],"player_experience":163568,"relics_obtained":[{"floor":2.0,"key":"TungstenRod"},{"floor":6.0,"key":"Thread and Needle"},{"floor":9.0,"key":"Bronze Scales"},{"floor":11.0,"key":"Pear"},{"floor":20.0,"key":"Mummified Hand"},{"floor":26.0,"key":"Sundial"},{"floor":40.0,"key":"Shuriken"},{"floor":43.0,"key":"MealTicket"},{"floor":44.0,"key":"Pocketwatch"}],"event_choices":[{"damage_healed":0.0,"max_hp_gain":0.0,"max_hp_loss":0.0,"gold_gain":0.0,"event_name":"Wheel of Change","player_choice":"Relic","floor":2.0,"gold_loss":0.0,"damage_taken":0.0},{"damage_healed":0.0,"max_hp_gain":0.0,"max_hp_loss":0.0,"gold_gain":175.0,"event_name":"Liars Game","player_choice":"AGREE","floor":4.0,"gold_loss":0.0,"damage_taken":0.0,"cards_obtained":["Doubt"]},{"damage_healed":0.0,"max_hp_gain":0.0,"max_hp_loss":0.0,"gold_gain":0.0,"event_name":"Vampires","player_choice":"Ignored","floor":19.0,"gold_loss":0.0,"damage_taken":0.0},{"damage_healed":0.0,"max_hp_gain":0.0,"max_hp_loss":0.0,"gold_gain":0.0,"event_name":"Tomb of Lord Red Mask","player_choice":"Ignored","floor":38.0,"gold_loss":0.0,"damage_taken":0.0},{"damage_healed":0.0,"max_hp_gain":0.0,"max_hp_loss":0.0,"gold_gain":0.0,"event_name":"Lab","player_choice":"Got Potions","floor":39.0,"gold_loss":0.0,"damage_taken":0.0}],"is_beta":false,"boss_relics":[{"not_picked":["Ring of the Serpent","SacredBark"],"picked":"Pandora\u0027s Box"},{"not_picked":["Runic Dome","Astrolabe"],"picked":"HoveringKite"}],"items_purged_floors":[5,7,22],"is_endless":false,"potions_floor_spawned":[1,11,18,25,28,29,36,37,45,47,48],"ascension_level":0}}