{"host":"e14va605tljgvqtz","time":1612485274,"event":{"mods":["BaseMod","Colored Map","Highlight Path","Minty Spire (QoL Compilation)","Relic Stats"],"gold_per_floor":[112,126,139,139,139,174,174,193,220,220,220,220,247,273,285,369,381,408,438,464,40,40,40,40,40],"floor_reached":24,"language":"ENG","playtime":1078,"items_purged":["Strike_R"],"score":350,"play_id":"51508393-7a76-417e-985f-7c43e6670efc","local_time":"20210204163434","is_ascension_mode":true,"campfire_choices":[{"data":"Spot Weakness","floor":7.0,"key":"SMITH"},{"data":"Bash","floor":11.0,"key":"SMITH"},{"data":"Sword Boomerang","floor":15.0,"key":"SMITH"},{"data":"Demon Form","floor":23,"key":"SMITH"}],"circlet_count":0,"master_deck":["AscendersBane","Strike_R","Strike_R","Strike_R","Defend_R","Defend_R","Defend_R","Bash+1","Spot Weakness+1","Clothesline","Disarm+1","Hemokinesis","Reaper","Anger","Sword Boomerang+1","Thunderclap","Demon Form+1","Cleave","Combust","Power Through","Impervious"],"relics":["Velvet Choker","Juzu Bracelet","Pen Nib","Black Star","Du-Vu Doll","Nloth\u0027s Gift"],"acts_visited":["TheCity"],"potions_floor_usage":[24],"damage_taken":[{"damage":0.0,"enemies":"2 Louse","floor":1.0,"turns":3.0},{"damage":2.0,"enemies":"Jaw Worm","floor":2.0,"turns":3.0},{"damage":0.0,"enemies":"Cultist","floor":3.0,"turns":3.0},{"damage":26.0,"enemies":"Gremlin Nob","floor":6.0,"turns":4.0},{"damage":6.0,"enemies":"Blue Slaver","floor":8.0,"turns":3.0},{"damage":17.0,"enemies":"3 Sentries","floor":13.0,"turns":4.0},{"damage":11.0,"enemies":"Red Slaver","floor":14.0,"turns":3.0},{"damage":5.0,"enemies":"Hexaghost","floor":16.0,"turns":8.0},{"damage":9.0,"enemies":"Chosen","floor":18.0,"turns":4.0},{"damage":8.0,"enemies":"3 Byrds","floor":19.0,"turns":4.0},{"damage":55,"enemies":"Shelled Parasite and Fungi","floor":20,"turns":6},{"damage":58,"enemies":"Book of Stabbing","floor":24,"turns":5}],"seed_played":"1123231474977741071","potions_obtained":[{"floor":1.0,"key":"Ancient Potion"},{"floor":2.0,"key":"Strength Potion"}],"is_trial":false,"path_per_floor":["M","M","M","?","?","E","R","M","T","?","R","?","E","M","R","B",null,"M","M","M","$","?","R","E"],"character_chosen":"IRONCLAD","items_purchased":["Impervious","Du-Vu Doll"],"campfire_rested":0,"item_purchase_floors":[21,21],"current_hp_per_floor":[68,66,66,59,59,33,33,27,27,32,32,32,31,24,24,39,70,67,80,38,38,38,38,0,0],"gold":40,"neow_bonus":"BOSS_RELIC","is_daily":false,"chose_seed":false,"campfire_upgraded":4,"win_rate":0.0,"timestamp":1612485274,"path_taken":["M","M","M","?","?","E","R","M","T","?","R","?","E","M","R","BOSS","M","M","M","$","?","R","E"],"items_purchased_type":["Card","Relic"],"build_version":"2020-12-22","purchased_purges":1,"victory":false,"max_hp_per_floor":[75,75,75,75,75,75,75,75,75,80,80,80,80,80,80,80,80,80,80,80,80,80,80,80,80],"relic_stats":{"counters":[12,50],"Pen Nib":[6],"Juzu Bracelet":1,"Black Star":0,"Nloth\u0027s Gift":0,"obtain_stats":[{"Du-Vu Doll":21,"Velvet Choker":0,"Pen Nib":9,"Juzu Bracelet":6,"Black Star":17,"Nloth\u0027s Gift":22,"MawBank":13,"Burning Blood":0},{"Du-Vu Doll":11,"Velvet Choker":0,"Pen Nib":5,"Juzu Bracelet":4,"Black Star":8,"Nloth\u0027s Gift":11,"MawBank":6,"Burning Blood":0},{"Du-Vu Doll":45,"Velvet Choker":0,"Pen Nib":16,"Juzu Bracelet":13,"Black Star":31,"Nloth\u0027s Gift":45,"MawBank":20,"Burning Blood":0}]},"card_choices":[{"not_picked":["Havoc","Clash"],"picked":"Spot Weakness","floor":1.0},{"not_picked":["Flex","Pommel Strike"],"picked":"Clothesline","floor":2.0},{"not_picked":["Sever Soul","Reckless Charge"],"picked":"Disarm","floor":3.0},{"not_picked":["Headbutt","Infernal Blade"],"picked":"Reaper","floor":6.0},{"not_picked":["Headbutt","True Grit"],"picked":"Anger","floor":8.0},{"not_picked":["Iron Wave","Disarm"],"picked":"Sword Boomerang","floor":13.0},{"not_picked":["Rampage","Pommel Strike"],"picked":"Thunderclap","floor":14.0},{"not_picked":["Berserk","Immolate"],"picked":"Demon Form","floor":16.0},{"not_picked":["Fire Breathing","Warcry"],"picked":"Cleave","floor":18.0},{"not_picked":["Flex","Bloodletting"],"picked":"Combust","floor":19.0},{"not_picked":["Perfected Strike","Wild Strike"],"picked":"Power Through","floor":20}],"player_experience":297630,"relics_obtained":[{"floor":6.0,"key":"Juzu Bracelet"},{"floor":9.0,"key":"Pen Nib"},{"floor":13.0,"key":"MawBank"}],"event_choices":[{"cards_removed":["Defend_R"],"damage_healed":0.0,"max_hp_gain":0.0,"max_hp_loss":0.0,"gold_gain":0.0,"event_name":"Golden Wing","player_choice":"Card Removal","floor":4.0,"gold_loss":0.0,"damage_taken":7.0},{"damage_healed":0.0,"max_hp_gain":0.0,"max_hp_loss":0.0,"gold_gain":0.0,"cards_transformed":["Strike_R"],"event_name":"Transmorgrifier","player_choice":"Transformed","floor":5.0,"gold_loss":0.0,"damage_taken":0.0,"cards_obtained":["Hemokinesis"]},{"damage_healed":0.0,"max_hp_gain":5.0,"max_hp_loss":0.0,"gold_gain":0.0,"event_name":"Big Fish","player_choice":"Donut","floor":10.0,"gold_loss":0.0,"damage_taken":0.0},{"damage_healed":0.0,"max_hp_gain":0.0,"max_hp_loss":0.0,"gold_gain":0.0,"event_name":"Upgrade Shrine","player_choice":"Upgraded","floor":12.0,"gold_loss":0.0,"damage_taken":0.0,"cards_upgraded":["Disarm"]},{"damage_healed":0,"gold_gain":0,"player_choice":"Traded Relic","damage_taken":0,"relics_obtained":["Nloth\u0027s Gift"],"max_hp_gain":0,"max_hp_loss":0,"event_name":"N\u0027loth","floor":22,"relics_lost":["MawBank"],"gold_loss":0}],"is_beta":false,"boss_relics":[{"not_picked":["Philosopher\u0027s Stone","Empty Cage"],"picked":"Black Star"}],"items_purged_floors":[21],"is_endless":false,"potions_floor_spawned":[1,2,8,16,18,20],"killed_by":"Book of Stabbing","ascension_level":14}}