{"host":"kh1j1cf337zr4nij","time":1612535345,"event":{"mods":["2.2 Compatiblity","AchievementEnabler","Act Like it!","Aspiration","BaseMod","Bestiary","CCEM2","Colored Map","Colored Powertips","Conspire","Downfall","Energized Spire","Fireblade Mod","Friendly Minions","GifTheSpireLib","Glutton Mod","Halation","Hermit","Highlight Path","Hubris","Jedi Mod","Mad Scientist","Marisa????????","Minty Spire (QoL Compilation)","Quick Restart","Random Character Button","Relic Stats","Reliquary","Shade Mod","Slumbering Mod","Spikes Relics","StSLib","Stuff the Spire","SuperFastMode","Synergy Search","The Construct","The Cursed","The Disciple","The Forsaken","The Hierophant","The Marked","The Mystic","The Runesmith","The Servant 0.9.4","The Spell Scribe","The Valiant","TheFirefly","Trackpad"],"gold_per_floor":[349,361,361,361,474,494,494,494,526,544,51,51,51,79,89,186,186,186,206,206,242,242,142,142,376,404,507,519,535,435,455,485,590,590,590,602,602,613,613,613,613,103,3,14,14,996,1051,951,961,961,961,993,147,147,162,162],"floor_reached":57,"language":"ENG","playtime":4323,"items_purged":["Slimebound:CorrosiveSpit","Hatred","Slimebound:Strike_Slimebound","Slimebound:GoopTackle"],"score":1309,"play_id":"8dbffc3e-f787-4e78-84e4-f37e7e30a6d3","local_time":"20210205092905","is_ascension_mode":false,"campfire_choices":[{"data":"Slimebound:Split","floor":1.0,"key":"SMITH"},{"data":"Slimebound:LivingWall","floor":8.0,"key":"SMITH"},{"data":"Slimebound:LeechEnergy","floor":12.0,"key":"SMITH"},{"floor":18,"key":"RECALL"},{"data":"Slimebound:RejuvenatingLick","floor":23,"key":"SMITH"},{"data":"Slimebound:SelfFormingGoo","floor":30,"key":"SMITH"},{"data":"Slimebound:DuplicatedForm","floor":35,"key":"SMITH"},{"data":"Slimebound:Gluttony","floor":43,"key":"SMITH"},{"data":"Slimebound:PrepareCrush","floor":45,"key":"SMITH"},{"data":"Slimebound:TagTeam","floor":54,"key":"SMITH"}],"circlet_count":0,"master_deck":["Slimebound:Tackle","Slimebound:Defend_Slimebound","Slimebound:Defend_Slimebound","Slimebound:Split+1","Slimebound:SplitMire+1","Slimebound:LivingWall+1","Slimebound:SplitLeeching","Slimebound:LeechEnergy+1","Slimebound:LeechLife","RitualDagger","Slimebound:DisruptingSlam","Slimebound:RejuvenatingLick+1","Slimebound:RallyTheTroops","Slimebound:Gluttony+1","Slimebound:SlimeSpikes","Slimebound:GoopSpray","Slimebound:MegaLick+1","Slimebound:SelfFormingGoo+1","Slimebound:SlimeSpikes","Slimebound:LeechingTouch+1","Slimebound:DuplicatedForm+1","Slimebound:SplitBruiser+1","Slimebound:TagTeam+1","Slimebound:SplitAcid+1","Slimebound:LeechLife","Slimebound:ProtectTheBoss","Slimebound:Schlurp","Transmutation"],"relics":["Slimebound:AbsorbEndCombat","hubris:Icosahedron","conspire:DecoderRing","Incense Burner","StuffTheSpire:PointBlank","hubris:OldNail","trackpad:HandOfMidas","Philosopher\u0027s Stone","downfall:HeartBlessingRed","trackpad:RapidFire","ClockworkSouvenir","hubris:Spice","downfall:HeartBlessingGreen","hubris:Towel","halation:Thesaurus","reliquary:QuartzCube","trackpad:DisasterInABottle","downfall:HeartBlessingBlue","CatCart","Slimebound:AggressiveSlimeRelic","Kunai","StuffTheSpire:Experiment12"],"acts_visited":["Exordium","TheCity","TheBeyond","TheEnding"],"potions_floor_usage":[47,50],"damage_taken":[{"damage":1.0,"enemies":"2 Louse","floor":2.0,"turns":3.0},{"damage":1.0,"enemies":"theSlumbering:NewCultist","floor":5.0,"turns":3.0},{"damage":1.0,"enemies":"conspire:RoseBush","floor":6.0,"turns":4.0},{"damage":25.0,"enemies":"Lagavulin","floor":9.0,"turns":5.0},{"damage":1.0,"enemies":"conspire:2 RoseBushes","floor":10.0,"turns":4.0},{"damage":3.0,"enemies":"downfall:FleeingMerchant","floor":11.0,"turns":4.0},{"damage":9.0,"enemies":"theSlumbering:Adrasteia","floor":14.0,"turns":3.0},{"damage":0.0,"enemies":"Exordium Thugs","floor":15.0,"turns":3.0},{"damage":8.0,"enemies":"IC_STATUS_ARCHETYPE","floor":16.0,"turns":5.0},{"damage":4,"enemies":"Shell Parasite","floor":19,"turns":3},{"damage":9,"enemies":"conspire:FuzzyDice","floor":21,"turns":6},{"damage":0,"enemies":"downfall:FleeingMerchant","floor":25,"turns":4},{"damage":25,"enemies":"Slavers","floor":26,"turns":4},{"damage":0,"enemies":"Chosen and Byrds","floor":27,"turns":2},{"damage":0,"enemies":"Centurion and Healer","floor":28,"turns":3},{"damage":0,"enemies":"Shelled Parasite and Fungi","floor":29,"turns":3},{"damage":4,"enemies":"Cultist and Chosen","floor":31,"turns":5},{"damage":3,"enemies":"Sentry and Sphere","floor":32,"turns":2},{"damage":0,"enemies":"DF_ARCHETYPE_CLAW","floor":33,"turns":6},{"damage":29,"enemies":"Orb Walker","floor":36,"turns":3},{"damage":16,"enemies":"3 Darklings","floor":38,"turns":5},{"damage":0,"enemies":"Spire Growth","floor":44,"turns":4},{"damage":0,"enemies":"Transient","floor":46,"turns":1},{"damage":2,"enemies":"Orin","floor":47,"turns":8},{"damage":0,"enemies":"Maw","floor":49,"turns":3},{"damage":0,"enemies":"WA_ARCHETYPE_DIVINITY","floor":50,"turns":7},{"damage":43,"enemies":"downfall:CharBossMerchant","floor":52,"turns":7},{"damage":22,"enemies":"downfall:NeowBoss","floor":55,"turns":12},{"damage":87,"enemies":"downfall:NeowBossFinal","floor":56,"turns":9}],"seed_played":"8756362651345160435","potions_obtained":[{"floor":5.0,"key":"jedi:hoardpotion"},{"floor":14.0,"key":"LiquidBronze"},{"floor":15.0,"key":"Strength Potion"},{"floor":16.0,"key":"Ancient Potion"},{"floor":27,"key":"jedi:holywater"},{"floor":31,"key":"SkillPotion"},{"floor":38,"key":"FairyPotion"},{"floor":47,"key":"Explosive Potion"}],"is_trial":false,"path_per_floor":["R","M","?","?","M","M","T","R","E","M","$","R","?","E","M","B",null,"R","M","?","M","?","R","T","$","E","M","M","M","R","M","M","B",null,"R","M","?","M","?","?","T","$","R","M","R","M","?","NS","M","B",null,"E","$","R","B","B",null],"character_chosen":"SLIMEBOUND","items_purchased":["StuffTheSpire:PointBlank","hubris:OldNail","ClockworkSouvenir","hubris:Spice","Slimebound:SlimeSpikes","halation:Thesaurus","trackpad:DisasterInABottle","Kunai","Slimebound:ProtectTheBoss","Slimebound:Schlurp","Transmutation","StuffTheSpire:Experiment12"],"campfire_rested":0,"item_purchase_floors":[11,11,25,25,25,42,42,53,53,53,53,53],"current_hp_per_floor":[47,50,50,50,51,52,52,52,35,38,39,39,39,34,38,36,65,65,63,57,65,65,65,65,73,59,61,65,73,73,73,70,73,81,81,56,56,48,48,40,40,40,50,70,70,80,89,89,91,91,91,68,68,68,91,34],"gold":162,"neow_bonus":"TWO_FIFTY_GOLD","is_daily":false,"chose_seed":false,"campfire_upgraded":9,"win_rate":0.0,"timestamp":1612535345,"path_taken":["R","M","?","?","M","M","T","R","E","M","$","R","?","E","M","BOSS","R","M","?","M","?","R","T","$","E","M","M","M","R","M","M","BOSS","R","M","?","?","?","?","T","$","R","M","R","?","?","NS","M","BOSS","E","$","R","BOSS","BOSS"],"items_purchased_type":["Relic","Relic","Relic","Relic","Card","Relic","Relic","Relic","Card","Card","Card","Relic"],"build_version":"2020-12-22","purchased_purges":4,"victory":true,"max_hp_per_floor":[65,65,65,65,65,65,65,65,65,65,65,65,65,65,65,65,65,65,65,65,65,65,65,65,73,73,73,73,73,73,73,73,73,81,81,81,81,81,81,81,81,81,91,91,91,91,91,91,91,91,91,91,91,91,91,91],"relic_stats":{"counters":[29,128],"Kunai":[1],"obtain_stats":[{"Slimebound:AggressiveSlimeRelic":52,"trackpad:HandOfMidas":14,"downfall:HeartBlessingRed":23,"downfall:HeartBlessingGreen":30,"Incense Burner":9,"CCEMRelics:MissingSock":26,"halation:Thesaurus":42,"hubris:Towel":39,"reliquary:QuartzCube":42,"trackpad:DisasterInABottle":42,"ClockworkSouvenir":25,"StuffTheSpire:Experiment12":53,"hubris:Icosahedron":4,"trackpad:RapidFire":24,"hubris:Spice":25,"downfall:HeartBlessingBlue":43,"conspire:DecoderRing":7,"Philosopher\u0027s Stone":17,"Slimebound:AbsorbEndCombat":0,"StuffTheSpire:PointBlank":11,"Kunai":53,"CatCart":47,"hubris:OldNail":11},{"Slimebound:AggressiveSlimeRelic":27,"trackpad:HandOfMidas":7,"downfall:HeartBlessingRed":11,"downfall:HeartBlessingGreen":16,"Incense Burner":4,"CCEMRelics:MissingSock":13,"halation:Thesaurus":21,"hubris:Towel":21,"reliquary:QuartzCube":21,"trackpad:DisasterInABottle":21,"ClockworkSouvenir":12,"StuffTheSpire:Experiment12":27,"hubris:Icosahedron":1,"trackpad:RapidFire":11,"hubris:Spice":12,"downfall:HeartBlessingBlue":21,"conspire:DecoderRing":3,"Philosopher\u0027s Stone":9,"Slimebound:AbsorbEndCombat":0,"StuffTheSpire:PointBlank":6,"Kunai":27,"CatCart":24,"hubris:OldNail":6},{"Slimebound:AggressiveSlimeRelic":107,"trackpad:HandOfMidas":25,"downfall:HeartBlessingRed":42,"downfall:HeartBlessingGreen":57,"Incense Burner":14,"CCEMRelics:MissingSock":50,"halation:Thesaurus":77,"hubris:Towel":77,"reliquary:QuartzCube":77,"trackpad:DisasterInABottle":77,"ClockworkSouvenir":46,"StuffTheSpire:Experiment12":107,"hubris:Icosahedron":3,"trackpad:RapidFire":42,"hubris:Spice":46,"downfall:HeartBlessingBlue":77,"conspire:DecoderRing":9,"Philosopher\u0027s Stone":33,"Slimebound:AbsorbEndCombat":0,"StuffTheSpire:PointBlank":22,"Kunai":107,"CatCart":90,"hubris:OldNail":22}]},"card_choices":[{"not_picked":["Slimebound:Schlurp","Slimebound:ComboTackle"],"picked":"Slimebound:GoopTackle","floor":2.0},{"not_picked":["Slimebound:LeechingTouch","Slimebound:HauntingLick"],"picked":"Slimebound:SplitMire","floor":5.0},{"not_picked":["Slimebound:LeadByExample","Slimebound:PressTheAttack"],"picked":"Slimebound:LivingWall","floor":6.0},{"not_picked":["Slimebound:SplitMire","Slimebound:ProtectTheBoss"],"picked":"Slimebound:SplitLeeching","floor":9.0},{"not_picked":["Slimebound:HauntingLick","Slimebound:FinishingTackle"],"picked":"Slimebound:LeechEnergy","floor":10.0},{"not_picked":["Slimebound:Darklings","Slimebound:SplitBruiser"],"picked":"Slimebound:PrepareCrush","floor":11.0},{"not_picked":["Slimebound:SlimeBrawl","Slimebound:LeechingTouch","Slimebound:GrowthPunch"],"picked":"SKIP","floor":14.0},{"not_picked":["Slimebound:SplitLeeching","Slimebound:Schlurp","Slimebound:SplitBruiser"],"picked":"SKIP","floor":15.0},{"not_picked":["Slimebound:PrepareCrush","Slimebound:MinionMaster"],"picked":"Slimebound:LeechLife","floor":16.0},{"not_picked":["Slimebound:LeechEnergy","Slimebound:HauntingLick","Slimebound:SplitLeeching"],"picked":"SKIP","floor":19},{"not_picked":["Slimebound:GoopTackle","Slimebound:FinishingTackle","Slimebound:HungryTackle"],"picked":"SKIP","floor":21},{"not_picked":["Slimebound:SplitBruiser","Slimebound:RollThrough"],"picked":"Slimebound:Gluttony","floor":25},{"not_picked":["Slimebound:Equalize","Slimebound:ServeAndProtect"],"picked":"Slimebound:GoopSpray","floor":26},{"not_picked":["Slimebound:SplitBruiser+1","Slimebound:SamplingLick+1"],"picked":"Slimebound:MegaLick+1","floor":27},{"not_picked":["Slimebound:GoopTackle","Slimebound:ServeAndProtect+1"],"picked":"Slimebound:SelfFormingGoo","floor":28},{"not_picked":["Slimebound:HauntingLick+1","Slimebound:FormOfPuddle"],"picked":"Slimebound:SlimeSpikes","floor":29},{"not_picked":["Slimebound:HungryTackle","Slimebound:PressTheAttack+1"],"picked":"Slimebound:LeechingTouch+1","floor":31},{"not_picked":["Slimebound:LivingWall","Slimebound:RejuvenatingLick","Slimebound:SplitLeeching"],"picked":"SKIP","floor":32},{"not_picked":["Slimebound:OozeBath","Slimebound:MinionMaster"],"picked":"Slimebound:DuplicatedForm","floor":33},{"not_picked":["Slimebound:RainOfGoop+1","Slimebound:SpikyOuterGoop"],"picked":"Slimebound:FlameTackle+1","floor":36},{"not_picked":["Slimebound:ServeAndProtect+1","Slimebound:LeechingTouch+1"],"picked":"Slimebound:SplitBruiser+1","floor":38},{"not_picked":["Slimebound:HauntingLick","Slimebound:LeechEnergy","Slimebound:SlimeBarrage"],"picked":"SKIP","floor":44},{"not_picked":["Slimebound:Recollect+1","Slimebound:SamplingLick+1"],"picked":"Slimebound:TagTeam","floor":46},{"not_picked":["Slimebound:Gluttony","Slimebound:PressTheAttack"],"picked":"Slimebound:SplitAcid+1","floor":49},{"not_picked":["Slimebound:SplitBruiser+1","Slimebound:PressTheAttack"],"picked":"Slimebound:LeechLife","floor":52}],"player_experience":35904,"relics_obtained":[{"floor":7.0,"key":"conspire:DecoderRing"},{"floor":9.0,"key":"Incense Burner"},{"floor":14.0,"key":"trackpad:HandOfMidas"},{"floor":24,"key":"trackpad:RapidFire"},{"floor":26,"key":"CCEMRelics:MissingSock"},{"floor":47,"key":"CatCart"},{"floor":52,"key":"Slimebound:AggressiveSlimeRelic"}],"event_choices":[{"damage_healed":0,"gold_gain":0,"player_choice":"Fight","damage_taken":0,"max_hp_gain":0,"max_hp_loss":0,"event_name":"OrinTheCat","floor":47,"gold_loss":0}],"is_beta":false,"boss_relics":[{"not_picked":["theForsaken:PaleLantern","CCEMRelics:ExpiredCReal"],"picked":"Philosopher\u0027s Stone"},{"not_picked":["Sozu","CCEMRelics:GreenEgg"],"picked":"hubris:Spice"}],"items_purged_floors":[11,25,42,53],"is_endless":false,"potions_floor_spawned":[5,14,15,16,26,27,31,32,33,38,44,47],"ascension_level":0}}