{"host":"5jdby9iqu3ct6557","time":1612498864,"event":{"mods":["BaseMod","DeckTracker","Highlight Path","Minty Spire (QoL Compilation)","Relic Stats","StSLib"],"gold_per_floor":[117,6,23,23,42,42,61,93,93,93,103,103,119,154,154,230,230,249,269,269,14,41,83,95,95],"floor_reached":24,"language":"ENG","playtime":3646,"items_purged":[],"score":452,"play_id":"795f5dda-af1c-44a7-9ae2-e202f4bab8de","local_time":"20210204232104","is_ascension_mode":true,"campfire_choices":[{"data":"Neutralize","floor":6,"key":"SMITH"},{"data":"Noxious Fumes","floor":10,"key":"SMITH"},{"floor":15,"key":"REST"}],"circlet_count":0,"master_deck":["AscendersBane","Strike_G","Strike_G","Strike_G","Defend_G","Defend_G","Defend_G","Defend_G","Survivor","Neutralize+1","All Out Attack","Deadly Poison","Dagger Throw","Underhanded Strike","PiercingWail","Noxious Fumes+1","Glass Knife","Underhanded Strike","Acrobatics","Doppelganger+1","PiercingWail","Caltrops","Reflex"],"relics":["Ring of the Snake","Shuriken","Singing Bowl","Ornamental Fan","HoveringKite","Sling","MawBank","Torii"],"acts_visited":["Exordium","TheCity"],"potions_floor_usage":[8,14],"damage_taken":[{"damage":3,"enemies":"2 Louse","floor":1,"turns":5},{"damage":0,"enemies":"Cultist","floor":3,"turns":4},{"damage":1,"enemies":"Small Slimes","floor":5,"turns":3},{"damage":1,"enemies":"3 Louse","floor":7,"turns":3},{"damage":6,"enemies":"3 Sentries","floor":8,"turns":5},{"damage":10,"enemies":"Exordium Thugs","floor":11,"turns":4},{"damage":0,"enemies":"Large Slime","floor":13,"turns":4},{"damage":19,"enemies":"Gremlin Nob","floor":14,"turns":4},{"damage":17,"enemies":"The Guardian","floor":16,"turns":9},{"damage":11,"enemies":"Shell Parasite","floor":18,"turns":5},{"damage":7,"enemies":"Chosen","floor":19,"turns":4},{"damage":35,"enemies":"Book of Stabbing","floor":23,"turns":5},{"damage":0,"enemies":"Shelled Parasite and Fungi","floor":24,"turns":1}],"seed_played":"-8781237441219381177","potions_obtained":[{"floor":3,"key":"AttackPotion"},{"floor":14,"key":"EntropicBrew"},{"floor":16,"key":"Ancient Potion"},{"floor":18,"key":"BlessingOfTheForge"}],"is_trial":false,"path_per_floor":["M","$","M","?","M","R","M","E","T","R","M","?","M","E","R","B",null,"M","M","?","$","T","E","M"],"character_chosen":"THE_SILENT","items_purchased":["Deadly Poison","BlessingOfTheForge","Sling","Caltrops"],"campfire_rested":1,"item_purchase_floors":[2,2,21,21],"current_hp_per_floor":[56,56,56,56,55,55,54,48,48,48,38,38,40,21,39,22,52,43,36,36,36,36,1,1,1],"gold":95,"neow_bonus":"REMOVE_TWO","is_daily":false,"chose_seed":false,"campfire_upgraded":2,"win_rate":0.0,"timestamp":1612498864,"path_taken":["M","$","M","?","M","R","M","E","T","R","?","?","M","E","R","BOSS","M","M","?","$","?","E","?"],"items_purchased_type":["Card","Potion","Relic","Card"],"build_version":"2020-12-22","purchased_purges":0,"victory":false,"max_hp_per_floor":[60,60,60,60,60,60,60,60,60,60,60,60,62,62,62,62,62,64,64,64,64,64,64,64,64],"relic_stats":{"Singing Bowl":4,"Torii":0,"counters":[13,56],"Shuriken":[11],"Ornamental Fan":[28],"HoveringKite":[9],"MawBank":24,"obtain_stats":[{"Singing Bowl":9,"Torii":23,"Shuriken":8,"Ornamental Fan":14,"HoveringKite":17,"Sling":21,"MawBank":22,"Ring of the Snake":0},{"Singing Bowl":5,"Torii":12,"Shuriken":5,"Ornamental Fan":8,"HoveringKite":9,"Sling":11,"MawBank":11,"Ring of the Snake":0},{"Singing Bowl":20,"Torii":55,"Shuriken":20,"Ornamental Fan":32,"HoveringKite":41,"Sling":50,"MawBank":50,"Ring of the Snake":0}],"Ring of the Snake":[26]},"card_choices":[{"not_picked":["Dagger Spray","Quick Slash"],"picked":"All Out Attack","floor":1},{"not_picked":["Underhanded Strike","Bane"],"picked":"Dagger Throw","floor":3},{"not_picked":["Slice","Outmaneuver"],"picked":"Underhanded Strike","floor":5},{"not_picked":["Outmaneuver","Prepared"],"picked":"PiercingWail","floor":7},{"not_picked":["Outmaneuver","Catalyst"],"picked":"Noxious Fumes","floor":8},{"not_picked":["Dash","Crippling Poison"],"picked":"Glass Knife","floor":11},{"not_picked":["Distraction","Dagger Spray","Deadly Poison"],"picked":"Singing Bowl","floor":13},{"not_picked":["Dagger Throw","Venomology"],"picked":"Acrobatics","floor":14},{"not_picked":["Die Die Die","Burst"],"picked":"Doppelganger","floor":16},{"not_picked":["All Out Attack","Expertise","Prepared"],"picked":"Singing Bowl","floor":18},{"not_picked":["Acrobatics","Flying Knee"],"picked":"PiercingWail","floor":19},{"not_picked":["Finisher","Cloak And Dagger"],"picked":"Reflex","floor":23}],"player_experience":2521213,"relics_obtained":[{"floor":8,"key":"Shuriken"},{"floor":9,"key":"Singing Bowl"},{"floor":14,"key":"Ornamental Fan"},{"floor":22,"key":"MawBank"},{"floor":23,"key":"Torii"}],"event_choices":[{"damage_healed":0,"gold_gain":0,"player_choice":"Got Potions","damage_taken":0,"max_hp_gain":0,"max_hp_loss":0,"event_name":"Lab","floor":4,"gold_loss":0},{"damage_healed":0,"gold_gain":0,"cards_transformed":["Strike_G"],"player_choice":"Change","damage_taken":0,"max_hp_gain":0,"max_hp_loss":0,"event_name":"Living Wall","floor":12,"gold_loss":0,"cards_obtained":["Underhanded Strike"]},{"damage_healed":0,"gold_gain":0,"player_choice":"Upgraded","damage_taken":0,"max_hp_gain":0,"max_hp_loss":0,"event_name":"Upgrade Shrine","floor":20,"gold_loss":0,"cards_upgraded":["Doppelganger"]}],"is_beta":false,"boss_relics":[{"not_picked":["Pandora\u0027s Box","Cursed Key"],"picked":"HoveringKite"}],"items_purged_floors":[],"is_endless":false,"potions_floor_spawned":[3,7,14,16,18,23],"killed_by":"Shelled Parasite and Fungi","ascension_level":20}}