{"host":"357xrj36sn178zju","time":1612566110,"event":{"mods":["BaseMod","Colored Powertips","Curses Come First","Infinite Spire","Minty Spire (QoL Compilation)","StSLib","The Cursed","The Hierophant"],"gold_per_floor":[115,115,115,126,141,171,26,42,91,91,101,119,132,132,132,228,228,248,262,38,49,66,66,80,80,153,169,169,169,169],"floor_reached":29,"language":"ENG","playtime":2316,"items_purged":["Defend_P"],"score":231,"play_id":"bc4c2ef1-671c-480c-a726-1c3de91a83e4","local_time":"20210206000150","is_ascension_mode":false,"campfire_choices":[{"floor":10,"key":"REST"},{"floor":15,"key":"REST"},{"floor":28,"key":"REST"}],"circlet_count":0,"master_deck":["Strike_P","Strike_P+1","Strike_P","Strike_P","Defend_P+1","Defend_P","Defend_P","Eruption+1","Vigilance","EmptyBody","FollowUp","Vengeance","EmptyFist+1","ClearTheMind","MasterReality","FollowUp","Judgement","PathToVictory+1","DeceiveReality","Protect","Pray+1","Writhe","Sanctity","infinitespire:Collect","infinitespire:Execution","DeusExMachina"],"relics":["PureWater","infinitespire:CheckeredPen","Boot","infinitespire:Satchel","Black Star","Whetstone","infinitespire:Beetle Shell","Frozen Egg 2","infinitespire:EmpoweringShard"],"acts_visited":["Exordium","TheCity"],"potions_floor_usage":[6,21],"damage_taken":[{"damage":0,"enemies":"Small Slimes","floor":1,"turns":2},{"damage":0,"enemies":"Jaw Worm","floor":4,"turns":4},{"damage":0,"enemies":"Cultist","floor":5,"turns":3},{"damage":16,"enemies":"3 Sentries","floor":6,"turns":8},{"damage":15,"enemies":"Red Slaver","floor":8,"turns":5},{"damage":0,"enemies":"2 Fungi Beasts","floor":11,"turns":2},{"damage":6,"enemies":"Lots of Slimes","floor":12,"turns":3},{"damage":4,"enemies":"Blue Slaver","floor":13,"turns":2},{"damage":12,"enemies":"Slime Boss","floor":16,"turns":9},{"damage":0,"enemies":"Spheric Guardian","floor":18,"turns":1},{"damage":0,"enemies":"Chosen","floor":19,"turns":3},{"damage":8,"enemies":"Centurion and Healer","floor":21,"turns":3},{"damage":4,"enemies":"3 Cultists","floor":22,"turns":6},{"damage":20,"enemies":"Sentry and Sphere","floor":24,"turns":3},{"damage":16,"enemies":"Snake Plant","floor":27,"turns":3},{"damage":10,"enemies":"Nightmare","floor":29,"turns":4}],"seed_played":"2942344990195743888","potions_obtained":[{"floor":5,"key":"Explosive Potion"},{"floor":6,"key":"GamblersBrew"},{"floor":11,"key":"FairyPotion"},{"floor":12,"key":"BottledMiracle"},{"floor":16,"key":"Block Potion"},{"floor":22,"key":"SpeedPotion"}],"is_trial":false,"path_per_floor":["M","?","?","M","M","E","$","M","T","R","M","M","M","?","R","B",null,"M","M","$","M","M","?","M","AVR","T","M","R","NM"],"character_chosen":"WATCHER","items_purchased":["Boot","Whetstone"],"campfire_rested":3,"item_purchase_floors":[7,20],"current_hp_per_floor":[79,63,56,56,56,40,40,25,25,48,48,42,38,38,61,49,79,79,79,79,71,67,67,47,47,47,31,54,44,44],"gold":169,"neow_bonus":"TEN_PERCENT_HP_BONUS","is_daily":false,"chose_seed":false,"campfire_upgraded":0,"win_rate":0.0,"timestamp":1612566110,"path_taken":["M","?","?","M","?","E","?","M","T","R","M","M","M","?","R","BOSS","M","M","$","M","?","?","M","AVR","T","M","R","NM"],"items_purchased_type":["Relic","Relic"],"build_version":"2020-12-22","purchased_purges":1,"victory":false,"max_hp_per_floor":[79,79,79,79,79,79,79,79,79,79,79,79,79,79,79,79,79,79,79,79,79,79,79,79,79,79,79,79,79,79],"card_choices":[{"not_picked":["FollowUp","Evaluate"],"picked":"EmptyBody","floor":1},{"not_picked":["Study","WreathOfFlame"],"picked":"FollowUp","floor":4},{"not_picked":["Fasting2","Halt","BowlingBash"],"picked":"SKIP","floor":5},{"not_picked":["EmptyFist","Perseverance"],"picked":"Vengeance","floor":6},{"not_picked":["FollowUp","Fasting2"],"picked":"EmptyFist","floor":8},{"not_picked":["JustLucky","BowlingBash"],"picked":"ClearTheMind","floor":11},{"not_picked":["LikeWater","BowlingBash"],"picked":"MasterReality","floor":12},{"not_picked":["BowlingBash","Wallop"],"picked":"FollowUp","floor":13},{"not_picked":["MasterReality","Ragnarok"],"picked":"Judgement","floor":16},{"not_picked":["EmptyBody","FlyingSleeves+1"],"picked":"PathToVictory+1","floor":18},{"not_picked":["Weave","WheelKick"],"picked":"DeceiveReality","floor":19},{"not_picked":["FlurryOfBlows","ThirdEye"],"picked":"Protect","floor":21},{"not_picked":["Consecrate","WheelKick"],"picked":"Pray+1","floor":22},{"not_picked":["SashWhip+1","Crescendo"],"picked":"Sanctity","floor":24},{"not_picked":["Consecrate","Pray"],"picked":"DeusExMachina","floor":27}],"player_experience":204123,"relics_obtained":[{"floor":6,"key":"infinitespire:CheckeredPen"},{"floor":9,"key":"infinitespire:Satchel"},{"floor":26,"key":"infinitespire:EmpoweringShard"}],"event_choices":[{"damage_healed":0,"gold_gain":0,"player_choice":"Entered Light","damage_taken":16,"max_hp_gain":0,"max_hp_loss":0,"event_name":"Shining Light","floor":2,"gold_loss":0,"cards_upgraded":["Defend_P","Eruption"]},{"damage_healed":0,"gold_gain":0,"player_choice":"Damaged","damage_taken":7,"max_hp_gain":0,"max_hp_loss":0,"event_name":"Wheel of Change","floor":3,"gold_loss":0},{"damage_healed":0,"gold_gain":0,"player_choice":"Ignored","damage_taken":0,"max_hp_gain":0,"max_hp_loss":0,"event_name":"NoteForYourself","floor":14,"gold_loss":0},{"damage_healed":0,"gold_gain":0,"player_choice":"Opened","damage_taken":0,"relics_obtained":["infinitespire:Beetle Shell"],"max_hp_gain":0,"max_hp_loss":0,"event_name":"The Mausoleum","floor":23,"gold_loss":0,"cards_obtained":["Writhe"]}],"is_beta":false,"boss_relics":[{"not_picked":["Astrolabe","Pandora\u0027s Box"],"picked":"Black Star"}],"items_purged_floors":[20],"is_endless":false,"potions_floor_spawned":[5,6,11,12,16,19,22,27],"killed_by":"Nightmare","ascension_level":0}}