{"host":"r6jigiblrojhp6xe","time":1612525674,"event":{"mods":["AchievementEnabler","BaseMod","DeckTracker","Hermit","Minty Spire (QoL Compilation)","Quick Restart","Rare Cards Sparkle","Relic Stats","StSLib","SuperFastMode","everything is the same but u backflip on backflip"],"gold_per_floor":[110,110,110,80,97,97,122,122,122,152,168,181,191,206,206,278,278,293,293,56,56,69,69,69,102,102,102,115,115,115,128,128,201,201,211,211,230,240,140,140,15,15,41,41,41,41],"floor_reached":45,"language":"KOR","playtime":931,"items_purged":["Strike_R","Strike_R","Strike_R"],"score":982,"play_id":"407a4f64-26ce-4f09-b091-38e076571b06","local_time":"20210205204754","is_ascension_mode":true,"campfire_choices":[{"data":"Bash","floor":6.0,"key":"SMITH"},{"floor":8.0,"key":"REST"},{"data":"Blood for Blood","floor":15.0,"key":"SMITH"},{"data":"Dual Wield","floor":23.0,"key":"SMITH"},{"data":"Evolve","floor":27.0,"key":"SMITH"},{"data":"Shrug It Off","floor":30.0,"key":"SMITH"},{"data":"Hemokinesis","floor":32.0,"key":"SMITH"},{"data":"Impervious","floor":40.0,"key":"SMITH"},{"data":"Reckless Charge","floor":44.0,"key":"SMITH"}],"circlet_count":0,"master_deck":["AscendersBane","Strike_R","Strike_R","Defend_R","Defend_R+1","Defend_R","Bash+1","Armaments+1","Shrug It Off+1","Reckless Charge+1","Evolve+1","Hemokinesis+1","Blood for Blood+1","Impervious+1","Dual Wield+1","Whirlwind+1","Brutality+1"],"relics":["Burning Blood","NeowsBlessing","Ancient Tea Set","Anchor","Pantograph","Bag of Marbles","Coffee Dripper","Bag of Preparation","Vajra","Nunchaku","Runic Cube","Orichalcum"],"acts_visited":["Exordium","TheCity","TheBeyond"],"potions_floor_usage":[],"damage_taken":[{"damage":0.0,"enemies":"2 Louse","floor":1.0,"turns":1.0},{"damage":0.0,"enemies":"Small Slimes","floor":5.0,"turns":1.0},{"damage":0.0,"enemies":"Gremlin Nob","floor":7.0,"turns":1.0},{"damage":35.0,"enemies":"Lagavulin","floor":10.0,"turns":6.0},{"damage":0.0,"enemies":"Cultist","floor":11.0,"turns":3.0},{"damage":17.0,"enemies":"Gremlin Gang","floor":12.0,"turns":4.0},{"damage":5.0,"enemies":"2 Fungi Beasts","floor":13.0,"turns":4.0},{"damage":7.0,"enemies":"Exordium Wildlife","floor":14.0,"turns":4.0},{"damage":38.0,"enemies":"The Guardian","floor":16.0,"turns":10.0},{"damage":3.0,"enemies":"2 Thieves","floor":18.0,"turns":4.0},{"damage":23.0,"enemies":"Spheric Guardian","floor":22.0,"turns":4.0},{"damage":16.0,"enemies":"Slavers","floor":25.0,"turns":6.0},{"damage":23.0,"enemies":"Shelled Parasite and Fungi","floor":28.0,"turns":4.0},{"damage":2.0,"enemies":"Snake Plant","floor":31.0,"turns":2.0},{"damage":38.0,"enemies":"Champ","floor":33.0,"turns":8.0},{"damage":8.0,"enemies":"3 Darklings","floor":35.0,"turns":4.0},{"damage":3.0,"enemies":"3 Shapes","floor":37.0,"turns":6.0},{"damage":14.0,"enemies":"Sphere and 2 Shapes","floor":38.0,"turns":5.0},{"damage":0,"enemies":"Jaw Worm Horde","floor":45,"turns":1}],"seed_played":"-7425402601376781252","potions_obtained":[{"floor":4.0,"key":"BlessingOfTheForge"},{"floor":4.0,"key":"FearPotion"},{"floor":5.0,"key":"Fruit Juice"},{"floor":10.0,"key":"DistilledChaos"},{"floor":22.0,"key":"Fruit Juice"},{"floor":31.0,"key":"LiquidBronze"}],"is_trial":false,"path_per_floor":["M","?","?","?","M","R","E","R","T","E","M","M","M","M","R","B",null,"M","?","$","?","M","R","?","E","T","R","M","?","R","M","R","B",null,"M","?","M","M","$","R","$","?","T","R","M"],"character_chosen":"IRONCLAD","items_purchased":["Bag of Preparation"],"campfire_rested":1,"item_purchase_floors":[20],"current_hp_per_floor":[74,51,40,40,46,46,52,74,74,50,56,45,46,45,45,38,70,73,73,73,73,56,56,56,46,46,46,29,6,6,15,15,8,70,68,68,71,63,63,63,63,63,63,63,63,63],"gold":41,"neow_bonus":"THREE_ENEMY_KILL","is_daily":false,"chose_seed":false,"campfire_upgraded":8,"win_rate":0.0,"timestamp":1612525674,"path_taken":["M","?","?","?","M","R","E","R","T","E","M","?","?","M","R","BOSS","M","?","$","?","M","R","?","E","T","R","M","?","R","M","R","BOSS","M","?","M","M","?","R","$","?","T","R","M"],"items_purchased_type":["Relic"],"build_version":"2020-12-22","purchased_purges":3,"victory":false,"max_hp_per_floor":[75,75,75,75,75,75,75,75,75,80,80,80,80,80,80,80,80,80,80,80,80,80,80,80,80,80,80,80,85,85,90,90,90,90,90,90,90,90,90,90,90,90,90,90,90,90],"relic_stats":{"Nunchaku":[6],"counters":[19,78],"Pantograph":50,"Bag of Preparation":[18],"Orichalcum":[0],"obtain_stats":[{"Anchor":7,"Nunchaku":26,"NeowsBlessing":0,"Pantograph":9,"Vajra":25,"Bag of Marbles":10,"Coffee Dripper":17,"Bag of Preparation":20,"Orichalcum":43,"Ancient Tea Set":3,"Burning Blood":0,"Runic Cube":34},{"Anchor":3,"Nunchaku":12,"NeowsBlessing":0,"Pantograph":3,"Vajra":12,"Bag of Marbles":4,"Coffee Dripper":9,"Bag of Preparation":10,"Orichalcum":18,"Ancient Tea Set":1,"Burning Blood":0,"Runic Cube":15},{"Anchor":3,"Nunchaku":48,"NeowsBlessing":0,"Pantograph":3,"Vajra":48,"Bag of Marbles":9,"Coffee Dripper":34,"Bag of Preparation":38,"Orichalcum":77,"Ancient Tea Set":1,"Burning Blood":0,"Runic Cube":62}],"Burning Blood":108,"Runic Cube":[12]},"card_choices":[{"not_picked":["True Grit","Rupture"],"picked":"Armaments","floor":1.0},{"not_picked":["Dropkick","Intimidate"],"picked":"Shrug It Off","floor":5.0},{"not_picked":["Infernal Blade","Reaper"],"picked":"Reckless Charge","floor":7.0},{"not_picked":["Iron Wave","Infernal Blade"],"picked":"Evolve","floor":10.0},{"not_picked":["Cleave","Dark Embrace"],"picked":"Hemokinesis","floor":11.0},{"not_picked":["Anger","Cleave","Twin Strike"],"picked":"SKIP","floor":12.0},{"not_picked":["Cleave","Wild Strike","Warcry"],"picked":"SKIP","floor":13.0},{"not_picked":["Entrench","Shockwave"],"picked":"Blood for Blood","floor":14.0},{"not_picked":["Bludgeon","Demon Form"],"picked":"Impervious","floor":16.0},{"not_picked":["Body Slam","Sword Boomerang"],"picked":"Dual Wield","floor":18.0},{"not_picked":["Inflame","Headbutt","Thunderclap"],"picked":"SKIP","floor":22.0},{"not_picked":["Warcry","Power Through"],"picked":"Whirlwind+1","floor":25.0},{"not_picked":["Metallicize","True Grit","Armaments"],"picked":"SKIP","floor":28.0},{"not_picked":["Armaments","Havoc","Body Slam"],"picked":"SKIP","floor":31.0},{"not_picked":["Immolate","Impervious"],"picked":"Brutality","floor":33.0},{"not_picked":["Warcry","Flex","Inflame"],"picked":"SKIP","floor":35.0},{"not_picked":["Wild Strike","Perfected Strike","Twin Strike"],"picked":"SKIP","floor":37.0},{"not_picked":["Heavy Blade","Headbutt","Perfected Strike"],"picked":"SKIP","floor":38.0}],"player_experience":605573,"relics_obtained":[{"floor":7.0,"key":"Anchor"},{"floor":9.0,"key":"Pantograph"},{"floor":10.0,"key":"Bag of Marbles"},{"floor":25.0,"key":"Vajra"},{"floor":26.0,"key":"Nunchaku"},{"floor":43.0,"key":"Orichalcum"}],"event_choices":[{"damage_healed":0.0,"max_hp_gain":0.0,"max_hp_loss":0.0,"gold_gain":0.0,"event_name":"Shining Light","player_choice":"Entered Light","floor":2.0,"gold_loss":0.0,"damage_taken":23.0,"cards_upgraded":["Armaments","Defend_R"]},{"damage_healed":0.0,"max_hp_gain":0.0,"max_hp_loss":0.0,"gold_gain":0.0,"event_name":"Scrap Ooze","player_choice":"Success","floor":3.0,"gold_loss":0.0,"damage_taken":11.0,"relics_obtained":["Ancient Tea Set"]},{"damage_healed":0.0,"max_hp_gain":0.0,"max_hp_loss":0.0,"gold_gain":0.0,"event_name":"The Woman in Blue","player_choice":"Bought 2 Potions","floor":4.0,"gold_loss":0.0,"damage_taken":0.0},{"damage_healed":0.0,"max_hp_gain":0.0,"max_hp_loss":0.0,"gold_gain":0.0,"event_name":"The Mausoleum","player_choice":"Ignored","floor":19.0,"gold_loss":0.0,"damage_taken":0.0},{"damage_healed":0.0,"max_hp_gain":0.0,"max_hp_loss":0.0,"gold_gain":0.0,"event_name":"Ghosts","player_choice":"Ignored","floor":24.0,"gold_loss":0.0,"damage_taken":0.0},{"damage_healed":0.0,"max_hp_gain":5.0,"max_hp_loss":0.0,"gold_gain":0.0,"event_name":"Forgotten Altar","player_choice":"Shed Blood","floor":29.0,"gold_loss":0.0,"damage_taken":28.0},{"damage_healed":0.0,"max_hp_gain":0.0,"max_hp_loss":0.0,"gold_gain":0.0,"event_name":"Upgrade Shrine","player_choice":"Upgraded","floor":36.0,"gold_loss":0.0,"damage_taken":0.0,"cards_upgraded":["Brutality"]},{"cards_removed":["Defend_R"],"damage_healed":0.0,"max_hp_gain":0.0,"max_hp_loss":0.0,"gold_gain":0.0,"event_name":"Falling","player_choice":"Removed Skill","floor":42.0,"gold_loss":0.0,"damage_taken":0.0}],"is_beta":false,"boss_relics":[{"not_picked":["Philosopher\u0027s Stone","Empty Cage"],"picked":"Coffee Dripper"},{"not_picked":["Runic Dome","Cursed Key"],"picked":"Runic Cube"}],"items_purged_floors":[20,39,41],"is_endless":false,"potions_floor_spawned":[5,10,12,13,22,31,33,37,38],"killed_by":"Jaw Worm Horde","ascension_level":20}}