{"host":"Bilverbakes","time":1612569185,"event":{"mods":["2.2 Compatiblity","AchievementEnabler","BaseMod","Bestiary","Colored Map","Minty Spire (QoL Compilation)","Relic Stats","StSLib","ojb\u0027s Info Mod"],"gold_per_floor":[117,131,131,131,147,147,176,195,195,195,227,275,306,345,357,444,456,478,134,144,144,144,144,161,161,161,161,194,8,19,49,49,128,128,148,148,23,40,56,91,91,107,182,231,231,261,56,73,73,73,73,73,73,23,54,54,54],"floor_reached":56,"language":"ENG","playtime":2874,"items_purged":["Strike_G","Strike_G","Writhe"],"score":2126,"play_id":"5503831d-e313-42cc-9b2a-bea549d149d9","local_time":"20210205175305","is_ascension_mode":true,"campfire_choices":[{"data":"Neutralize","floor":6.0,"key":"SMITH"},{"data":"Masterful Stab","floor":10.0,"key":"SMITH"},{"data":"Reflex","floor":15.0,"key":"SMITH"},{"data":"Phantasmal Killer","floor":23.0,"key":"SMITH"},{"data":"Underhanded Strike","floor":25.0,"key":"SMITH"},{"data":"Eviscerate","floor":32.0,"key":"SMITH"},{"data":"After Image","floor":41.0,"key":"SMITH"},{"floor":49.0,"key":"RECALL"},{"data":"Concentrate","floor":53.0,"key":"SMITH"}],"circlet_count":0,"master_deck":["AscendersBane","Strike_G","Strike_G","Strike_G","Defend_G","Defend_G","Defend_G","Defend_G","Survivor+1","Neutralize+1","Underhanded Strike+1","Masterful Stab+1","Dagger Throw","Backstab","Dagger Throw","Dash","Reflex+1","Phantasmal Killer+1","Poisoned Stab+1","Tactician+1","Adrenaline","Eviscerate+1","Concentrate+1","Dash","After Image+1","Crippling Poison+1","Finisher+1","Backflip","Blur+1","Well Laid Plans+1","Violence+1","Prepared+1","Backflip+1"],"relics":["Ring of the Snake","Toy Ornithopter","Pear","Pocketwatch","Bird Faced Urn","MealTicket","MawBank","Ninja Scroll","Philosopher\u0027s Stone","White Beast Statue","Oddly Smooth Stone","PreservedInsect","InkBottle","War Paint","WristBlade","Pantograph","The Specimen","Toxic Egg 2","TungstenRod"],"acts_visited":["Exordium","TheCity","TheBeyond","TheEnding"],"potions_floor_usage":[56],"damage_taken":[{"damage":1.0,"enemies":"2 Louse","floor":1.0,"turns":4.0},{"damage":0.0,"enemies":"Jaw Worm","floor":2.0,"turns":4.0},{"damage":0.0,"enemies":"Small Slimes","floor":5.0,"turns":2.0},{"damage":31.0,"enemies":"Lagavulin","floor":7.0,"turns":6.0},{"damage":0.0,"enemies":"3 Louse","floor":8.0,"turns":3.0},{"damage":0.0,"enemies":"Gremlin Nob","floor":11.0,"turns":3.0},{"damage":0.0,"enemies":"Lots of Slimes","floor":13.0,"turns":3.0},{"damage":15.0,"enemies":"Lagavulin","floor":14.0,"turns":5.0},{"damage":13.0,"enemies":"Slime Boss","floor":16.0,"turns":7.0},{"damage":0.0,"enemies":"Chosen","floor":18.0,"turns":2.0},{"damage":2.0,"enemies":"3 Byrds","floor":20.0,"turns":3.0},{"damage":23.0,"enemies":"Shelled Parasite and Fungi","floor":24.0,"turns":5.0},{"damage":0.0,"enemies":"Gremlin Leader","floor":28.0,"turns":4.0},{"damage":1.0,"enemies":"3 Cultists","floor":30.0,"turns":4.0},{"damage":0.0,"enemies":"Slavers","floor":31.0,"turns":2.0},{"damage":37.0,"enemies":"Collector","floor":33.0,"turns":5.0},{"damage":22.0,"enemies":"3 Darklings","floor":35.0,"turns":7.0},{"damage":0.0,"enemies":"3 Shapes","floor":38.0,"turns":2.0},{"damage":1.0,"enemies":"Sphere and 2 Shapes","floor":39.0,"turns":7.0},{"damage":18.0,"enemies":"Nemesis","floor":40.0,"turns":3.0},{"damage":29.0,"enemies":"Maw","floor":42.0,"turns":7.0},{"damage":0.0,"enemies":"2 Orb Walkers","floor":44.0,"turns":3.0},{"damage":0.0,"enemies":"Reptomancer","floor":46.0,"turns":3.0},{"damage":0.0,"enemies":"Jaw Worm Horde","floor":48.0,"turns":3.0},{"damage":72.0,"enemies":"Awakened One","floor":50.0,"turns":18.0},{"damage":33.0,"enemies":"Donu and Deca","floor":51.0,"turns":11.0},{"damage":0.0,"enemies":"Shield and Spear","floor":55.0,"turns":5.0},{"damage":80,"enemies":"The Heart","floor":56,"turns":5}],"seed_played":"1752164185032986360","potions_obtained":[{"floor":1.0,"key":"Explosive Potion"},{"floor":11.0,"key":"LiquidMemories"},{"floor":14.0,"key":"FearPotion"},{"floor":16.0,"key":"Energy Potion"},{"floor":18.0,"key":"Explosive Potion"},{"floor":20.0,"key":"AttackPotion"},{"floor":24.0,"key":"SkillPotion"},{"floor":28.0,"key":"GamblersBrew"},{"floor":31.0,"key":"Ancient Potion"},{"floor":33.0,"key":"Dexterity Potion"},{"floor":35.0,"key":"Weak Potion"},{"floor":38.0,"key":"FearPotion"},{"floor":40.0,"key":"PowerPotion"},{"floor":42.0,"key":"Swift Potion"},{"floor":46.0,"key":"Weak Potion"},{"floor":55.0,"key":"AttackPotion"}],"is_trial":false,"path_per_floor":["M","M","?","?","M","R","E","M","T","R","E","T","M","E","R","B",null,"M","$","M","?","?","R","M","R","T","?","E","$","M","E","R","B",null,"M","?","$","M","M","E","R","M","T","?","?","E","$","M","R","B","B",null,"R","$","E","B"],"character_chosen":"THE_SILENT","items_purchased":["White Beast Statue","Eviscerate","Violence+1","Backflip+1"],"campfire_rested":0,"item_purchase_floors":[19,29,47,54],"current_hp_per_floor":[58,58,51,50,50,50,24,24,24,24,24,24,24,9,9,6,59,59,74,74,74,74,74,53,53,53,53,53,68,67,72,72,39,67,45,45,60,60,61,48,48,26,26,28,28,35,50,54,54,11,12,60,60,75,76,0,0],"gold":54,"neow_bonus":"RANDOM_COMMON_RELIC","is_daily":false,"chose_seed":false,"campfire_upgraded":8,"win_rate":0.0,"timestamp":1612569185,"path_taken":["M","M","?","?","M","R","E","M","T","R","E","?","M","E","R","BOSS","M","$","M","?","?","R","M","R","T","?","E","$","M","E","R","BOSS","M","?","$","M","M","E","R","?","T","?","?","E","?","M","R","BOSS","BOSS","R","$","E","BOSS"],"items_purchased_type":["Relic","Card","Card","Card"],"build_version":"2020-12-18","purchased_purges":3,"victory":false,"max_hp_per_floor":[66,66,66,76,76,76,76,76,76,76,76,76,76,76,76,76,76,76,76,76,76,76,76,76,76,76,76,76,76,76,76,76,76,76,76,76,76,76,76,76,76,76,76,76,76,76,76,76,76,76,76,76,76,76,76,76,76],"relic_stats":{"counters":[28,136],"PreservedInsect":277,"War Paint":["Survivor","Tactician"],"MawBank":84,"Bird Faced Urn":[19],"Pantograph":47,"MealTicket":75,"obtain_stats":[{"Pear":4,"The Specimen":44,"Oddly Smooth Stone":21,"PreservedInsect":26,"War Paint":31,"MawBank":12,"White Beast Statue":19,"WristBlade":34,"Ninja Scroll":14,"Bird Faced Urn":9,"Pantograph":40,"MealTicket":11,"Philosopher\u0027s Stone":17,"Toxic Egg 2":46,"Toy Ornithopter":0,"InkBottle":28,"TungstenRod":55,"Ring of the Snake":0,"Pocketwatch":7},{"Pear":2,"The Specimen":22,"Oddly Smooth Stone":11,"PreservedInsect":12,"War Paint":15,"MawBank":6,"White Beast Statue":10,"WristBlade":16,"Ninja Scroll":8,"Bird Faced Urn":5,"Pantograph":20,"MealTicket":6,"Philosopher\u0027s Stone":9,"Toxic Egg 2":23,"Toy Ornithopter":0,"InkBottle":13,"TungstenRod":27,"Ring of the Snake":0,"Pocketwatch":4},{"Pear":8,"The Specimen":91,"Oddly Smooth Stone":42,"PreservedInsect":47,"War Paint":57,"MawBank":22,"White Beast Statue":39,"WristBlade":62,"Ninja Scroll":30,"Bird Faced Urn":19,"Pantograph":81,"MealTicket":22,"Philosopher\u0027s Stone":37,"Toxic Egg 2":94,"Toy Ornithopter":0,"InkBottle":51,"TungstenRod":131,"Ring of the Snake":0,"Pocketwatch":16}],"Toy Ornithopter":54,"InkBottle":[44],"TungstenRod":28,"Ring of the Snake":[56],"Pocketwatch":[84]},"card_choices":[{"not_picked":["Well Laid Plans","Bane"],"picked":"Underhanded Strike","floor":1.0},{"not_picked":["Escape Plan","Deflect"],"picked":"Masterful Stab","floor":2.0},{"not_picked":["Leg Sweep","Acrobatics"],"picked":"Dagger Throw","floor":5.0},{"not_picked":["Flying Knee","Grand Finale"],"picked":"Backstab","floor":7.0},{"not_picked":["Deflect","Catalyst"],"picked":"Dagger Throw","floor":8.0},{"not_picked":["PiercingWail","Poisoned Stab","Deflect"],"picked":"SKIP","floor":11.0},{"not_picked":["Noxious Fumes","Acrobatics"],"picked":"Dash","floor":13.0},{"not_picked":["Sucker Punch","Skewer"],"picked":"Reflex","floor":14.0},{"not_picked":["Burst","Wraith Form v2"],"picked":"Phantasmal Killer","floor":16.0},{"not_picked":["Slice","Bane","Dagger Spray"],"picked":"SKIP","floor":18.0},{"not_picked":["Escape Plan","Calculated Gamble"],"picked":"Poisoned Stab+1","floor":20.0},{"not_picked":["Catalyst","Deflect"],"picked":"Tactician","floor":24.0},{"not_picked":["Finisher","Quick Slash"],"picked":"Adrenaline","floor":28.0},{"not_picked":["Sucker Punch","Deflect"],"picked":"Concentrate","floor":30.0},{"not_picked":["Setup+1","PiercingWail"],"picked":"Dash","floor":31.0},{"not_picked":["Die Die Die","Glass Knife"],"picked":"After Image","floor":33.0},{"not_picked":["Dash","Choke+1"],"picked":"Crippling Poison+1","floor":35.0},{"not_picked":["Backflip","Flying Knee","Poisoned Stab"],"picked":"SKIP","floor":38.0},{"not_picked":["Distraction","Caltrops+1","Poisoned Stab"],"picked":"SKIP","floor":39.0},{"not_picked":["Outmaneuver+1","Skewer"],"picked":"Finisher+1","floor":40.0},{"not_picked":["Bane","Underhanded Strike"],"picked":"Backflip","floor":42.0},{"not_picked":["Storm of Steel","Sucker Punch"],"picked":"Blur+1","floor":44.0},{"not_picked":["Backstab+1","Underhanded Strike"],"picked":"Well Laid Plans+1","floor":46.0},{"not_picked":["Blur+1","Bane"],"picked":"Prepared+1","floor":48.0},{"not_picked":["Sucker Punch","Noxious Fumes","Masterful Stab"],"picked":"SKIP","floor":55.0},{"not_picked":["Sucker Punch","Noxious Fumes","Masterful Stab"],"picked":"SKIP","floor":55.0}],"player_experience":907319,"relics_obtained":[{"floor":7.0,"key":"Pocketwatch"},{"floor":9.0,"key":"Bird Faced Urn"},{"floor":11.0,"key":"MealTicket"},{"floor":12.0,"key":"MawBank"},{"floor":14.0,"key":"Ninja Scroll"},{"floor":26.0,"key":"PreservedInsect"},{"floor":28.0,"key":"InkBottle"},{"floor":31.0,"key":"War Paint"},{"floor":40.0,"key":"Pantograph"},{"floor":44.0,"key":"The Specimen"},{"floor":46.0,"key":"Toxic Egg 2"},{"floor":55.0,"key":"TungstenRod"}],"event_choices":[{"cards_removed":["Defend_G"],"damage_healed":0.0,"max_hp_gain":0.0,"max_hp_loss":0.0,"gold_gain":0.0,"event_name":"Golden Wing","player_choice":"Card Removal","floor":3.0,"gold_loss":0.0,"damage_taken":7.0},{"damage_healed":0.0,"max_hp_gain":0.0,"max_hp_loss":0.0,"gold_gain":0.0,"event_name":"Scrap Ooze","player_choice":"Success","floor":4.0,"gold_loss":0.0,"damage_taken":11.0,"relics_obtained":["Pear"]},{"damage_healed":0.0,"max_hp_gain":0.0,"max_hp_loss":0.0,"gold_gain":0.0,"event_name":"The Mausoleum","player_choice":"Opened","floor":21.0,"gold_loss":0.0,"damage_taken":0.0,"relics_obtained":["Oddly Smooth Stone"],"cards_obtained":["Writhe"]},{"damage_healed":0.0,"max_hp_gain":0.0,"max_hp_loss":0.0,"gold_gain":0.0,"event_name":"Vampires","player_choice":"Ignored","floor":22.0,"gold_loss":0.0,"damage_taken":0.0},{"damage_healed":0.0,"max_hp_gain":0.0,"max_hp_loss":0.0,"gold_gain":0.0,"event_name":"Ghosts","player_choice":"Ignored","floor":27.0,"gold_loss":0.0,"damage_taken":0.0},{"damage_healed":0.0,"max_hp_gain":0.0,"max_hp_loss":0.0,"gold_gain":0.0,"event_name":"Lab","player_choice":"Got Potions","floor":36.0,"gold_loss":0.0,"damage_taken":0.0},{"damage_healed":0.0,"max_hp_gain":0.0,"max_hp_loss":0.0,"gold_gain":0.0,"event_name":"Mysterious Sphere","player_choice":"Fight","floor":44.0,"gold_loss":0.0,"damage_taken":0.0},{"damage_healed":0.0,"max_hp_gain":0.0,"max_hp_loss":0.0,"gold_gain":0.0,"event_name":"Tomb of Lord Red Mask","player_choice":"Ignored","floor":45.0,"gold_loss":0.0,"damage_taken":0.0}],"is_beta":true,"boss_relics":[{"not_picked":["Ectoplasm","Busted Crown"],"picked":"Philosopher\u0027s Stone"},{"not_picked":["Coffee Dripper","Pandora\u0027s Box"],"picked":"WristBlade"}],"items_purged_floors":[19,29,37],"is_endless":false,"potions_floor_spawned":[1,11,14,16,18,20,24,28,30,31,33,35,38,39,40,42,44,46,48,55],"killed_by":"The Heart","ascension_level":20}}