{"host":"lktusdb9orijgc6z","time":1612555430,"event":{"mods":["BaseMod","Bestiary","Colored Map","Colored Powertips","Minty Spire (QoL Compilation)","Permanent Neow","Quick Restart","Relic Stats","StSLib","everything is the same but u backflip on backflip","slay the spire mod where everything is the same but ironclad has a cowboy hat"],"gold_per_floor":[365,365,377,397,18,18,78,113,113,174,261,261,299,299,299,299,299],"floor_reached":16,"language":"ENG","playtime":482,"items_purged":[],"score":177,"play_id":"5fdae657-a5f9-4b80-bbdd-873248dac8fd","local_time":"20210205210350","is_ascension_mode":true,"campfire_choices":[{"data":"HandOfGreed","floor":6,"key":"SMITH"},{"data":"Inflame","floor":12,"key":"SMITH"},{"floor":15,"key":"REST"}],"circlet_count":0,"master_deck":["AscendersBane","Strike_R","Strike_R","Strike_R","Strike_R","Defend_R","Defend_R","Defend_R","Defend_R","Bash","Sword Boomerang","Shrug It Off","Dropkick","HandOfGreed+1","Inflame+1","Wireheading","Finesse","Panacea","WaveOfTheHand","Well Laid Plans"],"relics":["Burning Blood","CultistMask","PrismaticShard","Mummified Hand","Question Card"],"acts_visited":["Exordium"],"potions_floor_usage":[7,11,16,16],"damage_taken":[{"damage":8,"enemies":"Jaw Worm","floor":1,"turns":4},{"damage":6,"enemies":"Cultist","floor":3,"turns":4},{"damage":12,"enemies":"Small Slimes","floor":4,"turns":4},{"damage":14,"enemies":"Lagavulin","floor":7,"turns":5},{"damage":29,"enemies":"Red Slaver","floor":8,"turns":5},{"damage":12,"enemies":"Large Slime","floor":10,"turns":7},{"damage":5,"enemies":"3 Louse","floor":11,"turns":6},{"damage":14,"enemies":"Looter","floor":13,"turns":4},{"damage":37,"enemies":"The Guardian","floor":16,"turns":6}],"seed_played":"-331883333871474628","potions_obtained":[{"floor":3,"key":"Weak Potion"},{"floor":4,"key":"EssenceOfSteel"},{"floor":8,"key":"Dexterity Potion"},{"floor":11,"key":"Weak Potion"},{"floor":13,"key":"LiquidBronze"}],"is_trial":false,"path_per_floor":["M","?","M","M","$","R","E","M","T","M","M","R","M","?","R","B"],"character_chosen":"IRONCLAD","items_purchased":["HandOfGreed","PrismaticShard","Inflame"],"campfire_rested":1,"item_purchase_floors":[5,5,5],"current_hp_per_floor":[66,66,66,60,60,60,52,29,29,23,24,24,16,16,36,0,0],"gold":299,"neow_bonus":"TWO_FIFTY_GOLD","is_daily":false,"chose_seed":false,"campfire_upgraded":2,"win_rate":0.0,"timestamp":1612555430,"path_taken":["M","?","M","?","$","R","E","M","T","?","M","R","M","?","R","BOSS"],"items_purchased_type":["Card","Relic","Card"],"build_version":"2020-12-22","purchased_purges":0,"victory":false,"max_hp_per_floor":[68,68,68,68,68,68,68,68,68,68,68,68,68,68,68,68,68],"relic_stats":{"counters":[9,45],"Mummified Hand":[14],"Question Card":3,"obtain_stats":[{"Mummified Hand":7,"CultistMask":2,"PrismaticShard":5,"Question Card":9,"Burning Blood":0},{"Mummified Hand":4,"CultistMask":1,"PrismaticShard":3,"Question Card":5,"Burning Blood":0},{"Mummified Hand":17,"CultistMask":4,"PrismaticShard":12,"Question Card":22,"Burning Blood":0}],"Burning Blood":48},"card_choices":[{"not_picked":["Pummel","Hemokinesis"],"picked":"Sword Boomerang","floor":1},{"not_picked":["Armaments","Wild Strike"],"picked":"Shrug It Off","floor":3},{"not_picked":["Thunderclap","Headbutt"],"picked":"Dropkick","floor":4},{"not_picked":["BowlingBash","True Grit"],"picked":"Wireheading","floor":7},{"not_picked":["Prepared","Scrape"],"picked":"Finesse","floor":8},{"not_picked":["Madness","True Grit","Whirlwind"],"picked":"Panacea","floor":10},{"not_picked":["Thunderclap","EmptyFist","Iron Wave"],"picked":"WaveOfTheHand","floor":11},{"not_picked":["Inflame","Acrobatics","Warcry"],"picked":"Well Laid Plans","floor":13}],"player_experience":767319,"relics_obtained":[{"floor":7,"key":"Mummified Hand"},{"floor":9,"key":"Question Card"}],"event_choices":[{"damage_healed":0,"gold_gain":0,"player_choice":"Trade","damage_taken":0,"relics_obtained":["CultistMask"],"max_hp_gain":0,"max_hp_loss":0,"event_name":"FaceTrader","floor":2,"gold_loss":0},{"cards_removed":["Strike_R"],"damage_healed":0,"gold_gain":0,"player_choice":"Offered Basic","damage_taken":0,"max_hp_gain":0,"max_hp_loss":0,"event_name":"Bonfire Elementals","floor":14,"gold_loss":0}],"is_beta":false,"boss_relics":[],"items_purged_floors":[],"is_endless":false,"potions_floor_spawned":[3,4,8,11,13],"killed_by":"The Guardian","ascension_level":14}}