{"host":"pszcj3piwl6eu8b1","time":1612556961,"event":{"mods":["2.2 Compatiblity","Act Like it!","Aspiration","BaseMod","Better Altar","Better Match","Better Note","Better Sensory Stone","Better Skull","Better Third Choice","Better Vampires","CCEM2","Downfall","Elementarium","Energized Spire","Gensokyo","GifTheSpireLib","Hallownest","Hubris","Marisa????????","Menagerie","Minty Spire (QoL Compilation)","Permanent Neow","Quarter Circle Forward PUNCH!","Quick Restart","Replay The Spire","Shop Mod","StSLib","Stuff the Spire","The Animator","The Blue Laboratory"],"gold_per_floor":[99,113,131,131,146,146,146,185,185,227,127,159,159,189,217,221,221],"floor_reached":16,"language":"ENG","playtime":1006,"items_purged":[],"score":208,"play_id":"d1278f05-9f94-4be4-a8dc-d0b9549c9d2d","local_time":"20210205122921","is_ascension_mode":true,"campfire_choices":[{"data":"animator:Benimaru","floor":1.0,"key":"SMITH"},{"floor":9.0,"key":"RECALL"},{"floor":11.0,"key":"REST"}],"circlet_count":0,"master_deck":["AscendersBane","animator:Strike_TenSura","animator:Strike","animator:Strike","animator:Strike","animator:Defend","animator:Defend","animator:Defend","animator:Benimaru+1","animator:Shuna","animator:Entoma+1","StuffTheSpire:Innocence","animator:Millim","animator:Ainz","animator:GuildGirl","animator:Souei"],"relics":["animator:LivingPicture","animator:TheMissingPiece","animator:PurgingStone","animator:Mistletoe","ReplayTheSpireMod:Ring of Collecting","Ring of Fangs","Replay:Bandana","Mirror","downfall:HeartBlessingRed"],"acts_visited":["Exordium"],"potions_floor_usage":[],"damage_taken":[{"damage":4.0,"enemies":"Jaw Worm","floor":2.0,"turns":4.0},{"damage":1.0,"enemies":"Small Slimes","floor":3.0,"turns":3.0},{"damage":0.0,"enemies":"2 Louse","floor":5.0,"turns":3.0},{"damage":0.0,"enemies":"Large Slime","floor":8.0,"turns":7.0},{"damage":15.0,"enemies":"Lagavulin","floor":10.0,"turns":5.0},{"damage":7.0,"enemies":"Red Slaver","floor":12.0,"turns":3.0},{"damage":6.0,"enemies":"Large Slime","floor":14.0,"turns":7.0},{"damage":0.0,"enemies":"Exordium Thugs","floor":15.0,"turns":5.0},{"damage":19,"enemies":"WA_ARCHETYPE_RETAIN","floor":16,"turns":4}],"seed_played":"2113035120075142217","potions_obtained":[{"floor":3.0,"key":"sneckomod:MuddlingPotion"},{"floor":8.0,"key":"blueLaboratory:BottleOfRum"},{"floor":10.0,"key":"Explosive Potion"},{"floor":12.0,"key":"LifebloodPotion"}],"is_trial":false,"path_per_floor":["R","M","M","?","M","?","T","M","R","E","R","M","?","M","M","B"],"character_chosen":"THE_ANIMATOR","items_purchased":[],"campfire_rested":1,"item_purchase_floors":[],"current_hp_per_floor":[39,35,34,24,26,26,26,26,26,11,29,22,22,16,17,0,0],"gold":221,"neow_bonus":"ONE_RARE_RELIC","is_daily":false,"chose_seed":false,"campfire_upgraded":1,"win_rate":0.0,"timestamp":1612556961,"path_taken":["R","M","M","?","M","?","T","M","R","E","R","M","?","M","M","BOSS"],"items_purchased_type":[],"build_version":"2020-12-22","purchased_purges":0,"victory":false,"max_hp_per_floor":[60,60,60,60,62,62,62,62,62,62,62,62,62,62,63,63,63],"card_choices":[{"not_picked":["animator:Mitsurugi","animator:Kuribayashi","animator:Demiurge"],"picked":"SKIP","floor":2.0},{"not_picked":["animator:Entoma","animator:Arpeggio","animator:Raven"],"picked":"SKIP","floor":3.0},{"not_picked":["animator:Arpeggio","animator:Raven"],"picked":"animator:Entoma","floor":3.0},{"not_picked":["animator:Azekura","animator:Melzalgald","animator:Elsword"],"picked":"SKIP","floor":5.0},{"not_picked":["animator:Shuna","animator:Hakurou"],"picked":"animator:Millim","floor":8.0},{"not_picked":["animator:HighElfArcher","animator:NarberalGamma","animator:IrohaTamaki"],"picked":"SKIP","floor":10.0},{"not_picked":["animator:Entoma","animator:Ara"],"picked":"animator:Ainz","floor":12.0},{"not_picked":["animator:Mikaela","animator:UneriGinkaku"],"picked":"animator:GuildGirl","floor":14.0},{"not_picked":["animator:Kaijin","animator:Millim"],"picked":"animator:Souei","floor":15.0}],"player_experience":1409561,"relics_obtained":[{"floor":6.0,"key":"ReplayTheSpireMod:Ring of Collecting"},{"floor":6.0,"key":"Ring of Fangs"},{"floor":7.0,"key":"Replay:Bandana"},{"floor":10.0,"key":"Mirror"}],"event_choices":[],"is_beta":false,"boss_relics":[],"items_purged_floors":[],"is_endless":false,"potions_floor_spawned":[3,8,10,12],"killed_by":"WA_ARCHETYPE_RETAIN","ascension_level":20}}