{"host":"v4tuy5ykrbdcm9o9","time":1612539396,"event":{"mods":["BaseMod","Duelist Mod","Minty Spire (QoL Compilation)","Replay The Spire","StSLib"],"gold_per_floor":[117,135,169,187,187,187,219,219,288,322,322,341,371,383,383,480,480,492,509,523,536,496,496,496,496],"floor_reached":24,"language":"ENG","playtime":3275,"items_purged":[],"score":365,"play_id":"a66db43e-c2fd-4836-9065-5c989f07a238","local_time":"20210205103636","is_ascension_mode":true,"campfire_choices":[{"floor":6,"key":"RECALL"},{"floor":15,"key":"REST"},{"floor":23,"key":"REST"}],"circlet_count":0,"master_deck":["Strike_B","Strike_B","Strike_B","Strike_B","Defend_B","Defend_B","Defend_B","Defend_B","Zap","Glacier","Cold Snap","Beam Cell","FTL","Gash","Bash","ReplaySolidLightProjector","Loop","Core Surge","Panic Button","Rainbow","Scrape","ReplayTheSpireMod:Repulse+1","White Noise","Panic Button+1"],"relics":["Counterbalance","Juzu Bracelet","Iron Core","Symbiotic Virus","Oddly Smooth Stone","Philosopher\u0027s Stone"],"acts_visited":["Exordium","TheCity"],"potions_floor_usage":[3,7,7,14,20,24],"damage_taken":[{"damage":1,"enemies":"Cultist","floor":1,"turns":4},{"damage":4,"enemies":"2 Louse","floor":2,"turns":3},{"damage":0,"enemies":"Small Slimes","floor":3,"turns":3},{"damage":5,"enemies":"3 Louse","floor":4,"turns":5},{"damage":6,"enemies":"3 Sentries","floor":7,"turns":11},{"damage":4,"enemies":"Gremlin Nob","floor":10,"turns":4},{"damage":0,"enemies":"Looter","floor":12,"turns":2},{"damage":10,"enemies":"Lagavulin","floor":13,"turns":8},{"damage":9,"enemies":"Exordium Thugs","floor":14,"turns":3},{"damage":0,"enemies":"Slime Boss","floor":16,"turns":9},{"damage":2,"enemies":"Chosen","floor":18,"turns":3},{"damage":24,"enemies":"2 Thieves","floor":19,"turns":3},{"damage":17,"enemies":"Centurion and Healer","floor":20,"turns":4},{"damage":30,"enemies":"Snake Plant","floor":21,"turns":5},{"damage":35,"enemies":"Replay:Snechameleon","floor":24,"turns":4}],"seed_played":"4909600570874343504","potions_obtained":[{"floor":2,"key":"ColorlessPotion"},{"floor":4,"key":"LiquidMemories"},{"floor":7,"key":"Fruit Juice"},{"floor":13,"key":"AttackPotion"},{"floor":19,"key":"DuplicationPotion"},{"floor":21,"key":"DistilledChaos"}],"is_trial":false,"path_per_floor":["M","M","M","M","?","R","E","?","T","E","?","M","E","M","R","B",null,"M","M","M","M","?","R","E"],"character_chosen":"DEFECT","items_purchased":[],"campfire_rested":2,"item_purchase_floors":[],"current_hp_per_floor":[74,70,70,65,62,62,61,61,61,57,57,57,47,38,64,64,81,79,55,38,8,8,34,0,0],"gold":496,"neow_bonus":"TEN_PERCENT_HP_BONUS","is_daily":false,"chose_seed":false,"campfire_upgraded":0,"win_rate":0.0,"timestamp":1612539396,"path_taken":["M","M","?","M","?","R","E","?","T","E","?","M","E","M","R","BOSS","M","M","M","M","?","R","E"],"items_purchased_type":[],"build_version":"2020-12-22","purchased_purges":0,"victory":false,"max_hp_per_floor":[82,82,82,82,82,82,87,87,87,87,87,87,87,87,87,87,87,87,87,87,87,87,87,87,87],"card_choices":[{"not_picked":["BasicCrystalCard","Hologram"],"picked":"Glacier","floor":1},{"not_picked":["ReplayTheSpireMod:Reroute Power","ReplaySolidLightProjector"],"picked":"Cold Snap","floor":2},{"not_picked":["Consume","ReplayTheSpireMod:Reroute Power"],"picked":"Beam Cell","floor":3},{"not_picked":["ReplayTheSpireMod:GoodbyeWorld","Coolheaded"],"picked":"FTL","floor":4},{"not_picked":["Barrage","Compile Driver"],"picked":"Gash","floor":7},{"not_picked":["ReplayTheSpireMod:Fabricate Wheel","Hello World"],"picked":"ReplaySolidLightProjector","floor":10},{"not_picked":["Iron Wave","Stack"],"picked":"Loop","floor":12},{"not_picked":["ReplayTheSpireMod:Calculation Training","Hologram"],"picked":"Core Surge","floor":13},{"not_picked":["BasicCrystalCard","WeaponsOverheat"],"picked":"Panic Button","floor":14},{"not_picked":["Offering","Multi-Cast"],"picked":"Rainbow","floor":16},{"not_picked":["Genetic Algorithm","Turbo"],"picked":"Scrape","floor":18},{"not_picked":["Turbo","BasicCrystalCard"],"picked":"ReplayTheSpireMod:Repulse","floor":19},{"not_picked":["Darkness","Defragment"],"picked":"White Noise","floor":20},{"not_picked":["Sweeping Beam","Crystallizer+1"],"picked":"Panic Button+1","floor":21}],"player_experience":777705,"relics_obtained":[{"floor":7,"key":"Juzu Bracelet"},{"floor":10,"key":"Symbiotic Virus"},{"floor":13,"key":"Oddly Smooth Stone"}],"event_choices":[{"damage_healed":0,"gold_gain":0,"player_choice":"Success","damage_taken":3,"relics_obtained":["Counterbalance"],"max_hp_gain":0,"max_hp_loss":0,"event_name":"Scrap Ooze","floor":5,"gold_loss":0},{"damage_healed":0,"gold_gain":0,"player_choice":"Ignored","damage_taken":0,"max_hp_gain":0,"max_hp_loss":0,"event_name":"Golden Wing","floor":11,"gold_loss":0},{"damage_healed":0,"gold_gain":0,"player_choice":"Upgrade","damage_taken":0,"max_hp_gain":0,"max_hp_loss":0,"event_name":"Designer","floor":22,"gold_loss":40,"cards_upgraded":["ReplayTheSpireMod:Repulse"]}],"is_beta":false,"boss_relics":[{"not_picked":["Replay:Drink Me","Velvet Choker"],"picked":"Philosopher\u0027s Stone"}],"items_purged_floors":[],"is_endless":false,"potions_floor_spawned":[2,4,7,13,19,21],"killed_by":"Replay:Snechameleon","ascension_level":7}}