{"host":"4eao2pkwlmv012cz","time":1612513051,"event":{"mods":["BaseMod","Colored Powertips","Minty Spire (QoL Compilation)","Permanent Neow","Quick Restart","Random Character Button","StSLib"],"gold_per_floor":[109,109,384,397,416,450,450,474,524,568,587,587,620,636,636,735,735,750,169,185,199,199,199],"floor_reached":22,"language":"ENG","playtime":769,"items_purged":["Regret"],"score":343,"play_id":"e245ca29-5452-4f4a-bbd0-3791b2250d25","local_time":"20210205031731","is_ascension_mode":true,"campfire_choices":[{"floor":7.0,"key":"REST"},{"floor":12.0,"key":"REST"},{"floor":15.0,"key":"REST"}],"circlet_count":0,"master_deck":["AscendersBane","Survivor","Neutralize","Die Die Die","Poisoned Stab","Injury","Bane","Sucker Punch","All Out Attack","PiercingWail","Deadly Poison","Caltrops","Bane","Die Die Die","Bullet Time","Underhanded Strike","Deadly Poison","Setup","Doppelganger","Noxious Fumes","Infinite Blades","Storm of Steel","Wraith Form v2","Unload","Bouncing Flask","Caltrops","Panache","Panacea","Accuracy"],"relics":["Ring of the Snake","Golden Idol","Sundial","Nunchaku","Centennial Puzzle","Gambling Chip","Pandora\u0027s Box","Membership Card","Blood Vial","Bag of Marbles"],"acts_visited":["Exordium","TheCity"],"potions_floor_usage":[22],"damage_taken":[{"damage":12.0,"enemies":"Jaw Worm","floor":1.0,"turns":4.0},{"damage":11.0,"enemies":"Small Slimes","floor":4.0,"turns":3.0},{"damage":3.0,"enemies":"Cultist","floor":5.0,"turns":4.0},{"damage":27.0,"enemies":"Gremlin Nob","floor":6.0,"turns":5.0},{"damage":5.0,"enemies":"Blue Slaver","floor":8.0,"turns":4.0},{"damage":12.0,"enemies":"Lagavulin","floor":10.0,"turns":4.0},{"damage":2.0,"enemies":"Large Slime","floor":11.0,"turns":4.0},{"damage":12.0,"enemies":"Gremlin Nob","floor":13.0,"turns":3.0},{"damage":0.0,"enemies":"Exordium Wildlife","floor":14.0,"turns":1.0},{"damage":38.0,"enemies":"The Guardian","floor":16.0,"turns":11.0},{"damage":21.0,"enemies":"Spheric Guardian","floor":18.0,"turns":4.0},{"damage":24.0,"enemies":"Chosen","floor":20.0,"turns":5.0},{"damage":5.0,"enemies":"3 Cultists","floor":21.0,"turns":4.0},{"damage":16,"enemies":"Snake Plant","floor":22,"turns":2}],"seed_played":"-7540569483983842043","potions_obtained":[{"floor":4.0,"key":"Ancient Potion"},{"floor":6.0,"key":"EntropicBrew"},{"floor":13.0,"key":"Poison Potion"},{"floor":14.0,"key":"GamblersBrew"},{"floor":16.0,"key":"Block Potion"}],"is_trial":false,"path_per_floor":["M","?","?","M","M","E","R","M","T","E","M","R","E","M","R","B",null,"M","$","M","M","M"],"character_chosen":"THE_SILENT","items_purchased":["Membership Card","Caltrops","Panache","PowerPotion","DuplicationPotion","Blood Vial","Bag of Marbles","Panacea"],"campfire_rested":3,"item_purchase_floors":[19,19,19,19,19,19,19,19],"current_hp_per_floor":[51,51,51,40,37,10,31,26,26,14,12,33,21,21,42,4,54,33,33,11,8,0,0],"gold":199,"neow_bonus":"ONE_RANDOM_RARE_CARD","is_daily":false,"chose_seed":false,"campfire_upgraded":0,"win_rate":0.0,"timestamp":1612513051,"path_taken":["M","?","?","M","M","E","R","M","T","E","M","R","E","M","R","BOSS","M","$","M","M","M"],"items_purchased_type":["Relic","Card","Card","Potion","Potion","Relic","Relic","Card"],"build_version":"2020-12-22","purchased_purges":1,"victory":false,"max_hp_per_floor":[70,70,70,70,70,70,70,70,70,70,70,70,70,70,70,70,70,70,70,70,70,70,70],"card_choices":[{"not_picked":["Quick Slash","Well Laid Plans"],"picked":"Poisoned Stab","floor":1.0},{"not_picked":["Dagger Throw","Acrobatics"],"picked":"Bane","floor":4.0},{"not_picked":["Dagger Throw","Outmaneuver"],"picked":"Sucker Punch","floor":5.0},{"not_picked":["Bane","Cloak And Dagger"],"picked":"All Out Attack","floor":6.0},{"not_picked":["Dagger Throw","Grand Finale"],"picked":"PiercingWail","floor":8.0},{"not_picked":["Sucker Punch","Deflect","Reflex"],"picked":"SKIP","floor":10.0},{"not_picked":["Sucker Punch","Endless Agony"],"picked":"Deadly Poison","floor":11.0},{"not_picked":["Deadly Poison","Concentrate"],"picked":"Caltrops","floor":13.0},{"not_picked":["Predator","Riddle With Holes"],"picked":"Bane","floor":14.0},{"not_picked":["Night Terror","Phantasmal Killer"],"picked":"Die Die Die","floor":16.0},{"not_picked":["Masterful Stab","Cloak And Dagger"],"picked":"Bouncing Flask","floor":18.0},{"not_picked":["Cloak And Dagger","Underhanded Strike"],"picked":"Accuracy","floor":20.0},{"not_picked":["Underhanded Strike","Predator","Slice"],"picked":"SKIP","floor":21.0}],"player_experience":2885556,"relics_obtained":[{"floor":6.0,"key":"Sundial"},{"floor":9.0,"key":"Nunchaku"},{"floor":10.0,"key":"Centennial Puzzle"},{"floor":13.0,"key":"Gambling Chip"}],"event_choices":[{"damage_healed":0.0,"max_hp_gain":0.0,"max_hp_loss":0.0,"gold_gain":0.0,"event_name":"Golden Idol","player_choice":"Take Wound","floor":2.0,"gold_loss":0.0,"damage_taken":0.0,"relics_obtained":["Golden Idol"],"cards_obtained":["Injury"]},{"damage_healed":0.0,"max_hp_gain":0.0,"max_hp_loss":0.0,"gold_gain":275.0,"event_name":"Golden Shrine","player_choice":"Desecrate","floor":3.0,"gold_loss":0.0,"damage_taken":0.0,"cards_obtained":["Regret"]}],"is_beta":false,"boss_relics":[{"not_picked":["HoveringKite","Fusion Hammer"],"picked":"Pandora\u0027s Box"}],"items_purged_floors":[19],"is_endless":false,"potions_floor_spawned":[4,6,13,14,16],"killed_by":"Snake Plant","ascension_level":13}}