{"host":"q8ewzd1tf4mqkgtb","time":1612495020,"event":{"mods":["BaseMod","Hermit","Marisa????????","Minty Spire (QoL Compilation)","Relic Stats","StSLib","The Cursed","The Servant 0.9.4"],"gold_per_floor":[115,115,125,275,292,292,48,48,48,89,14,14,14,53,53,149,149,170,170,193,207,232,270,270,313,313,333,333,333,354,394,394,492,492,508,508,841,841,841,869,1144,1144,1144,1177,1177,1192,308,336,336,336,336,336,336,32,65,65,65],"floor_reached":56,"language":"ENG","playtime":6747,"items_purged":["Doubt","Defend_R"],"score":2019,"play_id":"2d58a585-99cc-4d8f-b0f3-2a144a686f7e","local_time":"20210204211700","is_ascension_mode":true,"campfire_choices":[{"data":"Bash","floor":6,"key":"SMITH"},{"floor":13,"key":"REST"},{"data":"Heavy Blade","floor":15,"key":"SMITH"},{"floor":24,"key":"REST"},{"data":"J.A.X.","floor":28,"key":"SMITH"},{"floor":32,"key":"REST"},{"data":"1","floor":42,"key":"LIFT"},{"floor":49,"key":"RECALL"},{"data":"2","floor":53,"key":"LIFT"}],"circlet_count":0,"master_deck":["AscendersBane","Defend_R","Defend_R","Bash+1","Anger","Clothesline","Heavy Blade+1","Burning Pact","Reaper","Sword Boomerang+1","Sword Boomerang+1","Uppercut+1","J.A.X.+1","Whirlwind+1","Power Through","Reaper","Thunderclap","Exhume","Shrug It Off","Impervious","Evolve+1","Warcry","Evaluate"],"relics":["Philosopher\u0027s Stone","Juzu Bracelet","Bronze Scales","Orichalcum","Shuriken","Thread and Needle","TungstenRod","Astrolabe","Lantern","Regal Pillow","The Courier","Meat on the Bone","Girya","Fusion Hammer","Omamori","Bag of Marbles","HornCleat","Lee\u0027s Waffle","Self Forming Clay","Centennial Puzzle","Sundial","PrismaticShard","Strawberry"],"acts_visited":["Exordium","TheCity","TheBeyond","TheEnding"],"potions_floor_usage":[16,23,23,27,31,50,56,56],"damage_taken":[{"damage":9,"enemies":"2 Louse","floor":1,"turns":4},{"damage":0,"enemies":"Small Slimes","floor":3,"turns":3},{"damage":3,"enemies":"Jaw Worm","floor":5,"turns":2},{"damage":15,"enemies":"Lagavulin","floor":10,"turns":4},{"damage":12,"enemies":"3 Sentries","floor":14,"turns":7},{"damage":19,"enemies":"The Guardian","floor":16,"turns":9},{"damage":12,"enemies":"Spheric Guardian","floor":18,"turns":4},{"damage":12,"enemies":"3 Byrds","floor":20,"turns":2},{"damage":18,"enemies":"Centurion and Healer","floor":21,"turns":4},{"damage":13,"enemies":"Snake Plant","floor":22,"turns":3},{"damage":10,"enemies":"Book of Stabbing","floor":23,"turns":3},{"damage":17,"enemies":"Gremlin Leader","floor":25,"turns":5},{"damage":5,"enemies":"Cultist and Chosen","floor":27,"turns":4},{"damage":3,"enemies":"Sentry and Sphere","floor":30,"turns":3},{"damage":62,"enemies":"Slavers","floor":31,"turns":5},{"damage":44,"enemies":"Collector","floor":33,"turns":6},{"damage":56,"enemies":"3 Shapes","floor":35,"turns":11},{"damage":33,"enemies":"Reptomancer","floor":40,"turns":4},{"damage":18,"enemies":"Nemesis","floor":44,"turns":5},{"damage":2,"enemies":"Orb Walker","floor":46,"turns":1},{"damage":4,"enemies":"Reptomancer","floor":48,"turns":5},{"damage":82,"enemies":"Time Eater","floor":50,"turns":10},{"damage":38,"enemies":"Donu and Deca","floor":51,"turns":6},{"damage":58,"enemies":"Shield and Spear","floor":55,"turns":5},{"damage":70,"enemies":"The Heart","floor":56,"turns":6}],"seed_played":"-3720771419038540731","potions_obtained":[{"floor":3,"key":"PowerPotion"},{"floor":10,"key":"LiquidBronze"},{"floor":16,"key":"PowerPotion"},{"floor":23,"key":"BlessingOfTheForge"},{"floor":30,"key":"BloodPotion"},{"floor":31,"key":"Weak Potion"},{"floor":33,"key":"BlessingOfTheForge"},{"floor":35,"key":"LiquidBronze"},{"floor":46,"key":"BlessingOfTheForge"}],"is_trial":false,"path_per_floor":["M","?","M","?","M","R","$","?","T","E","?","T","R","E","R","B",null,"M","?","M","M","M","E","R","E","T","M","R","T","M","E","R","B",null,"M","?","?","?","?","E","?","R","T","E","?","M","$","E","R","B","B",null,"R","$","E","B"],"character_chosen":"IRONCLAD","items_purchased":["Bronze Scales","HornCleat","Impervious","Lee\u0027s Waffle","Self Forming Clay","Centennial Puzzle","Regen Potion","Warcry","PrismaticShard","Weak Potion","PowerPotion"],"campfire_rested":3,"item_purchase_floors":[7,47,47,47,47,47,54,54,54,54,54],"current_hp_per_floor":[59,33,33,33,30,30,30,30,30,15,15,15,35,23,23,4,52,47,47,35,29,16,6,26,9,9,32,32,32,40,23,58,40,61,53,53,53,53,53,43,43,43,43,48,48,46,72,72,72,42,44,65,65,65,44,0,0],"gold":65,"neow_bonus":"BOSS_RELIC","is_daily":false,"chose_seed":false,"campfire_upgraded":3,"win_rate":0.0,"timestamp":1612495020,"path_taken":["M","?","M","?","M","R","$","?","T","E","?","?","R","E","R","BOSS","M","?","M","M","M","E","R","E","T","M","R","?","M","E","R","BOSS","M","?","?","?","?","E","?","R","T","E","?","M","$","E","R","BOSS","BOSS","R","$","E","BOSS"],"items_purchased_type":["Relic","Relic","Card","Relic","Relic","Relic","Potion","Card","Relic","Potion","Potion"],"build_version":"2020-12-22","purchased_purges":2,"victory":false,"max_hp_per_floor":[75,75,75,75,75,75,75,68,68,68,68,68,68,68,68,68,68,68,68,68,68,68,68,68,68,68,68,68,68,68,68,68,68,68,68,68,68,65,65,65,65,65,65,65,65,65,72,72,72,72,72,72,72,72,79,79,79],"relic_stats":{"Regal Pillow":15,"Lee\u0027s Waffle":26,"counters":[25,121],"Self Forming Clay":[141],"Astrolabe":["Sword Boomerang","Sword Boomerang","Uppercut"],"Juzu Bracelet":2,"Orichalcum":[348],"Centennial Puzzle":[15],"Shuriken":[39],"Sundial":[4],"Bronze Scales":[389],"obtain_stats":[{"Lantern":23,"Regal Pillow":25,"Juzu Bracelet":2,"PrismaticShard":54,"Burning Blood":0,"Centennial Puzzle":47,"HornCleat":47,"Sundial":48,"Strawberry":55,"Philosopher\u0027s Stone":0,"Fusion Hammer":34,"Girya":31,"Lee\u0027s Waffle":47,"Golden Idol":8,"Self Forming Clay":47,"Astrolabe":17,"Thread and Needle":12,"The Courier":26,"Omamori":40,"Orichalcum":9,"Shuriken":10,"Bronze Scales":7,"Bag of Marbles":44,"TungstenRod":14,"Meat on the Bone":29},{"Lantern":11,"Regal Pillow":12,"Juzu Bracelet":1,"PrismaticShard":23,"Burning Blood":0,"Centennial Puzzle":20,"HornCleat":20,"Sundial":21,"Strawberry":24,"Philosopher\u0027s Stone":0,"Fusion Hammer":16,"Girya":15,"Lee\u0027s Waffle":20,"Golden Idol":3,"Self Forming Clay":20,"Astrolabe":6,"Thread and Needle":4,"The Courier":12,"Omamori":18,"Orichalcum":3,"Shuriken":4,"Bronze Scales":3,"Bag of Marbles":19,"TungstenRod":5,"Meat on the Bone":13},{"Lantern":45,"Regal Pillow":50,"Juzu Bracelet":4,"PrismaticShard":110,"Burning Blood":0,"Centennial Puzzle":89,"HornCleat":89,"Sundial":94,"Strawberry":115,"Philosopher\u0027s Stone":0,"Fusion Hammer":68,"Girya":62,"Lee\u0027s Waffle":89,"Golden Idol":9,"Self Forming Clay":89,"Astrolabe":29,"Thread and Needle":13,"The Courier":50,"Omamori":83,"Orichalcum":9,"Shuriken":13,"Bronze Scales":9,"Bag of Marbles":88,"TungstenRod":20,"Meat on the Bone":54}],"TungstenRod":126,"Meat on the Bone":60},"card_choices":[{"not_picked":["Cleave","Headbutt"],"picked":"Anger","floor":1},{"not_picked":["Perfected Strike","Flex","Sword Boomerang"],"picked":"SKIP","floor":3},{"not_picked":["Ghostly Armor","Twin Strike"],"picked":"Clothesline","floor":5},{"not_picked":["Bloodletting","Rupture"],"picked":"Heavy Blade","floor":10},{"not_picked":["Havoc","Sentinel"],"picked":"Burning Pact","floor":14},{"not_picked":["Corruption","Offering"],"picked":"Reaper","floor":16},{"not_picked":["Headbutt","Iron Wave","Dark Embrace"],"picked":"SKIP","floor":18},{"not_picked":["True Grit","Uppercut","Wild Strike"],"picked":"SKIP","floor":20},{"not_picked":["True Grit","Uppercut","Wild Strike"],"picked":"SKIP","floor":20},{"not_picked":["True Grit","Uppercut","Wild Strike"],"picked":"SKIP","floor":20},{"not_picked":["True Grit","Uppercut","Wild Strike"],"picked":"SKIP","floor":20},{"not_picked":["Perfected Strike","Shockwave"],"picked":"Whirlwind+1","floor":21},{"not_picked":["Warcry","Body Slam","Twin Strike"],"picked":"SKIP","floor":22},{"not_picked":["Body Slam","Headbutt+1"],"picked":"Power Through","floor":23},{"not_picked":["Iron Wave","Warcry"],"picked":"Reaper","floor":25},{"not_picked":["Twin Strike","Pommel Strike","Anger"],"picked":"SKIP","floor":27},{"not_picked":["Power Through","Carnage","True Grit"],"picked":"SKIP","floor":30},{"not_picked":["Berserk","Armaments"],"picked":"Thunderclap","floor":31},{"not_picked":["Fiend Fire","Berserk"],"picked":"Exhume","floor":33},{"not_picked":["Burning Pact","Havoc+1","Twin Strike"],"picked":"SKIP","floor":35},{"not_picked":["Wild Strike","Hemokinesis"],"picked":"Shrug It Off","floor":40},{"not_picked":["Sever Soul+1","Havoc","Twin Strike"],"picked":"SKIP","floor":44},{"not_picked":["Heavy Blade","Iron Wave+1","Wild Strike"],"picked":"SKIP","floor":46},{"not_picked":["Armaments","Bludgeon"],"picked":"Evolve+1","floor":48},{"not_picked":["Rearm","JA"],"picked":"Evaluate","floor":55}],"player_experience":513203,"relics_obtained":[{"floor":9,"key":"Orichalcum"},{"floor":10,"key":"Shuriken"},{"floor":12,"key":"Thread and Needle"},{"floor":14,"key":"TungstenRod"},{"floor":23,"key":"Lantern"},{"floor":25,"key":"Regal Pillow"},{"floor":26,"key":"The Courier"},{"floor":29,"key":"Meat on the Bone"},{"floor":31,"key":"Girya"},{"floor":40,"key":"Omamori"},{"floor":44,"key":"Bag of Marbles"},{"floor":48,"key":"Sundial"},{"floor":55,"key":"Strawberry"}],"event_choices":[{"damage_healed":0,"gold_gain":0,"player_choice":"Success","damage_taken":26,"relics_obtained":["Juzu Bracelet"],"max_hp_gain":0,"max_hp_loss":0,"event_name":"Scrap Ooze","floor":2,"gold_loss":0},{"damage_healed":0,"gold_gain":150,"player_choice":"AGREE","damage_taken":0,"max_hp_gain":0,"max_hp_loss":0,"event_name":"Liars Game","floor":4,"gold_loss":0,"cards_obtained":["Doubt"]},{"damage_healed":0,"gold_gain":0,"player_choice":"Lose Max HP","damage_taken":0,"relics_obtained":["Golden Idol"],"max_hp_gain":0,"max_hp_loss":7,"event_name":"Golden Idol","floor":8,"gold_loss":0},{"cards_removed":["Strike_R"],"damage_healed":0,"gold_gain":0,"player_choice":"Card Removal","damage_taken":0,"max_hp_gain":0,"max_hp_loss":0,"event_name":"The Cleric","floor":11,"gold_loss":75},{"damage_healed":0,"gold_gain":0,"player_choice":"Obtain J.A.X.","damage_taken":0,"max_hp_gain":0,"max_hp_loss":0,"event_name":"Drug Dealer","floor":19,"gold_loss":0,"cards_obtained":["J.A.X."]},{"cards_removed":["Strike_R"],"damage_healed":0,"gold_gain":0,"player_choice":"Offered Basic","damage_taken":0,"max_hp_gain":0,"max_hp_loss":0,"event_name":"Bonfire Elementals","floor":36,"gold_loss":0},{"damage_healed":0,"gold_gain":333,"player_choice":"Gave Idol","damage_taken":0,"max_hp_gain":0,"max_hp_loss":0,"event_name":"The Moai Head","floor":37,"relics_lost":["Golden Idol"],"gold_loss":0},{"damage_healed":0,"gold_gain":0,"player_choice":"Max HP","damage_taken":0,"max_hp_gain":0,"max_hp_loss":3,"event_name":"Winding Halls","floor":38,"gold_loss":0},{"cards_removed":["Defend_R"],"damage_healed":0,"gold_gain":0,"player_choice":"Removed Skill","damage_taken":0,"max_hp_gain":0,"max_hp_loss":0,"event_name":"Falling","floor":39,"gold_loss":0},{"damage_healed":0,"gold_gain":275,"player_choice":"Desecrate","damage_taken":0,"max_hp_gain":0,"max_hp_loss":0,"event_name":"Golden Shrine","floor":41,"gold_loss":0,"cards_obtained":["Regret"]},{"damage_healed":0,"gold_gain":0,"player_choice":"Ignored","damage_taken":0,"max_hp_gain":0,"max_hp_loss":0,"event_name":"Tomb of Lord Red Mask","floor":45,"gold_loss":0}],"is_beta":false,"boss_relics":[{"not_picked":["SacredBark","Velvet Choker"],"picked":"Astrolabe"},{"not_picked":["Tiny House","Cursed Key"],"picked":"Fusion Hammer"}],"items_purged_floors":[7,47],"is_endless":false,"potions_floor_spawned":[3,10,16,22,23,30,31,33,35,46],"killed_by":"The Heart","ascension_level":20}}