{"host":"j4g6ia6asvpyu2b0","time":1612533741,"event":{"mods":["BaseMod","Colored Map","Downfall","Minty Spire (QoL Compilation)","Permanent Neow","Quick Restart","Relic Stats","StSLib","Unceasing Turn Reminder"],"gold_per_floor":[99,99,99,99,23,55,137,163,175,192,192,203,3,17,37,136,136,136,146,246,258,268,297,297,297,297,63,80,115,135,154,171,267,267,267,281,294,294,308,137,137,154,48,48,75,89,89,114,141,153],"floor_reached":51,"language":"ENG","playtime":3381,"items_purged":["Guardian:Strike_Guardian","Guardian:Strike_Guardian"],"score":923,"play_id":"470f8c19-4fd0-4eab-a34e-5948719e4ccc","local_time":"20210205070221","is_ascension_mode":true,"campfire_choices":[{"data":"Guardian:TwinSlam","floor":1,"key":"SMITH"},{"data":"Guardian:FloatingOrbs","floor":11,"key":"SMITH"},{"data":"Guardian:GuardianWhirl","floor":13,"key":"SMITH"},{"data":"Guardian:FierceBash","floor":18,"key":"SMITH"},{"data":"Guardian:BronzeArmor","floor":26,"key":"SMITH"},{"data":"Guardian:FastForward","floor":35,"key":"SMITH"}],"circlet_count":0,"master_deck":["Guardian:Defend_Guardian","Guardian:Defend_Guardian","Guardian:Defend_Guardian","Guardian:Defend_Guardian","Guardian:CurlUp","Guardian:TwinSlam+1","Guardian:FloatingOrbs+1","Guardian:EvasiveProtocol","Guardian:ArmoredProtocol+1","Guardian:ExploitGems","Guardian:StasisField","Guardian:ChargeCore","Guardian:GuardianWhirl+1","Guardian:TemporalStrike","Guardian:Planning","Guardian:FierceBash+1","Guardian:FloatingOrbs+1","Guardian:PiercingHide+1","Guardian:BronzeArmor+1","Guardian:RollAttack+1","Guardian:FloatingOrbs+1","Guardian:TimeCapacitor","Guardian:FastForward+1","Guardian:BodySlam","Guardian:Orbwalk+1","Guardian:DonusPower","Guardian:PrismaticBarrier+1","expansioncontent:DashGenerateEvil","Guardian:Gem_Cyan","Guardian:Gem_Lightblue","Guardian:BodySlam+1","Guardian:BronzeOrb+1","Guardian:Gem_White"],"relics":["Guardian:ModeShifter","downfall:HeartsMalice","FossilizedHelix","Strawberry","downfall:HeartBlessingGreen","downfall:HeartBlessingBlue","bronze:MakeshiftBattery","Torii","Matryoshka","Potion Belt","Omamori","Mercury Hourglass","StoneCalendar","Vajra","Oddly Smooth Stone","Calling Bell","Toy Ornithopter","Letter Opener","Mango","Bag of Preparation","Lantern","Bottled Tornado","Guardian:PickAxe","Nunchaku","MawBank"],"acts_visited":["Exordium","TheCity","TheBeyond"],"potions_floor_usage":[8,20,23,40,43,50],"damage_taken":[{"damage":0,"enemies":"Cultist","floor":2,"turns":1},{"damage":0,"enemies":"Small Slimes","floor":3,"turns":1},{"damage":0,"enemies":"downfall:FleeingMerchant","floor":5,"turns":1},{"damage":17,"enemies":"3 Sentries","floor":6,"turns":14},{"damage":6,"enemies":"Gremlin Nob","floor":8,"turns":5},{"damage":0,"enemies":"Jaw Worm","floor":9,"turns":4},{"damage":0,"enemies":"2 Fungi Beasts","floor":10,"turns":4},{"damage":1,"enemies":"Gremlin Gang","floor":12,"turns":5},{"damage":0,"enemies":"Blue Slaver","floor":14,"turns":3},{"damage":0,"enemies":"2 Fungi Beasts","floor":15,"turns":3},{"damage":51,"enemies":"WA_ARCHETYPE_RETAIN","floor":16,"turns":10},{"damage":0,"enemies":"Spheric Guardian","floor":19,"turns":5},{"damage":5,"enemies":"DF_ARCHETYPE_STREAMLINE","floor":20,"turns":6},{"damage":12,"enemies":"3 Byrds","floor":21,"turns":4},{"damage":1,"enemies":"Snecko","floor":22,"turns":5},{"damage":4,"enemies":"Gremlin Leader","floor":23,"turns":10},{"damage":1,"enemies":"downfall:FleeingMerchant","floor":27,"turns":4},{"damage":7,"enemies":"Snake Plant","floor":28,"turns":2},{"damage":7,"enemies":"Book of Stabbing","floor":29,"turns":5},{"damage":0,"enemies":"Centurion and Healer","floor":30,"turns":5},{"damage":0,"enemies":"3 Cultists","floor":31,"turns":4},{"damage":7,"enemies":"Snake Plant","floor":32,"turns":5},{"damage":33,"enemies":"SI_MIRROR_ARCHETYPE","floor":33,"turns":9},{"damage":0,"enemies":"Orb Walker","floor":36,"turns":3},{"damage":1,"enemies":"3 Darklings","floor":37,"turns":4},{"damage":0,"enemies":"Maw","floor":39,"turns":6},{"damage":0,"enemies":"downfall:FleeingMerchant","floor":40,"turns":4},{"damage":0,"enemies":"Transient","floor":42,"turns":5},{"damage":0,"enemies":"downfall:FleeingMerchant","floor":43,"turns":4},{"damage":11,"enemies":"Reptomancer","floor":45,"turns":5},{"damage":0,"enemies":"3 Darklings","floor":46,"turns":3},{"damage":0,"enemies":"Nemesis","floor":48,"turns":5},{"damage":0,"enemies":"Maw","floor":49,"turns":6},{"damage":13,"enemies":"IC_BLOCK_ARCHETYPE","floor":50,"turns":9}],"seed_played":"-6600261331329320364","potions_obtained":[{"floor":6,"key":"Slimebound:ThreeZeroPotion"},{"floor":8,"key":"Guardian:BlockOnCardUsePotion"},{"floor":10,"key":"Fire Potion"},{"floor":14,"key":"AttackPotion"},{"floor":19,"key":"Strength Potion"},{"floor":20,"key":"Weak Potion"},{"floor":23,"key":"Ancient Potion"},{"floor":28,"key":"AttackPotion"},{"floor":33,"key":"EntropicBrew"},{"floor":42,"key":"Energy Potion"},{"floor":45,"key":"Block Potion"}],"is_trial":false,"path_per_floor":["R","M","M","?","$","E","T","E","M","M","R","M","R","M","M","B",null,"R","M","?","M","M","E","T","?","R","$","M","E","M","M","M","B",null,"R","M","M","?","M","$","T","M","$","R","E","M","?","E","M","B",null],"character_chosen":"GUARDIAN","items_purchased":["Guardian:ExploitGems","Vajra","Bag of Preparation","expansioncontent:DashGenerateEvil","Guardian:PickAxe"],"campfire_rested":0,"item_purchase_floors":[5,27,40,43,43],"current_hp_per_floor":[80,80,80,80,80,63,63,64,64,64,64,63,73,73,73,22,97,97,97,92,80,79,75,75,75,75,74,67,60,60,60,53,20,111,111,111,110,121,121,121,121,121,121,121,110,110,102,102,102,94],"gold":165,"neow_bonus":"THREE_ENEMY_KILL","is_daily":false,"chose_seed":false,"campfire_upgraded":6,"win_rate":0.0,"timestamp":1612533741,"path_taken":["R","M","?","?","$","E","T","E","M","M","R","M","R","M","M","BOSS","R","M","?","M","M","E","T","?","R","$","M","E","M","M","M","BOSS","R","M","M","?","M","$","T","M","$","R","E","?","?","E","M","BOSS"],"items_purchased_type":["Card","Relic","Relic","Card","Relic"],"build_version":"2020-12-22","purchased_purges":2,"victory":true,"max_hp_per_floor":[80,80,80,80,80,80,80,87,87,87,87,87,97,97,97,97,97,97,97,97,97,97,97,97,97,97,97,97,97,97,97,97,97,111,111,111,111,121,121,121,121,121,121,121,121,121,121,121,121,121],"relic_stats":{"Nunchaku":[7],"Torii":19,"counters":[34,164],"StoneCalendar":[104],"Bag of Preparation":[14],"Letter Opener":[127],"MawBank":36,"obtain_stats":[{"Lantern":41,"Torii":20,"Vajra":27,"downfall:HeartBlessingGreen":13,"StoneCalendar":25,"Mango":34,"Bag of Preparation":40,"Bottled Tornado":41,"Guardian:PickAxe":43,"Nunchaku":45,"Matryoshka":20,"downfall:HeartBlessingBlue":13,"Strawberry":8,"Potion Belt":23,"Guardian:ModeShifter":0,"Oddly Smooth Stone":29,"downfall:HeartsMalice":0,"Omamori":24,"Letter Opener":34,"MawBank":48,"Mercury Hourglass":24,"Calling Bell":34,"FossilizedHelix":6,"bronze:MakeshiftBattery":17,"Toy Ornithopter":34},{"Lantern":27,"Torii":13,"Vajra":17,"downfall:HeartBlessingGreen":8,"StoneCalendar":16,"Mango":23,"Bag of Preparation":27,"Bottled Tornado":27,"Guardian:PickAxe":29,"Nunchaku":30,"Matryoshka":13,"downfall:HeartBlessingBlue":8,"Strawberry":5,"Potion Belt":16,"Guardian:ModeShifter":0,"Oddly Smooth Stone":19,"downfall:HeartsMalice":0,"Omamori":16,"Letter Opener":23,"MawBank":32,"Mercury Hourglass":16,"Calling Bell":23,"FossilizedHelix":4,"bronze:MakeshiftBattery":11,"Toy Ornithopter":23},{"Lantern":127,"Torii":58,"Vajra":81,"downfall:HeartBlessingGreen":32,"StoneCalendar":77,"Mango":110,"Bag of Preparation":127,"Bottled Tornado":127,"Guardian:PickAxe":136,"Nunchaku":141,"Matryoshka":58,"downfall:HeartBlessingBlue":32,"Strawberry":19,"Potion Belt":77,"Guardian:ModeShifter":0,"Oddly Smooth Stone":88,"downfall:HeartsMalice":0,"Omamori":77,"Letter Opener":110,"MawBank":149,"Mercury Hourglass":77,"Calling Bell":110,"FossilizedHelix":14,"bronze:MakeshiftBattery":47,"Toy Ornithopter":110}],"Toy Ornithopter":5,"Mercury Hourglass":[279]},"card_choices":[{"not_picked":["Guardian:Suspension","Guardian:Gem_Green"],"picked":"Guardian:FloatingOrbs","floor":2},{"not_picked":["Guardian:TemporalStrike","Guardian:Suspension"],"picked":"Guardian:EvasiveProtocol","floor":3},{"not_picked":["Guardian:TemporalStrike","Guardian:GuardianWhirl"],"picked":"Guardian:ArmoredProtocol","floor":5},{"not_picked":["Guardian:TemporalShield","Guardian:Reroute"],"picked":"Guardian:StasisField","floor":6},{"not_picked":["Guardian:Recover","Guardian:ShieldCharger"],"picked":"Guardian:ChargeCore","floor":8},{"not_picked":["Guardian:DonusPower","Guardian:MultiBeam"],"picked":"Guardian:Gem_Fragmented","floor":9},{"not_picked":["Guardian:CrystalBeam","Guardian:Orbwalk"],"picked":"Guardian:Gem_Green","floor":10},{"not_picked":["Guardian:Gem_Blue","Guardian:Gem_Lightblue"],"picked":"Guardian:GuardianWhirl","floor":12},{"not_picked":["Guardian:Suspension","Guardian:TemporalShield"],"picked":"Guardian:TemporalStrike","floor":14},{"not_picked":["Guardian:Suspension","Guardian:BronzeArmor"],"picked":"Guardian:Planning","floor":15},{"not_picked":["Guardian:FastForward","Guardian:StasisField"],"picked":"Guardian:FierceBash","floor":16},{"not_picked":["Guardian:Suspension","Guardian:Gem_Lightblue"],"picked":"Guardian:FloatingOrbs+1","floor":19},{"not_picked":["Guardian:WalkerClaw","Guardian:Incinerate"],"picked":"Guardian:Gem_Yellow","floor":20},{"not_picked":["Guardian:Reroute+1","Guardian:Clone+1"],"picked":"Guardian:PiercingHide+1","floor":21},{"not_picked":["Guardian:ExploitGems","Guardian:Reroute"],"picked":"Guardian:BronzeArmor","floor":22},{"not_picked":["Guardian:ChargeCore","Guardian:ExploitGems"],"picked":"Guardian:RollAttack+1","floor":23},{"not_picked":["Guardian:Harden","Guardian:RefractedBeam"],"picked":"Guardian:Gem_Green","floor":27},{"not_picked":["Guardian:SentryBeam","Guardian:WalkerClaw+1"],"picked":"Guardian:FloatingOrbs+1","floor":28},{"not_picked":["Guardian:VentSteam+1","Guardian:ChargeCore"],"picked":"Guardian:FierceBash","floor":29},{"not_picked":["Guardian:CrystalBeam","Guardian:Planning","Guardian:VentSteam"],"picked":"SKIP","floor":30},{"not_picked":["Guardian:Repulse","Guardian:Gem_Green"],"picked":"Guardian:Gem_Lightblue","floor":31},{"not_picked":["Guardian:ExploitGems","Guardian:Gem_Lightblue"],"picked":"Guardian:TimeCapacitor","floor":32},{"not_picked":["Guardian:AncientConstruct","Guardian:ExploitGems"],"picked":"Guardian:FastForward","floor":33},{"not_picked":["Guardian:PrismaticBeam+1","Guardian:Preprogram"],"picked":"Guardian:BodySlam","floor":36},{"not_picked":["Guardian:Gem_Red","Guardian:TemporalStrike"],"picked":"Guardian:Orbwalk+1","floor":37},{"not_picked":["Guardian:Orbwalk","Guardian:ChargeCore"],"picked":"Guardian:DonusPower","floor":39},{"not_picked":["Guardian:RefractedBeam+1","Guardian:CrystalBeam"],"picked":"Guardian:Gem_Red","floor":40},{"not_picked":["Guardian:DonusPower","Guardian:FierceBash"],"picked":"Guardian:Gem_Red","floor":42},{"not_picked":["Guardian:FierceBash","Guardian:Gem_Lightblue"],"picked":"Guardian:PrismaticBarrier+1","floor":43},{"not_picked":["Guardian:DonusPower+1","Guardian:Incinerate"],"picked":"Guardian:BodySlam+1","floor":45},{"not_picked":["Guardian:WalkerClaw+1","Guardian:Incinerate+1"],"picked":"Guardian:BronzeOrb+1","floor":46},{"not_picked":["Guardian:PrismaticBarrier+1","Guardian:RefractedBeam+1","Guardian:TemporalStrike"],"picked":"SKIP","floor":48},{"not_picked":["Guardian:Gem_Lightblue","Guardian:WalkerClaw"],"picked":"Guardian:Gem_White","floor":49}],"player_experience":1164929,"relics_obtained":[{"floor":6,"key":"FossilizedHelix"},{"floor":8,"key":"Strawberry"},{"floor":20,"key":"Torii"},{"floor":20,"key":"Matryoshka"},{"floor":23,"key":"Potion Belt"},{"floor":24,"key":"Omamori"},{"floor":24,"key":"Mercury Hourglass"},{"floor":29,"key":"Oddly Smooth Stone"},{"floor":34,"key":"Toy Ornithopter"},{"floor":34,"key":"Letter Opener"},{"floor":34,"key":"Mango"},{"floor":41,"key":"Lantern"},{"floor":41,"key":"Bottled Tornado"},{"floor":45,"key":"Nunchaku"},{"floor":48,"key":"MawBank"}],"event_choices":[{"cards_removed":["Guardian:FierceBash"],"damage_healed":1,"gold_gain":0,"player_choice":"Offered Rare","damage_taken":0,"max_hp_gain":10,"max_hp_loss":0,"event_name":"Bonfire Elementals","floor":38,"gold_loss":0}],"is_beta":false,"boss_relics":[{"not_picked":["SacredBark","Guardian:StasisSlotReductionRelic"],"picked":"bronze:MakeshiftBattery"},{"not_picked":["Empty Cage","Astrolabe"],"picked":"Calling Bell"}],"items_purged_floors":[27,43],"is_endless":false,"potions_floor_spawned":[6,8,10,14,15,19,20,22,23,28,33,42,45,49],"ascension_level":1}}