{"host":"aapp7ew3jk5k1bvd","time":1612530808,"event":{"mods":["AchievementEnabler","BaseMod","Colored Map","Minty Spire (QoL Compilation)","Permanent Neow","StSLib","SuperFastMode"],"gold_per_floor":[113,113,132,144,15,15,17,17,17,17,49,63,63,63,63,63,63],"floor_reached":16,"language":"KOR","playtime":275,"items_purged":["Decay"],"score":155,"play_id":"d2a2fa47-5209-4e69-9161-accfdea71c21","local_time":"20210205221328","is_ascension_mode":true,"campfire_choices":[{"data":"Limit Break","floor":6.0,"key":"SMITH"},{"floor":8.0,"key":"REST"},{"floor":15,"key":"REST"}],"circlet_count":0,"master_deck":["AscendersBane","Strike_R","Strike_R","Strike_R","Strike_R","Strike_R","Defend_R","Defend_R","Defend_R","Defend_R","Bash","Limit Break+1","Sword Boomerang"],"relics":["Burning Blood","Meat on the Bone","WarpedTongs","Prayer Wheel"],"acts_visited":["Exordium"],"potions_floor_usage":[],"damage_taken":[{"damage":7.0,"enemies":"Small Slimes","floor":1.0,"turns":4.0},{"damage":8.0,"enemies":"Cultist","floor":3.0,"turns":4.0},{"damage":18.0,"enemies":"Jaw Worm","floor":4.0,"turns":5.0},{"damage":30.0,"enemies":"Exordium Thugs","floor":7.0,"turns":5.0},{"damage":53.0,"enemies":"Lagavulin","floor":11.0,"turns":9.0},{"damage":12.0,"enemies":"Red Slaver","floor":12.0,"turns":4.0},{"damage":33,"enemies":"Slime Boss","floor":16,"turns":5}],"seed_played":"636554079130718687","potions_obtained":[{"floor":1.0,"key":"LiquidBronze"},{"floor":4.0,"key":"FearPotion"}],"is_trial":false,"path_per_floor":["M","?","M","M","$","R","M","R","T","?","E","M","$","?","R","B"],"character_chosen":"IRONCLAD","items_purchased":["Sword Boomerang"],"campfire_rested":2,"item_purchase_floors":[5],"current_hp_per_floor":[71,71,69,57,57,57,33,57,57,57,22,28,28,28,52,19,19],"gold":63,"neow_bonus":"ONE_RANDOM_RARE_CARD","is_daily":false,"chose_seed":false,"campfire_upgraded":1,"win_rate":0.0,"timestamp":1612530808,"path_taken":["M","?","?","M","$","R","M","R","T","?","E","M","$","?","R","BOSS"],"items_purchased_type":["Card"],"build_version":"2020-12-22","purchased_purges":1,"victory":false,"max_hp_per_floor":[80,80,80,80,80,80,80,80,80,80,80,80,80,80,80,80,80],"card_choices":[{"not_picked":["Combust","Burning Pact","Headbutt"],"picked":"SKIP","floor":1.0},{"not_picked":["Headbutt","Armaments","Blood for Blood"],"picked":"SKIP","floor":3.0},{"not_picked":["Carnage","Infernal Blade","Combust"],"picked":"SKIP","floor":4.0},{"not_picked":["Heavy Blade","Cleave","True Grit"],"picked":"SKIP","floor":7.0},{"not_picked":["Combust","Thunderclap","Infernal Blade"],"picked":"SKIP","floor":11.0},{"not_picked":["Disarm","Twin Strike","Cleave"],"picked":"SKIP","floor":12},{"not_picked":["Disarm","Uppercut","Infernal Blade"],"picked":"SKIP","floor":12}],"player_experience":1319682,"relics_obtained":[{"floor":9.0,"key":"Meat on the Bone"},{"floor":11.0,"key":"Prayer Wheel"}],"event_choices":[{"damage_healed":0.0,"max_hp_gain":0.0,"max_hp_loss":0.0,"gold_gain":0.0,"event_name":"Wheel of Change","player_choice":"Cursed","floor":2.0,"gold_loss":0.0,"damage_taken":0.0,"cards_obtained":["Decay"]},{"damage_healed":0.0,"max_hp_gain":0.0,"max_hp_loss":0.0,"gold_gain":0.0,"event_name":"Accursed Blacksmith","player_choice":"Rummage","floor":10.0,"gold_loss":0.0,"damage_taken":0.0,"relics_obtained":["WarpedTongs"],"cards_obtained":["Pain"]},{"cards_removed":["Pain"],"damage_healed":0,"gold_gain":0,"player_choice":"Purged","damage_taken":0,"max_hp_gain":0,"max_hp_loss":0,"event_name":"Purifier","floor":14,"gold_loss":0}],"is_beta":false,"boss_relics":[],"items_purged_floors":[5],"is_endless":false,"potions_floor_spawned":[1,4,7],"killed_by":"Slime Boss","ascension_level":11}}