{"host":"uceopoba4zvqsgiy","time":1612542880,"event":{"mods":["2.2 Compatiblity","Act Like it!","BaseMod","Better Skull","Better Third Choice","Elementarium","Evolution","GifTheSpireLib","Hermit","Humility","Infinite Spire","Jorbs\u0027s Wanderer Trilogy","Marked Mod","Minty Spire (QoL Compilation)","Potionbrewer","Reliquary","Replay The Spire","Robot Space Explorer","Shade Mod","Spicy Shops","StS++","StSLib","Stuff the Spire","The Blue Laboratory","The Caster","The Cursed","The Dragon Tamer","The Hierophant","The Judge","The Jungle","TheSurvivalist","Wandering Minibosses"],"gold_per_floor":[216,116,131,131,206,196,196],"floor_reached":6,"language":"ENG","playtime":404,"items_purged":[],"score":43,"play_id":"772cae3e-1bf5-47a9-9c39-7f34592da7e3","local_time":"20210206030440","is_ascension_mode":true,"campfire_choices":[],"circlet_count":0,"master_deck":["WordoMod:StrikeCard","WordoMod:StrikeCard","WordoMod:StrikeCard","WordoMod:StrikeCard","WordoMod:DefendCard","WordoMod:DefendCard","WordoMod:DefendCard","WordoMod:DefendCard","WordoMod:Accursed","WordoMod:IllWill","WordoMod:BloodThinning","Shame","WordoMod:Parry"],"relics":["WordoMod:Obsidian","WordoMod:Effigy","EVO:Axolotl","Quantum Egg"],"acts_visited":["Exordium"],"potions_floor_usage":[3],"damage_taken":[{"damage":6,"enemies":"2 Louse","floor":1,"turns":2},{"damage":17,"enemies":"Jaw Worm","floor":3,"turns":3},{"damage":66,"enemies":"Gremlin Nob","floor":6,"turns":4}],"seed_played":"-4821357323300668192","potions_obtained":[{"floor":1,"key":"Explosive Potion"}],"is_trial":false,"path_per_floor":["M","$","M","$","?","E"],"character_chosen":"JUDGE_CLASS","items_purchased":["Quantum Egg"],"campfire_rested":0,"item_purchase_floors":[2],"current_hp_per_floor":[69,69,52,52,41,0,0],"gold":196,"neow_bonus":"HUNDRED_GOLD","is_daily":false,"chose_seed":false,"campfire_upgraded":0,"win_rate":0.0,"timestamp":1612542880,"path_taken":["M","$","M","$","?","E"],"items_purchased_type":["Relic"],"build_version":"2020-12-22","purchased_purges":0,"victory":false,"max_hp_per_floor":[75,75,75,75,75,75,75],"card_choices":[{"not_picked":["WordoMod:Sacrilege","WordoMod:WillOWisp"],"picked":"WordoMod:BloodThinning","floor":1},{"not_picked":["WordoMod:Resurrection","WordoMod:Combo"],"picked":"WordoMod:Parry","floor":3}],"player_experience":1774940,"relics_obtained":[],"event_choices":[{"damage_healed":0,"gold_gain":75,"player_choice":"Gold","damage_taken":11,"max_hp_gain":0,"max_hp_loss":0,"event_name":"betterThird:BetterGoop","floor":5,"gold_loss":0}],"is_beta":false,"boss_relics":[],"items_purged_floors":[],"is_endless":false,"potions_floor_spawned":[1],"killed_by":"Gremlin Nob","ascension_level":5,"is_humility":true}}