{"host":"w4b7hmige5bnqipq","time":1612545285,"event":{"mods":["2.2 Compatiblity","BaseMod","Colored Map","DeckTracker","Keyboard Shortcuts","Minty Spire (QoL Compilation)","Permanent Neow","Rare Cards Sparkle","SuperFastMode","everything is the same but u backflip on backflip","slay the spire mod where everything is the same but ironclad has a cowboy hat"],"gold_per_floor":[113,124,141,155,173,207,207,241,241,271,271,301,26,36,36,110,110,123,48,58,58,73,73,73,73],"floor_reached":24,"language":"KOR","playtime":800,"items_purged":[],"score":456,"play_id":"5c047fd7-63bf-4315-a67c-604be4b131f9","local_time":"20210206021445","is_ascension_mode":true,"campfire_choices":[{"data":"Uppercut","floor":7.0,"key":"SMITH"},{"data":"Barricade","floor":11.0,"key":"SMITH"},{"data":"Infernal Blade","floor":15.0,"key":"SMITH"},{"data":"Offering","floor":23,"key":"SMITH"}],"circlet_count":0,"master_deck":["AscendersBane","Strike_R","Strike_R","Strike_R","Strike_R","Defend_R","Defend_R","Defend_R","Defend_R","Bash","Infernal Blade+1","Uppercut+1","Power Through","Headbutt","Thunderclap+1","Barricade+1","Whirlwind+1","Battle Trance","Pommel Strike+1","Offering+1","Power Through","Armaments+1"],"relics":["Burning Blood","Gambling Chip","Molten Egg 2","Omamori","Happy Flower","Letter Opener","White Beast Statue","SacredBark","Nloth\u0027s Gift"],"acts_visited":["Exordium","TheCity"],"potions_floor_usage":[20,22,24,24],"damage_taken":[{"damage":2.0,"enemies":"Cultist","floor":1.0,"turns":4.0},{"damage":1.0,"enemies":"2 Louse","floor":2.0,"turns":2.0},{"damage":0.0,"enemies":"Small Slimes","floor":3.0,"turns":2.0},{"damage":4.0,"enemies":"Red Slaver","floor":4.0,"turns":5.0},{"damage":3.0,"enemies":"Large Slime","floor":5.0,"turns":4.0},{"damage":19.0,"enemies":"3 Sentries","floor":6.0,"turns":8.0},{"damage":6.0,"enemies":"Gremlin Nob","floor":8.0,"turns":3.0},{"damage":32.0,"enemies":"Lagavulin","floor":10.0,"turns":8.0},{"damage":6.0,"enemies":"Gremlin Nob","floor":12.0,"turns":3.0},{"damage":0.0,"enemies":"Lots of Slimes","floor":14.0,"turns":1.0},{"damage":31.0,"enemies":"Hexaghost","floor":16.0,"turns":9.0},{"damage":18.0,"enemies":"Spheric Guardian","floor":18.0,"turns":5.0},{"damage":6,"enemies":"Chosen","floor":20,"turns":5},{"damage":10,"enemies":"Snake Plant","floor":22,"turns":2},{"damage":40,"enemies":"Book of Stabbing","floor":24,"turns":5}],"seed_played":"5322088209176781115","potions_obtained":[{"floor":4.0,"key":"Dexterity Potion"},{"floor":5.0,"key":"FearPotion"},{"floor":6.0,"key":"SteroidPotion"},{"floor":14.0,"key":"SteroidPotion"},{"floor":16.0,"key":"ElixirPotion"},{"floor":18.0,"key":"EssenceOfSteel"},{"floor":20,"key":"AttackPotion"},{"floor":22,"key":"Swift Potion"}],"is_trial":false,"path_per_floor":["M","M","M","M","M","E","R","E","T","E","R","E","$","M","R","B",null,"M","?","M","?","M","R","E"],"character_chosen":"IRONCLAD","items_purchased":["White Beast Statue"],"campfire_rested":0,"item_purchase_floors":[13],"current_hp_per_floor":[68,68,68,68,68,55,55,55,55,29,29,29,29,35,35,10,54,42,42,42,42,38,38,0,0],"gold":73,"neow_bonus":"ONE_RARE_RELIC","is_daily":false,"chose_seed":false,"campfire_upgraded":4,"win_rate":0.0,"timestamp":1612545285,"path_taken":["M","M","?","M","M","E","R","E","T","E","R","E","$","M","R","BOSS","M","?","M","?","M","R","E"],"items_purchased_type":["Relic"],"build_version":"2020-12-22","purchased_purges":0,"victory":false,"max_hp_per_floor":[68,68,68,68,68,68,68,68,68,68,68,68,68,68,68,68,68,68,68,68,68,68,68,68,68],"card_choices":[{"not_picked":["Perfected Strike","True Grit"],"picked":"Infernal Blade","floor":1.0},{"not_picked":["Fire Breathing","Thunderclap"],"picked":"Uppercut","floor":2.0},{"not_picked":["Combust","Intimidate"],"picked":"Power Through","floor":3.0},{"not_picked":["Heavy Blade","Body Slam"],"picked":"Headbutt","floor":4.0},{"not_picked":["True Grit","Clothesline","Clash"],"picked":"SKIP","floor":5.0},{"not_picked":["Rampage+1","Havoc"],"picked":"Thunderclap+1","floor":6.0},{"not_picked":["Sword Boomerang+1","Inflame"],"picked":"Barricade","floor":8.0},{"not_picked":["Sentinel","Hemokinesis+1"],"picked":"Whirlwind+1","floor":10.0},{"not_picked":["Iron Wave+1","Anger+1"],"picked":"Battle Trance","floor":12.0},{"not_picked":["Pummel+1","Headbutt+1"],"picked":"Pommel Strike+1","floor":14.0},{"not_picked":["Bludgeon+1","Immolate+1"],"picked":"Offering","floor":16.0},{"not_picked":["Cleave+1","Dual Wield"],"picked":"Power Through","floor":18.0},{"not_picked":["Clothesline+1","Power Through","Anger+1"],"picked":"SKIP","floor":20},{"not_picked":["Dual Wield","Warcry"],"picked":"Armaments+1","floor":22}],"player_experience":711755,"relics_obtained":[{"floor":6.0,"key":"Molten Egg 2"},{"floor":8.0,"key":"Anchor"},{"floor":9.0,"key":"Omamori"},{"floor":10.0,"key":"Happy Flower"},{"floor":12.0,"key":"Letter Opener"}],"event_choices":[{"cards_removed":["Strike_R"],"damage_healed":0.0,"max_hp_gain":0.0,"max_hp_loss":0.0,"gold_gain":0.0,"event_name":"Beggar","player_choice":"Gave Gold","floor":19.0,"gold_loss":75.0,"damage_taken":0.0},{"damage_healed":0,"gold_gain":0,"player_choice":"Traded Relic","damage_taken":0,"relics_obtained":["Nloth\u0027s Gift"],"max_hp_gain":0,"max_hp_loss":0,"event_name":"N\u0027loth","floor":21,"relics_lost":["Anchor"],"gold_loss":0}],"is_beta":false,"boss_relics":[{"not_picked":["Black Star","Empty Cage"],"picked":"SacredBark"}],"items_purged_floors":[],"is_endless":false,"potions_floor_spawned":[4,5,6,14,16,18,20,22],"killed_by":"Book of Stabbing","ascension_level":20}}