{"host":"0t49mrxx90xkfqmj","time":1612568112,"event":{"mods":["AchievementEnabler","BaseMod","Colored Map","Colored Powertips","Minty Spire (QoL Compilation)","Relic Stats","Synergy Search"],"gold_per_floor":[115,133,148,106,106,134,134,166,189,206,236,255,282,293,293,293,293],"floor_reached":16,"language":"ENG","playtime":1358,"items_purged":[],"score":139,"play_id":"79f23e86-1845-4ddf-89f6-3f8b6d781857","local_time":"20210206013512","is_ascension_mode":true,"campfire_choices":[{"floor":7.0,"key":"REST"},{"floor":15,"key":"REST"}],"circlet_count":0,"master_deck":["Strike_R","Strike_R","Strike_R","Strike_R","Strike_R","Defend_R","Defend_R","Defend_R","Bash","Warcry","Twin Strike","Twin Strike","Warcry","Twin Strike"],"relics":["Busted Crown","Strawberry","Anchor","Juzu Bracelet","Shovel"],"acts_visited":["Exordium"],"potions_floor_usage":[13,15],"damage_taken":[{"damage":0.0,"enemies":"Cultist","floor":1.0,"turns":2.0},{"damage":1.0,"enemies":"Jaw Worm","floor":2.0,"turns":3.0},{"damage":0.0,"enemies":"Small Slimes","floor":3.0,"turns":3.0},{"damage":35.0,"enemies":"3 Sentries","floor":6.0,"turns":9.0},{"damage":10.0,"enemies":"Lagavulin","floor":8.0,"turns":3.0},{"damage":0.0,"enemies":"Gremlin Gang","floor":10.0,"turns":4.0},{"damage":30.0,"enemies":"3 Sentries","floor":11.0,"turns":8.0},{"damage":0,"enemies":"Looter","floor":12,"turns":2},{"damage":16,"enemies":"Gremlin Nob","floor":13,"turns":3},{"damage":7,"enemies":"Blue Slaver","floor":14,"turns":3},{"damage":50,"enemies":"The Guardian","floor":16,"turns":8}],"seed_played":"1363696835183588707","potions_obtained":[{"floor":3.0,"key":"BlessingOfTheForge"},{"floor":6.0,"key":"Fire Potion"},{"floor":11.0,"key":"LiquidMemories"},{"floor":14,"key":"BloodPotion"}],"is_trial":false,"path_per_floor":["M","M","M","?","?","E","R","E","T","M","E","M","E","M","R","B"],"character_chosen":"IRONCLAD","items_purchased":[],"campfire_rested":2,"item_purchase_floors":[],"current_hp_per_floor":[80,79,79,79,79,51,77,67,67,67,37,37,21,14,57,7,7],"gold":293,"neow_bonus":"BOSS_RELIC","is_daily":false,"chose_seed":false,"campfire_upgraded":0,"win_rate":0.0,"timestamp":1612568112,"path_taken":["M","M","?","?","?","E","R","E","T","M","E","M","E","M","R","BOSS"],"items_purchased_type":[],"build_version":"2020-12-22","purchased_purges":0,"victory":false,"max_hp_per_floor":[80,80,80,80,80,87,87,87,87,87,87,87,87,87,87,87,87],"relic_stats":{"Busted Crown":22,"Shovel":0,"counters":[11,48],"Juzu Bracelet":0,"obtain_stats":[{"Anchor":8,"Busted Crown":0,"Shovel":13,"Strawberry":6,"Juzu Bracelet":11,"Burning Blood":0},{"Anchor":5,"Busted Crown":0,"Shovel":9,"Strawberry":4,"Juzu Bracelet":7,"Burning Blood":0},{"Anchor":20,"Busted Crown":0,"Shovel":37,"Strawberry":17,"Juzu Bracelet":32,"Burning Blood":0}]},"card_choices":[{"not_picked":[],"picked":"Warcry","floor":1.0},{"not_picked":[],"picked":"Twin Strike","floor":2.0},{"not_picked":["Flex"],"picked":"SKIP","floor":3.0},{"not_picked":[],"picked":"Twin Strike","floor":6.0},{"not_picked":[],"picked":"Warcry","floor":8.0},{"not_picked":["Armaments"],"picked":"SKIP","floor":10.0},{"not_picked":[],"picked":"Twin Strike","floor":11.0},{"not_picked":["Uppercut"],"picked":"SKIP","floor":12},{"not_picked":["Havoc"],"picked":"SKIP","floor":13},{"not_picked":["Reckless Charge"],"picked":"SKIP","floor":14}],"player_experience":187853,"relics_obtained":[{"floor":6.0,"key":"Strawberry"},{"floor":8.0,"key":"Anchor"},{"floor":11.0,"key":"Juzu Bracelet"},{"floor":13,"key":"Shovel"}],"event_choices":[{"damage_healed":0.0,"max_hp_gain":0.0,"max_hp_loss":0.0,"gold_gain":0.0,"event_name":"World of Goop","player_choice":"Left Gold","floor":4.0,"gold_loss":42.0,"damage_taken":0.0},{"cards_removed":["Defend_R"],"damage_healed":0.0,"max_hp_gain":0.0,"max_hp_loss":0.0,"gold_gain":0.0,"event_name":"Purifier","player_choice":"Purged","floor":5.0,"gold_loss":0.0,"damage_taken":0.0}],"is_beta":false,"boss_relics":[],"items_purged_floors":[],"is_endless":false,"potions_floor_spawned":[3,6,11,14],"killed_by":"The Guardian","ascension_level":1}}