{"host":"1sffrtwlowhx7ota","time":1612505949,"event":{"mods":["2.2 Compatiblity","Abigail Mod","AchievementEnabler","Aspiration","BaseMod","Better Altar","Better Match","Better Note","Better Sensory Stone","Better Skull","Better Synergies","Better Third Choice","BetterRewards","Colored Map","Colored Powertips","Defuse TimeMaze Blight","Displayed Cursed Tome","Downfall","Downfall-Rebalance","Gold Saver","Hubris","Infinite Spire","Minty Spire (QoL Compilation)","Permanent Neow","Poor People Problems","Quick Restart","Rare Cards Sparkle","Relic Sorter","Remove Card Discount Mod","Spicy Shops","StSLib","The Blue Laboratory","The Exalted","The Marked","The Vixen","Uncapped","Weighted Paths"],"gold_per_floor":[185,185,38,48,48,74,89,115,141,161,102,102,102,117,117,213,213,194,214,59,77,77,77,111,131,181,181,197,211,211,211],"floor_reached":30,"language":"ENG","playtime":1320,"items_purged":["Doubt","Strike_B","Defend_B","Dualcast","Strike_B"],"score":328,"play_id":"ee51fff4-0971-4701-9ade-19222ea6b631","local_time":"20210205011909","is_ascension_mode":true,"campfire_choices":[{"floor":12,"key":"REST"},{"data":"Defragment","floor":12,"key":"SMITH"},{"floor":15,"key":"REST"},{"data":"Conserve Battery","floor":15,"key":"SMITH"},{"floor":23,"key":"REST"},{"data":"Beam Cell","floor":23,"key":"SMITH"}],"circlet_count":0,"master_deck":["Strike_B","Strike_B","Defend_B","Defend_B","Defend_B","Zap","Leap","CurseOfTheBell","CurseOfTheBell","Meteor Strike","Beam Cell+1","Ball Lightning","Conserve Battery+1","Defragment+1","Defragment+1","Cold Snap","Core Surge","Pain","Biased Cognition"],"relics":["FrozenCore","aspiration:Nostalgia","champ:ChampionCrown","downfall:ExtraCursedBell","infinitespire:Beetle Shell","hubris:CrystalStatue","infinitespire:Magic Flask","Tiny Chest","hubris:Towel","Toy Ornithopter","Bromod:ArcaneTempo","Happy Flower","Sling","WarpedTongs","hubris:TenFootPole","infinitespire:PuzzleCube","infinitespire:Bottled Soul"],"acts_visited":["Exordium","TheCity"],"potions_floor_usage":[6,8,18,19,28,28,29],"damage_taken":[{"damage":2,"enemies":"2 Louse","floor":1,"turns":3},{"damage":0,"enemies":"Small Slimes","floor":4,"turns":4},{"damage":20,"enemies":"Gremlin Nob","floor":6,"turns":4},{"damage":6,"enemies":"Cultist","floor":7,"turns":3},{"damage":17,"enemies":"3 Sentries","floor":8,"turns":8},{"damage":16,"enemies":"Exordium Thugs","floor":10,"turns":5},{"damage":10,"enemies":"Looter","floor":14,"turns":2},{"damage":0,"enemies":"The Guardian","floor":16,"turns":11},{"damage":24,"enemies":"2 Thieves","floor":18,"turns":4},{"damage":0,"enemies":"Shell Parasite","floor":19,"turns":7},{"damage":20,"enemies":"Centurion and Healer","floor":21,"turns":13},{"damage":10,"enemies":"Nightmare","floor":24,"turns":9},{"damage":12,"enemies":"Sentry and Sphere","floor":25,"turns":8},{"damage":2,"enemies":"3 Cultists","floor":28,"turns":4},{"damage":7,"enemies":"Cultist and Chosen","floor":29,"turns":7},{"damage":47,"enemies":"Slavers","floor":30,"turns":4}],"seed_played":"4949311943647618504","potions_obtained":[{"floor":1,"key":"SteroidPotion"},{"floor":7,"key":"champ:CounterPotion"},{"floor":10,"key":"Block Potion"},{"floor":14,"key":"AttackPotion"},{"floor":19,"key":"blueLaboratory:BottledHope"},{"floor":21,"key":"blueLaboratory:NullPotion"},{"floor":28,"key":"Slimebound:ThreeZeroPotion"}],"is_trial":false,"path_per_floor":["M","?","$","M","?","E","M","E","T","M","$","R","?","M","R","B",null,"M","M","$","M","?","R","NM","M","T","T","M","M","E"],"character_chosen":"DEFECT","items_purchased":["Tiny Chest","Defragment","Sling"],"campfire_rested":3,"item_purchase_floors":[3,11,20],"current_hp_per_floor":[73,73,73,73,73,53,47,35,35,19,19,41,41,31,53,53,75,51,56,56,36,36,58,48,36,36,36,44,42,0,0],"gold":211,"neow_bonus":"NOSTALGIA","is_daily":false,"chose_seed":false,"campfire_upgraded":3,"win_rate":0.0,"timestamp":1612505949,"path_taken":["M","?","$","M","?","E","M","E","T","M","$","R","?","M","R","BOSS","M","M","$","M","?","R","NM","M","T","?","?","M","E"],"items_purchased_type":["Relic","Card","Relic"],"build_version":"2020-12-22","purchased_purges":5,"victory":false,"max_hp_per_floor":[75,75,75,75,75,75,75,75,75,75,75,75,75,75,75,75,75,75,75,75,75,75,75,75,75,75,75,75,75,75,75],"card_choices":[{"not_picked":["Barrage","Static Discharge"],"picked":"Leap","floor":1},{"not_picked":["Self Repair","Barrage"],"picked":"Beam Cell","floor":4},{"not_picked":["Heatsinks","Static Discharge","Redo"],"picked":"SKIP","floor":6},{"not_picked":["Streamline","Go for the Eyes"],"picked":"Ball Lightning","floor":7},{"not_picked":["Barrage","Coolheaded"],"picked":"Conserve Battery","floor":8},{"not_picked":["Force Field","Consume"],"picked":"Defragment","floor":10},{"not_picked":["Leap","Reboot"],"picked":"Cold Snap","floor":14},{"not_picked":["Reboot","hubris:SpecializedCircuitry"],"picked":"Core Surge","floor":16},{"not_picked":["Beam Cell+1","Redo","Leap"],"picked":"SKIP","floor":18},{"not_picked":["Coolheaded+1","Leap+1","Compile Driver"],"picked":"SKIP","floor":19},{"not_picked":["Stack+1","Redo","Steam"],"picked":"SKIP","floor":21},{"not_picked":["Compile Driver+1","Undo"],"picked":"Biased Cognition","floor":24},{"not_picked":["Go for the Eyes","Heatsinks","Barrage+1"],"picked":"SKIP","floor":25},{"not_picked":["Doom and Gloom+1","Heatsinks","Go for the Eyes"],"picked":"SKIP","floor":28},{"not_picked":["Beam Cell+1","Consume","Storm"],"picked":"SKIP","floor":29}],"player_experience":941205,"relics_obtained":[{"floor":2,"key":"infinitespire:Beetle Shell"},{"floor":2,"key":"hubris:CrystalStatue"},{"floor":2,"key":"infinitespire:Magic Flask"},{"floor":6,"key":"Toy Ornithopter"},{"floor":8,"key":"Bromod:ArcaneTempo"},{"floor":9,"key":"Happy Flower"},{"floor":24,"key":"hubris:TenFootPole"},{"floor":26,"key":"infinitespire:PuzzleCube"},{"floor":27,"key":"infinitespire:Bottled Soul"}],"event_choices":[{"damage_healed":0,"gold_gain":0,"player_choice":"Grow","damage_taken":0,"max_hp_gain":0,"max_hp_loss":0,"event_name":"Living Wall","floor":13,"gold_loss":0,"cards_upgraded":["Defragment"]},{"damage_healed":0,"gold_gain":0,"player_choice":"Rummage","damage_taken":0,"relics_obtained":["WarpedTongs"],"max_hp_gain":0,"max_hp_loss":0,"event_name":"Accursed Blacksmith","floor":22,"gold_loss":0,"cards_obtained":["Pain"]}],"is_beta":false,"boss_relics":[{"not_picked":["hubris:CrackedHourglass","Runic Pyramid"],"picked":"FrozenCore"}],"items_purged_floors":[3,11,11,20,20],"is_endless":false,"potions_floor_spawned":[1,7,10,14,19,21,28],"killed_by":"Slavers","ascension_level":1}}