{"host":"630px4nyj50z5id8","time":1612522059,"event":{"mods":["BaseMod","Colored Powertips","Downfall","Minty Spire (QoL Compilation)","Quick Restart","Replay The Spire","StSLib","Waifu the Spire"],"gold_per_floor":[113,123,143,162,180,213,213,239,314,646,696,696,706,719,719,793,793,806,818,832,40,40,70,86,96,171,182,195,229,229,242,242,316,316,335,354,372,272,284,312,329,329,403,7,19,48,48,150,150,150],"floor_reached":51,"language":"ZHS","playtime":2771,"items_purged":["Strike_G","Strike_G","Strike_G"],"score":2124,"play_id":"f57eabe1-703e-407f-8364-d93e11162253","local_time":"20210205184739","is_ascension_mode":true,"campfire_choices":[{"floor":7.0,"key":"REST"},{"floor":15.0,"key":"REST"},{"floor":30.0,"key":"DIG"},{"floor":32.0,"key":"DIG"},{"data":"Strike_G","floor":42,"key":"PURGE"},{"floor":49,"key":"DIG"}],"circlet_count":0,"master_deck":["Apotheosis+1","Defend_G","Defend_G","Defend_G","Defend_G","Defend_G","Survivor","Neutralize+1","Deadly Poison","PiercingWail","Dash+1","Crippling Poison","Footwork","Footwork","Deflect","Deadly Poison","Corpse Explosion","Draining Mist+1","Acrobatics","Reflex","ReplayTheSpireMod:Speed Training","Replay:Poison Smokescreen","Adrenaline","Acrobatics","Bouncing Flask+1","Tools of the Trade","ReplayTheSpireMod:Speed Training","Prepared","Escape Plan","Acrobatics+1","Acrobatics","Well Laid Plans","After Image","Pot Of Greed","Pot Of Greed","Pot Of Greed","Atom Bomb+1","Reflex+1","Reflex","Pot Of Greed","Replay:Poison Smokescreen"],"relics":["Fusion Hammer","Strawberry","Boot","Molten Egg 2","Old Coin","ReplayTheSpireMod:Shallot","Sozu","Replay:Baseball","ClockworkSouvenir","Replay:Multitool","Ninja Scroll","Shuriken","Bird Faced Urn","PreservedInsect","MealTicket","Runic Pyramid","Gambling Chip","Bottled Tornado","TwistedFunnel","Grinning Jar","Whetstone"],"acts_visited":["TheCity","TheBeyond"],"potions_floor_usage":[50,50],"damage_taken":[{"damage":3.0,"enemies":"Cultist","floor":1.0,"turns":5.0},{"damage":1.0,"enemies":"2 Louse","floor":2.0,"turns":3.0},{"damage":0.0,"enemies":"Jaw Worm","floor":3.0,"turns":4.0},{"damage":0.0,"enemies":"Lots of Slimes","floor":4.0,"turns":5.0},{"damage":3.0,"enemies":"Blue Slaver","floor":5.0,"turns":4.0},{"damage":38.0,"enemies":"Gremlin Nob","floor":6.0,"turns":5.0},{"damage":6.0,"enemies":"Replay:BlueRogue","floor":8.0,"turns":5.0},{"damage":24.0,"enemies":"3 Sentries","floor":10.0,"turns":14.0},{"damage":0.0,"enemies":"2 Fungi Beasts","floor":13.0,"turns":3.0},{"damage":0.0,"enemies":"Looter","floor":14.0,"turns":4.0},{"damage":63.0,"enemies":"Fading Forest","floor":16.0,"turns":11.0},{"damage":5.0,"enemies":"2 Thieves","floor":18.0,"turns":3.0},{"damage":0.0,"enemies":"Shell Parasite","floor":19.0,"turns":5.0},{"damage":6.0,"enemies":"3 Cultists","floor":20.0,"turns":5.0},{"damage":0.0,"enemies":"Slavers","floor":23.0,"turns":3.0},{"damage":0.0,"enemies":"Snecko","floor":24.0,"turns":4.0},{"damage":0.0,"enemies":"Chosen and Byrds","floor":25.0,"turns":5.0},{"damage":9.0,"enemies":"Snake Plant","floor":27.0,"turns":4.0},{"damage":6.0,"enemies":"Centurion and Healer","floor":28.0,"turns":5.0},{"damage":4.0,"enemies":"Book of Stabbing","floor":29.0,"turns":5.0},{"damage":0.0,"enemies":"3 Cultists","floor":31.0,"turns":3.0},{"damage":0.0,"enemies":"Collector","floor":33.0,"turns":7.0},{"damage":0.0,"enemies":"3 Shapes","floor":35.0,"turns":3.0},{"damage":11,"enemies":"3 Darklings","floor":36,"turns":3},{"damage":17,"enemies":"Transient","floor":37,"turns":6},{"damage":12,"enemies":"Spire Growth","floor":39,"turns":4},{"damage":0,"enemies":"Nemesis","floor":40,"turns":5},{"damage":6,"enemies":"Sphere and 2 Shapes","floor":41,"turns":3},{"damage":0,"enemies":"Writhing Mass","floor":45,"turns":5},{"damage":0,"enemies":"R_Hoarder","floor":46,"turns":6},{"damage":17,"enemies":"Time Eater","floor":50,"turns":11}],"seed_played":"-8830275645034437632","potions_obtained":[{"floor":4.0,"key":"Cursed Concoction"},{"floor":5.0,"key":"CultistPotion"},{"floor":8.0,"key":"Dexterity Potion"},{"floor":16.0,"key":"Ancient Potion"}],"is_trial":false,"path_per_floor":["M","M","M","M","M","E","R","E","T","E","?","T","M","M","R","B",null,"M","M","M","$","?","E","M","M","T","M","M","E","R","M","R","B",null,"M","M","M","$","M","E","M","R","T","$","M","E","$","?","R","B",null],"character_chosen":"THE_SILENT","items_purchased":["Replay:Baseball","ClockworkSouvenir","Acrobatics","Replay:Multitool","TwistedFunnel","Acrobatics","Well Laid Plans"],"campfire_rested":2,"item_purchase_floors":[21,21,21,21,44,44,44],"current_hp_per_floor":[56,55,55,55,52,21,42,36,36,12,5,60,60,60,73,20,60,55,55,49,49,49,49,49,49,49,40,34,30,30,30,30,34,63,69,62,51,66,60,64,62,62,62,73,73,73,73,73,73,60],"gold":150,"neow_bonus":"BOSS_RELIC","is_daily":false,"chose_seed":false,"campfire_upgraded":0,"win_rate":0.0,"timestamp":1612522059,"path_taken":["M","M","M","M","?","E","R","E","T","E","?","M","M","M","R","BOSS","M","M","M","$","?","E","?","M","T","M","M","E","R","M","R","BOSS","M","M","?","$","?","E","M","R","T","$","M","E","$","?","R","BOSS"],"items_purchased_type":["Relic","Relic","Card","Relic","Relic","Card","Card"],"build_version":"2020-12-22","purchased_purges":3,"victory":true,"max_hp_per_floor":[66,66,66,66,66,73,73,73,73,73,73,73,73,73,73,73,73,73,73,73,73,73,73,73,73,73,73,73,73,73,73,73,73,73,73,73,73,73,73,73,73,73,73,73,73,73,73,73,73,73],"card_choices":[{"not_picked":["Cloak And Dagger","Backflip"],"picked":"Deadly Poison","floor":1.0},{"not_picked":["Eviscerate","Backstab"],"picked":"PiercingWail","floor":2.0},{"not_picked":["Prepared","Poisoned Stab"],"picked":"Dash","floor":3.0},{"not_picked":["Dash","Dagger Throw","Prepared"],"picked":"SKIP","floor":4.0},{"not_picked":["Dodge and Roll","Poisoned Stab"],"picked":"Crippling Poison","floor":5.0},{"not_picked":["Skewer","Crippling Poison"],"picked":"Footwork","floor":6.0},{"not_picked":["Wraith Form v2","Skewer"],"picked":"Footwork","floor":8.0},{"not_picked":["Choke+1","Flying Knee+1"],"picked":"Deflect","floor":10.0},{"not_picked":["Underhanded Strike+1","Bane+1","Slice+1"],"picked":"SKIP","floor":13.0},{"not_picked":["Caltrops","Poisoned Stab+1"],"picked":"Deadly Poison","floor":14.0},{"not_picked":["Venomology","ReplayTheSpireMod:Necrosis"],"picked":"Corpse Explosion","floor":16.0},{"not_picked":["Hidden Blade+1","Underhanded Strike+1","Sucker Punch+1"],"picked":"SKIP","floor":18.0},{"not_picked":["Dodge and Roll","Slice+1","Hidden Blade"],"picked":"SKIP","floor":19.0},{"not_picked":["Calculated Gamble","Sneak Up"],"picked":"Draining Mist+1","floor":20.0},{"not_picked":["Predator+1","Terror+1"],"picked":"ReplayTheSpireMod:Speed Training","floor":23.0},{"not_picked":["Distraction","Finisher+1"],"picked":"Replay:Poison Smokescreen","floor":24.0},{"not_picked":["Poisoned Stab+1","Deflect"],"picked":"Adrenaline","floor":25.0},{"not_picked":["Accuracy","Outmaneuver"],"picked":"Acrobatics","floor":27.0},{"not_picked":["Dagger Spray+1","Dagger Throw+1","Underhanded Strike+1"],"picked":"SKIP","floor":28.0},{"not_picked":["Footwork","Concentrate+1"],"picked":"Bouncing Flask+1","floor":29.0},{"not_picked":["Backstab+1","Dash+1","Endless Agony+1"],"picked":"SKIP","floor":31.0},{"not_picked":["Phantasmal Killer","Storm of Steel"],"picked":"Tools of the Trade","floor":33.0},{"not_picked":["Sucker Punch+1","Dagger Throw+1"],"picked":"ReplayTheSpireMod:Speed Training","floor":35.0},{"not_picked":["Sucker Punch+1","PiercingWail","Deadly Poison"],"picked":"SKIP","floor":36},{"not_picked":["Dagger Spray+1","Bane+1"],"picked":"Prepared","floor":37},{"not_picked":["Dash+1","Blade Dance+1","Finisher+1"],"picked":"SKIP","floor":39},{"not_picked":["Deadly Poison","Deflect+1"],"picked":"Escape Plan","floor":40},{"not_picked":["Deadly Poison+1","Bane+1"],"picked":"Acrobatics+1","floor":41},{"not_picked":["Blade Dance","Outmaneuver"],"picked":"After Image","floor":45},{"not_picked":["Predator+1","Poisoned Stab+1"],"picked":"Atom Bomb+1","floor":46},{"not_picked":["Quick Slash+1","Flechettes+1"],"picked":"Reflex+1","floor":48},{"not_picked":["Underhanded Strike+1","Flying Knee+1"],"picked":"Reflex","floor":48},{"not_picked":["Flying Knee+1","Hidden Blade"],"picked":"Replay:Poison Smokescreen","floor":48}],"player_experience":380751,"relics_obtained":[{"floor":6.0,"key":"Strawberry"},{"floor":8.0,"key":"Boot"},{"floor":9.0,"key":"Molten Egg 2"},{"floor":10.0,"key":"Old Coin"},{"floor":12.0,"key":"ReplayTheSpireMod:Shallot"},{"floor":23.0,"key":"Ninja Scroll"},{"floor":26.0,"key":"Shuriken"},{"floor":29.0,"key":"Bird Faced Urn"},{"floor":30.0,"key":"PreservedInsect"},{"floor":32.0,"key":"MealTicket"},{"floor":40,"key":"Gambling Chip"},{"floor":43,"key":"Bottled Tornado"},{"floor":46,"key":"Grinning Jar"},{"floor":49,"key":"Whetstone"}],"event_choices":[{"damage_healed":0.0,"max_hp_gain":0.0,"max_hp_loss":0.0,"gold_gain":50.0,"event_name":"FaceTrader","player_choice":"Touch","floor":11.0,"gold_loss":0.0,"damage_taken":7.0},{"damage_healed":0.0,"max_hp_gain":0.0,"max_hp_loss":0.0,"gold_gain":0.0,"cards_transformed":["Strike_G"],"event_name":"Transmorgrifier","player_choice":"Transformed","floor":22.0,"gold_loss":0.0,"damage_taken":0.0,"cards_obtained":["Reflex"]}],"is_beta":false,"boss_relics":[{"not_picked":["Replay:Ancient Bell","Calling Bell"],"picked":"Sozu"},{"not_picked":["Velvet Choker","Replay:Grab Bag"],"picked":"Runic Pyramid"}],"items_purged_floors":[21,38,44],"is_endless":false,"potions_floor_spawned":[4,5,8,16,19,24,25,28,29,33,40,41,46],"ascension_level":18}}