{"host":"Sean","time":1612536524,"event":{"mods":["BaseMod","Block Reminder","Colored Map","Colored Powertips","Highlight Path","Minty Spire (QoL Compilation)","Permanent Neow","Relic Stats"],"gold_per_floor":[113,188,158,178,196,228,228,262,262,272,302,313,73,108,108,207,207,225,243,263,263,263,290,302,337,360,5,15,47,47,57,57,57,57],"floor_reached":33,"language":"ENG","playtime":2307,"items_purged":["Defend_B","Strike_B"],"score":561,"play_id":"7e7f115a-ee68-4a2d-b25a-fb5722401b38","local_time":"20210205144844","is_ascension_mode":true,"campfire_choices":[{"data":"Ball Lightning","floor":7.0,"key":"SMITH"},{"data":"Glacier","floor":15,"key":"SMITH"},{"data":"Darkness","floor":30,"key":"SMITH"},{"data":"Dualcast","floor":32,"key":"SMITH"}],"circlet_count":0,"master_deck":["Strike_B","Strike_B","Defend_B","Defend_B","Zap","Dualcast+1","Stack","Glacier+1","Darkness+1","Gash","Ball Lightning+1","Conserve Battery","Barrage+1","Cold Snap+1","Chill","Compile Driver+1","Doom and Gloom+1","Ball Lightning+1","All For One+1","Rebound+1","Ball Lightning+1","Go for the Eyes+1","Reinforced Body+1","Undo+1","Beam Cell+1","Rip and Tear+1","Self Repair+1","Steam Power"],"relics":["Cracked Core","The Courier","Molten Egg 2","Kunai","Toy Ornithopter","Orichalcum","Bag of Marbles","Coffee Dripper","MutagenicStrength","Shuriken","Ice Cream","Tiny Chest","Pocketwatch","Art of War"],"acts_visited":["Exordium","TheCity"],"potions_floor_usage":[11,12,18,23,33],"damage_taken":[{"damage":0.0,"enemies":"2 Louse","floor":1.0,"turns":3.0},{"damage":1.0,"enemies":"Small Slimes","floor":4.0,"turns":4.0},{"damage":6.0,"enemies":"Cultist","floor":5.0,"turns":5.0},{"damage":27.0,"enemies":"Gremlin Nob","floor":6.0,"turns":4.0},{"damage":4.0,"enemies":"Lagavulin","floor":8.0,"turns":6.0},{"damage":15.0,"enemies":"Exordium Thugs","floor":10.0,"turns":4.0},{"damage":2,"enemies":"Gremlin Nob","floor":11,"turns":4},{"damage":3,"enemies":"Gremlin Gang","floor":12,"turns":4},{"damage":0,"enemies":"3 Sentries","floor":14,"turns":4},{"damage":14,"enemies":"The Guardian","floor":16,"turns":10},{"damage":5,"enemies":"2 Thieves","floor":18,"turns":2},{"damage":0,"enemies":"Spheric Guardian","floor":19,"turns":3},{"damage":16,"enemies":"Snake Plant","floor":20,"turns":3},{"damage":12,"enemies":"Book of Stabbing","floor":23,"turns":3},{"damage":0,"enemies":"Centurion and Healer","floor":24,"turns":4},{"damage":0,"enemies":"Gremlin Leader","floor":25,"turns":3},{"damage":6,"enemies":"Shelled Parasite and Fungi","floor":28,"turns":3},{"damage":9,"enemies":"Slavers","floor":29,"turns":3},{"damage":5,"enemies":"Sentry and Sphere","floor":31,"turns":3},{"damage":27,"enemies":"Automaton","floor":33,"turns":6}],"seed_played":"-5723528568452258081","potions_obtained":[{"floor":1.0,"key":"Regen Potion"},{"floor":3.0,"key":"SneckoOil"},{"floor":3.0,"key":"SmokeBomb"},{"floor":6.0,"key":"Swift Potion"},{"floor":10.0,"key":"Weak Potion"},{"floor":12,"key":"Fire Potion"},{"floor":14,"key":"Explosive Potion"},{"floor":16,"key":"Strength Potion"},{"floor":18,"key":"SteroidPotion"},{"floor":23,"key":"CultistPotion"},{"floor":28,"key":"Dexterity Potion"}],"is_trial":false,"path_per_floor":["M","?","?","M","M","E","R","E","T","M","E","M","$","E","R","B",null,"M","M","M","?","T","E","M","E","T","$","M","E","R","M","R","B"],"character_chosen":"DEFECT","items_purchased":["Orichalcum","Doom and Gloom+1","Pocketwatch","Rip and Tear+1"],"campfire_rested":0,"item_purchase_floors":[13,13,27,27],"current_hp_per_floor":[68,57,57,56,50,23,23,34,34,19,17,19,19,19,19,5,52,52,52,36,36,36,29,29,29,29,29,23,24,24,19,19,0,0],"gold":57,"neow_bonus":"TRANSFORM_TWO_CARDS","is_daily":false,"chose_seed":false,"campfire_upgraded":4,"win_rate":0.0,"timestamp":1612536524,"path_taken":["M","?","?","M","M","E","R","E","T","?","E","M","?","E","R","BOSS","M","M","?","?","?","E","M","E","T","$","M","E","R","M","R","BOSS"],"items_purchased_type":["Relic","Card","Relic","Card"],"build_version":"2020-12-18","purchased_purges":2,"victory":false,"max_hp_per_floor":[68,68,68,68,68,68,68,68,68,68,68,68,68,68,68,68,68,68,68,68,68,68,68,68,68,68,68,68,68,68,68,68,68,68],"relic_stats":{"counters":[20,81],"Shuriken":[12],"Tiny Chest":0,"Art of War":[0],"Kunai":[22],"Orichalcum":[54],"obtain_stats":[{"Ice Cream":25,"The Courier":6,"Orichalcum":13,"Shuriken":23,"MutagenicStrength":21,"Molten Egg 2":8,"Tiny Chest":26,"Bag of Marbles":14,"Coffee Dripper":17,"Art of War":29,"Kunai":9,"Cracked Core":0,"Toy Ornithopter":11,"Pocketwatch":27},{"Ice Cream":16,"The Courier":4,"Orichalcum":8,"Shuriken":14,"MutagenicStrength":13,"Molten Egg 2":5,"Tiny Chest":16,"Bag of Marbles":9,"Coffee Dripper":10,"Art of War":18,"Kunai":5,"Cracked Core":0,"Toy Ornithopter":7,"Pocketwatch":16},{"Ice Cream":66,"The Courier":16,"Orichalcum":34,"Shuriken":59,"MutagenicStrength":56,"Molten Egg 2":22,"Tiny Chest":66,"Bag of Marbles":38,"Coffee Dripper":48,"Art of War":72,"Kunai":22,"Cracked Core":0,"Toy Ornithopter":30,"Pocketwatch":66}],"Toy Ornithopter":20,"Pocketwatch":[3]},"card_choices":[{"not_picked":["Steam","Loop"],"picked":"Darkness","floor":1.0},{"not_picked":["Hello World","Stack"],"picked":"Gash","floor":4.0},{"not_picked":["Rip and Tear","Sweeping Beam"],"picked":"Ball Lightning","floor":5.0},{"not_picked":["BootSequence","Compile Driver"],"picked":"Conserve Battery","floor":6.0},{"not_picked":["Hello World","BootSequence"],"picked":"Barrage+1","floor":8.0},{"not_picked":["Beam Cell+1","Streamline+1"],"picked":"Cold Snap+1","floor":10.0},{"not_picked":["Static Discharge","Consume"],"picked":"Chill","floor":11},{"not_picked":["Double Energy","Sweeping Beam+1"],"picked":"Compile Driver+1","floor":12},{"not_picked":["Rainbow","Go for the Eyes+1"],"picked":"Ball Lightning+1","floor":14},{"not_picked":["Machine Learning","Creative AI"],"picked":"All For One+1","floor":16},{"not_picked":["Stack","Turbo"],"picked":"Rebound+1","floor":18},{"not_picked":["Recycle","Reprogram"],"picked":"Ball Lightning+1","floor":19},{"not_picked":["Hologram","Fusion+1"],"picked":"Go for the Eyes+1","floor":20},{"not_picked":["Rebound+1","Chaos"],"picked":"Reinforced Body+1","floor":23},{"not_picked":["Capacitor","Tempest+1"],"picked":"Undo+1","floor":24},{"not_picked":["Turbo","Redo"],"picked":"Beam Cell+1","floor":25},{"not_picked":["Hello World","Ball Lightning+1"],"picked":"Self Repair+1","floor":28},{"not_picked":["Ball Lightning+1","Redo","Barrage+1"],"picked":"SKIP","floor":29},{"not_picked":["Leap","Compile Driver+1"],"picked":"Steam Power","floor":31}],"player_experience":533567,"relics_obtained":[{"floor":6.0,"key":"The Courier"},{"floor":8.0,"key":"Molten Egg 2"},{"floor":9.0,"key":"Kunai"},{"floor":11,"key":"Toy Ornithopter"},{"floor":14,"key":"Bag of Marbles"},{"floor":23,"key":"Shuriken"},{"floor":25,"key":"Ice Cream"},{"floor":26,"key":"Tiny Chest"},{"floor":29,"key":"Art of War"}],"event_choices":[{"damage_healed":0.0,"max_hp_gain":0.0,"max_hp_loss":0.0,"gold_gain":75.0,"event_name":"World of Goop","player_choice":"Gather Gold","floor":2.0,"gold_loss":0.0,"damage_taken":11.0},{"damage_healed":0.0,"max_hp_gain":0.0,"max_hp_loss":0.0,"gold_gain":0.0,"event_name":"The Woman in Blue","player_choice":"Bought 2 Potions","floor":3.0,"gold_loss":0.0,"damage_taken":0.0},{"damage_healed":0,"gold_gain":0,"player_choice":"Inject Mutagens","damage_taken":0,"relics_obtained":["MutagenicStrength"],"max_hp_gain":0,"max_hp_loss":0,"event_name":"Drug Dealer","floor":21,"gold_loss":0}],"is_beta":true,"boss_relics":[{"not_picked":["Runic Dome","Velvet Choker"],"picked":"Coffee Dripper"}],"items_purged_floors":[13,27],"is_endless":false,"potions_floor_spawned":[1,6,10,12,14,16,18,23,25,28],"killed_by":"Automaton","ascension_level":9}}