{"host":"4lch21uqe3ag08cj","time":1612492879,"event":{"mods":["AchievementEnabler","BaseMod","Block Reminder","Colored Map","Colored Powertips","Minty Spire (QoL Compilation)","Permanent Neow","Relic Stats"],"gold_per_floor":[211,226,226,236,16,16,44,59,59,59,71,84,109,209,209,306,306,319,360,373,413,429,429,483,498,498,538,592,592,607,620,620,741,741,761,399,442,128,169,224,224,224,247,247,297,297,330,344,344,369,369,369,57,83,83],"floor_reached":56,"language":"ENG","playtime":4423,"items_purged":["Pain","Worship"],"score":1498,"play_id":"1c52666a-0d8c-44d6-a8fd-90c0704aa50f","local_time":"20210204234119","is_ascension_mode":true,"campfire_choices":[{"data":"Adaptation","floor":6.0,"key":"SMITH"},{"data":"Vault","floor":10.0,"key":"SMITH"},{"data":"Eruption","floor":15.0,"key":"SMITH"},{"data":"Vault","floor":23.0,"key":"SMITH"},{"data":"TalkToTheHand","floor":29,"key":"SMITH"},{"data":"Protect","floor":32,"key":"SMITH"},{"data":"Master of Strategy","floor":41,"key":"SMITH"},{"data":"ThirdEye","floor":44,"key":"SMITH"},{"floor":49,"key":"RECALL"},{"data":"Worship","floor":52,"key":"SMITH"}],"circlet_count":0,"master_deck":["Eruption+1","Vigilance","CutThroughFate","Vault+1","Adaptation+1","ClearTheMind","EmptyFist","Consecrate","ThirdEye+1","FearNoEvil","Wish","CurseOfTheBell","Vault+1","SashWhip","TalkToTheHand+1","ReachHeaven","Protect+1","WheelKick+1","FlurryOfBlows+1","Indignation+1","Conclude","JustLucky+1","DevaForm+1","Wallop","BattleHymn+1","Worship+1","CrushJoints","Study+1","Weave","WaveOfTheHand","Tantrum","Master of Strategy+1","CutThroughFate+1","Nirvana+1","Tantrum","MentalFortress+1","Weave+1","WindmillStrike","Vengeance+1","TalkToTheHand","Meditate","Wireheading+1","Protect"],"relics":["PureWater","WarpedTongs","Membership Card","Frozen Egg 2","HornCleat","Anchor","Calling Bell","Orichalcum","Question Card","Thread and Needle","Blood Vial","White Beast Statue","Nunchaku","Pandora\u0027s Box","Pen Nib","Damaru","Frozen Eye","Mummified Hand","Bottled Lightning","Regal Pillow","The Courier","Strawberry","Ginger","Centennial Puzzle","Letter Opener"],"acts_visited":["Exordium","TheCity","TheBeyond","TheEnding"],"potions_floor_usage":[28,31,33,39,40,40,47,50,50,54,55,55],"damage_taken":[{"damage":0.0,"enemies":"Small Slimes","floor":1.0,"turns":2.0},{"damage":0.0,"enemies":"Cultist","floor":2.0,"turns":2.0},{"damage":5.0,"enemies":"2 Louse","floor":4.0,"turns":3.0},{"damage":12.0,"enemies":"Gremlin Nob","floor":7.0,"turns":3.0},{"damage":5.0,"enemies":"Lots of Slimes","floor":8.0,"turns":4.0},{"damage":6.0,"enemies":"Large Slime","floor":11.0,"turns":3.0},{"damage":0.0,"enemies":"Gremlin Gang","floor":12.0,"turns":4.0},{"damage":2.0,"enemies":"Lagavulin","floor":13.0,"turns":8.0},{"damage":12.0,"enemies":"Slime Boss","floor":16.0,"turns":8.0},{"damage":10.0,"enemies":"2 Thieves","floor":18.0,"turns":4.0},{"damage":0.0,"enemies":"Chosen","floor":19.0,"turns":5.0},{"damage":0.0,"enemies":"Snake Plant","floor":20.0,"turns":5.0},{"damage":0.0,"enemies":"Centurion and Healer","floor":21.0,"turns":6.0},{"damage":15.0,"enemies":"3 Cultists","floor":22.0,"turns":7.0},{"damage":3.0,"enemies":"Book of Stabbing","floor":24.0,"turns":7.0},{"damage":0.0,"enemies":"Snecko","floor":25.0,"turns":5.0},{"damage":2,"enemies":"Centurion and Healer","floor":27,"turns":5},{"damage":0,"enemies":"Slavers","floor":28,"turns":4},{"damage":0,"enemies":"Cultist and Chosen","floor":30,"turns":7},{"damage":3,"enemies":"Snake Plant","floor":31,"turns":4},{"damage":8,"enemies":"Champ","floor":33,"turns":10},{"damage":0,"enemies":"Orb Walker","floor":35,"turns":3},{"damage":0,"enemies":"3 Shapes","floor":37,"turns":5},{"damage":2,"enemies":"Jaw Worm Horde","floor":39,"turns":5},{"damage":0,"enemies":"Nemesis","floor":40,"turns":6},{"damage":2,"enemies":"Giant Head","floor":45,"turns":6},{"damage":0,"enemies":"Nemesis","floor":47,"turns":2},{"damage":0,"enemies":"3 Darklings","floor":48,"turns":4},{"damage":16,"enemies":"Awakened One","floor":50,"turns":9},{"damage":29,"enemies":"Shield and Spear","floor":54,"turns":5},{"damage":22,"enemies":"The Heart","floor":55,"turns":6}],"seed_played":"-1071095366831671348","potions_obtained":[{"floor":2.0,"key":"CultistPotion"},{"floor":7.0,"key":"PowerPotion"},{"floor":11.0,"key":"Ancient Potion"},{"floor":16.0,"key":"CultistPotion"},{"floor":19.0,"key":"PowerPotion"},{"floor":27,"key":"Ambrosia"},{"floor":28,"key":"DuplicationPotion"},{"floor":30,"key":"Regen Potion"},{"floor":31,"key":"BottledMiracle"},{"floor":33,"key":"BlessingOfTheForge"},{"floor":35,"key":"StancePotion"},{"floor":39,"key":"Fruit Juice"},{"floor":40,"key":"Swift Potion"},{"floor":45,"key":"StancePotion"},{"floor":47,"key":"SteroidPotion"},{"floor":54,"key":"SteroidPotion"}],"is_trial":false,"path_per_floor":["M","M","?","M","$","R","E","M","T","R","M","M","E","?","R","B",null,"M","M","M","M","M","R","E","M","T","M","E","R","M","M","R","B",null,"M","$","M","$","M","E","R","?","T","R","E","?","E","M","R","B",null,"R","$","E","B",null],"character_chosen":"WATCHER","items_purchased":["Membership Card","Adaptation","Pen Nib","Damaru","Frozen Eye","Master of Strategy","Mummified Hand","Bottled Lightning","Nirvana+1","Tantrum","TalkToTheHand","Meditate","Wireheading+1","Ginger","Centennial Puzzle","Block Potion","BottledMiracle"],"campfire_rested":0,"item_purchase_floors":[5,5,36,36,36,36,38,38,38,38,53,53,53,53,53,53,53],"current_hp_per_floor":[72,72,72,67,67,67,55,50,50,50,44,44,42,42,42,30,72,62,62,62,62,47,47,44,46,46,46,48,48,50,61,61,55,72,72,72,72,72,70,72,72,72,72,72,70,70,84,84,84,68,84,84,84,55,35],"gold":83,"neow_bonus":"HUNDRED_GOLD","is_daily":false,"chose_seed":false,"campfire_upgraded":9,"win_rate":0.0,"timestamp":1612492879,"path_taken":["M","M","?","M","$","R","E","M","T","R","M","?","E","?","R","BOSS","M","M","?","M","M","R","E","M","T","M","E","R","M","M","R","BOSS","M","$","M","$","M","E","R","?","T","R","E","?","E","?","R","BOSS","R","$","E","BOSS"],"items_purchased_type":["Relic","Card","Relic","Relic","Relic","Card","Relic","Relic","Card","Card","Card","Card","Card","Relic","Relic","Potion","Potion"],"build_version":"2020-12-22","purchased_purges":2,"victory":true,"max_hp_per_floor":[72,72,72,72,72,72,72,72,72,72,72,72,72,72,72,72,72,72,72,72,72,72,72,72,72,72,72,72,72,72,72,72,72,72,72,72,72,72,72,72,72,72,72,72,72,72,84,84,84,84,84,84,84,84,84],"relic_stats":{"Regal Pillow":0,"counters":[31,157],"Pen Nib":[17],"Ginger":[2],"Letter Opener":[5],"Orichalcum":[108],"Question Card":20,"WarpedTongs":[153],"Blood Vial":18,"Nunchaku":[22],"Centennial Puzzle":[6],"Mummified Hand":[42],"Pandora\u0027s Box":["Wallop","BattleHymn","Worship","CrushJoints","Study","Worship","Weave","WaveOfTheHand"],"obtain_stats":[{"Regal Pillow":40,"Ginger":53,"Blood Vial":24,"Frozen Eye":36,"Nunchaku":28,"Centennial Puzzle":53,"HornCleat":9,"Mummified Hand":38,"Strawberry":47,"Damaru":36,"Thread and Needle":17,"Pen Nib":36,"The Courier":45,"Letter Opener":54,"Frozen Egg 2":7,"Orichalcum":17,"Question Card":17,"White Beast Statue":26,"WarpedTongs":3,"Calling Bell":17,"Anchor":13,"Pandora\u0027s Box":34,"Membership Card":5,"Bottled Lightning":38,"PureWater":0},{"Regal Pillow":25,"Ginger":29,"Blood Vial":15,"Frozen Eye":22,"Nunchaku":18,"Centennial Puzzle":29,"HornCleat":5,"Mummified Hand":23,"Strawberry":27,"Damaru":22,"Thread and Needle":9,"Pen Nib":22,"The Courier":26,"Letter Opener":30,"Frozen Egg 2":4,"Orichalcum":9,"Question Card":9,"White Beast Statue":16,"WarpedTongs":2,"Calling Bell":9,"Anchor":8,"Pandora\u0027s Box":21,"Membership Card":3,"Bottled Lightning":23,"PureWater":0},{"Regal Pillow":125,"Ginger":146,"Blood Vial":71,"Frozen Eye":109,"Nunchaku":85,"Centennial Puzzle":146,"HornCleat":14,"Mummified Hand":114,"Strawberry":133,"Damaru":109,"Thread and Needle":37,"Pen Nib":109,"The Courier":131,"Letter Opener":151,"Frozen Egg 2":10,"Orichalcum":37,"Question Card":37,"White Beast Statue":76,"WarpedTongs":4,"Calling Bell":37,"Anchor":29,"Pandora\u0027s Box":106,"Membership Card":7,"Bottled Lightning":114,"PureWater":0}]},"card_choices":[{"not_picked":["ThirdEye","Prostrate"],"picked":"CutThroughFate","floor":1.0},{"not_picked":["Evaluate","Crescendo"],"picked":"Vault","floor":2.0},{"not_picked":["Evaluate","ForeignInfluence","Halt"],"picked":"SKIP","floor":4.0},{"not_picked":["SashWhip","Crescendo"],"picked":"ClearTheMind","floor":7.0},{"not_picked":["SignatureMove","SashWhip"],"picked":"EmptyFist","floor":8.0},{"not_picked":["ClearTheMind","PathToVictory"],"picked":"Consecrate","floor":11.0},{"not_picked":["WheelKick","ReachHeaven"],"picked":"ThirdEye","floor":12.0},{"not_picked":["JustLucky","Worship"],"picked":"FearNoEvil","floor":13.0},{"not_picked":["Devotion+1","Omniscience"],"picked":"Wish","floor":16.0},{"not_picked":["Pray","Tantrum","Consecrate+1"],"picked":"Vault","floor":18.0},{"not_picked":["Prostrate+1","EmptyBody","Swivel"],"picked":"SashWhip","floor":19.0},{"not_picked":["FlurryOfBlows+1","Weave","FearNoEvil"],"picked":"TalkToTheHand","floor":20.0},{"not_picked":["Consecrate","Pray+1","WaveOfTheHand"],"picked":"ReachHeaven","floor":21.0},{"not_picked":["ThirdEye","CarveReality","Worship"],"picked":"Protect","floor":22.0},{"not_picked":["Fasting2+1","Brilliance","SpiritShield","Prostrate"],"picked":"SKIP","floor":24.0},{"not_picked":["FlyingSleeves","Consecrate","FollowUp+1"],"picked":"WheelKick+1","floor":25.0},{"not_picked":["Consecrate","ThirdEye","BowlingBash"],"picked":"FlurryOfBlows+1","floor":27},{"not_picked":["ReachHeaven+1","Consecrate","Scrawl"],"picked":"Indignation+1","floor":28},{"not_picked":["Prostrate","Fasting2+1","ThirdEye"],"picked":"Conclude","floor":30},{"not_picked":["FollowUp","FlyingSleeves","DeceiveReality"],"picked":"JustLucky+1","floor":31},{"not_picked":["DeusExMachina","Establishment+1","Blasphemy"],"picked":"DevaForm+1","floor":33},{"not_picked":["Crescendo","SandsOfTime+1","Swivel"],"picked":"Tantrum","floor":35},{"not_picked":["ThirdEye+1","DeceiveReality","PathToVictory+1"],"picked":"CutThroughFate+1","floor":37},{"not_picked":["Evaluate+1","FearNoEvil","EmptyBody+1"],"picked":"MentalFortress+1","floor":39},{"not_picked":["Evaluate+1","Ragnarok","Prostrate"],"picked":"Weave+1","floor":40},{"not_picked":["Evaluate","SignatureMove","CutThroughFate","ClearTheMind+1"],"picked":"SKIP","floor":45},{"not_picked":["WindmillStrike+1","JustLucky+1","ThirdEye+1"],"picked":"Vengeance+1","floor":47},{"not_picked":["SashWhip","Study+1","ThirdEye+1","FollowUp"],"picked":"SKIP","floor":48},{"not_picked":["Pray+1","PathToVictory+1","FlyingSleeves+1"],"picked":"Protect","floor":54}],"player_experience":30108,"relics_obtained":[{"floor":7.0,"key":"Frozen Egg 2"},{"floor":9.0,"key":"HornCleat"},{"floor":13.0,"key":"Anchor"},{"floor":17.0,"key":"Orichalcum"},{"floor":17.0,"key":"Question Card"},{"floor":17.0,"key":"Thread and Needle"},{"floor":24.0,"key":"Blood Vial"},{"floor":26.0,"key":"White Beast Statue"},{"floor":28,"key":"Nunchaku"},{"floor":40,"key":"Regal Pillow"},{"floor":45,"key":"The Courier"},{"floor":47,"key":"Strawberry"},{"floor":54,"key":"Letter Opener"}],"event_choices":[{"damage_healed":0.0,"max_hp_gain":0.0,"max_hp_loss":0.0,"gold_gain":0.0,"event_name":"Accursed Blacksmith","player_choice":"Rummage","floor":3.0,"gold_loss":0.0,"damage_taken":0.0,"relics_obtained":["WarpedTongs"],"cards_obtained":["Pain"]},{"damage_healed":0.0,"max_hp_gain":0.0,"max_hp_loss":0.0,"gold_gain":100.0,"event_name":"Wheel of Change","player_choice":"Gold","floor":14.0,"gold_loss":0.0,"damage_taken":0.0},{"damage_healed":0,"gold_gain":0,"player_choice":"Ignored","damage_taken":0,"max_hp_gain":0,"max_hp_loss":0,"event_name":"Tomb of Lord Red Mask","floor":42,"gold_loss":0},{"damage_healed":0,"gold_gain":0,"player_choice":"1 cards matched","damage_taken":0,"max_hp_gain":0,"max_hp_loss":0,"event_name":"Match and Keep!","floor":46,"gold_loss":0,"cards_obtained":["WindmillStrike"]}],"is_beta":false,"boss_relics":[{"not_picked":["Runic Pyramid","Busted Crown"],"picked":"Calling Bell"},{"not_picked":["Empty Cage","Astrolabe"],"picked":"Pandora\u0027s Box"}],"items_purged_floors":[5,36],"is_endless":false,"potions_floor_spawned":[2,7,11,16,19,20,21,27,28,30,31,33,35,37,39,40,45,47,48,54],"ascension_level":1}}