{"host":"2kfsro7skzomnm41","time":1612506078,"event":{"mods":["AchievementEnabler","BaseMod","Colored Map","Downfall","Googly Eyes","Highlight Path","Minty Spire (QoL Compilation)","StSLib"],"gold_per_floor":[113,132,132,157,178,178,178,218,218,233,40,74,74,93,93,213,213,227,13,33,46,145,145,176,176,203,203,203,60,99,123,123,249,249,272,272,272,291,31,70,70,70],"floor_reached":41,"language":"ENG","playtime":2138,"items_purged":["Regret"],"score":803,"play_id":"947dd6ef-f604-40ea-84cc-dfb80329fe0a","local_time":"20210205012118","is_ascension_mode":true,"campfire_choices":[{"data":"Noxious Fumes","floor":6.0,"key":"SMITH"},{"floor":13.0,"key":"REST"},{"data":"Glass Knife","floor":15.0,"key":"SMITH"},{"data":"Neutralize","floor":23.0,"key":"SMITH"},{"data":"Expertise","floor":25.0,"key":"SMITH"},{"data":"Acrobatics","floor":32.0,"key":"SMITH"}],"circlet_count":0,"master_deck":["Strike_G","Strike_G","Defend_G","Defend_G","Defend_G","Defend_G","Defend_G","Survivor","Neutralize+1","Noxious Fumes+1","Dagger Spray","Dagger Spray","Cloak And Dagger","Backflip","Glass Knife+1","Terror","Venomology","Infinite Blades+1","Wraith Form v2+1","Backflip+1","Footwork+1","Expertise+1","PiercingWail","Leg Sweep","Noxious Fumes+1","Ghostly","Ghostly","Ghostly","Ghostly","Ghostly","Acrobatics+1","Malaise","Backflip","Madness","Madness","Thinking Ahead","Catalyst+1"],"relics":["Cursed Key","Golden Idol","Centennial Puzzle","Frozen Egg 2","Tingsha","Coffee Dripper","Happy Flower","Blood Vial","Toy Ornithopter","White Beast Statue","Empty Cage","Mummified Hand","Mercury Hourglass"],"acts_visited":[],"potions_floor_usage":[],"damage_taken":[{"damage":0.0,"enemies":"2 Louse","floor":1.0,"turns":3.0},{"damage":4.0,"enemies":"Small Slimes","floor":2.0,"turns":4.0},{"damage":2.0,"enemies":"Jaw Worm","floor":4.0,"turns":4.0},{"damage":3.0,"enemies":"Exordium Wildlife","floor":5.0,"turns":5.0},{"damage":1.0,"enemies":"Gremlin Nob","floor":8.0,"turns":4.0},{"damage":8.0,"enemies":"Looter","floor":10.0,"turns":3.0},{"damage":25.0,"enemies":"3 Sentries","floor":12.0,"turns":8.0},{"damage":5.0,"enemies":"Red Slaver","floor":14.0,"turns":3.0},{"damage":16.0,"enemies":"Slime Boss","floor":16.0,"turns":6.0},{"damage":3.0,"enemies":"Spheric Guardian","floor":18.0,"turns":4.0},{"damage":10.0,"enemies":"2 Thieves","floor":20.0,"turns":4.0},{"damage":0.0,"enemies":"Sentry and Sphere","floor":21.0,"turns":5.0},{"damage":2.0,"enemies":"Gremlin Leader","floor":24.0,"turns":5.0},{"damage":2.0,"enemies":"Slavers","floor":30.0,"turns":6.0},{"damage":6.0,"enemies":"Snake Plant","floor":31.0,"turns":4.0},{"damage":0.0,"enemies":"Automaton","floor":33.0,"turns":10.0},{"damage":2.0,"enemies":"3 Shapes","floor":35.0,"turns":4.0},{"damage":2.0,"enemies":"Orb Walker","floor":38.0,"turns":5.0},{"damage":2.0,"enemies":"Reptomancer","floor":40.0,"turns":8.0}],"seed_played":"7571490224673912688","potions_obtained":[{"floor":2.0,"key":"BlessingOfTheForge"},{"floor":4.0,"key":"SpeedPotion"},{"floor":5.0,"key":"SteroidPotion"},{"floor":16.0,"key":"SneckoOil"},{"floor":20.0,"key":"Ancient Potion"},{"floor":24.0,"key":"Ancient Potion"},{"floor":31.0,"key":"Poison Potion"},{"floor":33.0,"key":"LiquidBronze"},{"floor":35.0,"key":"LiquidBronze"},{"floor":38.0,"key":"LiquidMemories"},{"floor":40.0,"key":"BlessingOfTheForge"}],"is_trial":false,"path_per_floor":["M","M","?","M","M","R","?","E","T","M","$","E","R","M","R","B",null,"M","$","M","M","?","R","E","R","T","?","?","$","E","M","R","B",null,"M","?","?","M","$","E","R"],"character_chosen":"THE_SILENT","items_purchased":["Glass Knife","Terror","Footwork+1","Expertise","Toy Ornithopter","Mummified Hand"],"campfire_rested":1,"item_purchase_floors":[11,11,19,19,29,39],"current_hp_per_floor":[63,59,59,57,54,54,47,46,46,38,38,13,32,27,27,11,52,49,49,48,48,48,48,46,46,46,46,32,32,30,31,31,32,32,30,26,16,32,32,32,32,32],"gold":70,"neow_bonus":"BOSS_RELIC","is_daily":false,"chose_seed":false,"campfire_upgraded":5,"win_rate":0.0,"timestamp":1612506078,"path_taken":["M","M","?","M","M","R","?","E","T","M","$","E","R","M","R","BOSS","M","$","M","M","?","R","E","R","T","?","?","$","E","M","R","BOSS","M","?","?","?","?","E","R"],"items_purchased_type":["Card","Card","Card","Card","Relic","Relic"],"build_version":"2020-12-22","purchased_purges":1,"victory":false,"max_hp_per_floor":[70,70,65,65,65,65,65,65,65,65,65,65,65,65,65,65,65,65,65,65,65,65,65,65,65,65,65,32,32,32,32,32,32,32,32,32,32,32,32,32,32,32],"card_choices":[{"not_picked":["Outmaneuver","Terror"],"picked":"Noxious Fumes","floor":1.0},{"not_picked":["PiercingWail","Infinite Blades"],"picked":"Dagger Spray","floor":2.0},{"not_picked":["Sucker Punch","Deflect"],"picked":"Dagger Spray","floor":4.0},{"not_picked":["Sucker Punch","Quick Slash"],"picked":"Cloak And Dagger","floor":5.0},{"not_picked":["Deflect","Cloak And Dagger"],"picked":"Backflip","floor":8.0},{"not_picked":["Blade Dance","Outmaneuver","Predator"],"picked":"SKIP","floor":10.0},{"not_picked":["Choke","Bane"],"picked":"Venomology","floor":12.0},{"not_picked":["Distraction","Accuracy+1"],"picked":"Infinite Blades+1","floor":14.0},{"not_picked":["Burst","Tools of the Trade+1"],"picked":"Wraith Form v2+1","floor":16.0},{"not_picked":["Dagger Throw+1","Acrobatics"],"picked":"Backflip+1","floor":18.0},{"not_picked":["Escape Plan","Infinite Blades+1"],"picked":"PiercingWail","floor":20.0},{"not_picked":["Poisoned Stab","Choke"],"picked":"Leg Sweep","floor":21.0},{"not_picked":["Bullet Time","Flechettes+1"],"picked":"Noxious Fumes+1","floor":24.0},{"not_picked":["Tactician","Riddle With Holes+1","Heel Hook"],"picked":"SKIP","floor":30.0},{"not_picked":["Reflex","Footwork+1"],"picked":"Acrobatics","floor":31.0},{"not_picked":["Envenom+1","Glass Knife"],"picked":"Malaise","floor":33.0},{"not_picked":["Blur","Dodge and Roll+1"],"picked":"Backflip","floor":35.0},{"not_picked":["Discovery","Magnetism+1"],"picked":"Thinking Ahead","floor":37.0},{"not_picked":["Dagger Spray","Dodge and Roll"],"picked":"Catalyst+1","floor":38.0},{"not_picked":["Flying Knee","Reflex+1","Sucker Punch"],"picked":"SKIP","floor":40.0}],"player_experience":272812,"relics_obtained":[{"floor":8.0,"key":"Centennial Puzzle"},{"floor":9.0,"key":"Frozen Egg 2"},{"floor":12.0,"key":"Tingsha"},{"floor":24.0,"key":"Happy Flower"},{"floor":26.0,"key":"Blood Vial"},{"floor":30.0,"key":"White Beast Statue"},{"floor":40.0,"key":"Mercury Hourglass"}],"event_choices":[{"damage_healed":0.0,"max_hp_gain":0.0,"max_hp_loss":5.0,"gold_gain":0.0,"event_name":"Golden Idol","player_choice":"Lose Max HP","floor":3.0,"gold_loss":0.0,"damage_taken":0.0,"relics_obtained":["Golden Idol"]},{"cards_removed":["Strike_G"],"damage_healed":0.0,"max_hp_gain":0.0,"max_hp_loss":0.0,"gold_gain":0.0,"event_name":"Golden Wing","player_choice":"Card Removal","floor":7.0,"gold_loss":0.0,"damage_taken":7.0},{"damage_healed":0.0,"max_hp_gain":0.0,"max_hp_loss":0.0,"gold_gain":99.0,"event_name":"Nest","player_choice":"Stole From Cult","floor":22.0,"gold_loss":0.0,"damage_taken":0.0},{"cards_removed":["Writhe"],"damage_healed":0.0,"max_hp_gain":0.0,"max_hp_loss":0.0,"gold_gain":0.0,"event_name":"Back to Basics","player_choice":"Elegance","floor":27.0,"gold_loss":0.0,"damage_taken":0.0},{"damage_healed":0.0,"max_hp_gain":0.0,"max_hp_loss":33.0,"gold_gain":0.0,"event_name":"Ghosts","player_choice":"Became a Ghost","floor":28.0,"gold_loss":0.0,"damage_taken":0.0,"cards_obtained":["Ghostly","Ghostly","Ghostly","Ghostly","Ghostly"]},{"damage_healed":0.0,"max_hp_gain":0.0,"max_hp_loss":0.0,"gold_gain":0.0,"event_name":"Winding Halls","player_choice":"Embrace Madness","floor":36.0,"gold_loss":0.0,"damage_taken":4.0,"cards_obtained":["Madness","Madness"]},{"damage_healed":0.0,"max_hp_gain":0.0,"max_hp_loss":0.0,"gold_gain":0.0,"event_name":"SensoryStone","player_choice":"Memory 3","floor":37.0,"gold_loss":0.0,"damage_taken":10.0}],"is_beta":false,"boss_relics":[{"not_picked":["SlaversCollar","Astrolabe"],"picked":"Coffee Dripper"},{"not_picked":["Calling Bell","Busted Crown"],"picked":"Empty Cage"}],"items_purged_floors":[19],"is_endless":false,"potions_floor_spawned":[2,4,5,16,20,24,31,33,35,38,40],"ascension_level":9}}