{"host":"61ejhfsushs0xmcl","time":1612517546,"event":{"mods":["ATMod(阿瑾Mod)","Act Like it!","Arknights","BaseMod","Colored Map","Gold Saver","Minty Spire (QoL Compilation)","MostiFishMod","Reliquary","Spicy Shops","StSLib","TestMod","【遗物卡牌】REMEMod","篝火指南"],"gold_per_floor":[1468,1482,1282,1293,1312,1312,700,719,769,799,850,875,892,927,927,1027,1027,1072,1090,1090,705,722,757,777,807,807,842,842,877,877,910,259,355,405,421,174,174,184,184,184,209,209,235,235,268,285,300,326,326,326,326,177,3,28,28],"floor_reached":56,"language":"ZHS","playtime":1721,"items_purged":["ats:Strike C","ats:Defend","ats:Defend","ats:Defend","ats:Overload"],"score":1636,"play_id":"cff092ee-990b-4bf3-b862-11a2d83dedae","local_time":"20210205173226","is_ascension_mode":true,"campfire_choices":[{"data":"AT_ChampionKick","floor":6.0,"key":"SMITH"},{"data":"Panache","floor":15.0,"key":"SMITH"},{"floor":40.0,"key":"RECALL"}],"circlet_count":0,"master_deck":["ats:Strike G+1","Panache+1","ats:Demon Strength+1","ats:Red Shift+1","ats:Fractured Body+1","ats:Soul Rend+1","ats:True Silver Slash+1","ats:Song Of Battle+1","ats:Demon Strength+1","ats:Red Shift+1","ats:Shadow Assault+1","ats:Wolf Pack+1"],"relics":["ats:Sanity","testmod-TestBox","AT_ATBox","REME_ComplimentaryCards","testmod-CardMagician","RhineSuit","SynthV:TestCard","reliquary:Stiletto","reliquary:Bookmark","Juzu Bracelet","ats:Originium","InkBottle","reliquary:RosewoodLute","reliquary:Sideboard","testmod-SaigiyounoYou","Technique","PreservedInsect","Frozen Egg 2","AT_BladeRuinedKing","testmod-Antiphasic","reliquary:BoilingFlask","Potion Belt","AT_SilvercatRing","ClockworkSouvenir","Tiny House","ats:Berate","reliquary:FeatherDuster","DaveBox","SacredBark","Anchor","Spirit Poop","Bronze Scales","Blood Vial","Centennial Puzzle","Medical Kit","testmod-IndustrialRevolution","StrikeDummy"],"acts_visited":["Exordium","TheCity","TheBeyond","TheEnding"],"potions_floor_usage":[55,55,55,55,55],"damage_taken":[{"damage":0.0,"enemies":"Cultist","floor":1.0,"turns":3.0},{"damage":0.0,"enemies":"2 Louse","floor":2.0,"turns":2.0},{"damage":0.0,"enemies":"Small Slimes","floor":4.0,"turns":1.0},{"damage":2.0,"enemies":"Looter","floor":5.0,"turns":2.0},{"damage":0.0,"enemies":"Blue Slaver","floor":8.0,"turns":1.0},{"damage":2.0,"enemies":"3 Sentries","floor":10.0,"turns":2.0},{"damage":0.0,"enemies":"Gremlin Nob","floor":12.0,"turns":2.0},{"damage":5.0,"enemies":"Lots of Slimes","floor":13.0,"turns":2.0},{"damage":10.0,"enemies":"3 Sentries","floor":14.0,"turns":3.0},{"damage":42.0,"enemies":"Hexaghost","floor":16.0,"turns":4.0},{"damage":20.0,"enemies":"2 Thieves","floor":18.0,"turns":2.0},{"damage":5.0,"enemies":"3 Byrds","floor":19.0,"turns":2.0},{"damage":18.0,"enemies":"Shelled Parasite and Fungi","floor":22.0,"turns":2.0},{"damage":0.0,"enemies":"REME_1_Revenger","floor":23.0,"turns":2.0},{"damage":12.0,"enemies":"Centurion and Healer","floor":24.0,"turns":3.0},{"damage":20.0,"enemies":"Slavers","floor":25.0,"turns":2.0},{"damage":18.0,"enemies":"Gremlin Leader","floor":27.0,"turns":2.0},{"damage":20.0,"enemies":"Slavers","floor":29.0,"turns":2.0},{"damage":21.0,"enemies":"Book of Stabbing","floor":31.0,"turns":2.0},{"damage":28.0,"enemies":"Champ","floor":33.0,"turns":4.0},{"damage":15.0,"enemies":"Orb Walker","floor":35.0,"turns":2.0},{"damage":0.0,"enemies":"3 Darklings","floor":38.0,"turns":1.0},{"damage":0.0,"enemies":"Giant Head","floor":41.0,"turns":4.0},{"damage":0.0,"enemies":"Nemesis","floor":45.0,"turns":1.0},{"damage":0.0,"enemies":"Sphere and 2 Shapes","floor":46.0,"turns":1.0},{"damage":0.0,"enemies":"Jaw Worm Horde","floor":47.0,"turns":1.0},{"damage":0.0,"enemies":"Reptomancer","floor":48.0,"turns":2.0},{"damage":36.0,"enemies":"Donu and Deca","floor":50.0,"turns":4.0},{"damage":0,"enemies":"Shield and Spear","floor":54,"turns":2},{"damage":63,"enemies":"The Heart","floor":55,"turns":5}],"seed_played":"-4753418994832860037","potions_obtained":[{"floor":1.0,"key":"ColorlessPotion"},{"floor":8.0,"key":"SmokeBomb"},{"floor":12.0,"key":"Fire Potion"},{"floor":16.0,"key":"REME_GoldPotion"},{"floor":20.0,"key":"REME_GoldPotion"},{"floor":20.0,"key":"testmod-TimePotion"},{"floor":22.0,"key":"DuplicationPotion"},{"floor":23.0,"key":"Swift Potion"},{"floor":34.0,"key":"Ancient Potion"},{"floor":35.0,"key":"AttackPotion"},{"floor":41.0,"key":"FearPotion"}],"is_trial":false,"path_per_floor":["M","M","$","M","M","R","$","M","T","E","T","E","M","E","R","B",null,"M","M","?","$","M","E","M","E","T","E","?","E","?","E","R","B",null,"M","$","?","M","?","R","E","?","T","R","E","M","M","E","R","B",null,"R","$","E","B",null],"character_chosen":"DOCTOR_CLASS","items_purchased":["ats:Closed Bolt Burst Fire","ats:Red Shift","reliquary:Stiletto","reliquary:Bookmark","ats:Fractured Body","Technique","PreservedInsect","AT_SilvercatRing","ats:Demon Strength+1","ClockworkSouvenir","ats:Berate","reliquary:FeatherDuster","Medical Kit","testmod-IndustrialRevolution","ats:Emergency Sanity Potion"],"campfire_rested":0,"item_purchase_floors":[3,7,7,7,7,21,21,32,32,32,36,36,52,53,53],"current_hp_per_floor":[72,72,72,72,70,70,70,70,70,68,68,68,67,65,65,27,72,58,58,58,58,61,72,61,53,53,50,50,37,24,27,27,82,87,74,74,74,87,77,77,87,87,87,87,87,87,87,87,87,87,87,87,87,87,87],"gold":28,"neow_bonus":"REMOVE_CARD","is_daily":false,"chose_seed":false,"campfire_upgraded":2,"win_rate":0.0,"timestamp":1612517546,"path_taken":["M","M","$","M","M","R","$","M","T","E","?","E","M","E","R","BOSS","M","M","?","?","M","E","M","E","T","E","?","E","?","E","R","BOSS","M","$","?","M","?","R","E","?","T","R","E","M","M","E","R","BOSS","R","$","E","BOSS"],"items_purchased_type":["Card","Card","Relic","Relic","Card","Relic","Relic","Relic","Card","Relic","Relic","Relic","Relic","Relic","Potion"],"build_version":"2020-12-22","purchased_purges":5,"victory":true,"max_hp_per_floor":[72,72,72,72,72,72,72,72,72,72,72,72,72,72,72,72,72,72,72,72,72,72,72,72,72,72,72,72,72,77,82,82,82,87,87,87,87,87,87,87,87,87,87,87,87,87,87,87,87,87,87,87,87,87,92],"card_choices":[{"not_picked":["ats:Magnetic Hammer","ats:Hammer On","ats:Explosion Area Strengthen"],"picked":"SKIP","floor":1.0},{"not_picked":["ats:Explosion Area Strengthen","ats:Powerful Strike","ats:Counter Healing Mode","ats:Assault Order"],"picked":"ats:Overload","floor":2.0},{"not_picked":["ats:Closed Bolt Burst Fire","ats:Absolute Focus","ats:Very Hot Blade","ats:Ignite","ats:Hammer On"],"picked":"SKIP","floor":4.0},{"not_picked":["ats:Explosion Area Strengthen","ats:Leaping Hammer","ats:Charging Defense","ats:Revitalization"],"picked":"ats:Demon Strength","floor":5.0},{"not_picked":["ats:Neurotoxin","ats:Curse Doll","ats:Healing Strengthening","ats:Closed Bolt Burst Fire"],"picked":"ats:Soul Rend","floor":8.0},{"not_picked":["ats:Flexible Camouflage","ats:Explosion Area Strengthen","ats:Guard Mode","ats:Curse Doll","ats:Mental Burst"],"picked":"SKIP","floor":10.0},{"not_picked":["ats:Healing Drone","ats:Closed Bolt Burst Fire","ats:Blood Oath","ats:Thorns","ats:Curse Doll"],"picked":"SKIP","floor":12.0},{"not_picked":["ats:Explosion Area Strengthen","ats:Neurotoxin","ats:Poison Spread","ats:Blood Oath","ats:Leaping Hammer"],"picked":"SKIP","floor":13.0},{"not_picked":["ats:Collapsing Strike","ats:Shell Defense","ats:Chain Hook","ats:Closed Bolt Burst Fire"],"picked":"ats:True Silver Slash","floor":14.0},{"not_picked":["ats:Volcano","ats:Fractured Body","ats:Calcification","ats:Roar Of Ursus"],"picked":"ats:Nebulous Foxfire","floor":16.0},{"not_picked":["ats:Absolute Focus","ats:Cat Scratch","ats:Curse Doll","ats:Ignite+1","ats:Consecutive Shot Auto"],"picked":"SKIP","floor":18.0},{"not_picked":["ats:Consecutive Shot Auto","ats:Cat Scratch+1","ats:Curse Doll+1","ats:Guardian Obelisk","ats:Apocalypse"],"picked":"SKIP","floor":19.0},{"not_picked":["ats:Mental Burst","ats:Counter Healing Mode","ats:Explosion Area Strengthen","ats:Blood Oath"],"picked":"ats:Red Shift+1","floor":22.0},{"not_picked":["ats:Shell Defense","ats:Blood Oath","ats:Revitalization","ats:Hammer On","ats:Closed Bolt Burst Fire"],"picked":"SKIP","floor":23.0},{"not_picked":["ats:Flexible Camouflage","ats:Ambush+1","ats:Defend Order+1","ats:Assault Order","ats:Healing Drone+1"],"picked":"SKIP","floor":24.0},{"not_picked":["ats:Defend Order+1","ats:Soul Absorption","ats:Cat Scratch+1","ats:Hammer On","ats:Song Of Battle+1"],"picked":"SKIP","floor":25.0},{"not_picked":["ats:Composite Medical Shells+1","ats:Collapsing Strike","ats:Poison Spread","ats:Blood Oath"],"picked":"ats:Wolf Pack","floor":27.0},{"not_picked":["ats:Literary Storm","ats:Rat Pack","ats:Absolute Focus","ats:Flexible Camouflage+1","ats:Apocalypse"],"picked":"SKIP","floor":29.0},{"not_picked":["ats:Burning Ground+1","ats:Cat Scratch+1","ats:Healing Drone","ats:Very Hot Blade","ats:Guard Mode+1"],"picked":"SKIP","floor":31.0},{"not_picked":["ats:Volcano","ats:Disruption Kick","ats:Roar Of Ursus+1","ats:Calcification"],"picked":"ats:Shadow Assault","floor":33.0},{"not_picked":["ats:Flexible Camouflage","ats:Closed Bolt Burst Fire+1","ats:Rat Pack","ats:Steam Pump","ats:Healing Drone"],"picked":"SKIP","floor":35.0},{"not_picked":["ats:Song Of Battle+1","ats:Curse Doll","ats:Burning Ground+1","ats:Part Time Job+1"],"picked":"ats:Demon Strength+1","floor":38.0},{"not_picked":["ats:Chain Hook+1","ats:Literary Storm","ats:Revitalization+1","ats:Blood Oath+1","ats:Spore Proliferation+1"],"picked":"SKIP","floor":41.0},{"not_picked":["ats:Steam Pump","ats:Absolute Focus+1","ats:Explosion Area Strengthen+1","ats:Dogmatic Field+1"],"picked":"ats:Disruption Kick","floor":45.0},{"not_picked":["ats:Apocalypse","ats:Directed Diagnosis+1","ats:Closed Bolt Burst Fire+1","ats:Leaping Hammer","ats:Very Hot Blade+1"],"picked":"SKIP","floor":46.0},{"not_picked":["ats:Absolute Focus+1","ats:Cat Scratch","ats:Shell Defense+1","ats:Soul Absorption+1","ats:Assault Order+1"],"picked":"SKIP","floor":47.0},{"not_picked":["ats:Rapid Magazine+1","ats:Powerful Strike+1","ats:Hook Shot+1","ats:Rat Pack","ats:Sword Rain+1"],"picked":"SKIP","floor":48.0},{"not_picked":["ats:Hammer On+1","ats:Blood Oath+1","ats:Shell Defense+1","ats:Leaping Hammer+1","ats:Rapid Magazine+1"],"picked":"SKIP","floor":54}],"player_experience":854966,"relics_obtained":[{"floor":1.0,"key":"SynthV:TestCard"},{"floor":9.0,"key":"Juzu Bracelet"},{"floor":10.0,"key":"ats:Originium"},{"floor":10.0,"key":"InkBottle"},{"floor":12.0,"key":"ats:Originium"},{"floor":12.0,"key":"reliquary:RosewoodLute"},{"floor":14.0,"key":"ats:Originium"},{"floor":14.0,"key":"reliquary:Sideboard"},{"floor":23.0,"key":"ats:Originium"},{"floor":23.0,"key":"Frozen Egg 2"},{"floor":26.0,"key":"AT_BladeRuinedKing"},{"floor":27.0,"key":"testmod-Antiphasic"},{"floor":29.0,"key":"reliquary:BoilingFlask"},{"floor":31.0,"key":"Potion Belt"},{"floor":41.0,"key":"Anchor"},{"floor":43.0,"key":"Bronze Scales"},{"floor":45.0,"key":"Blood Vial"},{"floor":48.0,"key":"Centennial Puzzle"},{"floor":54,"key":"StrikeDummy"}],"event_choices":[{"damage_healed":0.0,"max_hp_gain":0.0,"max_hp_loss":0.0,"gold_gain":0.0,"event_name":"Lab","player_choice":"Got Potions","floor":20.0,"gold_loss":0.0,"damage_taken":0.0},{"damage_healed":0.0,"max_hp_gain":0.0,"max_hp_loss":0.0,"gold_gain":0.0,"cards_transformed":["ats:Strike S","ats:Strike V"],"event_name":"Drug Dealer","player_choice":"Became Test Subject","floor":28.0,"gold_loss":0.0,"damage_taken":0.0,"cards_obtained":["ats:Red Shift","ats:Song Of Battle"]},{"damage_healed":0.0,"max_hp_gain":5.0,"max_hp_loss":0.0,"gold_gain":0.0,"event_name":"Forgotten Altar","player_choice":"Shed Blood","floor":30.0,"gold_loss":0.0,"damage_taken":18.0},{"damage_healed":0.0,"max_hp_gain":0.0,"max_hp_loss":0.0,"gold_gain":0.0,"event_name":"给自己的盒子","player_choice":"Swap Relic","floor":37.0,"relics_lost":["DaveBox"],"gold_loss":0.0,"damage_taken":0.0,"relics_obtained":["DaveBox"]},{"damage_healed":0.0,"max_hp_gain":0.0,"max_hp_loss":0.0,"gold_gain":0.0,"event_name":"SensoryStone","player_choice":"Memory 3","floor":39.0,"gold_loss":0.0,"damage_taken":10.0},{"cards_removed":["Shame"],"damage_healed":0.0,"max_hp_gain":0.0,"max_hp_loss":0.0,"gold_gain":0.0,"event_name":"Bonfire Elementals","player_choice":"Offered Curse","floor":42.0,"gold_loss":0.0,"damage_taken":0.0,"relics_obtained":["Spirit Poop"]}],"is_beta":false,"boss_relics":[{"not_picked":["testmod-DreamHouse","BloodWine"],"picked":"testmod-SaigiyounoYou"},{"not_picked":["testmod-IncinerationGenerator","PatriotShield"],"picked":"Tiny House"}],"items_purged_floors":[3,3,7,21,32],"is_endless":false,"potions_floor_spawned":[1,8,12,16,22,23,24,25,35,41,46,54],"ascension_level":1}}