{"host":"yplejd20ey2t49en","time":1612549312,"event":{"mods":["BaseMod","Colored Powertips","Highlight Path","Minty Spire (QoL Compilation)","Relic Stats"],"gold_per_floor":[116,136,150,161,177,177,192,205,205,236,256,266,266,266,266,368,368,385,404,422,434,359,359,359,359],"floor_reached":24,"language":"ENG","playtime":1613,"items_purged":[],"score":206,"play_id":"aa6f8f1c-19d8-4047-ba66-692a00ffb2c7","local_time":"20210205202152","is_ascension_mode":false,"campfire_choices":[{"data":"BattleHymn","floor":6,"key":"SMITH"},{"data":"EmptyFist","floor":13,"key":"SMITH"},{"data":"ThirdEye","floor":15,"key":"SMITH"},{"data":"Establishment","floor":23,"key":"SMITH"}],"circlet_count":0,"master_deck":["Strike_P","Strike_P","Defend_P+1","Defend_P","Defend_P","Defend_P","Eruption","Vigilance+1","ThirdEye+1","Tantrum","Sanctity","EmptyFist+1","BattleHymn+1","FlyingSleeves","Establishment+1","SandsOfTime+1"],"relics":["PureWater","War Paint","Pen Nib","Juzu Bracelet","Sozu"],"acts_visited":["Exordium","TheCity"],"potions_floor_usage":[16],"damage_taken":[{"damage":0,"enemies":"Small Slimes","floor":1,"turns":3},{"damage":2,"enemies":"2 Louse","floor":2,"turns":3},{"damage":0,"enemies":"Cultist","floor":3,"turns":2},{"damage":5,"enemies":"3 Louse","floor":4,"turns":3},{"damage":0,"enemies":"2 Fungi Beasts","floor":5,"turns":4},{"damage":0,"enemies":"Blue Slaver","floor":7,"turns":3},{"damage":0,"enemies":"Large Slime","floor":8,"turns":3},{"damage":12,"enemies":"Gremlin Nob","floor":10,"turns":5},{"damage":8,"enemies":"Red Slaver","floor":11,"turns":2},{"damage":3,"enemies":"3 Louse","floor":12,"turns":3},{"damage":9,"enemies":"Hexaghost","floor":16,"turns":7},{"damage":0,"enemies":"Shell Parasite","floor":18,"turns":3},{"damage":18,"enemies":"2 Thieves","floor":19,"turns":3},{"damage":12,"enemies":"Snecko","floor":20,"turns":4},{"damage":4,"enemies":"Centurion and Healer","floor":21,"turns":4},{"damage":44,"enemies":"Slavers","floor":24,"turns":3}],"seed_played":"3673402352279262038","potions_obtained":[{"floor":2,"key":"CultistPotion"},{"floor":4,"key":"LiquidBronze"},{"floor":8,"key":"BottledMiracle"},{"floor":12,"key":"BlessingOfTheForge"},{"floor":16,"key":"EssenceOfSteel"}],"is_trial":false,"path_per_floor":["M","M","M","M","M","R","M","M","T","E","M","M","R","?","R","B",null,"M","M","M","M","?","R","E"],"character_chosen":"WATCHER","items_purchased":[],"campfire_rested":0,"item_purchase_floors":[],"current_hp_per_floor":[72,70,70,65,65,65,65,65,65,53,45,42,42,35,35,26,72,72,54,42,38,38,38,0,0],"gold":359,"neow_bonus":"RANDOM_COMMON_RELIC","is_daily":false,"chose_seed":false,"campfire_upgraded":4,"win_rate":0.0,"timestamp":1612549312,"path_taken":["M","M","M","M","M","R","M","M","T","E","M","M","R","?","R","BOSS","M","M","M","M","?","R","E"],"items_purchased_type":[],"build_version":"2020-12-22","purchased_purges":0,"victory":false,"max_hp_per_floor":[72,72,72,72,72,72,72,72,72,72,72,72,72,72,72,72,72,72,72,72,72,72,72,72,72],"relic_stats":{"Sozu":0,"counters":[16,55],"Pen Nib":[5],"Juzu Bracelet":0,"War Paint":["Defend_P","Vigilance"],"obtain_stats":[{"Sozu":17,"Pen Nib":9,"Juzu Bracelet":10,"PureWater":0,"War Paint":0},{"Sozu":11,"Pen Nib":7,"Juzu Bracelet":8,"PureWater":0,"War Paint":0},{"Sozu":38,"Pen Nib":21,"Juzu Bracelet":26,"PureWater":0,"War Paint":0}]},"card_choices":[{"not_picked":["Prostrate","Evaluate"],"picked":"ThirdEye","floor":1},{"not_picked":["EmptyFist","SashWhip"],"picked":"Tantrum","floor":2},{"not_picked":["Evaluate","Indignation"],"picked":"Sanctity","floor":3},{"not_picked":["Pray","JustLucky"],"picked":"EmptyFist","floor":4},{"not_picked":["Adaptation","ClearTheMind"],"picked":"BattleHymn","floor":5},{"not_picked":["BattleHymn","FollowUp","CutThroughFate"],"picked":"SKIP","floor":7},{"not_picked":["TalkToTheHand","JustLucky","ClearTheMind"],"picked":"SKIP","floor":8},{"not_picked":["Collect","Vengeance","Sanctity"],"picked":"SKIP","floor":10},{"not_picked":["FollowUp","Vengeance"],"picked":"FlyingSleeves","floor":11},{"not_picked":["EmptyBody","CrushJoints","Halt"],"picked":"SKIP","floor":12},{"not_picked":["Vault","Ragnarok"],"picked":"Establishment","floor":16},{"not_picked":["CrushJoints","Halt","InnerPeace+1"],"picked":"SKIP","floor":18},{"not_picked":["DeceiveReality","EmptyFist"],"picked":"SandsOfTime+1","floor":19},{"not_picked":["ClearTheMind","Nirvana","JustLucky"],"picked":"SKIP","floor":20},{"not_picked":["SashWhip","BattleHymn","FollowUp"],"picked":"SKIP","floor":21}],"player_experience":700969,"relics_obtained":[{"floor":9,"key":"Pen Nib"},{"floor":10,"key":"Juzu Bracelet"}],"event_choices":[{"cards_removed":["Strike_P"],"damage_healed":0,"gold_gain":0,"player_choice":"Card Removal","damage_taken":7,"max_hp_gain":0,"max_hp_loss":0,"event_name":"Golden Wing","floor":14,"gold_loss":0},{"cards_removed":["Strike_P"],"damage_healed":0,"gold_gain":0,"player_choice":"Gave Gold","damage_taken":0,"max_hp_gain":0,"max_hp_loss":0,"event_name":"Beggar","floor":22,"gold_loss":75}],"is_beta":false,"boss_relics":[{"not_picked":["Pandora\u0027s Box","Coffee Dripper"],"picked":"Sozu"}],"items_purged_floors":[],"is_endless":false,"potions_floor_spawned":[2,4,8,10,12,16,19],"killed_by":"Slavers","ascension_level":0}}