{"host":"p9vmbvw2hh2n16dn","time":1612518517,"event":{"mods":["AchievementEnabler","BaseMod","Block Reminder","Minty Spire (QoL Compilation)","Relic Stats","SuperFastMode"],"gold_per_floor":[110,110,130,130,130,171,186,220,220,240,65,81,112,143,143,269,269,283,283,303,31,31,66,66,100,100,100,123,154,174,174,174,302,302,325,325,325,340,340,375,375,438,438,481,113,446,473,473,473,473],"floor_reached":51,"language":"ENG","playtime":2228,"items_purged":["Regret","Shame"],"score":1367,"play_id":"b60e010c-bb6c-4ca6-879b-6c371d55c1f2","local_time":"20210205104837","is_ascension_mode":true,"campfire_choices":[{"floor":15.0,"key":"REST"},{"data":"Predator","floor":24.0,"key":"SMITH"},{"data":"Adrenaline","floor":32.0,"key":"SMITH"},{"data":"Neutralize","floor":41,"key":"SMITH"},{"data":"Underhanded Strike","floor":49,"key":"SMITH"}],"circlet_count":0,"master_deck":["Defend_G","Defend_G","Defend_G","Defend_G","Defend_G","Survivor","Neutralize+1","Predator+1","Leg Sweep","Dagger Throw","Unload","Dagger Spray","Heel Hook","Escape Plan","Adrenaline+1","Dash+1","Necronomicurse","Backflip","Blade Dance+1","Bite","Bite","Bite","Bite","Bite","Corpse Explosion","Writhe","Underhanded Strike+1","Parasite","Underhanded Strike+1"],"relics":["Runic Dome","Torii","Darkstone Periapt","White Beast Statue","Blue Candle","Odd Mushroom","HornCleat","Busted Crown","Membership Card","Mummified Hand","Bag of Marbles","Happy Flower","Paper Crane","Necronomicon","Juzu Bracelet","Vajra","Cursed Key","StoneCalendar","Toy Ornithopter","Gambling Chip","Bottled Lightning","Shuriken","Letter Opener","Bottled Flame","PrismaticShard","MealTicket"],"acts_visited":["Exordium","TheCity","TheBeyond"],"potions_floor_usage":[35,38,44,44,50,50],"damage_taken":[{"damage":3.0,"enemies":"Small Slimes","floor":1.0,"turns":5.0},{"damage":0.0,"enemies":"2 Louse","floor":3.0,"turns":3.0},{"damage":6.0,"enemies":"3 Sentries","floor":6.0,"turns":11.0},{"damage":0.0,"enemies":"Jaw Worm","floor":7.0,"turns":4.0},{"damage":19.0,"enemies":"Lagavulin","floor":8.0,"turns":8.0},{"damage":12.0,"enemies":"Large Slime","floor":10.0,"turns":6.0},{"damage":0.0,"enemies":"Exordium Thugs","floor":12.0,"turns":4.0},{"damage":9.0,"enemies":"The Mushroom Lair","floor":13.0,"turns":4.0},{"damage":1.0,"enemies":"3 Sentries","floor":14.0,"turns":7.0},{"damage":12.0,"enemies":"Slime Boss","floor":16.0,"turns":11.0},{"damage":1.0,"enemies":"2 Thieves","floor":18.0,"turns":4.0},{"damage":0.0,"enemies":"Spheric Guardian","floor":20.0,"turns":2.0},{"damage":1.0,"enemies":"Slavers","floor":23.0,"turns":5.0},{"damage":1.0,"enemies":"Book of Stabbing","floor":25.0,"turns":5.0},{"damage":1.0,"enemies":"Gremlin Leader","floor":29.0,"turns":6.0},{"damage":0.0,"enemies":"Snecko","floor":30.0,"turns":1.0},{"damage":7.0,"enemies":"Collector","floor":33.0,"turns":4.0},{"damage":0,"enemies":"3 Darklings","floor":35,"turns":3},{"damage":0,"enemies":"3 Shapes","floor":38,"turns":2},{"damage":35,"enemies":"Giant Head","floor":40,"turns":7},{"damage":1,"enemies":"Mind Bloom Boss Battle","floor":42,"turns":5},{"damage":10,"enemies":"Nemesis","floor":44,"turns":5},{"damage":15,"enemies":"Giant Head","floor":47,"turns":7},{"damage":58,"enemies":"Time Eater","floor":50,"turns":9}],"seed_played":"2906338907343653532","potions_obtained":[{"floor":1.0,"key":"SkillPotion"},{"floor":3.0,"key":"DistilledChaos"},{"floor":6.0,"key":"SpeedPotion"},{"floor":8.0,"key":"ColorlessPotion"},{"floor":10.0,"key":"SpeedPotion"},{"floor":12.0,"key":"Strength Potion"},{"floor":13.0,"key":"Ancient Potion"},{"floor":14.0,"key":"FearPotion"},{"floor":16.0,"key":"Block Potion"},{"floor":18.0,"key":"SteroidPotion"},{"floor":20.0,"key":"Fire Potion"},{"floor":23.0,"key":"DuplicationPotion"},{"floor":25.0,"key":"SkillPotion"},{"floor":29.0,"key":"EntropicBrew"},{"floor":30.0,"key":"Weak Potion"},{"floor":33.0,"key":"BlessingOfTheForge"},{"floor":35,"key":"EssenceOfSteel"},{"floor":38,"key":"Fruit Juice"},{"floor":40,"key":"BlessingOfTheForge"},{"floor":42,"key":"Poison Potion"},{"floor":44,"key":"Energy Potion"},{"floor":47,"key":"Block Potion"}],"is_trial":false,"path_per_floor":["M","?","M","?","?","E","M","E","T","M","$","M","?","E","R","B",null,"M","?","M","$","?","E","R","E","T","?","T","E","M","?","R","B",null,"M","?","T","M","?","E","R","?","T","E","$","?","E","?","R","B",null],"character_chosen":"THE_SILENT","items_purchased":["GhostInAJar","Membership Card","Mummified Hand","Letter Opener","Bottled Flame","PrismaticShard"],"campfire_rested":1,"item_purchase_floors":[11,21,21,45,45,45],"current_hp_per_floor":[60,53,53,53,53,47,47,28,28,16,16,16,7,6,25,13,52,51,51,51,51,57,58,58,59,59,49,49,50,52,52,52,55,72,77,77,83,88,84,63,63,74,80,86,86,86,77,77,77,37],"gold":473,"neow_bonus":"BOSS_RELIC","is_daily":false,"chose_seed":false,"campfire_upgraded":4,"win_rate":0.0,"timestamp":1612518517,"path_taken":["M","?","M","?","?","E","M","E","T","M","$","M","?","E","R","BOSS","M","?","M","$","?","E","R","E","T","?","?","E","M","?","R","BOSS","M","?","?","M","?","E","R","?","T","E","$","?","E","?","R","BOSS"],"items_purchased_type":["Potion","Relic","Relic","Relic","Relic","Relic"],"build_version":"2020-12-22","purchased_purges":2,"victory":true,"max_hp_per_floor":[70,70,70,70,65,65,65,65,65,65,65,65,65,65,65,65,65,65,65,65,65,71,71,71,71,71,77,77,77,77,77,77,77,77,77,77,83,88,84,84,84,84,90,90,90,90,90,90,90,90],"relic_stats":{"Darkstone Periapt":24,"Torii":33,"Happy Flower":[16],"counters":[24,128],"Blue Candle":[6],"StoneCalendar":[52],"Juzu Bracelet":1,"Letter Opener":[25],"Cursed Key":2,"Busted Crown":26,"Mummified Hand":[0],"Shuriken":[17],"Gambling Chip":[8],"MealTicket":0,"Necronomicon":[34],"obtain_stats":[{"Darkstone Periapt":6,"Torii":4,"Vajra":29,"StoneCalendar":37,"Juzu Bracelet":28,"Cursed Key":34,"PrismaticShard":45,"Blood Vial":22,"HornCleat":14,"Mummified Hand":21,"Gambling Chip":42,"MealTicket":47,"Necronomicon":27,"Ring of the Snake":0,"Happy Flower":25,"Golden Idol":5,"Blue Candle":9,"Letter Opener":45,"Odd Mushroom":13,"Paper Crane":26,"White Beast Statue":8,"Runic Dome":0,"Bottled Flame":45,"Busted Crown":17,"Shuriken":44,"Bag of Marbles":23,"Membership Card":21,"Bottled Lightning":43,"Toy Ornithopter":40},{"Darkstone Periapt":3,"Torii":2,"Vajra":15,"StoneCalendar":18,"Juzu Bracelet":14,"Cursed Key":17,"PrismaticShard":22,"Blood Vial":12,"HornCleat":9,"Mummified Hand":12,"Gambling Chip":21,"MealTicket":23,"Necronomicon":14,"Ring of the Snake":0,"Happy Flower":14,"Golden Idol":2,"Blue Candle":5,"Letter Opener":22,"Odd Mushroom":8,"Paper Crane":14,"White Beast Statue":5,"Runic Dome":0,"Bottled Flame":22,"Busted Crown":10,"Shuriken":22,"Bag of Marbles":13,"Membership Card":12,"Bottled Lightning":21,"Toy Ornithopter":20},{"Darkstone Periapt":19,"Torii":8,"Vajra":85,"StoneCalendar":93,"Juzu Bracelet":79,"Cursed Key":90,"PrismaticShard":112,"Blood Vial":69,"HornCleat":52,"Mummified Hand":69,"Gambling Chip":107,"MealTicket":119,"Necronomicon":79,"Ring of the Snake":0,"Happy Flower":79,"Golden Idol":8,"Blue Candle":31,"Letter Opener":112,"Odd Mushroom":45,"Paper Crane":79,"White Beast Statue":31,"Runic Dome":0,"Bottled Flame":112,"Busted Crown":63,"Shuriken":112,"Bag of Marbles":74,"Membership Card":69,"Bottled Lightning":107,"Toy Ornithopter":102}],"Toy Ornithopter":15},"card_choices":[{"not_picked":["Escape Plan","Backstab"],"picked":"Predator","floor":1.0},{"not_picked":["Tactician","Noxious Fumes"],"picked":"Leg Sweep","floor":3.0},{"not_picked":["Poisoned Stab","PiercingWail"],"picked":"Dagger Throw","floor":6.0},{"not_picked":["Deflect","Prepared","Dagger Throw"],"picked":"SKIP","floor":7.0},{"not_picked":["Dagger Throw","Flying Knee"],"picked":"Unload","floor":8.0},{"not_picked":["Endless Agony","Masterful Stab","Deadly Poison"],"picked":"SKIP","floor":10.0},{"not_picked":["PiercingWail","Bouncing Flask"],"picked":"Dagger Spray","floor":12.0},{"not_picked":["Prepared","Flying Knee"],"picked":"Heel Hook","floor":13.0},{"not_picked":["Poisoned Stab","Crippling Poison"],"picked":"Escape Plan","floor":14.0},{"not_picked":["Envenom","Venomology"],"picked":"Adrenaline","floor":16.0},{"not_picked":[],"picked":"Dash+1","floor":18.0},{"not_picked":["Bane"],"picked":"SKIP","floor":20.0},{"not_picked":["Sucker Punch"],"picked":"SKIP","floor":23.0},{"not_picked":["After Image"],"picked":"SKIP","floor":25.0},{"not_picked":[],"picked":"Backflip","floor":29.0},{"not_picked":[],"picked":"Blade Dance+1","floor":30.0},{"not_picked":[],"picked":"Corpse Explosion","floor":33.0},{"not_picked":["Concentrate+1"],"picked":"SKIP","floor":35},{"not_picked":["Expertise+1"],"picked":"SKIP","floor":38},{"not_picked":[],"picked":"Underhanded Strike+1","floor":40},{"not_picked":[],"picked":"Underhanded Strike","floor":44},{"not_picked":["Bouncing Flask"],"picked":"SKIP","floor":47}],"player_experience":303509,"relics_obtained":[{"floor":6.0,"key":"Darkstone Periapt"},{"floor":8.0,"key":"White Beast Statue"},{"floor":9.0,"key":"Blue Candle"},{"floor":13.0,"key":"Odd Mushroom"},{"floor":14.0,"key":"HornCleat"},{"floor":23.0,"key":"Bag of Marbles"},{"floor":25.0,"key":"Happy Flower"},{"floor":26.0,"key":"Paper Crane"},{"floor":27.0,"key":"Necronomicon"},{"floor":28.0,"key":"Juzu Bracelet"},{"floor":29.0,"key":"Vajra"},{"floor":37,"key":"StoneCalendar"},{"floor":40,"key":"Toy Ornithopter"},{"floor":42,"key":"Gambling Chip"},{"floor":43,"key":"Bottled Lightning"},{"floor":44,"key":"Shuriken"},{"floor":47,"key":"MealTicket"}],"event_choices":[{"cards_removed":["Strike_G"],"damage_healed":0.0,"max_hp_gain":0.0,"max_hp_loss":0.0,"gold_gain":0.0,"event_name":"Golden Wing","player_choice":"Card Removal","floor":2.0,"gold_loss":0.0,"damage_taken":7.0},{"damage_healed":0.0,"max_hp_gain":0.0,"max_hp_loss":0.0,"gold_gain":0.0,"event_name":"Big Fish","player_choice":"Box","floor":4.0,"gold_loss":0.0,"damage_taken":0.0,"relics_obtained":["Torii"],"cards_obtained":["Regret"]},{"damage_healed":0.0,"max_hp_gain":0.0,"max_hp_loss":5.0,"gold_gain":0.0,"event_name":"Golden Idol","player_choice":"Lose Max HP","floor":5.0,"gold_loss":0.0,"damage_taken":0.0,"relics_obtained":["Golden Idol"]},{"damage_healed":0.0,"max_hp_gain":0.0,"max_hp_loss":0.0,"gold_gain":0.0,"event_name":"Mushrooms","player_choice":"Fought Mushrooms","floor":13.0,"gold_loss":0.0,"damage_taken":0.0},{"damage_healed":0.0,"max_hp_gain":0.0,"max_hp_loss":0.0,"gold_gain":0.0,"event_name":"Ghosts","player_choice":"Ignored","floor":19.0,"gold_loss":0.0,"damage_taken":0.0},{"damage_healed":0.0,"max_hp_gain":0.0,"max_hp_loss":0.0,"gold_gain":0.0,"event_name":"Addict","player_choice":"Stole Relic","floor":22.0,"gold_loss":0.0,"damage_taken":0.0,"relics_obtained":["Blood Vial"],"cards_obtained":["Shame"]},{"damage_healed":0.0,"max_hp_gain":0.0,"max_hp_loss":0.0,"gold_gain":0.0,"event_name":"Cursed Tome","player_choice":"Obtained Book","floor":27.0,"gold_loss":0.0,"damage_taken":16.0},{"damage_healed":0.0,"max_hp_gain":0.0,"max_hp_loss":0.0,"gold_gain":0.0,"event_name":"Vampires","player_choice":"Became a vampire (Vial)","floor":31.0,"relics_lost":["Blood Vial"],"gold_loss":0.0,"damage_taken":0.0,"cards_obtained":["Bite","Bite","Bite","Bite","Bite"]},{"damage_healed":0,"gold_gain":0,"player_choice":"Ignored","damage_taken":0,"max_hp_gain":0,"max_hp_loss":0,"event_name":"Tomb of Lord Red Mask","floor":36,"gold_loss":0},{"damage_healed":0,"gold_gain":0,"player_choice":"Max HP","damage_taken":0,"max_hp_gain":0,"max_hp_loss":4,"event_name":"Winding Halls","floor":39,"gold_loss":0},{"damage_healed":0,"gold_gain":0,"player_choice":"Fight","damage_taken":0,"max_hp_gain":0,"max_hp_loss":0,"event_name":"MindBloom","floor":42,"gold_loss":0},{"damage_healed":0,"gold_gain":333,"player_choice":"Gave Idol","damage_taken":0,"max_hp_gain":0,"max_hp_loss":0,"event_name":"The Moai Head","floor":46,"relics_lost":["Golden Idol"],"gold_loss":0},{"damage_healed":0,"gold_gain":0,"player_choice":"Bought 0 Potions","damage_taken":0,"max_hp_gain":0,"max_hp_loss":0,"event_name":"The Woman in Blue","floor":48,"gold_loss":0}],"is_beta":false,"boss_relics":[{"not_picked":["Fusion Hammer","Coffee Dripper"],"picked":"Busted Crown"},{"not_picked":["Pandora\u0027s Box","SlaversCollar"],"picked":"Cursed Key"}],"items_purged_floors":[11,45],"is_endless":false,"potions_floor_spawned":[1,3,6,8,10,12,13,14,16,18,20,23,25,29,30,33,35,38,40,42,44,47],"ascension_level":9}}