{"host":"nb3r5a3er9rrnn3n","time":1612507255,"event":{"mods":["BaseMod","Colored Map","Downfall","Minty Spire (QoL Compilation)","Relic Stats","Spire Arcade","StSLib"],"gold_per_floor":[99,109,120,120,120,146,223,256,256,270,289,289,289,439,459,563,563,563,580,680,680,107,140,140,175,235,245,145,170,182,217,233,330,330,230,241,241,256,131,131,156,167,167,178,213,226,126,154,169,169,169,204,54,54,54,54],"floor_reached":57,"language":"ENG","playtime":4047,"items_purged":["downfall:Icky","bronze:Strike","bronze:Strike","Parasite"],"score":1738,"play_id":"37a5cc5c-2a1e-4bc4-8ca2-6bc6e470cc2f","local_time":"20210205174055","is_ascension_mode":true,"campfire_choices":[{"data":"bronze:Goto","floor":1.0,"key":"SMITH"},{"floor":12.0,"key":"REST"},{"data":"bronze:HardenedForm","floor":18.0,"key":"SMITH"},{"floor":28.0,"key":"RECALL"},{"data":"bronze:HardenedForm","floor":35.0,"key":"SMITH"},{"data":"Master of Strategy","floor":40.0,"key":"SMITH"},{"data":"bronze:Separator","floor":47.0,"key":"PURGE"},{"data":"bronze:Defend","floor":54.0,"key":"PURGE"}],"circlet_count":0,"master_deck":["bronze:Defend","bronze:Defend","bronze:Defend","bronze:Replicate","bronze:Goto+1","Purity","bronze:FineTuning","bronze:Iterate+1","bronze:HardenedForm+1","J.A.X.","bronze:OilSpill","bronze:ChildClass","bronze:Constructor","bronze:FollowUp+1","Master of Strategy+1","Panacea","bronze:Verify","bronze:Assembly","bronze:FineTuning+1","bronze:HardenedForm+1"],"relics":["bronze:PlatinumCore","hexamod:BolsterEngine","bronze:BottledCode","Dream Catcher","Gremlin Horn","Toy Ornithopter","StrikeDummy","sneckomod:SneckoTalon","MutagenicStrength","Sling","Shovel","Meat on the Bone","Bottled Tornado","downfall:HeartBlessingGreen","Kunai","Mango","downfall:HeartBlessingRed","Peace Pipe","downfall:HeartBlessingBlue","Molten Egg 2","Shuriken"],"acts_visited":["Exordium","TheCity","TheBeyond","TheEnding"],"potions_floor_usage":[56,56,56],"damage_taken":[{"damage":0.0,"enemies":"2 Louse","floor":2.0,"turns":4.0},{"damage":0.0,"enemies":"Small Slimes","floor":3.0,"turns":3.0},{"damage":28.0,"enemies":"Gremlin Nob","floor":6.0,"turns":4.0},{"damage":20.0,"enemies":"3 Sentries","floor":8.0,"turns":9.0},{"damage":7.0,"enemies":"Jaw Worm","floor":10.0,"turns":3.0},{"damage":0.0,"enemies":"Exordium Wildlife","floor":11.0,"turns":3.0},{"damage":0.0,"enemies":"Large Slime","floor":15.0,"turns":3.0},{"damage":11.0,"enemies":"SI_SHIV_ARCHETYPE","floor":16.0,"turns":7.0},{"damage":2.0,"enemies":"Chosen","floor":19.0,"turns":4.0},{"damage":11.0,"enemies":"downfall:Augmenter","floor":20.0,"turns":5.0},{"damage":9.0,"enemies":"downfall:FleeingMerchant","floor":22.0,"turns":4.0},{"damage":3.0,"enemies":"Book of Stabbing","floor":23.0,"turns":2.0},{"damage":3.0,"enemies":"Gremlin Leader","floor":25.0,"turns":2.0},{"damage":6.0,"enemies":"downfall:FleeingMerchant","floor":26.0,"turns":4.0},{"damage":12.0,"enemies":"3 Byrds","floor":27.0,"turns":6.0},{"damage":6.0,"enemies":"Slavers","floor":29.0,"turns":4.0},{"damage":3.0,"enemies":"Shelled Parasite and Fungi","floor":30.0,"turns":3.0},{"damage":5.0,"enemies":"Book of Stabbing","floor":31.0,"turns":3.0},{"damage":4.0,"enemies":"Snake Plant","floor":32.0,"turns":4.0},{"damage":6.0,"enemies":"WA_ARCHETYPE_CALM","floor":33.0,"turns":5.0},{"damage":0.0,"enemies":"3 Shapes","floor":36.0,"turns":4.0},{"damage":4.0,"enemies":"Orb Walker","floor":38.0,"turns":2.0},{"damage":4.0,"enemies":"Sphere and 2 Shapes","floor":42.0,"turns":6.0},{"damage":3.0,"enemies":"Maw","floor":44.0,"turns":6.0},{"damage":0.0,"enemies":"Giant Head","floor":45.0,"turns":7.0},{"damage":3.0,"enemies":"Jaw Worm Horde","floor":46.0,"turns":3.0},{"damage":6.0,"enemies":"Reptomancer","floor":48.0,"turns":4.0},{"damage":21.0,"enemies":"Writhing Mass","floor":49.0,"turns":4.0},{"damage":35.0,"enemies":"DF_ARCHETYPE_ORBS","floor":50.0,"turns":12.0},{"damage":0.0,"enemies":"downfall:CharBossMerchant","floor":52.0,"turns":5.0},{"damage":1.0,"enemies":"downfall:NeowBoss","floor":55.0,"turns":8.0},{"damage":27,"enemies":"downfall:NeowBossFinal","floor":56,"turns":8}],"seed_played":"1961213914274678630","potions_obtained":[{"floor":10.0,"key":"PowerPotion"},{"floor":15.0,"key":"EssenceOfSteel"},{"floor":20.0,"key":"LiquidMemories"},{"floor":21.0,"key":"CultistPotion"},{"floor":23.0,"key":"Block Potion"},{"floor":29.0,"key":"Block Potion"},{"floor":44.0,"key":"Fire Potion"},{"floor":52.0,"key":"Weak Potion"}],"is_trial":false,"path_per_floor":["R","M","M","?","?","E","T","E","?","M","M","R","T","?","M","B",null,"R","M","?","?","$","E","T","E","$","M","R","E","M","E","M","B",null,"R","M","?","M","$","R","T","M","?","M","E","M","R","E","M","B",null,"E","$","R","B","B",null],"character_chosen":"THE_AUTOMATON","items_purchased":["Master of Strategy","Panacea","Sling","Regen Potion","bronze:Assembly"],"campfire_rested":1,"item_purchase_floors":[22,22,22,22,26],"current_hp_per_floor":[63,63,63,63,60,32,32,12,12,5,5,23,23,23,23,17,49,49,47,41,41,32,39,39,36,42,42,42,41,38,47,43,49,68,68,68,68,64,64,64,64,60,60,62,62,59,69,68,47,24,69,69,69,69,68,56],"gold":54,"neow_bonus":"RANDOM_COLORLESS","is_daily":false,"chose_seed":false,"campfire_upgraded":4,"win_rate":0.0,"timestamp":1612507255,"path_taken":["R","M","M","?","?","E","T","E","?","?","M","R","?","?","M","BOSS","R","M","?","?","?","E","T","E","$","M","R","E","?","E","M","BOSS","R","M","?","M","$","R","T","M","?","?","E","M","R","E","M","BOSS","E","$","R","BOSS","BOSS"],"items_purchased_type":["Card","Card","Relic","Potion","Card"],"build_version":"2020-12-22","purchased_purges":4,"victory":true,"max_hp_per_floor":[70,70,70,70,60,60,60,60,60,60,60,60,60,60,60,60,60,60,60,60,60,60,60,60,60,60,60,60,60,60,74,74,74,74,74,74,74,74,74,74,74,74,74,74,74,74,84,84,84,84,84,84,81,81,81,81],"relic_stats":{"Peace Pipe":2,"Dream Catcher":1,"Shovel":0,"Gremlin Horn":[23,23],"counters":[32,151],"Shuriken":[13],"Kunai":[49],"obtain_stats":[{"bronze:PlatinumCore":34,"bronze:BronzeCore":0,"Gremlin Horn":7,"downfall:HeartBlessingRed":35,"downfall:HeartBlessingGreen":28,"Mango":31,"Bottled Tornado":25,"sneckomod:SneckoTalon":17,"Sling":22,"bronze:BottledCode":5,"Peace Pipe":45,"Dream Catcher":6,"Shovel":23,"downfall:HeartBlessingBlue":47,"Shuriken":52,"MutagenicStrength":20,"Molten Egg 2":48,"Kunai":29,"hexamod:BolsterEngine":4,"StrikeDummy":13,"Toy Ornithopter":8,"Meat on the Bone":24},{"bronze:PlatinumCore":20,"bronze:BronzeCore":0,"Gremlin Horn":3,"downfall:HeartBlessingRed":20,"downfall:HeartBlessingGreen":15,"Mango":18,"Bottled Tornado":13,"sneckomod:SneckoTalon":8,"Sling":11,"bronze:BottledCode":2,"Peace Pipe":25,"Dream Catcher":3,"Shovel":12,"downfall:HeartBlessingBlue":26,"Shuriken":30,"MutagenicStrength":10,"Molten Egg 2":27,"Kunai":16,"hexamod:BolsterEngine":2,"StrikeDummy":6,"Toy Ornithopter":4,"Meat on the Bone":12},{"bronze:PlatinumCore":82,"bronze:BronzeCore":0,"Gremlin Horn":11,"downfall:HeartBlessingRed":82,"downfall:HeartBlessingGreen":63,"Mango":73,"Bottled Tornado":53,"sneckomod:SneckoTalon":36,"Sling":49,"bronze:BottledCode":7,"Peace Pipe":107,"Dream Catcher":11,"Shovel":51,"downfall:HeartBlessingBlue":110,"Shuriken":135,"MutagenicStrength":45,"Molten Egg 2":114,"Kunai":67,"hexamod:BolsterEngine":7,"StrikeDummy":26,"Toy Ornithopter":20,"Meat on the Bone":51}],"Toy Ornithopter":45,"Meat on the Bone":48},"card_choices":[{"not_picked":["Finesse","Mind Blast"],"picked":"Purity","floor":0.0},{"not_picked":["bronze:Optimize","bronze:Fortify"],"picked":"bronze:Separator","floor":2.0},{"not_picked":["bronze:Frontload","bronze:Overheat","bronze:Fortify"],"picked":"SKIP","floor":3.0},{"not_picked":["bronze:CutThrough","bronze:BitShift","bronze:CloningBeam"],"picked":"SKIP","floor":6.0},{"not_picked":["bronze:InfiniteLoop","bronze:Turbo"],"picked":"bronze:FineTuning","floor":8.0},{"not_picked":["bronze:BugBarrage","bronze:Shield"],"picked":"bronze:Iterate","floor":10.0},{"not_picked":["bronze:OilSpill","bronze:Return","bronze:CutThrough"],"picked":"SKIP","floor":11.0},{"not_picked":["bronze:WhirlingStrike","bronze:Overload","bronze:Separator"],"picked":"SKIP","floor":15.0},{"not_picked":["bronze:Virus","bronze:InfiniteLoop"],"picked":"bronze:HardenedForm","floor":16.0},{"not_picked":["bronze:Invalidate","bronze:BugBarrage","bronze:Repair+1"],"picked":"SKIP","floor":19.0},{"not_picked":[],"picked":"J.A.X.","floor":20.0},{"not_picked":["bronze:Branch","bronze:BugBarrage+1"],"picked":"bronze:Constructor","floor":20.0},{"not_picked":["bronze:Branch+1","bronze:MaxOutput"],"picked":"bronze:FollowUp+1","floor":22.0},{"not_picked":["bronze:ChildClass","bronze:Branch","bronze:Shield"],"picked":"SKIP","floor":23.0},{"not_picked":["bronze:FineTuning","bronze:GetLatest+1"],"picked":"bronze:Verify","floor":25.0},{"not_picked":["bronze:WhirlingStrike","bronze:Deprecate","bronze:BuggyMess"],"picked":"SKIP","floor":26.0},{"not_picked":["bronze:CutThrough","bronze:Invalidate+1"],"picked":"bronze:FineTuning+1","floor":27.0},{"not_picked":["bronze:ForLoop+1","bronze:Overload+1","bronze:Iterate"],"picked":"SKIP","floor":29.0},{"not_picked":["bronze:OilSpill","bronze:ClassDefault","bronze:BronzeOrb"],"picked":"SKIP","floor":30.0},{"not_picked":["bronze:BronzeArmor","bronze:RecursiveStrike","bronze:Mutator"],"picked":"SKIP","floor":31.0},{"not_picked":["bronze:BronzeArmor","bronze:RecursiveStrike","bronze:Mutator"],"picked":"SKIP","floor":31.0},{"not_picked":["bronze:Optimize+1","bronze:Constructor","bronze:Invalidate+1"],"picked":"SKIP","floor":32.0},{"not_picked":["bronze:Break","bronze:Virus"],"picked":"bronze:HardenedForm","floor":33.0},{"not_picked":["bronze:Separator","bronze:FineTuning+1","bronze:Constructor+1"],"picked":"SKIP","floor":36.0},{"not_picked":["bronze:Refactor+1","bronze:Invalidate+1","bronze:FollowUp+1"],"picked":"SKIP","floor":38.0},{"not_picked":["bronze:Invalidate","bronze:ForceShield","bronze:ClassDefault"],"picked":"SKIP","floor":42.0},{"not_picked":["bronze:DarkDash+1","bronze:Frontload+1","bronze:Separator+1"],"picked":"SKIP","floor":44.0},{"not_picked":["bronze:Optimize+1","bronze:Shell","bronze:Allocate+1"],"picked":"SKIP","floor":45.0},{"not_picked":["bronze:Turbo","bronze:Iterate","bronze:AlphaBuild"],"picked":"SKIP","floor":46.0},{"not_picked":["bronze:BuggyMess","bronze:Refactor","bronze:Fortify+1"],"picked":"SKIP","floor":48.0},{"not_picked":["bronze:Turbo","bronze:BuggyMess+1","bronze:ForceShield"],"picked":"SKIP","floor":49.0},{"not_picked":["bronze:Flail+1","bronze:BronzeOrb+1","bronze:CloningBeam+1"],"picked":"SKIP","floor":52.0}],"player_experience":1968734,"relics_obtained":[{"floor":6.0,"key":"Dream Catcher"},{"floor":7.0,"key":"Gremlin Horn"},{"floor":8.0,"key":"Toy Ornithopter"},{"floor":13.0,"key":"StrikeDummy"},{"floor":20.0,"key":"MutagenicStrength"},{"floor":23.0,"key":"Shovel"},{"floor":24.0,"key":"Meat on the Bone"},{"floor":25.0,"key":"Bottled Tornado"},{"floor":29.0,"key":"Kunai"},{"floor":31.0,"key":"Mango"},{"floor":45.0,"key":"Peace Pipe"},{"floor":48.0,"key":"Molten Egg 2"},{"floor":52.0,"key":"Shuriken"}],"event_choices":[],"is_beta":false,"boss_relics":[{"not_picked":["Philosopher\u0027s Stone","Snecko Eye"],"picked":"sneckomod:SneckoTalon"},{"not_picked":["Velvet Choker","Calling Bell"],"picked":"bronze:PlatinumCore"}],"items_purged_floors":[22,26,39,53],"is_endless":false,"potions_floor_spawned":[10,15,20,23,25,27,29,33,36,44,45,52],"ascension_level":6}}