{"host":"j4nfyhit1dl35m08","time":1612503358,"event":{"mods":["BaseMod","Downfall","Highlight Path","Minty Spire (QoL Compilation)","StSLib"],"gold_per_floor":[149,167,167,167,178,213,240,281,306,341,386,409,421,451,479,596,608,620,643,458,458,470,505,505,505,539,559,578,608,35,135,152,250,250,250,267,267,367,384,398,423,449,449,2,33,9,27,45,58,58],"floor_reached":51,"language":"ENG","playtime":7929,"items_purged":["bronze:Strike","bronze:NullPointer","bronze:Replicate"],"score":1021,"play_id":"5cade3b6-f867-4e1a-a5c6-13fdbdcaa2ac","local_time":"20210204233558","is_ascension_mode":true,"campfire_choices":[{"data":"bronze:Goto","floor":1,"key":"SMITH"},{"floor":13,"key":"REST"},{"data":"bronze:BuggyMess","floor":18,"key":"SMITH"},{"data":"bronze:FineTuning","floor":25,"key":"SMITH"},{"data":"bronze:Flail","floor":35,"key":"SMITH"},{"data":"bronze:CloningBeam","floor":43,"key":"SMITH"}],"circlet_count":0,"master_deck":["bronze:Defend","bronze:Defend","bronze:Defend","bronze:Goto+1","bronze:ChosenStrike","bronze:ChildClass","bronze:Fortify","bronze:Repulsor+1","bronze:BuggyMess+1","bronze:Optimize+1","bronze:DarkDash","bronze:Turbo","bronze:Boost","bronze:Library+1","bronze:Frontload","bronze:Terminator","bronze:MaxOutput+1","bronze:Frontload","bronze:ForLoop","bronze:FineTuning+1","bronze:CleanCode+1","bronze:Separator+1","bronze:ClassDefault+1","bronze:Flail+1","bronze:Optimize+1","bronze:DonuBeam","bronze:DecaBeam","bronze:AlphaBuild","bronze:ShipIt+1","bronze:Return+1","bronze:Constructor+1","expansioncontent:AwakenDeath+1","expansioncontent:YouAreMine","expansioncontent:PrepareCrush","bronze:Shell+1","bronze:CloningBeam+1","bronze:SpaghettiCode","bronze:CloningBeam","bronze:ItsAFeature+1","bronze:CutThrough+1","bronze:Flail+1","bronze:DigitalCarnage+1","expansioncontent:AwakenDeath+1","bronze:ClassDefault+1"],"relics":["Tiny House","Frozen Egg 2","MealTicket","MawBank","Meat on the Bone","Dream Catcher","Blood Vial","Snecko Eye","Regal Pillow","Pantograph","bronze:Mallet","Red Mask","Lantern","Strawberry","Astrolabe","downfall:GremlinWheel","Bronze Scales","Oddly Smooth Stone","Bag of Preparation","ClockworkSouvenir","Molten Egg 2","bronze:DonusWashers"],"acts_visited":["Exordium","TheCity","TheBeyond"],"potions_floor_usage":[6,11,16,19,26,29,31,33,49,50],"damage_taken":[{"damage":7,"enemies":"Small Slimes","floor":2,"turns":3},{"damage":0,"enemies":"2 Louse","floor":5,"turns":3},{"damage":1,"enemies":"Lagavulin","floor":6,"turns":4},{"damage":15,"enemies":"3 Sentries","floor":8,"turns":9},{"damage":0,"enemies":"Jaw Worm","floor":9,"turns":3},{"damage":34,"enemies":"Gremlin Nob","floor":11,"turns":4},{"damage":3,"enemies":"Exordium Wildlife","floor":12,"turns":5},{"damage":4,"enemies":"Blue Slaver","floor":14,"turns":6},{"damage":0,"enemies":"2 Fungi Beasts","floor":15,"turns":3},{"damage":28,"enemies":"DF_ARCHETYPE_STREAMLINE","floor":16,"turns":12},{"damage":0,"enemies":"Spheric Guardian","floor":19,"turns":4},{"damage":0,"enemies":"downfall:FleeingMerchant","floor":20,"turns":4},{"damage":0,"enemies":"Chosen","floor":22,"turns":6},{"damage":12,"enemies":"Book of Stabbing","floor":23,"turns":6},{"damage":33,"enemies":"Gremlin Leader","floor":26,"turns":9},{"damage":11,"enemies":"Snake Plant","floor":27,"turns":6},{"damage":14,"enemies":"Centurion and Healer","floor":28,"turns":8},{"damage":7,"enemies":"Masked Bandits","floor":29,"turns":6},{"damage":0,"enemies":"downfall:FleeingMerchant","floor":30,"turns":4},{"damage":38,"enemies":"downfall:FleeingMerchant","floor":31,"turns":7},{"damage":0,"enemies":"Snecko","floor":32,"turns":1},{"damage":21,"enemies":"WA_ARCHETYPE_CALM","floor":33,"turns":7},{"damage":37,"enemies":"3 Darklings","floor":36,"turns":4},{"damage":0,"enemies":"3 Darklings","floor":38,"turns":2},{"damage":0,"enemies":"3 Shapes","floor":39,"turns":2},{"damage":0,"enemies":"3 Darklings","floor":40,"turns":3},{"damage":7,"enemies":"Nemesis","floor":42,"turns":9},{"damage":20,"enemies":"downfall:FleeingMerchant","floor":44,"turns":4},{"damage":52,"enemies":"Giant Head","floor":45,"turns":9},{"damage":0,"enemies":"downfall:FleeingMerchant","floor":46,"turns":4},{"damage":10,"enemies":"4 Shapes","floor":47,"turns":6},{"damage":3,"enemies":"Spire Growth","floor":48,"turns":4},{"damage":72,"enemies":"Transient","floor":49,"turns":5},{"damage":53,"enemies":"IC_BLOCK_ARCHETYPE","floor":50,"turns":8}],"seed_played":"2139182511006623076","potions_obtained":[{"floor":0,"key":"FearPotion"},{"floor":2,"key":"FearPotion"},{"floor":5,"key":"Weak Potion"},{"floor":11,"key":"SteroidPotion"},{"floor":14,"key":"Explosive Potion"},{"floor":16,"key":"Ancient Potion"},{"floor":26,"key":"Strength Potion"},{"floor":28,"key":"LiquidMemories"},{"floor":29,"key":"Swift Potion"},{"floor":32,"key":"hexamod:SoulburnPotion"},{"floor":38,"key":"DistilledChaos"},{"floor":47,"key":"sneckomod:MuddlingPotion"}],"is_trial":false,"path_per_floor":["R","M","?","?","M","E","T","E","M","T","E","M","R","M","M","B",null,"R","M","$","?","M","E","T","R","E","M","M","?","$","?","M","B",null,"R","M","?","?","M","M","T","E","R","$","E","$","M","M","M","B",null],"character_chosen":"THE_AUTOMATON","items_purchased":["bronze:MaxOutput+1","bronze:Frontload","Lantern","bronze:Flail","Strawberry","bronze:Optimize+1","Weak Potion","ClockworkSouvenir","bronze:CloningBeam","bronze:ItsAFeature+1","CultistPotion","bronze:DigitalCarnage+1","bronze:DonusWashers","expansioncontent:AwakenDeath"],"campfire_rested":1,"item_purchase_floors":[20,20,30,30,30,30,30,44,44,44,46,46,46,46],"current_hp_per_floor":[68,61,61,43,43,42,42,27,39,39,17,28,50,48,50,36,65,65,67,75,75,75,63,63,63,44,47,47,42,66,44,46,52,75,75,52,42,44,46,48,48,43,43,52,14,43,47,46,42,28],"gold":58,"neow_bonus":"BOSS_RELIC","is_daily":false,"chose_seed":false,"campfire_upgraded":5,"win_rate":0.0,"timestamp":1612503358,"path_taken":["R","M","?","?","M","E","T","E","M","?","E","M","R","M","M","BOSS","R","M","$","?","M","E","T","R","E","M","M","?","$","?","M","BOSS","R","M","?","?","M","M","T","E","R","$","E","$","?","M","M","BOSS"],"items_purchased_type":["Card","Card","Relic","Card","Relic","Card","Potion","Relic","Card","Card","Potion","Card","Relic","Card"],"build_version":"2020-12-22","purchased_purges":3,"victory":true,"max_hp_per_floor":[75,75,75,75,75,75,75,75,75,75,75,75,75,75,75,75,75,75,75,75,75,75,75,75,75,75,75,75,75,82,82,82,82,82,82,82,82,82,82,82,82,82,82,82,82,82,82,82,82,82],"card_choices":[{"not_picked":["bronze:WildBeam","bronze:InfiniteBeams"],"picked":"bronze:ChosenStrike","floor":0},{"not_picked":["bronze:Shield","bronze:BugBarrage"],"picked":"bronze:NullPointer","floor":2},{"not_picked":["bronze:Deprecate","bronze:Flail"],"picked":"bronze:Fortify","floor":5},{"not_picked":["bronze:ChosenStrike","bronze:AlphaBuild"],"picked":"bronze:Repulsor+1","floor":6},{"not_picked":["bronze:Constructor","bronze:Refactor"],"picked":"bronze:BuggyMess","floor":8},{"not_picked":["bronze:ForLoop","bronze:ChildClass","bronze:BuggyMess"],"picked":"SKIP","floor":9},{"not_picked":["bronze:Refactor","bronze:Shield"],"picked":"bronze:Optimize+1","floor":11},{"not_picked":["bronze:DelayedSlice","bronze:Safeguard"],"picked":"bronze:DarkDash","floor":12},{"not_picked":["bronze:BuggyMess","bronze:Separator"],"picked":"bronze:Turbo","floor":13},{"not_picked":["bronze:Turbo","bronze:ChosenStrike"],"picked":"bronze:Backtrace","floor":14},{"not_picked":["bronze:BugBarrage","bronze:Mutator+1"],"picked":"bronze:Boost","floor":15},{"not_picked":["bronze:Break","bronze:Assembly"],"picked":"bronze:Library+1","floor":16},{"not_picked":["bronze:Return","bronze:Invalidate"],"picked":"bronze:Frontload","floor":19},{"not_picked":["bronze:BuggyMess","bronze:OilSpill+1"],"picked":"bronze:Terminator","floor":20},{"not_picked":["bronze:Deprecate","bronze:DelayedGuard","bronze:Return"],"picked":"SKIP","floor":22},{"not_picked":["bronze:DelayedGuard","bronze:Fortify"],"picked":"bronze:FineTuning","floor":23},{"not_picked":["bronze:Refactor","bronze:Return"],"picked":"bronze:CleanCode+1","floor":26},{"not_picked":["bronze:Return","bronze:DelayedSlice+1","bronze:Separator"],"picked":"SKIP","floor":27},{"not_picked":["bronze:DelayedSlice","bronze:Deprecate"],"picked":"bronze:Separator+1","floor":28},{"not_picked":["bronze:Optimize+1","bronze:WhirlingStrike+1"],"picked":"bronze:ClassDefault+1","floor":30},{"not_picked":[],"picked":"bronze:DonuBeam","floor":31},{"not_picked":[],"picked":"bronze:DecaBeam","floor":31},{"not_picked":["bronze:DelayedGuard","bronze:WhirlingStrike","bronze:Return+1"],"picked":"SKIP","floor":32},{"not_picked":["bronze:Assembly","bronze:CleanCode+1"],"picked":"bronze:AlphaBuild","floor":33},{"not_picked":["bronze:Branch","bronze:WhirlingStrike+1","bronze:WildBeam"],"picked":"SKIP","floor":36},{"not_picked":["expansioncontent:GuardianWhirl","expansioncontent:LastStand"],"picked":"expansioncontent:AwakenDeath","floor":37},{"not_picked":["expansioncontent:AwakenDeath","expansioncontent:PolyBeam"],"picked":"expansioncontent:YouAreMine","floor":37},{"not_picked":["expansioncontent:Chronoboost","expansioncontent:GuardianWhirl"],"picked":"expansioncontent:PrepareCrush","floor":37},{"not_picked":["bronze:Return+1","bronze:OilSpill+1"],"picked":"bronze:Shell+1","floor":39},{"not_picked":["bronze:GetLatest+1","bronze:Virus","bronze:WhirlingStrike"],"picked":"SKIP","floor":40},{"not_picked":["bronze:Deprecate","bronze:ForceShield+1"],"picked":"bronze:CloningBeam","floor":42},{"not_picked":["bronze:Optimize+1","bronze:DarkDash"],"picked":"bronze:SpaghettiCode","floor":44},{"not_picked":["bronze:Separator+1","bronze:BitShift+1"],"picked":"bronze:CutThrough+1","floor":45},{"not_picked":["bronze:BitShift","bronze:ShipIt+1"],"picked":"bronze:Flail+1","floor":46},{"not_picked":["bronze:BuggyMess+1","bronze:FineTuning","bronze:WildBeam+1"],"picked":"SKIP","floor":47},{"not_picked":["bronze:Iterate+1","bronze:WildBeam+1","bronze:MaxOutput+1"],"picked":"SKIP","floor":48},{"not_picked":["bronze:BuggyMess+1","bronze:Terminator"],"picked":"bronze:ClassDefault+1","floor":49}],"player_experience":412992,"relics_obtained":[{"floor":6,"key":"MealTicket"},{"floor":7,"key":"MawBank"},{"floor":8,"key":"Meat on the Bone"},{"floor":10,"key":"Dream Catcher"},{"floor":11,"key":"Blood Vial"},{"floor":23,"key":"Regal Pillow"},{"floor":24,"key":"Pantograph"},{"floor":26,"key":"bronze:Mallet"},{"floor":29,"key":"Red Mask"},{"floor":38,"key":"downfall:GremlinWheel"},{"floor":41,"key":"Bronze Scales"},{"floor":42,"key":"Oddly Smooth Stone"},{"floor":43,"key":"Bag of Preparation"},{"floor":45,"key":"Molten Egg 2"}],"event_choices":[{"damage_healed":0,"gold_gain":0,"player_choice":"Success","damage_taken":18,"relics_obtained":["Frozen Egg 2"],"max_hp_gain":0,"max_hp_loss":0,"event_name":"Scrap Ooze","floor":4,"gold_loss":0},{"damage_healed":0,"gold_gain":0,"cards_transformed":["bronze:Strike","bronze:Backtrace"],"player_choice":"Became Test Subject","damage_taken":0,"max_hp_gain":0,"max_hp_loss":0,"event_name":"Drug Dealer","floor":21,"gold_loss":0,"cards_obtained":["bronze:WildBeam","bronze:ForLoop"]},{"damage_healed":0,"gold_gain":0,"player_choice":"Fought Bandits","damage_taken":0,"max_hp_gain":0,"max_hp_loss":0,"event_name":"Masked Bandits","floor":29,"gold_loss":0},{"damage_healed":0,"gold_gain":0,"player_choice":"Relic","damage_taken":0,"max_hp_gain":0,"max_hp_loss":0,"event_name":"Wheel of Change","floor":43,"gold_loss":0}],"is_beta":false,"boss_relics":[{"not_picked":["Velvet Choker","Calling Bell"],"picked":"Snecko Eye"},{"not_picked":["Empty Cage","Busted Crown"],"picked":"Astrolabe"}],"items_purged_floors":[20,30,44],"is_endless":false,"potions_floor_spawned":[2,5,11,14,16,26,28,29,32,38,42,45,47,48],"ascension_level":7}}