{"host":"36t3qd3wjvajtu1z","time":1612495859,"event":{"mods":["2.2 Compatiblity","AchievementEnabler","BaseMod","Block Reminder","Colored Map","Colored Powertips","Minty Spire (QoL Compilation)","Permanent Neow","Quick Restart","Random Character Button","Rare Cards Sparkle","Relic Stats","Slay-I","StSLib"],"gold_per_floor":[117,133,33,53,65,65,85,85,85,103,116,132,132,158,158,263,263,273,21,21,0,0,0,33,33,33,33,51,51,51,51,51,150,150,164,164,178,178,178],"floor_reached":38,"language":"ENG","playtime":759,"items_purged":["Decay","Strike_R"],"score":394,"play_id":"96bf3348-c449-49d2-b670-770b0dacbc46","local_time":"20210204193059","is_ascension_mode":false,"campfire_choices":[{"data":"Bash","floor":6,"key":"SMITH"},{"data":"True Grit","floor":13,"key":"SMITH"},{"data":"Double Tap","floor":15,"key":"SMITH"},{"data":"Immolate","floor":23,"key":"SMITH"},{"data":"Carnage","floor":25,"key":"SMITH"},{"data":"Burning Pact","floor":30,"key":"SMITH"},{"floor":32,"key":"REST"}],"circlet_count":0,"master_deck":["Strike_R","Strike_R","Defend_R","Defend_R","Defend_R","Bash+1","Dropkick","Carnage+1","Headbutt","True Grit+1","Cleave","Double Tap+1","Inflame","Dropkick","Reckless Charge","Metallicize","Immolate+1","Burning Pact+1","Dark Embrace","Impervious","Inflame+1"],"relics":["Burning Blood","Pantograph","WingedGreaves","Philosopher\u0027s Stone","Medical Kit","Sundial","Molten Egg 2","Nilry\u0027s Codex","Mark of Pain","Prayer Wheel"],"acts_visited":["Exordium","TheCity","TheBeyond"],"potions_floor_usage":[14,16,24,33],"damage_taken":[{"damage":8,"enemies":"Cultist","floor":1,"turns":3},{"damage":7,"enemies":"2 Louse","floor":2,"turns":2},{"damage":4,"enemies":"Jaw Worm","floor":4,"turns":2},{"damage":13,"enemies":"2 Fungi Beasts","floor":5,"turns":3},{"damage":9,"enemies":"Blue Slaver","floor":7,"turns":3},{"damage":10,"enemies":"Looter","floor":10,"turns":2},{"damage":9,"enemies":"2 Fungi Beasts","floor":11,"turns":3},{"damage":32,"enemies":"Large Slime","floor":12,"turns":3},{"damage":6,"enemies":"Gremlin Nob","floor":14,"turns":3},{"damage":53,"enemies":"Hexaghost","floor":16,"turns":7},{"damage":11,"enemies":"Spheric Guardian","floor":18,"turns":3},{"damage":24,"enemies":"Slavers","floor":24,"turns":4},{"damage":17,"enemies":"Shell Parasite","floor":28,"turns":3},{"damage":61,"enemies":"Collector","floor":33,"turns":5},{"damage":17,"enemies":"3 Darklings","floor":35,"turns":3},{"damage":16,"enemies":"Orb Walker","floor":37,"turns":2},{"damage":62,"enemies":"3 Darklings","floor":38,"turns":3}],"seed_played":"-3896623453532948056","potions_obtained":[{"floor":1,"key":"SkillPotion"},{"floor":4,"key":"Swift Potion"},{"floor":10,"key":"BloodPotion"},{"floor":14,"key":"PowerPotion"},{"floor":33,"key":"LiquidBronze"},{"floor":37,"key":"Regen Potion"}],"is_trial":false,"path_per_floor":["M","M","$","M","M","R","M","?","T","M","M","M","R","E","R","B",null,"M","$","?","?","$","R","E","R","T","?","M","?","R","?","R","B",null,"M","?","M","M"],"character_chosen":"IRONCLAD","items_purchased":["True Grit","Medical Kit"],"campfire_rested":1,"item_purchase_floors":[3,19],"current_hp_per_floor":[78,77,77,79,72,72,69,69,69,65,62,36,36,52,52,30,80,75,75,75,75,75,75,57,57,57,41,30,30,30,30,54,24,80,69,69,59,0,0],"gold":178,"neow_bonus":"TRANSFORM_TWO_CARDS","is_daily":false,"chose_seed":false,"campfire_upgraded":6,"win_rate":0.0,"timestamp":1612495859,"path_taken":["M","M","$","M","M","R","M","?","T","?","M","M","R","E","R","BOSS","M","$","?","?","?","R","E","R","T","?","?","?","R","?","R","BOSS","M","?","M","?"],"items_purchased_type":["Card","Relic"],"build_version":"2020-12-22","purchased_purges":2,"victory":false,"max_hp_per_floor":[80,80,80,80,80,80,80,80,80,80,80,80,80,80,80,80,80,80,80,80,80,80,80,80,80,80,80,80,80,80,80,80,80,80,80,80,80,80,80],"relic_stats":{"counters":[17,54],"Sundial":[0],"Pantograph":50,"Prayer Wheel":1,"Medical Kit":[2],"obtain_stats":[{"Sundial":24,"Nilry\u0027s Codex":27,"Pantograph":9,"Philosopher\u0027s Stone":17,"Molten Egg 2":26,"Prayer Wheel":36,"WingedGreaves":14,"Mark of Pain":34,"Medical Kit":19,"Burning Blood":0},{"Sundial":12,"Nilry\u0027s Codex":12,"Pantograph":5,"Philosopher\u0027s Stone":10,"Molten Egg 2":12,"Prayer Wheel":15,"WingedGreaves":9,"Mark of Pain":14,"Medical Kit":11,"Burning Blood":0},{"Sundial":38,"Nilry\u0027s Codex":38,"Pantograph":13,"Philosopher\u0027s Stone":31,"Molten Egg 2":38,"Prayer Wheel":49,"WingedGreaves":24,"Mark of Pain":46,"Medical Kit":34,"Burning Blood":0}],"Burning Blood":96},"card_choices":[{"not_picked":["Warcry","Heavy Blade","Armaments"],"picked":"SKIP","floor":1},{"not_picked":["Shrug It Off","Body Slam"],"picked":"Headbutt","floor":2},{"not_picked":["Thunderclap","Body Slam"],"picked":"Cleave","floor":4},{"not_picked":["Clash","Disarm"],"picked":"Double Tap","floor":5},{"not_picked":["Dual Wield","Sword Boomerang"],"picked":"Inflame","floor":7},{"not_picked":["Bloodletting","Perfected Strike","Twin Strike"],"picked":"SKIP","floor":10},{"not_picked":["Combust","Spot Weakness"],"picked":"Dropkick","floor":11},{"not_picked":["Searing Blow","Twin Strike"],"picked":"Reckless Charge","floor":12},{"not_picked":["Warcry","Heavy Blade"],"picked":"Metallicize","floor":14},{"not_picked":["Offering","Bludgeon"],"picked":"Immolate","floor":16},{"not_picked":["Clash","Warcry+1"],"picked":"Burning Pact","floor":18},{"not_picked":["Hemokinesis","Pummel+1","Sever Soul+1"],"picked":"SKIP","floor":24},{"not_picked":["Intimidate","Wild Strike+1"],"picked":"Dark Embrace","floor":28},{"not_picked":["Barricade","Immolate+1"],"picked":"Impervious","floor":33},{"not_picked":["Twin Strike+1","Havoc"],"picked":"Inflame+1","floor":35},{"not_picked":["Perfected Strike+1","Body Slam+1","Iron Wave+1"],"picked":"SKIP","floor":37},{"not_picked":["Bloodletting","Body Slam+1","Shockwave"],"picked":"SKIP","floor":37}],"player_experience":394174,"relics_obtained":[{"floor":9,"key":"Pantograph"},{"floor":14,"key":"WingedGreaves"},{"floor":24,"key":"Sundial"},{"floor":26,"key":"Molten Egg 2"},{"floor":27,"key":"Nilry\u0027s Codex"},{"floor":36,"key":"Prayer Wheel"}],"event_choices":[{"damage_healed":0,"gold_gain":0,"player_choice":"Ignored","damage_taken":0,"max_hp_gain":0,"max_hp_loss":0,"event_name":"NoteForYourself","floor":8,"gold_loss":0},{"damage_healed":0,"gold_gain":0,"player_choice":"Ignored","damage_taken":0,"max_hp_gain":0,"max_hp_loss":0,"event_name":"Vampires","floor":20,"gold_loss":0},{"damage_healed":0,"gold_gain":0,"player_choice":"Paid Fearfully","damage_taken":0,"max_hp_gain":0,"max_hp_loss":0,"event_name":"Masked Bandits","floor":21,"gold_loss":21},{"damage_healed":0,"gold_gain":0,"player_choice":"Obtained Book","damage_taken":16,"max_hp_gain":0,"max_hp_loss":0,"event_name":"Cursed Tome","floor":27,"gold_loss":0},{"damage_healed":0,"gold_gain":0,"player_choice":"Ignored","damage_taken":0,"max_hp_gain":0,"max_hp_loss":0,"event_name":"Ghosts","floor":29,"gold_loss":0},{"cards_removed":["Strike_R"],"damage_healed":0,"gold_gain":0,"player_choice":"Elegance","damage_taken":0,"max_hp_gain":0,"max_hp_loss":0,"event_name":"Back to Basics","floor":31,"gold_loss":0},{"damage_healed":0,"gold_gain":0,"player_choice":"Relic","damage_taken":0,"max_hp_gain":0,"max_hp_loss":0,"event_name":"Wheel of Change","floor":36,"gold_loss":0}],"is_beta":false,"boss_relics":[{"not_picked":["Snecko Eye","Coffee Dripper"],"picked":"Philosopher\u0027s Stone"},{"not_picked":["Tiny House","Busted Crown"],"picked":"Mark of Pain"}],"items_purged_floors":[3,19],"is_endless":false,"potions_floor_spawned":[1,4,10,14,33,37],"killed_by":"3 Darklings","ascension_level":0}}