{"host":"x205naxbihvu3p76","time":1612531639,"event":{"mods":["AchievementEnabler","BaseMod","Minty Spire (QoL Compilation)","StSLib","SuperFastMode"],"gold_per_floor":[119,119,119,134,26,57,57,92,92,109,109,109,125,156,156,233,233,203,203,216,216,216],"floor_reached":21,"language":"KOR","playtime":358,"items_purged":[],"score":422,"play_id":"58745c84-ccab-484f-ba2c-f7af40edf817","local_time":"20210205222719","is_ascension_mode":true,"campfire_choices":[{"data":"Armaments","floor":7,"key":"SMITH"},{"data":"Blood for Blood","floor":12,"key":"SMITH"},{"data":"Fire Breathing","floor":15,"key":"SMITH"}],"circlet_count":0,"master_deck":["AscendersBane","Strike_R","Strike_R","Strike_R","Strike_R","Defend_R","Defend_R","Defend_R","Defend_R","Bash","Fire Breathing+1","Blood for Blood+1","Armaments+1","Seeing Red","Flame Barrier","Flame Barrier","Double Tap","Pommel Strike+1"],"relics":["Burning Blood","NeowsBlessing","Gremlin Horn","Pear","Happy Flower","Bag of Marbles","Philosopher\u0027s Stone","Nilry\u0027s Codex"],"acts_visited":["Exordium","TheCity"],"potions_floor_usage":[8,14,21],"damage_taken":[{"damage":0,"enemies":"2 Louse","floor":1,"turns":1},{"damage":0,"enemies":"Jaw Worm","floor":4,"turns":1},{"damage":0,"enemies":"3 Sentries","floor":6,"turns":1},{"damage":63,"enemies":"Gremlin Nob","floor":8,"turns":5},{"damage":0,"enemies":"Small Slimes","floor":10,"turns":2},{"damage":6,"enemies":"Looter","floor":13,"turns":3},{"damage":20,"enemies":"Lagavulin","floor":14,"turns":6},{"damage":10,"enemies":"Hexaghost","floor":16,"turns":9},{"damage":21,"enemies":"2 Thieves","floor":18,"turns":4},{"damage":31,"enemies":"Shell Parasite","floor":20,"turns":4},{"damage":18,"enemies":"Masked Bandits","floor":21,"turns":2}],"seed_played":"-7572987531898297042","potions_obtained":[{"floor":4,"key":"Energy Potion"},{"floor":6,"key":"Dexterity Potion"},{"floor":13,"key":"LiquidMemories"},{"floor":20,"key":"Weak Potion"}],"is_trial":false,"path_per_floor":["M","?","?","M","$","E","R","E","T","M","?","R","M","E","R","B",null,"M","?","M","?"],"character_chosen":"IRONCLAD","items_purchased":["Blood for Blood","Armaments"],"campfire_rested":0,"item_purchase_floors":[5,5],"current_hp_per_floor":[74,67,72,78,78,80,80,33,33,39,39,39,39,25,25,21,73,58,37,12,0,0],"gold":216,"neow_bonus":"THREE_ENEMY_KILL","is_daily":false,"chose_seed":false,"campfire_upgraded":3,"win_rate":0.0,"timestamp":1612531639,"path_taken":["M","?","?","?","$","E","R","E","T","M","?","R","M","E","R","BOSS","M","?","M","?"],"items_purchased_type":["Card","Card"],"build_version":"2020-12-22","purchased_purges":0,"victory":false,"max_hp_per_floor":[75,75,80,80,80,80,80,90,90,90,90,90,90,90,90,90,90,90,90,90,90,90],"card_choices":[{"not_picked":["Armaments","Infernal Blade"],"picked":"Fire Breathing","floor":1},{"not_picked":["Reckless Charge","Intimidate","Carnage"],"picked":"SKIP","floor":4},{"not_picked":["Clothesline","Pummel","Headbutt"],"picked":"SKIP","floor":6},{"not_picked":["Metallicize","Flex"],"picked":"Seeing Red","floor":8},{"not_picked":["Spot Weakness","Twin Strike","Clash"],"picked":"SKIP","floor":10},{"not_picked":["Fire Breathing","Iron Wave"],"picked":"Flame Barrier","floor":13},{"not_picked":["Warcry","True Grit"],"picked":"Flame Barrier","floor":14},{"not_picked":["Exhume","Bludgeon"],"picked":"Double Tap","floor":16},{"not_picked":["Feel No Pain","Sword Boomerang"],"picked":"Pommel Strike+1","floor":18},{"not_picked":["Body Slam+1","Sever Soul+1","Whirlwind"],"picked":"SKIP","floor":20}],"player_experience":1024637,"relics_obtained":[{"floor":6,"key":"Gremlin Horn"},{"floor":8,"key":"Pear"},{"floor":9,"key":"Happy Flower"},{"floor":14,"key":"Bag of Marbles"},{"floor":19,"key":"Nilry\u0027s Codex"}],"event_choices":[{"cards_removed":["Strike_R"],"damage_healed":0,"gold_gain":0,"player_choice":"Card Removal","damage_taken":7,"max_hp_gain":0,"max_hp_loss":0,"event_name":"Golden Wing","floor":2,"gold_loss":0},{"damage_healed":0,"gold_gain":0,"player_choice":"Donut","damage_taken":0,"max_hp_gain":5,"max_hp_loss":0,"event_name":"Big Fish","floor":3,"gold_loss":0},{"damage_healed":0,"gold_gain":0,"player_choice":"Ignored","damage_taken":0,"max_hp_gain":0,"max_hp_loss":0,"event_name":"Liars Game","floor":11,"gold_loss":0},{"damage_healed":0,"gold_gain":0,"player_choice":"Obtained Book","damage_taken":21,"max_hp_gain":0,"max_hp_loss":0,"event_name":"Cursed Tome","floor":19,"gold_loss":0},{"damage_healed":0,"gold_gain":0,"player_choice":"Fought Bandits","damage_taken":0,"max_hp_gain":0,"max_hp_loss":0,"event_name":"Masked Bandits","floor":21,"gold_loss":0}],"is_beta":false,"boss_relics":[{"not_picked":["Empty Cage","Ectoplasm"],"picked":"Philosopher\u0027s Stone"}],"items_purged_floors":[],"is_endless":false,"potions_floor_spawned":[4,6,13,20],"killed_by":"Masked Bandits","ascension_level":18}}