{"host":"7iv10lxbxedtd0qh","time":1612568104,"event":{"mods":["BaseMod","Colored Map","Colored Powertips","Downfall","Minty Spire (QoL Compilation)","StSLib"],"gold_per_floor":[99,99,199,199,199,102,156,56,84,534,434,465,465,494,506,603,603,603,617,628,638,588,588,614,614,634,111,139,139,39,39,57,155,155,155,174,228,253,253,273,273,302,302,6,16,16,16,32,47,47,47,73,20,20,20,20],"floor_reached":57,"language":"ENG","playtime":5362,"items_purged":["Pain","Guardian:Defend_Guardian","Guardian:Defend_Guardian"],"score":1707,"play_id":"76b8a6d9-0f20-43c4-8817-3d0a952daab2","local_time":"20210206003504","is_ascension_mode":true,"campfire_choices":[{"floor":1.0,"key":"RECALL"},{"data":"Guardian:PrismaticBeam","floor":8,"key":"SMITH"},{"data":"Guardian:Recover","floor":11,"key":"SMITH"},{"data":"Guardian:StasisField","floor":30,"key":"SMITH"},{"data":"Guardian:Repulse","floor":35,"key":"SMITH"},{"data":"Guardian:ConstructionForm","floor":46,"key":"SMITH"},{"floor":54,"key":"REST"}],"circlet_count":0,"master_deck":["Guardian:Defend_Guardian","Guardian:CurlUp","Guardian:TwinSlam","Guardian:PrismaticBeam+1","Guardian:CrystalBeam","Guardian:Recover+1","downfall:Icky","downfall:Icky","downfall:Icky","Guardian:StasisField+1","Guardian:Incinerate","Guardian:Recover+1","Guardian:Planning+1","Guardian:PrismaticBarrier","Guardian:TimeCapacitor","Guardian:Repulse+1","Slimebound:Tackle+1","Slimebound:Tackle+1","Slimebound:Tackle+1","Guardian:SphericShield","Guardian:ConstructionForm+1","Guardian:CrystalBeam","downfall:Aged","Guardian:Clone+1","Guardian:DecasProtection","Guardian:ShieldCharger+1","Guardian:TemporalStrike"],"relics":["Guardian:ModeShifter","downfall:HeartsMalice","Ornamental Fan","WarpedTongs","Juzu Bracelet","downfall:HeartBlessingRed","Bronze Scales","downfall:HeartBlessingGreen","Guardian:PickAxe","Pantograph","Philosopher\u0027s Stone","Torii","Pear","downfall:HeartBlessingBlue","Tiny Chest","bronze:MakeshiftBattery","Ice Cream","Guardian:DefensiveModeMoreBlock","Guardian:StasisEgg","Eternal Feather","Nunchaku","bronze:DecasWashers","Oddly Smooth Stone","Strawberry"],"acts_visited":["Exordium","TheCity","TheBeyond","TheEnding"],"potions_floor_usage":[14,26,37,37,55],"damage_taken":[{"damage":0.0,"enemies":"2 Louse","floor":5.0,"turns":1.0},{"damage":0,"enemies":"downfall:FleeingMerchant","floor":6,"turns":1},{"damage":0,"enemies":"Gremlin Nob","floor":9,"turns":1},{"damage":19,"enemies":"3 Sentries","floor":12,"turns":8},{"damage":26,"enemies":"Gremlin Nob","floor":14,"turns":4},{"damage":0,"enemies":"Small Slimes","floor":15,"turns":4},{"damage":28,"enemies":"IC_STATUS_ARCHETYPE","floor":16,"turns":13},{"damage":7,"enemies":"Spheric Guardian","floor":19,"turns":6},{"damage":24,"enemies":"3 Byrds","floor":20,"turns":3},{"damage":12,"enemies":"Shelled Parasite and Fungi","floor":21,"turns":6},{"damage":4,"enemies":"Sentry and Sphere","floor":26,"turns":6},{"damage":0,"enemies":"downfall:FleeingMerchant","floor":27,"turns":4},{"damage":39,"enemies":"Book of Stabbing","floor":28,"turns":6},{"damage":10,"enemies":"Snake Plant","floor":32,"turns":3},{"damage":9,"enemies":"SI_MIRROR_ARCHETYPE","floor":33,"turns":11},{"damage":3,"enemies":"3 Shapes","floor":36,"turns":5},{"damage":0,"enemies":"2 Orb Walkers","floor":37,"turns":3},{"damage":0,"enemies":"3 Darklings","floor":40,"turns":7},{"damage":17,"enemies":"Nemesis","floor":42,"turns":7},{"damage":0,"enemies":"downfall:FleeingMerchant","floor":44,"turns":4},{"damage":13,"enemies":"4 Shapes","floor":45,"turns":4},{"damage":14,"enemies":"Transient","floor":48,"turns":5},{"damage":8,"enemies":"Jaw Worm Horde","floor":49,"turns":6},{"damage":23,"enemies":"DF_ARCHETYPE_ORBS","floor":50,"turns":10},{"damage":50,"enemies":"downfall:CharBossMerchant","floor":52,"turns":10},{"damage":19,"enemies":"downfall:NeowBoss","floor":55,"turns":14},{"damage":0,"enemies":"downfall:NeowBossFinal","floor":56,"turns":11}],"seed_played":"-4690412757279784454","potions_obtained":[{"floor":12,"key":"hexamod:SoulburnPotion"},{"floor":20,"key":"DuplicationPotion"},{"floor":28,"key":"SneckoOil"},{"floor":32,"key":"Block Potion"},{"floor":42,"key":"FearPotion"},{"floor":45,"key":"BlessingOfTheForge"},{"floor":49,"key":"Dexterity Potion"},{"floor":52,"key":"Guardian:AcceleratePotion"}],"is_trial":false,"path_per_floor":["R","?","?","?","M","$","T","R","E","?","R","E","R","E","M","B",null,"R","M","M","M","?","R","T","?","M","$","E","?","R","?","M","B",null,"R","M","?","?","?","M","T","E","T","$","M","R","?","M","M","B",null,"E","$","R","B","B",null],"character_chosen":"GUARDIAN","items_purchased":["Guardian:Gem_Cyan","Guardian:PrismaticBarrier","Guardian:TimeCapacitor","Torii","Oddly Smooth Stone","Guardian:TemporalStrike"],"campfire_rested":1,"item_purchase_floors":[6,27,27,27,44,53],"current_hp_per_floor":[72,69,69,69,69,69,69,69,69,69,69,50,50,24,24,21,65,65,58,34,22,52,52,52,52,48,48,19,19,29,29,19,35,84,84,81,81,81,81,81,81,64,64,64,51,66,66,52,44,46,87,44,44,91,88,107],"gold":20,"neow_bonus":"THREE_ENEMY_KILL","is_daily":false,"chose_seed":false,"campfire_upgraded":5,"win_rate":0.0,"timestamp":1612568104,"path_taken":["R","?","?","?","?","?","T","R","E","?","R","E","R","E","M","BOSS","R","M","M","M","?","R","T","?","M","$","E","?","R","?","M","BOSS","R","M","?","?","?","M","T","E","?","?","M","R","?","M","M","BOSS","E","$","R","BOSS","BOSS"],"items_purchased_type":["Card","Card","Card","Relic","Relic","Card"],"build_version":"2020-12-22","purchased_purges":3,"victory":true,"max_hp_per_floor":[80,80,80,80,80,80,80,80,80,80,80,80,80,80,80,80,80,80,80,80,80,80,80,80,80,80,80,90,90,100,100,100,100,100,100,100,100,100,100,100,100,100,100,100,100,100,100,100,100,100,100,107,107,107,107,107],"card_choices":[{"not_picked":["Guardian:RollAttack","Guardian:Reroute"],"picked":"Guardian:PrismaticBeam","floor":5},{"not_picked":["Guardian:Gem_Cyan","Guardian:VentSteam"],"picked":"Guardian:CrystalBeam","floor":6},{"not_picked":["Guardian:EvasiveProtocol","Guardian:ShieldCharger"],"picked":"Guardian:Recover","floor":9},{"not_picked":["Guardian:WalkerClaw","Guardian:SpikerProtocol"],"picked":"Guardian:Gem_Synthetic","floor":12},{"not_picked":["Guardian:TemporalStrike","Guardian:Harden"],"picked":"Guardian:Gem_Purple","floor":14},{"not_picked":["Guardian:Reroute","Guardian:Gem_Lightblue","Guardian:WalkerClaw"],"picked":"SKIP","floor":15},{"not_picked":["Guardian:ConstructionForm","Guardian:HyperBeam_Guardian"],"picked":"Guardian:StasisField","floor":16},{"not_picked":["Guardian:BronzeOrb","Guardian:ChargeCore"],"picked":"Guardian:Gem_Crimson","floor":19},{"not_picked":["Guardian:PolyBeam+1","Guardian:PrimingBeam"],"picked":"Guardian:Incinerate","floor":20},{"not_picked":["Guardian:PiercingHide","Guardian:TemporalShield+1"],"picked":"Guardian:Recover+1","floor":21},{"not_picked":["Guardian:SpikerProtocol","Guardian:Gem_Lightblue"],"picked":"Guardian:Gem_Fragmented","floor":26},{"not_picked":["Guardian:WalkerClaw","Guardian:Gem_Purple"],"picked":"Guardian:Planning+1","floor":27},{"not_picked":["Guardian:Reroute","Guardian:TemporalStrike"],"picked":"Guardian:Repulse","floor":28},{"not_picked":["Guardian:FuturePlans+1","Guardian:BronzeArmor+1"],"picked":"Guardian:SphericShield","floor":32},{"not_picked":["Guardian:AncientConstruct","Guardian:GatlingBeam"],"picked":"Guardian:ConstructionForm","floor":33},{"not_picked":["Guardian:ShieldCharger+1","Guardian:Incinerate"],"picked":"Guardian:Gem_Green","floor":36},{"not_picked":["Guardian:Reroute","Guardian:StasisField"],"picked":"Guardian:CrystalBeam","floor":37},{"not_picked":["Guardian:CrystalBeam","Guardian:Planning"],"picked":"Guardian:Clone+1","floor":40},{"not_picked":["Guardian:Incinerate","Guardian:CrystalBeam+1"],"picked":"Guardian:DecasProtection","floor":42},{"not_picked":["Guardian:SpikerProtocol+1","Guardian:Gem_Blue"],"picked":"Guardian:Gem_Green","floor":44},{"not_picked":["Guardian:Gem_Blue","Guardian:ChargeCore"],"picked":"Guardian:ShieldCharger+1","floor":45},{"not_picked":["Guardian:Gem_Green","Guardian:PrismaticBeam+1","Guardian:TemporalShield+1"],"picked":"SKIP","floor":48},{"not_picked":["Guardian:Gem_Lightblue","Guardian:Gem_Green","Guardian:ChargeCore"],"picked":"SKIP","floor":49},{"not_picked":["Guardian:RollAttack","Guardian:ChargeCore","Guardian:GuardianWhirl"],"picked":"SKIP","floor":52}],"player_experience":828217,"relics_obtained":[{"floor":7,"key":"Juzu Bracelet"},{"floor":9,"key":"Bronze Scales"},{"floor":12,"key":"Guardian:PickAxe"},{"floor":14,"key":"Pantograph"},{"floor":28,"key":"Pear"},{"floor":37,"key":"Ice Cream"},{"floor":38,"key":"Guardian:DefensiveModeMoreBlock"},{"floor":41,"key":"Eternal Feather"},{"floor":42,"key":"Nunchaku"},{"floor":43,"key":"bronze:DecasWashers"},{"floor":52,"key":"Strawberry"}],"event_choices":[{"damage_healed":0.0,"max_hp_gain":0.0,"max_hp_loss":0.0,"gold_gain":0.0,"event_name":"Scrap Ooze","player_choice":"Success","floor":2.0,"gold_loss":0.0,"damage_taken":3.0,"relics_obtained":["Ornamental Fan"]},{"damage_healed":0,"gold_gain":0,"player_choice":"Fight","damage_taken":0,"max_hp_gain":0,"max_hp_loss":0,"event_name":"Mysterious Sphere","floor":37,"gold_loss":0}],"is_beta":false,"boss_relics":[{"not_picked":["Cursed Key","Empty Cage"],"picked":"Philosopher\u0027s Stone"},{"not_picked":["Astrolabe","Runic Dome"],"picked":"bronze:MakeshiftBattery"}],"items_purged_floors":[6,27,44],"is_endless":false,"potions_floor_spawned":[12,20,28,32,42,45,49,52],"ascension_level":8}}