{"host":"l6elh4j9kblzg1qy","time":1612518546,"event":{"mods":["BaseMod","Downfall","Minty Spire (QoL Compilation)","Replay The Spire","StSLib"],"gold_per_floor":[99,112,137,148,133,149,149,149,160,160,185,201,212,243,261,261,261,261],"floor_reached":16,"language":"SPA","playtime":1448,"items_purged":[],"score":139,"play_id":"7f7fe090-eb15-4e05-b357-df6a9daa58a7","local_time":"20210205104906","is_ascension_mode":false,"campfire_choices":[{"data":"Guardian:CurlUp","floor":1,"key":"SMITH"},{"data":"Guardian:PrismaticBeam","floor":8,"key":"SMITH"},{"data":"Guardian:TimeBomb","floor":10,"key":"SMITH"}],"circlet_count":0,"master_deck":["Guardian:Strike_Guardian","Guardian:Strike_Guardian","Guardian:Strike_Guardian","Guardian:Strike_Guardian","Guardian:Defend_Guardian","Guardian:Defend_Guardian","Guardian:Defend_Guardian","Guardian:Defend_Guardian","Guardian:CurlUp+1","Guardian:TwinSlam","Guardian:PrismaticBeam+1","Guardian:TimeBomb+1","Guardian:Gem_Yellow","Guardian:ArmoredProtocol","Guardian:Planning","Guardian:Gem_Lightblue","Guardian:Gem_Blue"],"relics":["Guardian:ModeShifter","Replay:Baseball","Singing Bowl","Chameleon Ring","Replay:Bottled Snecko"],"acts_visited":["Exordium"],"potions_floor_usage":[11,14,16,16],"damage_taken":[{"damage":1,"enemies":"Cultist","floor":2,"turns":4},{"damage":1,"enemies":"Jaw Worm","floor":4,"turns":4},{"damage":0,"enemies":"downfall:FleeingMerchant","floor":5,"turns":4},{"damage":11,"enemies":"2 Louse","floor":6,"turns":4},{"damage":14,"enemies":"Exordium Thugs","floor":9,"turns":4},{"damage":4,"enemies":"3 Sentries","floor":11,"turns":7},{"damage":3,"enemies":"Red Slaver","floor":12,"turns":4},{"damage":9,"enemies":"Gremlin Gang","floor":13,"turns":6},{"damage":0,"enemies":"Lagavulin","floor":14,"turns":6},{"damage":16,"enemies":"Lots of Slimes","floor":15,"turns":3},{"damage":76,"enemies":"DF_ARCHETYPE_STREAMLINE","floor":16,"turns":17}],"seed_played":"-3621621999054258769","potions_obtained":[{"floor":4,"key":"Block Potion"},{"floor":9,"key":"GamblersBrew"},{"floor":11,"key":"FairyPotion"},{"floor":12,"key":"LifebloodPotion"},{"floor":15,"key":"EssenceOfSteel"}],"is_trial":false,"path_per_floor":["R","M","T","M","$","M","T","R","M","R","E","M","M","E","M","B"],"character_chosen":"GUARDIAN","items_purchased":[],"campfire_rested":0,"item_purchase_floors":[],"current_hp_per_floor":[88,87,87,86,86,75,75,75,63,63,59,56,47,47,31,0,0,0],"gold":261,"neow_bonus":"TEN_PERCENT_HP_BONUS","is_daily":false,"chose_seed":false,"campfire_upgraded":3,"win_rate":0.0,"timestamp":1612518546,"path_taken":["R","M","?","M","?","?","T","R","M","R","E","M","M","E","M","BOSS"],"items_purchased_type":[],"build_version":"2020-12-22","purchased_purges":0,"victory":false,"max_hp_per_floor":[88,88,88,88,88,88,88,88,90,90,90,90,90,90,90,90,90,90],"card_choices":[{"not_picked":["Guardian:Suspension","Guardian:Recover"],"picked":"Guardian:PrismaticBeam","floor":2},{"not_picked":["Guardian:CrystalBeam","Guardian:GuardianWhirl"],"picked":"Guardian:Gem_Crimson","floor":4},{"not_picked":["Guardian:DonusPower","Guardian:TemporalStrike"],"picked":"Guardian:TimeBomb","floor":5},{"not_picked":["Guardian:ChargeCore","Guardian:EvasiveProtocol","Guardian:DecasProtection"],"picked":"SKIP","floor":6},{"not_picked":["Guardian:ShieldCharger","Guardian:PrismaticBeam","Guardian:GuardianWhirl"],"picked":"Singing Bowl","floor":9},{"not_picked":["Guardian:ArmoredProtocol","Guardian:WalkerClaw"],"picked":"Guardian:Gem_Yellow","floor":11},{"not_picked":["Guardian:PrimingBeam","Guardian:TemporalStrike"],"picked":"Guardian:ArmoredProtocol","floor":12},{"not_picked":["Guardian:GuardianWhirl","Guardian:PrimingBeam"],"picked":"Guardian:Planning","floor":13},{"not_picked":["Guardian:Gem_Red","Guardian:ShieldCharger"],"picked":"Guardian:Gem_Lightblue","floor":14},{"not_picked":["Guardian:Planning","Guardian:ExploitGems"],"picked":"Guardian:Gem_Blue","floor":15}],"player_experience":74825,"relics_obtained":[{"floor":3,"key":"Replay:Baseball"},{"floor":7,"key":"Singing Bowl"},{"floor":11,"key":"Chameleon Ring"},{"floor":14,"key":"Replay:Bottled Snecko"}],"event_choices":[],"is_beta":false,"boss_relics":[],"items_purged_floors":[],"is_endless":false,"potions_floor_spawned":[4,9,11,12,13,15],"killed_by":"DF_ARCHETYPE_STREAMLINE","ascension_level":0}}