{"host":"5n1fl7z5i1vf7jan","time":1612527563,"event":{"mods":["BaseMod","Minty Spire (QoL Compilation)","Quick Restart","Relic Stats"],"gold_per_floor":[363,513,532,24,36,36,36,36,60,60,60,89,99,129,129,205,205,221,221,221,233,133,161,177,177,201,201,216,229,263,53,53,131,131,144,163,163,214,225,225,225,225,225,225,302,35,35,61,61,61],"floor_reached":51,"language":"ENG","playtime":1388,"items_purged":["Doubt","Strike_P","Strike_P","Shame"],"score":1676,"play_id":"cdcc8b32-0e65-4766-92a7-9b3c9c3411db","local_time":"20210205041923","is_ascension_mode":true,"campfire_choices":[{"data":"Conclude","floor":6.0,"key":"SMITH"},{"data":"Flash of Steel","floor":10.0,"key":"SMITH"},{"data":"Ragnarok","floor":15.0,"key":"SMITH"},{"data":"Omniscience","floor":25.0,"key":"SMITH"},{"data":"Meditate","floor":27.0,"key":"SMITH"},{"data":"Omniscience","floor":32.0,"key":"SMITH"},{"data":"Omniscience","floor":40.0,"key":"SMITH"},{"data":"Ghostly","floor":42.0,"key":"SMITH"},{"data":"Ghostly","floor":44.0,"key":"SMITH"},{"data":"Ghostly","floor":49,"key":"SMITH"}],"circlet_count":0,"master_deck":["AscendersBane","Defend_P","Defend_P","Eruption+1","Vigilance+1","BowlingBash","Conclude+1","Flash of Steel+1","Crescendo","Ragnarok+1","Meditate+1","Omniscience+1","Ghostly+1","Ghostly+1","Ghostly+1","WheelKick+1","Clumsy","Omniscience+1","CutThroughFate","Omniscience+1","Wish+1","Vault+1","ForeignInfluence+1","CutThroughFate"],"relics":["PureWater","Bottled Flame","Orichalcum","Blue Candle","Mercury Hourglass","Cursed Key","Smiling Mask","Vajra","Letter Opener","HandDrill","Astrolabe","StoneCalendar","Pear","Bag of Preparation","Incense Burner"],"acts_visited":["Exordium","TheCity","TheBeyond"],"potions_floor_usage":[50,50],"damage_taken":[{"damage":6.0,"enemies":"Cultist","floor":1.0,"turns":3.0},{"damage":2.0,"enemies":"Jaw Worm","floor":3.0,"turns":5.0},{"damage":0.0,"enemies":"2 Louse","floor":5.0,"turns":1.0},{"damage":0.0,"enemies":"Lagavulin","floor":12.0,"turns":4.0},{"damage":0.0,"enemies":"2 Fungi Beasts","floor":13.0,"turns":1.0},{"damage":14.0,"enemies":"3 Sentries","floor":14.0,"turns":3.0},{"damage":28.0,"enemies":"Hexaghost","floor":16.0,"turns":6.0},{"damage":0.0,"enemies":"Chosen","floor":18.0,"turns":1.0},{"damage":0.0,"enemies":"2 Thieves","floor":21.0,"turns":2.0},{"damage":0.0,"enemies":"Slavers","floor":23.0,"turns":2.0},{"damage":0.0,"enemies":"3 Cultists","floor":24.0,"turns":3.0},{"damage":0.0,"enemies":"Snake Plant","floor":28.0,"turns":2.0},{"damage":0.0,"enemies":"Chosen and Byrds","floor":29.0,"turns":4.0},{"damage":0.0,"enemies":"Book of Stabbing","floor":30.0,"turns":3.0},{"damage":0.0,"enemies":"Automaton","floor":33.0,"turns":6.0},{"damage":0.0,"enemies":"Orb Walker","floor":35.0,"turns":1.0},{"damage":0.0,"enemies":"3 Shapes","floor":36.0,"turns":3.0},{"damage":0.0,"enemies":"2 Orb Walkers","floor":38.0,"turns":2.0},{"damage":0.0,"enemies":"Maw","floor":39.0,"turns":4.0},{"damage":3,"enemies":"Writhing Mass","floor":45,"turns":3},{"damage":0,"enemies":"Reptomancer","floor":48,"turns":4},{"damage":10,"enemies":"Awakened One","floor":50,"turns":8}],"seed_played":"-7473997760388635442","potions_obtained":[{"floor":3.0,"key":"DuplicationPotion"},{"floor":16.0,"key":"FearPotion"},{"floor":18.0,"key":"DuplicationPotion"},{"floor":24.0,"key":"Swift Potion"},{"floor":33.0,"key":"Fruit Juice"},{"floor":36.0,"key":"Energy Potion"}],"is_trial":false,"path_per_floor":["M","?","M","$","M","R","$","?","T","R","?","E","M","E","R","B",null,"M","?","?","M","$","E","M","R","T","R","M","M","E","$","R","B",null,"M","M","?","?","M","R","?","R","T","R","M","$","$","E","R","B",null],"character_chosen":"WATCHER","items_purchased":["Bottled Flame","Block Potion","Flash of Steel","HandDrill","Bag of Preparation","FearPotion"],"campfire_rested":0,"item_purchase_floors":[4,4,4,31,46,46],"current_hp_per_floor":[55,55,53,53,53,53,53,53,53,53,53,53,53,39,39,11,49,49,32,32,32,32,32,32,32,32,32,32,32,32,32,32,37,38,38,38,38,38,38,38,36,36,46,46,43,43,43,43,43,33],"gold":61,"neow_bonus":"TWO_FIFTY_GOLD","is_daily":false,"chose_seed":false,"campfire_upgraded":10,"win_rate":0.0,"timestamp":1612527563,"path_taken":["M","?","M","$","M","R","?","?","T","R","?","E","?","E","R","BOSS","M","?","?","?","$","E","M","R","T","R","M","M","E","$","R","BOSS","M","M","?","?","M","R","?","R","T","R","M","?","$","E","R","BOSS"],"items_purchased_type":["Relic","Potion","Card","Relic","Relic","Potion"],"build_version":"2020-12-22","purchased_purges":4,"victory":true,"max_hp_per_floor":[62,62,62,62,62,62,62,62,62,62,62,62,62,62,62,62,62,62,67,33,33,33,33,33,33,33,33,33,33,33,33,33,38,38,38,38,38,38,38,38,36,36,46,46,46,46,46,46,46,46],"relic_stats":{"counters":[22,71],"Blue Candle":[0],"Astrolabe":["Wish","Vault","ForeignInfluence"],"StoneCalendar":[52],"HandDrill":[10],"Bag of Preparation":[4],"Letter Opener":[169],"Orichalcum":[204],"Cursed Key":2,"Smiling Mask":175,"obtain_stats":[{"Pear":43,"Blue Candle":12,"Astrolabe":34,"Vajra":26,"StoneCalendar":38,"Bag of Preparation":46,"Incense Burner":48,"Letter Opener":30,"Orichalcum":9,"Cursed Key":17,"Smiling Mask":23,"Mercury Hourglass":14,"Bottled Flame":4,"HandDrill":31,"PureWater":0},{"Pear":19,"Blue Candle":4,"Astrolabe":15,"Vajra":11,"StoneCalendar":18,"Bag of Preparation":20,"Incense Burner":21,"Letter Opener":14,"Orichalcum":3,"Cursed Key":7,"Smiling Mask":10,"Mercury Hourglass":6,"Bottled Flame":2,"HandDrill":14,"PureWater":0},{"Pear":56,"Blue Candle":13,"Astrolabe":46,"Vajra":31,"StoneCalendar":52,"Bag of Preparation":59,"Incense Burner":63,"Letter Opener":40,"Orichalcum":9,"Cursed Key":23,"Smiling Mask":28,"Mercury Hourglass":17,"Bottled Flame":8,"HandDrill":40,"PureWater":0}],"Mercury Hourglass":[240]},"card_choices":[{"not_picked":["EmptyBody","CrushJoints"],"picked":"BowlingBash","floor":1.0},{"not_picked":["FlurryOfBlows","FollowUp"],"picked":"Conclude","floor":3.0},{"not_picked":["Conclude","Consecrate"],"picked":"Crescendo","floor":5.0},{"not_picked":["Tantrum","FlurryOfBlows"],"picked":"Ragnarok","floor":12.0},{"not_picked":["ThirdEye","FlyingSleeves"],"picked":"Meditate","floor":13.0},{"not_picked":["Ragnarok","CrushJoints","Establishment"],"picked":"SKIP","floor":14.0},{"not_picked":["LessonLearned","Wish"],"picked":"Omniscience","floor":16.0},{"not_picked":["ForeignInfluence","JustLucky","FlyingSleeves"],"picked":"SKIP","floor":18.0},{"not_picked":["Pray","FlyingSleeves"],"picked":"WheelKick+1","floor":21.0},{"not_picked":["CrushJoints","EmptyFist","Consecrate"],"picked":"SKIP","floor":23.0},{"not_picked":["Prostrate+1","BattleHymn","EmptyBody"],"picked":"SKIP","floor":24.0},{"not_picked":["BattleHymn","Crescendo"],"picked":"Omniscience","floor":28.0},{"not_picked":["WaveOfTheHand","ReachHeaven","ClearTheMind"],"picked":"SKIP","floor":29.0},{"not_picked":["EmptyFist","JustLucky"],"picked":"CutThroughFate","floor":30.0},{"not_picked":["Judgement","ConjureBlade"],"picked":"Omniscience","floor":33.0},{"not_picked":["Swivel+1","FlurryOfBlows","CutThroughFate"],"picked":"SKIP","floor":35.0},{"not_picked":["Indignation","FlyingSleeves","Collect"],"picked":"SKIP","floor":36.0},{"not_picked":["EmptyFist","Perseverance","SandsOfTime"],"picked":"SKIP","floor":39.0},{"not_picked":["Halt","WindmillStrike","Prostrate+1"],"picked":"SKIP","floor":45},{"not_picked":["BowlingBash+1","Alpha"],"picked":"CutThroughFate","floor":48}],"player_experience":321073,"relics_obtained":[{"floor":9.0,"key":"Orichalcum"},{"floor":12.0,"key":"Blue Candle"},{"floor":14.0,"key":"Mercury Hourglass"},{"floor":23.0,"key":"Smiling Mask"},{"floor":26.0,"key":"Vajra"},{"floor":30.0,"key":"Letter Opener"},{"floor":38.0,"key":"StoneCalendar"},{"floor":43.0,"key":"Pear"},{"floor":48,"key":"Incense Burner"}],"event_choices":[{"damage_healed":0.0,"max_hp_gain":0.0,"max_hp_loss":0.0,"gold_gain":150.0,"event_name":"Liars Game","player_choice":"AGREE","floor":2.0,"gold_loss":0.0,"damage_taken":0.0,"cards_obtained":["Doubt"]},{"damage_healed":0.0,"max_hp_gain":0.0,"max_hp_loss":0.0,"gold_gain":0.0,"event_name":"Living Wall","player_choice":"Grow","floor":8.0,"gold_loss":0.0,"damage_taken":0.0,"cards_upgraded":["Eruption"]},{"damage_healed":0.0,"max_hp_gain":0.0,"max_hp_loss":0.0,"gold_gain":0.0,"event_name":"Upgrade Shrine","player_choice":"Upgraded","floor":11.0,"gold_loss":0.0,"damage_taken":0.0,"cards_upgraded":["Vigilance"]},{"damage_healed":0.0,"max_hp_gain":5.0,"max_hp_loss":0.0,"gold_gain":0.0,"event_name":"Forgotten Altar","player_choice":"Shed Blood","floor":19.0,"gold_loss":0.0,"damage_taken":22.0},{"damage_healed":0.0,"max_hp_gain":0.0,"max_hp_loss":34.0,"gold_gain":0.0,"event_name":"Ghosts","player_choice":"Became a Ghost","floor":20.0,"gold_loss":0.0,"damage_taken":0.0,"cards_obtained":["Ghostly","Ghostly","Ghostly"]},{"cards_removed":["Defend_P"],"damage_healed":0.0,"max_hp_gain":0.0,"max_hp_loss":0.0,"gold_gain":0.0,"event_name":"Falling","player_choice":"Removed Skill","floor":37.0,"gold_loss":0.0,"damage_taken":0.0},{"damage_healed":0.0,"max_hp_gain":0.0,"max_hp_loss":0.0,"gold_gain":0.0,"event_name":"Mysterious Sphere","player_choice":"Fight","floor":38.0,"gold_loss":0.0,"damage_taken":0.0},{"damage_healed":0.0,"max_hp_gain":0.0,"max_hp_loss":2.0,"gold_gain":0.0,"event_name":"Winding Halls","player_choice":"Max HP","floor":41.0,"gold_loss":0.0,"damage_taken":0.0}],"is_beta":false,"boss_relics":[{"not_picked":["Calling Bell","Runic Dome"],"picked":"Cursed Key"},{"not_picked":["SlaversCollar","Sozu"],"picked":"Astrolabe"}],"items_purged_floors":[4,22,31,46],"is_endless":false,"potions_floor_spawned":[3,16,18,24,28,33,36],"ascension_level":19}}