{"host":"ydujlihd8f5px9gp","time":1612563096,"event":{"mods":["AchievementEnabler","BaseMod","Block Reminder","Colored Map","Minty Spire (QoL Compilation)","StSLib","ojb\u0027s Info Mod"],"gold_per_floor":[112,129,146,161,161,161,190,190,190,218,236,236,16,32,32,131,131,142,242,166,184,184,184],"floor_reached":22,"language":"ENG","playtime":1158,"items_purged":["Strike_G"],"score":235,"play_id":"7f306763-4761-4edf-978c-55ccdf9d56c2","local_time":"20210205201136","is_ascension_mode":true,"campfire_choices":[{"data":"Footwork","floor":6,"key":"SMITH"},{"floor":12,"key":"REST"},{"floor":15,"key":"REST"}],"circlet_count":0,"master_deck":["Strike_G","Strike_G","Defend_G","Defend_G","Defend_G","Defend_G","Defend_G+1","Survivor","Neutralize","Dash","Footwork+1","Flying Knee+1","Concentrate","Burst","Bouncing Flask","Deadly Poison","Catalyst","Unload","Bouncing Flask","Leg Sweep","All Out Attack"],"relics":["Ring of the Snake","Letter Opener","Tough Bandages","Turnip","Regal Pillow","Black Star"],"acts_visited":["Exordium","TheCity"],"potions_floor_usage":[16,18],"damage_taken":[{"damage":0,"enemies":"2 Louse","floor":1,"turns":3},{"damage":0,"enemies":"Cultist","floor":2,"turns":4},{"damage":2,"enemies":"Jaw Worm","floor":3,"turns":4},{"damage":6,"enemies":"3 Louse","floor":4,"turns":4},{"damage":34,"enemies":"Gremlin Nob","floor":7,"turns":6},{"damage":11,"enemies":"Lagavulin","floor":10,"turns":11},{"damage":0,"enemies":"Looter","floor":11,"turns":3},{"damage":0,"enemies":"Red Slaver","floor":14,"turns":3},{"damage":49,"enemies":"Slime Boss","floor":16,"turns":16},{"damage":11,"enemies":"3 Byrds","floor":18,"turns":6},{"damage":0,"enemies":"Spheric Guardian","floor":21,"turns":4},{"damage":51,"enemies":"3 Cultists","floor":22,"turns":6}],"seed_played":"5169572640939560830","potions_obtained":[{"floor":1,"key":"CunningPotion"},{"floor":10,"key":"LiquidBronze"},{"floor":14,"key":"Ancient Potion"},{"floor":21,"key":"Dexterity Potion"}],"is_trial":false,"path_per_floor":["M","M","M","M","?","R","E","?","T","E","M","R","$","M","R","B",null,"M","?","$","M","M"],"character_chosen":"THE_SILENT","items_purchased":["Regal Pillow","Leg Sweep"],"campfire_rested":2,"item_purchase_floors":[13,20],"current_hp_per_floor":[70,70,68,62,48,48,14,14,14,3,3,24,24,24,60,11,70,59,59,59,59,8,8],"gold":184,"neow_bonus":"TRANSFORM_CARD","is_daily":false,"chose_seed":false,"campfire_upgraded":1,"win_rate":0.0,"timestamp":1612563096,"path_taken":["M","M","M","M","?","R","E","?","T","E","?","R","$","M","R","BOSS","M","?","$","M","M"],"items_purchased_type":["Relic","Card"],"build_version":"2020-12-22","purchased_purges":1,"victory":false,"max_hp_per_floor":[70,70,70,70,70,70,70,70,70,70,70,70,70,70,70,70,70,70,70,70,70,70,70],"card_choices":[{"not_picked":["Dagger Throw","Blade Dance"],"picked":"Footwork","floor":1},{"not_picked":["Bane","Slice","Deadly Poison"],"picked":"SKIP","floor":2},{"not_picked":["Outmaneuver","Slice"],"picked":"Flying Knee","floor":3},{"not_picked":["Endless Agony","Poisoned Stab","Bane"],"picked":"SKIP","floor":4},{"not_picked":["Dagger Spray","Outmaneuver"],"picked":"Concentrate","floor":7},{"not_picked":["Expertise","Riddle With Holes"],"picked":"Bouncing Flask","floor":10},{"not_picked":["Endless Agony","Quick Slash"],"picked":"Deadly Poison","floor":11},{"not_picked":["Backflip","Dagger Spray"],"picked":"Catalyst","floor":14},{"not_picked":["Malaise","Bullet Time"],"picked":"Unload","floor":16},{"not_picked":["Expertise","Masterful Stab"],"picked":"Bouncing Flask","floor":18},{"not_picked":["Dodge and Roll","Slice"],"picked":"All Out Attack","floor":21}],"player_experience":156935,"relics_obtained":[{"floor":7,"key":"Letter Opener"},{"floor":9,"key":"Tough Bandages"},{"floor":10,"key":"Turnip"}],"event_choices":[{"damage_healed":0,"gold_gain":0,"player_choice":"Entered Light","damage_taken":14,"max_hp_gain":0,"max_hp_loss":0,"event_name":"Shining Light","floor":5,"gold_loss":0,"cards_upgraded":["Flying Knee","Defend_G"]},{"damage_healed":0,"gold_gain":0,"cards_transformed":["Strike_G"],"player_choice":"Transformed","damage_taken":0,"max_hp_gain":0,"max_hp_loss":0,"event_name":"Transmorgrifier","floor":8,"gold_loss":0,"cards_obtained":["Burst"]},{"damage_healed":0,"gold_gain":100,"player_choice":"Pray","damage_taken":0,"max_hp_gain":0,"max_hp_loss":0,"event_name":"Golden Shrine","floor":19,"gold_loss":0}],"is_beta":false,"boss_relics":[{"not_picked":["Ectoplasm","Empty Cage"],"picked":"Black Star"}],"items_purged_floors":[13],"is_endless":false,"potions_floor_spawned":[1,10,14,21],"killed_by":"3 Cultists","ascension_level":4}}