{"host":"1a9bbjeis3rg03b1","time":1612493551,"event":{"mods":["BaseMod","Downfall","Googly Eyes","Mimic Mod","Minty Spire (QoL Compilation)","Morshu Shopkeeper","Reliquary","Robot Space Explorer","StSLib","The Jungle","The Poker Player","Wide Potions","everything is the same but u backflip on backflip"],"gold_per_floor":[112,123,123,123,142,142,142],"floor_reached":6,"language":"ENG","playtime":636,"items_purged":[],"score":63,"play_id":"43129ef4-8c9f-4b44-a4c9-c45cc7989502","local_time":"20210204195231","is_ascension_mode":true,"campfire_choices":[],"circlet_count":0,"master_deck":["RobotSpaceExplorer:Strike","RobotSpaceExplorer:Strike","RobotSpaceExplorer:Strike","RobotSpaceExplorer:Strike","RobotSpaceExplorer:Defend","RobotSpaceExplorer:Defend","RobotSpaceExplorer:Defend","RobotSpaceExplorer:Defend","RobotSpaceExplorer:Scan","RobotSpaceExplorer:MiniLasers+1","RobotSpaceExplorer:BigMissile","RobotSpaceExplorer:SlimeMissile","downfall:Haunted","downfall:Haunted","Pain","RobotSpaceExplorer:Arsenal","RobotSpaceExplorer:ShockKick"],"relics":["RobotSpaceExplorer:RoboCore","RobotSpaceExplorer:BottledGravity","Darkstone Periapt"],"acts_visited":["Exordium"],"potions_floor_usage":[],"damage_taken":[{"damage":4,"enemies":"Cultist","floor":1,"turns":4},{"damage":11,"enemies":"Jaw Worm","floor":2,"turns":2},{"damage":0,"enemies":"2 Louse","floor":5,"turns":2},{"damage":27,"enemies":"Lagavulin","floor":6,"turns":5}],"seed_played":"-8663602658907947808","potions_obtained":[{"floor":2,"key":"RobotSpaceExplorer:RecyclePotion"}],"is_trial":false,"path_per_floor":["M","M","T","?","M","E"],"character_chosen":"RobotSpaceExplorer","items_purchased":[],"campfire_rested":0,"item_purchase_floors":[],"current_hp_per_floor":[71,60,60,78,78,51,51],"gold":142,"neow_bonus":"UPGRADE_CARD","is_daily":false,"chose_seed":false,"campfire_upgraded":0,"win_rate":0.0,"timestamp":1612493551,"path_taken":["M","M","?","?","M","E"],"items_purchased_type":[],"build_version":"2020-12-22","purchased_purges":0,"victory":false,"max_hp_per_floor":[75,75,75,93,93,93,93],"card_choices":[{"not_picked":["RobotSpaceExplorer:Probe","RobotSpaceExplorer:PowerCollector"],"picked":"RobotSpaceExplorer:BigMissile","floor":1},{"not_picked":["RobotSpaceExplorer:Jetpack","RobotSpaceExplorer:FrostMissile"],"picked":"RobotSpaceExplorer:SlimeMissile","floor":2},{"not_picked":["RobotSpaceExplorer:StunGrenade","RobotSpaceExplorer:Smokescreen"],"picked":"RobotSpaceExplorer:ShockKick","floor":5}],"player_experience":694301,"relics_obtained":[{"floor":3,"key":"RobotSpaceExplorer:BottledGravity"}],"event_choices":[],"is_beta":false,"boss_relics":[],"items_purged_floors":[],"is_endless":false,"potions_floor_spawned":[2],"killed_by":"Lagavulin","ascension_level":1}}