{"host":"Lucas","time":1612559623,"event":{"mods":["BaseMod","Downfall","Minty Spire (QoL Compilation)","READ ME - Guardian Mod","StSLib","The Cursed","The Disciple","The Necromancer","The Servant 0.9.4"],"gold_per_floor":[99,110,60,60,60,79,79,99,133,133,166,166,178,193,210,310,310,310,329,339,339,357,40,340,340,352,57,73,91,91,103,123,220,220,220,249,361,392,419,246,272,291,337,347,347,347,367,380,397,397,397,397],"floor_reached":50,"language":"ENG","playtime":3750,"items_purged":["Pain","downfall:Haunted"],"score":539,"play_id":"95db756f-b9b4-41a1-8a67-0739141b8b71","local_time":"20210205211343","is_ascension_mode":false,"campfire_choices":[{"data":"bronze:Replicate","floor":1,"key":"SMITH"},{"floor":10,"key":"REST"},{"floor":12,"key":"DIG"},{"floor":18,"key":"DIG"},{"floor":30,"key":"REST"},{"floor":35,"key":"DIG"},{"floor":46,"key":"REST"}],"circlet_count":0,"master_deck":["bronze:Strike","bronze:Strike","bronze:Strike","bronze:Strike","bronze:Defend","bronze:Defend","bronze:Defend","bronze:Defend","bronze:Replicate+1","bronze:Goto","bronze:Frontload","bronze:DelayedSlice","bronze:BronzeOrb","bronze:DelayedSlice","bronze:WhirlingStrike","bronze:ItsAFeature","bronze:Overheat","bronze:MaxOutput","bronze:FineTuning","bronze:Philosophize","bronze:Verify","bronze:BuggyMess+1","bronze:Repair","bronze:BitShift","bronze:Branch","bronze:Iterate+1","bronze:WhirlingStrike+1","bronze:Optimize","bronze:Flail+1","bronze:ForceShield","bronze:Frontload","bronze:CutThrough","bronze:Mutator","bronze:Boost+1","bronze:Goto","bronze:BuggyMess","bronze:BronzeOrb","bronze:ShipIt","Deep Breath","bronze:WhirlingStrike+1","bronze:Branch+1","bronze:BugBarrage+1","bronze:Backtrace+1","Bandage Up","bronze:Turbo","bronze:ChosenStrike","Dark Shackles","bronze:Philosophize","Pain","bronze:Iterate","bronze:ChosenStrike+1","Parasite","bronze:Iterate"],"relics":["bronze:BronzeCore","downfall:ShatteredFragment","WarpedTongs","Ancient Tea Set","Strawberry","Shovel","Ice Cream","SacredBark","Nunchaku","sneckomod:BabySnecko","FossilizedHelix","Old Coin","Incense Burner","Meat on the Bone","Black Star","MawBank","downfall:GremlinSack","bronze:SilverBullet","Membership Card","PreservedInsect"],"acts_visited":["Exordium","TheCity","TheBeyond"],"potions_floor_usage":[16,22,31,33,38,39,48,50],"damage_taken":[{"damage":7,"enemies":"2 Louse","floor":2,"turns":3},{"damage":0,"enemies":"downfall:FleeingMerchant","floor":3,"turns":4},{"damage":0,"enemies":"Jaw Worm","floor":6,"turns":2},{"damage":4,"enemies":"Cultist","floor":8,"turns":3},{"damage":8,"enemies":"Gremlin Nob","floor":9,"turns":4},{"damage":13,"enemies":"3 Sentries","floor":11,"turns":4},{"damage":0,"enemies":"Exordium Wildlife","floor":13,"turns":2},{"damage":6,"enemies":"2 Fungi Beasts","floor":14,"turns":2},{"damage":4,"enemies":"3 Louse","floor":15,"turns":2},{"damage":34,"enemies":"WA_ARCHETYPE_RETAIN","floor":16,"turns":7},{"damage":21,"enemies":"Shell Parasite","floor":19,"turns":5},{"damage":11,"enemies":"3 Byrds","floor":20,"turns":4},{"damage":5,"enemies":"Snecko","floor":22,"turns":4},{"damage":8,"enemies":"downfall:FleeingMerchant","floor":23,"turns":4},{"damage":43,"enemies":"Snake Plant","floor":26,"turns":4},{"damage":0,"enemies":"downfall:FleeingMerchant","floor":27,"turns":4},{"damage":9,"enemies":"3 Cultists","floor":28,"turns":4},{"damage":0,"enemies":"Shelled Parasite and Fungi","floor":29,"turns":3},{"damage":20,"enemies":"Snake Plant","floor":31,"turns":3},{"damage":7,"enemies":"Snecko","floor":32,"turns":4},{"damage":36,"enemies":"SI_MIRROR_ARCHETYPE","floor":33,"turns":9},{"damage":1,"enemies":"Orb Walker","floor":36,"turns":3},{"damage":0,"enemies":"Orb Walker","floor":37,"turns":4},{"damage":16,"enemies":"3 Darklings","floor":38,"turns":4},{"damage":21,"enemies":"Maw","floor":39,"turns":8},{"damage":15,"enemies":"downfall:FleeingMerchant","floor":40,"turns":4},{"damage":32,"enemies":"Sphere and 2 Shapes","floor":42,"turns":6},{"damage":12,"enemies":"downfall:FleeingMerchant","floor":43,"turns":3},{"damage":19,"enemies":"Jaw Worm Horde","floor":44,"turns":4},{"damage":1,"enemies":"4 Shapes","floor":47,"turns":2},{"damage":3,"enemies":"Spire Growth","floor":48,"turns":5},{"damage":3,"enemies":"Writhing Mass","floor":49,"turns":5},{"damage":153,"enemies":"IC_BLOCK_ARCHETYPE","floor":50,"turns":6}],"seed_played":"-1891674829022826904","potions_obtained":[{"floor":6,"key":"LiquidBronze"},{"floor":8,"key":"Ancient Potion"},{"floor":14,"key":"LiquidBronze"},{"floor":19,"key":"DuplicationPotion"},{"floor":26,"key":"SteroidPotion"},{"floor":28,"key":"bronze:FreeFunctionsPotion"},{"floor":33,"key":"Weak Potion"},{"floor":38,"key":"SkillPotion"},{"floor":42,"key":"sneckomod:MuddlingPotion"},{"floor":44,"key":"ColorlessPotion"},{"floor":49,"key":"LiquidBronze"}],"is_trial":false,"path_per_floor":["R","M","$","?","?","M","T","M","E","R","E","R","M","M","M","B",null,"R","M","M","?","M","$","T","?","M","$","M","M","R","M","M","B",null,"R","M","?","M","M","$","T","M","$","M","?","R","M","M","M","B"],"character_chosen":"THE_AUTOMATON","items_purchased":["bronze:BronzeOrb","FossilizedHelix","bronze:Optimize","Meat on the Bone","Bandage Up","Membership Card","PreservedInsect","Dark Shackles"],"campfire_rested":3,"item_purchase_floors":[3,23,27,27,40,43,43,43],"current_hp_per_floor":[77,70,70,49,49,49,49,45,44,69,56,56,56,50,46,12,84,84,63,52,52,54,53,53,53,17,24,34,46,71,51,51,34,84,84,83,84,75,61,56,56,36,36,29,29,54,60,57,58,0,0,0],"gold":397,"neow_bonus":"TEN_PERCENT_HP_BONUS","is_daily":false,"chose_seed":false,"campfire_upgraded":1,"win_rate":0.0,"timestamp":1612559623,"path_taken":["R","M","$","?","?","?","T","M","E","R","E","R","M","M","M","BOSS","R","M","M","?","M","$","T","?","M","$","M","M","R","M","M","BOSS","R","M","?","M","M","$","T","M","?","?","?","R","?","M","M","BOSS"],"items_purchased_type":["Card","Relic","Card","Relic","Card","Relic","Relic","Card"],"build_version":"2020-12-18","purchased_purges":2,"victory":false,"max_hp_per_floor":[77,77,77,77,77,77,77,77,84,84,84,84,84,84,84,84,84,84,84,84,84,84,84,84,84,84,84,84,84,84,84,84,84,84,84,84,84,84,84,84,84,84,84,84,84,84,84,84,84,84,84,84],"card_choices":[{"not_picked":["bronze:OilSpill","bronze:CutThrough"],"picked":"bronze:Frontload","floor":2},{"not_picked":["bronze:ForceShield","bronze:DelayedGuard"],"picked":"bronze:DelayedSlice","floor":3},{"not_picked":["bronze:FineTuning","bronze:BuggyMess"],"picked":"bronze:DelayedSlice","floor":6},{"not_picked":["bronze:ForLoop","bronze:FineTuning"],"picked":"bronze:WhirlingStrike","floor":8},{"not_picked":["bronze:Shield","bronze:Allocate"],"picked":"bronze:ItsAFeature","floor":9},{"not_picked":["bronze:BugBarrage","bronze:Invalidate"],"picked":"bronze:Overheat","floor":11},{"not_picked":["bronze:BronzeArmor","bronze:FindAndReplace"],"picked":"bronze:MaxOutput","floor":13},{"not_picked":["bronze:WildBeam","bronze:BugBarrage"],"picked":"bronze:FineTuning","floor":14},{"not_picked":["bronze:Shield","bronze:Overload"],"picked":"bronze:Philosophize","floor":15},{"not_picked":["bronze:CleanCode","bronze:ShipIt"],"picked":"bronze:Verify","floor":16},{"not_picked":["bronze:Branch","bronze:ForLoop"],"picked":"bronze:BuggyMess+1","floor":19},{"not_picked":["bronze:BuggyMess","bronze:Turbo+1"],"picked":"bronze:Repair","floor":20},{"not_picked":["bronze:Invalidate","bronze:BuggyMess+1"],"picked":"bronze:BitShift","floor":22},{"not_picked":["bronze:OilSpill","bronze:Shield"],"picked":"bronze:Branch","floor":23},{"not_picked":["bronze:FollowUp","bronze:DelayedSlice"],"picked":"bronze:Iterate+1","floor":26},{"not_picked":["bronze:OilSpill+1","bronze:Mutator"],"picked":"bronze:WhirlingStrike+1","floor":27},{"not_picked":["bronze:Return+1","bronze:BugBarrage+1"],"picked":"bronze:Flail+1","floor":28},{"not_picked":["bronze:WhirlingStrike","bronze:DelayedSlice"],"picked":"bronze:ForceShield","floor":29},{"not_picked":["bronze:BuggyMess","bronze:WildBeam"],"picked":"bronze:Frontload","floor":31},{"not_picked":["bronze:Deprecate","bronze:WildBeam"],"picked":"bronze:CutThrough","floor":32},{"not_picked":["bronze:FindAndReplace","bronze:Format"],"picked":"bronze:Mutator","floor":33},{"not_picked":["bronze:BuggyMess","bronze:ChildClass"],"picked":"bronze:Boost+1","floor":36},{"not_picked":["bronze:Iterate","bronze:Overheat+1"],"picked":"bronze:WhirlingStrike+1","floor":37},{"not_picked":["bronze:Deprecate","bronze:Shield"],"picked":"bronze:Branch+1","floor":38},{"not_picked":["bronze:Overheat","bronze:Branch"],"picked":"bronze:BugBarrage+1","floor":39},{"not_picked":["bronze:Frontload","bronze:Branch"],"picked":"bronze:Backtrace+1","floor":40},{"not_picked":["bronze:Branch+1","bronze:Frontload"],"picked":"bronze:Turbo","floor":42},{"not_picked":["bronze:NullPointer+1","bronze:WildBeam+1"],"picked":"bronze:ChosenStrike","floor":43},{"not_picked":["bronze:Shield","bronze:Backtrace"],"picked":"bronze:Philosophize","floor":44},{"not_picked":["bronze:Backtrace","bronze:BugBarrage"],"picked":"bronze:Iterate","floor":47},{"not_picked":["bronze:DelayedSlice+1","bronze:WhirlingStrike"],"picked":"bronze:ChosenStrike+1","floor":48},{"not_picked":["bronze:Shield+1","bronze:ItsAFeature"],"picked":"bronze:Iterate","floor":49}],"player_experience":1271135,"relics_obtained":[{"floor":7,"key":"Ancient Tea Set"},{"floor":9,"key":"Strawberry"},{"floor":11,"key":"Shovel"},{"floor":12,"key":"Ice Cream"},{"floor":18,"key":"Nunchaku"},{"floor":24,"key":"Old Coin"},{"floor":35,"key":"MawBank"},{"floor":37,"key":"downfall:GremlinSack"},{"floor":41,"key":"bronze:SilverBullet"}],"event_choices":[],"is_beta":true,"boss_relics":[{"not_picked":["Runic Dome","Fusion Hammer"],"picked":"SacredBark"},{"not_picked":["Velvet Choker","Cursed Key"],"picked":"Black Star"}],"items_purged_floors":[40,43],"is_endless":false,"potions_floor_spawned":[6,8,14,19,26,28,29,33,38,42,44,49],"killed_by":"IC_BLOCK_ARCHETYPE","ascension_level":0}}