{"host":"31q8uht4v38sth7r","time":1612499596,"event":{"mods":["BaseMod","Colored Map","Downfall","Highlight Path","Minty Spire (QoL Compilation)","Permanent Neow","StSLib"],"gold_per_floor":[99,116,128,128,141,166,211,242,259,259,279,294,394,394,404,404,404,404],"floor_reached":16,"language":"ENG","playtime":759,"items_purged":[],"score":114,"play_id":"5f2200f1-679d-4b76-88fc-e7089cd7887d","local_time":"20210205123316","is_ascension_mode":false,"campfire_choices":[{"data":"bronze:WildBeam","floor":1,"key":"SMITH"}],"circlet_count":0,"master_deck":["bronze:Strike","bronze:Strike","bronze:Strike","bronze:Strike","bronze:Defend","bronze:Defend","bronze:Defend","bronze:Defend","bronze:Replicate","bronze:Goto","bronze:WildBeam+1","bronze:DelayedSlice","bronze:DelayedGuard","Regret","bronze:Return","bronze:ItsAFeature","bronze:BurnOut","bronze:Shield","bronze:Safeguard"],"relics":["bronze:BronzeCore","Tiny Chest","Bag of Marbles","Akabeko","Question Card","Juzu Bracelet"],"acts_visited":["Exordium"],"potions_floor_usage":[16,16],"damage_taken":[{"damage":0,"enemies":"Cultist","floor":2,"turns":2},{"damage":0,"enemies":"2 Louse","floor":3,"turns":2},{"damage":1,"enemies":"Jaw Worm","floor":5,"turns":2},{"damage":32,"enemies":"Gremlin Nob","floor":6,"turns":5},{"damage":9,"enemies":"3 Sentries","floor":8,"turns":7},{"damage":8,"enemies":"Exordium Wildlife","floor":9,"turns":3},{"damage":8,"enemies":"Gremlin Gang","floor":11,"turns":3},{"damage":2,"enemies":"Blue Slaver","floor":12,"turns":3},{"damage":0,"enemies":"Exordium Wildlife","floor":15,"turns":3},{"damage":4,"enemies":"IC_STATUS_ARCHETYPE","floor":16,"turns":4}],"seed_played":"-5762152198353137706","potions_obtained":[{"floor":2,"key":"Swift Potion"},{"floor":5,"key":"SpeedPotion"},{"floor":15,"key":"SteroidPotion"}],"is_trial":false,"path_per_floor":["R","M","M","?","M","E","T","E","M","T","M","M","?","?","M","B"],"character_chosen":"THE_AUTOMATON","items_purchased":[],"campfire_rested":0,"item_purchase_floors":[],"current_hp_per_floor":[70,70,70,70,69,37,37,28,20,20,12,10,10,3,3,0,0,0],"gold":404,"neow_bonus":"THREE_CARDS","is_daily":false,"chose_seed":false,"campfire_upgraded":1,"win_rate":0.0,"timestamp":1612499596,"path_taken":["R","M","?","?","M","E","T","E","M","?","M","M","?","?","M","BOSS"],"items_purchased_type":[],"build_version":"2020-12-22","purchased_purges":0,"victory":false,"max_hp_per_floor":[70,70,70,70,70,70,70,70,70,70,70,70,70,70,70,70,70,70],"card_choices":[{"not_picked":["bronze:Shield","bronze:MaxOutput"],"picked":"bronze:WildBeam","floor":0},{"not_picked":["bronze:Overheat","bronze:Branch"],"picked":"bronze:DelayedSlice","floor":2},{"not_picked":["bronze:WhirlingStrike","bronze:Turbo"],"picked":"bronze:DelayedGuard","floor":3},{"not_picked":["bronze:FineTuning","bronze:WhirlingStrike"],"picked":"bronze:Return","floor":5},{"not_picked":["bronze:ChosenStrike","bronze:OilSpill"],"picked":"bronze:ItsAFeature","floor":6},{"not_picked":["bronze:DelayedGuard","bronze:NullPointer","bronze:Deprecate"],"picked":"SKIP","floor":8},{"not_picked":["bronze:Philosophize","bronze:WildBeam","bronze:Repulsor"],"picked":"bronze:BurnOut","floor":9},{"not_picked":["bronze:Invalidate","bronze:OilSpill","bronze:CloningBeam","bronze:DelayedSlice"],"picked":"SKIP","floor":11},{"not_picked":["bronze:ChildClass","bronze:BuggyMess","bronze:DelayedGuard"],"picked":"bronze:Shield","floor":12},{"not_picked":["bronze:BurnOut","bronze:BuggyMess","bronze:FineTuning"],"picked":"bronze:Safeguard","floor":15}],"player_experience":1067148,"relics_obtained":[{"floor":6,"key":"Bag of Marbles"},{"floor":7,"key":"Akabeko"},{"floor":8,"key":"Question Card"},{"floor":10,"key":"Juzu Bracelet"}],"event_choices":[{"damage_healed":0,"gold_gain":0,"player_choice":"Box","damage_taken":0,"relics_obtained":["Tiny Chest"],"max_hp_gain":0,"max_hp_loss":0,"event_name":"Big Fish","floor":4,"gold_loss":0,"cards_obtained":["Regret"]},{"damage_healed":0,"gold_gain":100,"player_choice":"Gold","damage_taken":0,"max_hp_gain":0,"max_hp_loss":0,"event_name":"Wheel of Change","floor":13,"gold_loss":0},{"damage_healed":0,"gold_gain":0,"player_choice":"Fled","damage_taken":7,"max_hp_gain":0,"max_hp_loss":0,"event_name":"Scrap Ooze","floor":14,"gold_loss":0}],"is_beta":false,"boss_relics":[],"items_purged_floors":[],"is_endless":false,"potions_floor_spawned":[2,5,15],"killed_by":"IC_STATUS_ARCHETYPE","ascension_level":0}}