{"host":"0ueeacaatm8t6jyh","time":1612547204,"event":{"mods":["AchievementEnabler","BaseMod","Colored Powertips","Minty Spire (QoL Compilation)","Quick Restart","Rare Cards Sparkle","Shop Mod","StSLib"],"gold_per_floor":[115,40,40,57,136,136,151,151,151,51,67,67,67,80,80,183,183,194,69,80,0,0,0,34,47,47,47,47],"floor_reached":27,"language":"ZHS","playtime":939,"items_purged":["Strike_B","Strike_B","Strike_B"],"score":343,"play_id":"9f34f2c4-34ec-44fb-aef6-3104dc790844","local_time":"20210206014644","is_ascension_mode":true,"campfire_choices":[{"data":"Dualcast","floor":8.0,"key":"SMITH"},{"data":"Coolheaded","floor":12.0,"key":"SMITH"},{"data":"Melter","floor":15.0,"key":"SMITH"},{"data":"Coolheaded","floor":23,"key":"SMITH"}],"circlet_count":0,"master_deck":["AscendersBane","Defend_B","Defend_B","Defend_B","Zap","Dualcast+1","Hello World","Melter+1","Coolheaded+1","Capacitor+1","Buffer+1","Loop+1","Coolheaded+1","Static Discharge+1"],"relics":["Cracked Core","NeowsBlessing","Frozen Egg 2","Sozu","Orichalcum","Cables"],"acts_visited":["Exordium","TheCity"],"potions_floor_usage":[24],"damage_taken":[{"damage":0.0,"enemies":"Cultist","floor":1.0,"turns":1.0},{"damage":0.0,"enemies":"Jaw Worm","floor":4.0,"turns":1.0},{"damage":0.0,"enemies":"Small Slimes","floor":7.0,"turns":1.0},{"damage":15.0,"enemies":"Exordium Thugs","floor":11.0,"turns":7.0},{"damage":6.0,"enemies":"3 Louse","floor":14.0,"turns":3.0},{"damage":8.0,"enemies":"The Guardian","floor":16.0,"turns":9.0},{"damage":12.0,"enemies":"3 Byrds","floor":18.0,"turns":6.0},{"damage":0.0,"enemies":"Spheric Guardian","floor":20.0,"turns":3.0},{"damage":53,"enemies":"Slavers","floor":24,"turns":11},{"damage":0,"enemies":"Snecko","floor":25,"turns":8},{"damage":28,"enemies":"Cultist and Chosen","floor":27,"turns":6}],"seed_played":"2886004535453273760","potions_obtained":[{"floor":4.0,"key":"Regen Potion"},{"floor":11.0,"key":"LiquidMemories"},{"floor":14.0,"key":"BlessingOfTheForge"}],"is_trial":false,"path_per_floor":["M","$","?","M","T","?","M","R","T","$","M","R","?","M","R","B",null,"M","$","M","?","?","R","E","M","T","M"],"character_chosen":"DEFECT","items_purchased":[],"campfire_rested":0,"item_purchase_floors":[],"current_hp_per_floor":[68,68,68,68,68,68,68,68,68,68,68,68,68,62,62,54,70,58,58,58,58,58,58,5,5,5,0,0],"gold":47,"neow_bonus":"THREE_ENEMY_KILL","is_daily":false,"chose_seed":false,"campfire_upgraded":4,"win_rate":0.0,"timestamp":1612547204,"path_taken":["M","?","?","?","?","?","?","R","T","$","M","R","?","M","R","BOSS","M","$","M","?","?","R","E","?","T","M"],"items_purchased_type":[],"build_version":"2020-12-22","purchased_purges":3,"victory":false,"max_hp_per_floor":[75,75,75,75,75,75,75,75,75,75,75,75,75,75,75,75,75,75,75,75,75,75,75,75,75,75,75,75],"card_choices":[{"not_picked":["Streamline","Gash","Turbo"],"picked":"SKIP","floor":1.0},{"not_picked":["Lockon","Go for the Eyes","FTL"],"picked":"SKIP","floor":4.0},{"not_picked":["Streamline","Redo"],"picked":"Melter","floor":7.0},{"not_picked":["Glacier","Sweeping Beam"],"picked":"Coolheaded","floor":11.0},{"not_picked":["Chill","Leap"],"picked":"Capacitor+1","floor":14.0},{"not_picked":["Rainbow","Machine Learning+1"],"picked":"Buffer+1","floor":16.0},{"not_picked":["Force Field+1","Blizzard"],"picked":"Loop+1","floor":18.0},{"not_picked":["Cold Snap","Compile Driver+1"],"picked":"Coolheaded","floor":20.0},{"not_picked":["Rebound","BootSequence"],"picked":"Static Discharge+1","floor":24},{"not_picked":["Steam","Rebound+1","Streamline+1"],"picked":"SKIP","floor":25}],"player_experience":495110,"relics_obtained":[{"floor":5.0,"key":"Frozen Egg 2"},{"floor":24,"key":"Orichalcum"},{"floor":26,"key":"Cables"}],"event_choices":[{"damage_healed":0.0,"max_hp_gain":0.0,"max_hp_loss":0.0,"gold_gain":0.0,"cards_transformed":["Strike_B"],"event_name":"Transmorgrifier","player_choice":"Transformed","floor":3.0,"gold_loss":0.0,"damage_taken":0.0,"cards_obtained":["Hello World"]},{"cards_removed":["Defend_B"],"damage_healed":0.0,"max_hp_gain":0.0,"max_hp_loss":0.0,"gold_gain":0.0,"event_name":"Bonfire Elementals","player_choice":"Offered Basic","floor":6.0,"gold_loss":0.0,"damage_taken":0.0},{"damage_healed":0.0,"max_hp_gain":0.0,"max_hp_loss":0.0,"gold_gain":0.0,"event_name":"Liars Game","player_choice":"Ignored","floor":13.0,"gold_loss":0.0,"damage_taken":0.0},{"damage_healed":0,"gold_gain":0,"player_choice":"Paid Fearfully","damage_taken":0,"max_hp_gain":0,"max_hp_loss":0,"event_name":"Masked Bandits","floor":21,"gold_loss":80},{"damage_healed":0,"gold_gain":0,"player_choice":"Ignored","damage_taken":0,"max_hp_gain":0,"max_hp_loss":0,"event_name":"Vampires","floor":22,"gold_loss":0}],"is_beta":false,"boss_relics":[{"not_picked":["FrozenCore","Tiny House"],"picked":"Sozu"}],"items_purged_floors":[2,10,19],"is_endless":false,"potions_floor_spawned":[4,11,14,18,24],"killed_by":"Cultist and Chosen","ascension_level":11}}