{"host":"vyjryxuuuxkt43k4","time":1612538384,"event":{"mods":["AchievementEnabler","BaseMod","Colored Map","DeckTracker","Highlight Path","Keyboard Shortcuts","Minty Spire (QoL Compilation)","Permanent Neow","Quick Restart","StSLib","SuperFastMode","everything is the same but u backflip on backflip"],"gold_per_floor":[110,128,128,140,158,158,189,189,215,215,225,259,272,30,30,104,104,92,107,157,175,194,194,207,207,252,17,17,17,17,17],"floor_reached":30,"language":"KOR","playtime":1389,"items_purged":["Strike_B","Strike_B"],"score":467,"play_id":"d0664655-8796-4d22-a3e1-78761856257e","local_time":"20210206001944","is_ascension_mode":true,"campfire_choices":[{"data":"Streamline","floor":6.0,"key":"SMITH"},{"data":"Dualcast","floor":8.0,"key":"SMITH"},{"data":"Coolheaded","floor":10.0,"key":"SMITH"},{"floor":15.0,"key":"REST"},{"data":"Aggregate","floor":23,"key":"SMITH"},{"data":"Zap","floor":25,"key":"SMITH"},{"data":"Defragment","floor":28,"key":"SMITH"}],"circlet_count":0,"master_deck":["AscendersBane","Strike_B","Strike_B","Defend_B","Defend_B","Defend_B","Zap+1","Dualcast+1","Coolheaded+1","FTL","Auto Shields","Streamline+1","Aggregate+1","Gash","Conserve Battery","Heatsinks+1","All For One","Ball Lightning","Glacier","Hologram","Self Repair+1","Gash+1","Defragment+1","Deep Breath"],"relics":["Cracked Core","Bronze Scales","Ancient Tea Set","Art of War","Bag of Marbles","Membership Card","SacredBark","Anchor","ClockworkSouvenir"],"acts_visited":["Exordium","TheCity"],"potions_floor_usage":[19,19,21,30,30],"damage_taken":[{"damage":0.0,"enemies":"2 Louse","floor":1.0,"turns":3.0},{"damage":1.0,"enemies":"Cultist","floor":2.0,"turns":4.0},{"damage":5.0,"enemies":"Jaw Worm","floor":4.0,"turns":2.0},{"damage":15.0,"enemies":"3 Louse","floor":5.0,"turns":3.0},{"damage":14.0,"enemies":"Gremlin Nob","floor":7.0,"turns":4.0},{"damage":6.0,"enemies":"Exordium Thugs","floor":11.0,"turns":4.0},{"damage":0.0,"enemies":"Lagavulin","floor":12.0,"turns":7.0},{"damage":0.0,"enemies":"Large Slime","floor":13.0,"turns":4.0},{"damage":8.0,"enemies":"Slime Boss","floor":16.0,"turns":8.0},{"damage":27,"enemies":"2 Thieves","floor":18,"turns":4},{"damage":11,"enemies":"Shell Parasite","floor":19,"turns":6},{"damage":29,"enemies":"Cultist and Chosen","floor":21,"turns":6},{"damage":12,"enemies":"Centurion and Healer","floor":22,"turns":9},{"damage":18,"enemies":"Snecko","floor":24,"turns":6},{"damage":17,"enemies":"3 Cultists","floor":30,"turns":3}],"seed_played":"6867617662003478035","potions_obtained":[{"floor":1.0,"key":"SmokeBomb"},{"floor":4.0,"key":"PowerPotion"},{"floor":7.0,"key":"FearPotion"},{"floor":11.0,"key":"ColorlessPotion"},{"floor":16.0,"key":"SpeedPotion"},{"floor":18,"key":"SpeedPotion"},{"floor":19,"key":"Regen Potion"},{"floor":24,"key":"Dexterity Potion"}],"is_trial":false,"path_per_floor":["M","M","?","M","M","R","E","R","T","R","M","E","M","$","R","B",null,"M","M","?","M","M","R","M","R","T","$","R","?","M"],"character_chosen":"DEFECT","items_purchased":["Membership Card","Fire Potion","Explosive Potion","Defragment","ClockworkSouvenir","Deep Breath","FocusPotion"],"campfire_rested":1,"item_purchase_floors":[14,14,14,27,27,27,27],"current_hp_per_floor":[64,63,63,58,43,43,29,29,29,29,23,23,23,23,44,36,62,35,24,24,35,23,23,15,15,15,15,15,15,0,0],"gold":17,"neow_bonus":"RANDOM_COMMON_RELIC","is_daily":false,"chose_seed":false,"campfire_upgraded":6,"win_rate":0.0,"timestamp":1612538384,"path_taken":["M","M","?","M","M","R","E","R","T","R","?","E","M","$","R","BOSS","M","M","?","M","M","R","M","R","T","$","R","?","?"],"items_purchased_type":["Relic","Potion","Potion","Card","Relic","Card","Potion"],"build_version":"2020-12-22","purchased_purges":2,"victory":false,"max_hp_per_floor":[71,71,71,71,71,71,71,71,71,71,71,71,71,71,71,71,71,71,71,71,71,71,71,71,71,71,71,71,71,71,71],"card_choices":[{"not_picked":["Fusion","Beam Cell"],"picked":"Coolheaded","floor":1.0},{"not_picked":["White Noise","Turbo"],"picked":"FTL","floor":2.0},{"not_picked":["White Noise","Compile Driver"],"picked":"Auto Shields","floor":4.0},{"not_picked":["Reinforced Body","Leap"],"picked":"Streamline","floor":5.0},{"not_picked":["Hello World","Storm"],"picked":"Aggregate","floor":7.0},{"not_picked":["Redo","Leap"],"picked":"Gash","floor":11.0},{"not_picked":["Auto Shields","Compile Driver"],"picked":"Conserve Battery","floor":12.0},{"not_picked":["Gash","Compile Driver"],"picked":"Heatsinks","floor":13.0},{"not_picked":["Buffer","Rainbow"],"picked":"All For One","floor":16.0},{"not_picked":["Blizzard","Barrage"],"picked":"Ball Lightning","floor":18},{"not_picked":["Ball Lightning","Chaos"],"picked":"Glacier","floor":19},{"not_picked":["Stack","Compile Driver+1"],"picked":"Hologram","floor":21},{"not_picked":["Turbo","Skim"],"picked":"Self Repair+1","floor":22},{"not_picked":["Rebound","Sweeping Beam"],"picked":"Gash+1","floor":24}],"player_experience":765073,"relics_obtained":[{"floor":7.0,"key":"Ancient Tea Set"},{"floor":9.0,"key":"Art of War"},{"floor":12.0,"key":"Bag of Marbles"},{"floor":26,"key":"Anchor"}],"event_choices":[{"cards_removed":["Defend_B"],"damage_healed":0.0,"max_hp_gain":0.0,"max_hp_loss":0.0,"gold_gain":0.0,"event_name":"Bonfire Elementals","player_choice":"Offered Basic","floor":3.0,"gold_loss":0.0,"damage_taken":0.0},{"damage_healed":0,"gold_gain":50,"player_choice":"Stole From Cult","damage_taken":0,"max_hp_gain":0,"max_hp_loss":0,"event_name":"Nest","floor":20,"gold_loss":0},{"damage_healed":0,"gold_gain":0,"player_choice":"Upgraded","damage_taken":0,"max_hp_gain":0,"max_hp_loss":0,"event_name":"Upgrade Shrine","floor":29,"gold_loss":0,"cards_upgraded":["Heatsinks"]}],"is_beta":false,"boss_relics":[{"not_picked":["Velvet Choker","Tiny House"],"picked":"SacredBark"}],"items_purged_floors":[14,27],"is_endless":false,"potions_floor_spawned":[1,4,7,11,16,18,19,24],"killed_by":"3 Cultists","ascension_level":15}}