{"host":"bf5upntvbdompq33","time":1612564497,"event":{"mods":["BaseMod","Colored Map","Colored Powertips","Curses Come First","Minty Spire (QoL Compilation)","StSLib","The Dragon Tamer","The Hierophant","The Marked","The Mystic","The Servant 0.9.4"],"gold_per_floor":[109,109,133,156,47,78,78,97,97,97,47,24,44,67,67,67,67],"floor_reached":16,"language":"ENG","playtime":1019,"items_purged":["Strike_R"],"score":173,"play_id":"86c749d1-f701-47ec-af8a-9d7f7c11eb0e","local_time":"20210205153457","is_ascension_mode":true,"campfire_choices":[{"data":"Infernal Blade","floor":7,"key":"SMITH"},{"data":"Whirlwind","floor":10,"key":"SMITH"},{"data":"Entrench","floor":15,"key":"SMITH"}],"circlet_count":0,"master_deck":["AscendersBane","Strike_R","Strike_R","Strike_R","Defend_R","Defend_R","Defend_R","Defend_R","Bash","Entrench+1","Headbutt","Infernal Blade+1","Metallicize","Whirlwind+1","Flex","Iron Wave","Reaper","Body Slam"],"relics":["Burning Blood","Centennial Puzzle","Golden Idol","Darkstone Periapt","Thread and Needle"],"acts_visited":["Exordium"],"potions_floor_usage":[6,6,16],"damage_taken":[{"damage":10,"enemies":"Jaw Worm","floor":1,"turns":6},{"damage":7,"enemies":"Cultist","floor":3,"turns":6},{"damage":5,"enemies":"Small Slimes","floor":4,"turns":3},{"damage":33,"enemies":"3 Sentries","floor":6,"turns":7},{"damage":6,"enemies":"Exordium Thugs","floor":8,"turns":3},{"damage":4,"enemies":"Looter","floor":13,"turns":3},{"damage":1,"enemies":"Blue Slaver","floor":14,"turns":3},{"damage":54,"enemies":"Slime Boss","floor":16,"turns":11}],"seed_played":"7421729644070520881","potions_obtained":[{"floor":1,"key":"Strength Potion"},{"floor":4,"key":"Fire Potion"},{"floor":13,"key":"BlessingOfTheForge"}],"is_trial":false,"path_per_floor":["M","?","M","M","$","E","R","M","T","R","?","$","M","M","R","B"],"character_chosen":"IRONCLAD","items_purchased":["Metallicize","Iron Wave"],"campfire_rested":0,"item_purchase_floors":[5,12],"current_hp_per_floor":[64,64,63,64,64,37,37,37,37,37,37,37,39,44,44,0,0],"gold":67,"neow_bonus":"RANDOM_COMMON_RELIC","is_daily":false,"chose_seed":false,"campfire_upgraded":3,"win_rate":0.0,"timestamp":1612564497,"path_taken":["M","?","M","M","$","E","R","M","T","R","?","$","M","M","R","BOSS"],"items_purchased_type":["Card","Card"],"build_version":"2020-12-22","purchased_purges":1,"victory":false,"max_hp_per_floor":[75,69,69,69,69,69,69,69,69,69,69,69,69,69,69,69,69],"card_choices":[{"not_picked":["Combust","Cleave"],"picked":"Entrench","floor":1},{"not_picked":["Heavy Blade","True Grit"],"picked":"Headbutt","floor":3},{"not_picked":["Sword Boomerang","Rupture"],"picked":"Infernal Blade","floor":4},{"not_picked":["Iron Wave","Body Slam"],"picked":"Whirlwind","floor":6},{"not_picked":["Thunderclap","Perfected Strike"],"picked":"Flex","floor":8},{"not_picked":["Bloodletting","Clash"],"picked":"Reaper","floor":13},{"not_picked":["Havoc","Disarm"],"picked":"Body Slam","floor":14}],"player_experience":1428284,"relics_obtained":[{"floor":6,"key":"Darkstone Periapt"},{"floor":9,"key":"Thread and Needle"}],"event_choices":[{"damage_healed":0,"gold_gain":0,"player_choice":"Lose Max HP","damage_taken":0,"relics_obtained":["Golden Idol"],"max_hp_gain":0,"max_hp_loss":6,"event_name":"Golden Idol","floor":2,"gold_loss":0},{"cards_removed":["Strike_R"],"damage_healed":0,"gold_gain":0,"player_choice":"Card Removal","damage_taken":0,"max_hp_gain":0,"max_hp_loss":0,"event_name":"The Cleric","floor":11,"gold_loss":50}],"is_beta":false,"boss_relics":[],"items_purged_floors":[5],"is_endless":false,"potions_floor_spawned":[1,4,13],"killed_by":"Slime Boss","ascension_level":14}}