{"host":"flm17o2q7bfjyna6","time":1612549731,"event":{"mods":["2.2 Compatiblity","Act Like it!","BaseMod","Better Altar","Better Match","Better Note","Better Sensory Stone","Better Skull","Better Third Choice","Better Vampires","Colored Map","Colored Powertips","DeckTracker","Fox Events","Hermit","Minty Spire (QoL Compilation)","Quick Restart","Reliquary","Replay The Spire","Reworked Bosses","Spicy Shops","StSLib","TheSwordswoman","Wandering Minibosses"],"gold_per_floor":[118,393,41,61,79,79,79,79,132,132,10,36,36,79,79,190,190,218,43,43,43,69,121,164,214,299,331,343,377,389,430,442,561,573,612,624,636,669,704,751,789,829,841,872,893,916,144,176,176,176],"floor_reached":51,"language":"ENG","playtime":3390,"items_purged":["Regret","Languid","blazmod:Strike"],"score":1186,"play_id":"a058add5-647d-4600-ac60-f68294f731c4","local_time":"20210205132851","is_ascension_mode":true,"campfire_choices":[{"data":"blazmod:KatanaStrike","floor":6.0,"key":"SMITH"},{"data":"blazmod:ButterflyEffect","floor":8.0,"key":"SMITH"},{"data":"blazmod:Kyokasuigetsu","floor":10.0,"key":"SMITH"},{"data":"blazmod:MoonlightBlossoms","floor":13.0,"key":"SMITH"},{"data":"blazmod:TrueSelf","floor":15.0,"key":"SMITH"},{"data":"blazmod:DawnflutterDance","floor":28.0,"key":"SMITH"},{"data":"blazmod:HoumatsuMugenKochouji","floor":30.0,"key":"SMITH"},{"floor":32.0,"key":"REST"},{"data":"blazmod:MirrorImage","floor":49.0,"key":"SMITH"}],"circlet_count":0,"master_deck":["blazmod:Strike+1","blazmod:Strike","blazmod:Defend","blazmod:Defend","blazmod:Defend","blazmod:Defend","blazmod:ButterflyEffect+1","blazmod:Kyokasuigetsu+1","blazmod:Crosscut+1","blazmod:KatanaStrike+1","blazmod:FortifiedVigor","blazmod:SidewaySolace","blazmod:MoonlightBlossoms+1","blazmod:TrueSelf+1","blazmod:NaturesBeauty","blazmod:FleetOfFoot","blazmod:Observant","Dramatic Entrance","blazmod:DawnflutterDance+1","Pot Of Greed+1","Pot Of Greed+1","blazmod:BoulderFlash","blazmod:BlindBlade","blazmod:HoumatsuMugenKochouji+1","Pot Of Greed+1","blazmod:Observant+1","blazmod:FleetOfFoot+1","blazmod:Quickdraw+1","blazmod:FleetOfFoot+1","blazmod:Quickdraw+1","blazmod:MirrorImage+1","blazmod:BlindingFlash+1","blazmod:PhysicalEndurance+1","blazmod:BoulderFlash+1","blazmod:FleetOfFoot+1","blazmod:FortifiedVigor+1","Pot Of Greed+1","blazmod:FancifulFlutter"],"relics":["blazmod:Venustas","reliquary:Boomerang","Guide Book","Centennial Puzzle","CeramicFish","reliquary:HotPoker","reliquary:Firecrackers","Black Star","ReplayTheSpireMod:CursedCoin","FossilizedHelix","Grinning Jar","reliquary:PorcupineQuills","Red Mask","Iron Hammer","MawBank","Toxic Egg 2","Singing Bowl","Ginger","ReplayTheSpireMod:DimensionalGlitch","Pen Nib","reliquary:Stiletto","Replay:Bottled Eggs","Bag of Preparation","reliquary:Bookmark","Sundial","Boot","Dream Catcher"],"acts_visited":["Exordium","TheCity","TheBeyond"],"potions_floor_usage":[50],"damage_taken":[{"damage":0.0,"enemies":"Jaw Worm","floor":1.0,"turns":6.0},{"damage":1.0,"enemies":"Cultist","floor":4.0,"turns":3.0},{"damage":0.0,"enemies":"2 Louse","floor":5.0,"turns":1.0},{"damage":0.0,"enemies":"Exordium Wildlife","floor":12.0,"turns":2.0},{"damage":10.0,"enemies":"Gremlin Nob","floor":14.0,"turns":3.0},{"damage":21.0,"enemies":"Fading Forest","floor":16.0,"turns":11.0},{"damage":10.0,"enemies":"Chosen","floor":18.0,"turns":4.0},{"damage":0.0,"enemies":"Spheric Guardian","floor":22.0,"turns":3.0},{"damage":0.0,"enemies":"Replay:Snechameleon","floor":23.0,"turns":6.0},{"damage":0.0,"enemies":"Masked Bandits","floor":24.0,"turns":2.0},{"damage":14.0,"enemies":"Slavers","floor":25.0,"turns":3.0},{"damage":0.0,"enemies":"Cultist and Chosen","floor":27.0,"turns":3.0},{"damage":0.0,"enemies":"3 Cultists","floor":29.0,"turns":1.0},{"damage":0.0,"enemies":"Gremlin Leader","floor":31.0,"turns":5.0},{"damage":12.0,"enemies":"Automaton","floor":33.0,"turns":7.0},{"damage":0.0,"enemies":"Orb Walker","floor":35.0,"turns":4.0},{"damage":0.0,"enemies":"3 Shapes","floor":38.0,"turns":3.0},{"damage":0.0,"enemies":"Jaw Worm Horde","floor":39.0,"turns":1.0},{"damage":0.0,"enemies":"Nemesis","floor":40.0,"turns":3.0},{"damage":1.0,"enemies":"3 Darklings","floor":41.0,"turns":2.0},{"damage":0.0,"enemies":"Maw","floor":42.0,"turns":4.0},{"damage":3.0,"enemies":"4 Shapes","floor":44.0,"turns":2.0},{"damage":0.0,"enemies":"Sphere and 2 Shapes","floor":46.0,"turns":2.0},{"damage":0.0,"enemies":"Giant Head","floor":48.0,"turns":5.0},{"damage":0,"enemies":"bossMod:newAwakened","floor":50,"turns":6}],"seed_played":"1083523041741887622","potions_obtained":[{"floor":4.0,"key":"AttackPotion"},{"floor":12.0,"key":"Energy Potion"},{"floor":16.0,"key":"Block Potion"},{"floor":18.0,"key":"Explosive Potion"},{"floor":25.0,"key":"LiquidMemories"},{"floor":38.0,"key":"DistilledChaos"}],"is_trial":false,"path_per_floor":["M","?","$","M","M","R","$","R","T","R","$","M","R","E","R","B",null,"M","$","?","$","M","E","?","E","T","M","R","M","R","E","R","B",null,"M","?","?","M","M","E","M","M","T","M","?","M","$","E","R","B",null],"character_chosen":"THE_SWORDSWOMAN","items_purchased":["Guide Book","Centennial Puzzle","blazmod:KatanaStrike","reliquary:HotPoker","ReplayTheSpireMod:CursedCoin","FossilizedHelix","blazmod:Observant","Dramatic Entrance","Bag of Preparation","reliquary:Bookmark","Sundial","blazmod:FortifiedVigor+1","blazmod:FancifulFlutter"],"campfire_rested":1,"item_purchase_floors":[3,3,3,11,19,19,19,19,47,47,47,47,47],"current_hp_per_floor":[40,40,40,39,39,39,39,39,39,39,39,39,39,29,29,8,40,30,30,30,30,30,30,30,16,16,16,16,16,16,18,30,18,42,56,56,56,56,56,56,55,55,55,52,52,54,54,56,56,56],"gold":176,"neow_bonus":"RANDOM_COMMON_RELIC","is_daily":false,"chose_seed":false,"campfire_upgraded":8,"win_rate":0.0,"timestamp":1612549731,"path_taken":["M","?","$","M","M","R","$","R","T","R","$","M","R","E","R","BOSS","M","?","?","$","?","E","?","E","T","M","R","M","R","E","R","BOSS","M","?","?","M","M","E","M","?","T","M","?","?","$","E","R","BOSS"],"items_purchased_type":["Relic","Relic","Card","Relic","Relic","Relic","Card","Card","Relic","Relic","Relic","Card","Card"],"build_version":"2020-12-22","purchased_purges":3,"victory":true,"max_hp_per_floor":[40,40,40,40,40,40,40,40,40,40,40,40,40,40,40,40,40,40,40,40,40,40,40,40,40,40,40,40,40,40,42,42,42,42,69,69,69,69,69,69,69,69,69,69,69,71,71,73,73,73],"card_choices":[{"not_picked":["blazmod:Trasient","blazmod:TandenKatsu"],"picked":"blazmod:Crosscut","floor":1.0},{"not_picked":["blazmod:Crosscut","blazmod:Quickdraw"],"picked":"blazmod:FortifiedVigor","floor":4.0},{"not_picked":["blazmod:PureOfSoul","blazmod:MentalFocus"],"picked":"blazmod:SidewaySolace","floor":5.0},{"not_picked":["blazmod:BeTheBlade","blazmod:FortifiedVigor"],"picked":"blazmod:MoonlightBlossoms","floor":12.0},{"not_picked":["blazmod:CastAwayDew","blazmod:Trasient"],"picked":"blazmod:TrueSelf","floor":14.0},{"not_picked":["blazmod:GlasswingWaltz","blazmod:MirrorImage"],"picked":"blazmod:NaturesBeauty","floor":16.0},{"not_picked":["blazmod:MentalFocus","blazmod:FortifiedVigor"],"picked":"blazmod:FleetOfFoot","floor":18.0},{"not_picked":["blazmod:FortifiedVigor","blazmod:SidewaySolace"],"picked":"blazmod:DawnflutterDance","floor":22.0},{"not_picked":["blazmod:SidewaySolace","blazmod:Crosscut"],"picked":"blazmod:BoulderFlash","floor":23.0},{"not_picked":["blazmod:ButterFlutter","blazmod:HarmonyComplete"],"picked":"blazmod:BlindBlade","floor":24.0},{"not_picked":["blazmod:HarmonyComplete+1","blazmod:KatanaStrike"],"picked":"blazmod:HoumatsuMugenKochouji","floor":25.0},{"not_picked":["blazmod:ButterFlutter","blazmod:FortifiedVigor"],"picked":"blazmod:Observant+1","floor":27.0},{"not_picked":["blazmod:FortifiedVigor","blazmod:StanceChange+1"],"picked":"blazmod:FleetOfFoot+1","floor":29.0},{"not_picked":["blazmod:BeTheBlade","blazmod:Unrestrained+1","blazmod:FleetOfFoot+1"],"picked":"Singing Bowl","floor":31.0},{"not_picked":["blazmod:Setsuna","blazmod:HoumatsuMugenKochouji"],"picked":"blazmod:CrescentMoon","floor":33.0},{"not_picked":["blazmod:RevolvingPhoenix+1","blazmod:FocusThroughFalls+1"],"picked":"blazmod:Quickdraw+1","floor":35.0},{"not_picked":["blazmod:KatanaStrike","blazmod:MentalFocus+1"],"picked":"blazmod:FleetOfFoot+1","floor":38.0},{"not_picked":["blazmod:FlashRock+1","blazmod:Trasient"],"picked":"blazmod:Quickdraw+1","floor":39.0},{"not_picked":["blazmod:ApexLegends","blazmod:StanceChange+1"],"picked":"blazmod:MirrorImage","floor":40.0},{"not_picked":["blazmod:FlashRock+1","blazmod:MentalFocus+1"],"picked":"blazmod:BlindingFlash+1","floor":41.0},{"not_picked":["blazmod:Unrestrained","blazmod:SidewaySolace+1"],"picked":"blazmod:PhysicalEndurance+1","floor":42.0},{"not_picked":["blazmod:Valiance+1","blazmod:Crosscut+1"],"picked":"blazmod:BoulderFlash+1","floor":44.0},{"not_picked":["blazmod:Lockswords+1","blazmod:PhysicalEndurance+1","blazmod:MentalFocus+1"],"picked":"Singing Bowl","floor":46.0},{"not_picked":["blazmod:FlashRock+1","blazmod:BoulderFlash+1","blazmod:MentalFocus+1"],"picked":"Singing Bowl","floor":48.0}],"player_experience":1743181,"relics_obtained":[{"floor":9.0,"key":"CeramicFish"},{"floor":14.0,"key":"reliquary:Firecrackers"},{"floor":23.0,"key":"Grinning Jar"},{"floor":23.0,"key":"reliquary:PorcupineQuills"},{"floor":24.0,"key":"Red Mask"},{"floor":25.0,"key":"Iron Hammer"},{"floor":25.0,"key":"MawBank"},{"floor":26.0,"key":"Toxic Egg 2"},{"floor":31.0,"key":"Singing Bowl"},{"floor":31.0,"key":"Ginger"},{"floor":40.0,"key":"Pen Nib"},{"floor":40.0,"key":"reliquary:Stiletto"},{"floor":43.0,"key":"Replay:Bottled Eggs"},{"floor":48.0,"key":"Boot"},{"floor":48.0,"key":"Dream Catcher"}],"event_choices":[{"damage_healed":0.0,"max_hp_gain":0.0,"max_hp_loss":0.0,"gold_gain":275.0,"event_name":"Golden Shrine","player_choice":"Desecrate","floor":2.0,"gold_loss":0.0,"damage_taken":0.0,"cards_obtained":["Regret"]},{"cards_removed":["blazmod:Strike"],"damage_healed":0.0,"max_hp_gain":0.0,"max_hp_loss":0.0,"gold_gain":0.0,"event_name":"betterNote:BetterNote","player_choice":"Give","floor":20.0,"gold_loss":0.0,"damage_taken":0.0,"cards_obtained":["blazmod:Strike"]},{"damage_healed":0.0,"max_hp_gain":0.0,"max_hp_loss":0.0,"gold_gain":0.0,"event_name":"Masked Bandits","player_choice":"Fought Bandits","floor":24.0,"gold_loss":0.0,"damage_taken":0.0},{"cards_removed":["blazmod:Strike"],"damage_healed":0.0,"max_hp_gain":0.0,"max_hp_loss":0.0,"gold_gain":0.0,"event_name":"Falling","player_choice":"Removed Attack","floor":37.0,"gold_loss":0.0,"damage_taken":0.0},{"damage_healed":0.0,"max_hp_gain":0.0,"max_hp_loss":0.0,"gold_gain":0.0,"event_name":"Duplicator","player_choice":"Copied","floor":45.0,"gold_loss":0.0,"damage_taken":0.0,"cards_obtained":["blazmod:FleetOfFoot"]}],"is_beta":false,"boss_relics":[{"not_picked":["Replay:Wanted Poster","reliquary:WritOfMandamus"],"picked":"Black Star"},{"not_picked":["Fusion Hammer","reliquary:KinkedSpring"],"picked":"ReplayTheSpireMod:DimensionalGlitch"}],"items_purged_floors":[3,19,47],"is_endless":false,"potions_floor_spawned":[4,12,16,18,22,25,38,39,42,44,46],"ascension_level":1}}