{"host":"kvo7eymyd21g9abd","time":1612561562,"event":{"mods":["AchievementEnabler","BaseMod","Bestiary","Colored Map","Minty Spire (QoL Compilation)","StSLib"],"gold_per_floor":[111,15,0,0,16,42,42,71,71,103,103,103,126,126,126,252,252,284,309,337,349,380,392,392],"floor_reached":23,"language":"ENG","playtime":912,"items_purged":[],"score":292,"play_id":"d2247256-de6d-420a-a31a-b574d815e4de","local_time":"20210205164602","is_ascension_mode":true,"campfire_choices":[{"floor":7,"key":"REST"},{"floor":12,"key":"RECALL"},{"floor":15,"key":"REST"}],"circlet_count":0,"master_deck":["Strike_P","Strike_P","Strike_P","Strike_P","Defend_P","Defend_P","Defend_P+1","Defend_P","Eruption+1","Vigilance","PathToVictory","Evaluate+1","ClearTheMind","Injury","Scrawl","CurseOfTheBell","ClearTheMind+1","Perseverance","Writhe","Wireheading"],"relics":["PureWater","Gambling Chip","Mango","Happy Flower","Eternal Feather","Lantern","Golden Idol","Calling Bell","MawBank","Pear","GoldenEye","Ancient Tea Set"],"acts_visited":["Exordium","TheCity"],"potions_floor_usage":[6,10,20,22,22,23,23],"damage_taken":[{"damage":3,"enemies":"Small Slimes","floor":1,"turns":4},{"damage":2,"enemies":"Jaw Worm","floor":5,"turns":4},{"damage":0,"enemies":"Gremlin Nob","floor":6,"turns":2},{"damage":29,"enemies":"Lagavulin","floor":8,"turns":6},{"damage":32,"enemies":"Gremlin Nob","floor":10,"turns":3},{"damage":24,"enemies":"The Guardian","floor":16,"turns":11},{"damage":4,"enemies":"Shell Parasite","floor":18,"turns":8},{"damage":63,"enemies":"Spheric Guardian","floor":19,"turns":12},{"damage":26,"enemies":"Snake Plant","floor":20,"turns":4},{"damage":0,"enemies":"Snecko","floor":22,"turns":3},{"damage":15,"enemies":"Gremlin Leader","floor":23,"turns":4}],"seed_played":"6525120255403445367","potions_obtained":[{"floor":5,"key":"GamblersBrew"},{"floor":10,"key":"DuplicationPotion"},{"floor":16,"key":"Swift Potion"},{"floor":19,"key":"DistilledChaos"},{"floor":20,"key":"Regen Potion"},{"floor":22,"key":"SneckoOil"}],"is_trial":false,"path_per_floor":["M","$","?","?","M","E","R","E","T","E","?","R","T","?","R","B",null,"M","M","M","?","M","E"],"character_chosen":"WATCHER","items_purchased":["BottledMiracle","Fire Potion"],"campfire_rested":2,"item_purchase_floors":[2,2],"current_hp_per_floor":[48,48,48,48,46,60,85,56,56,24,24,30,30,13,44,20,96,92,29,3,3,12,0,0],"gold":392,"neow_bonus":"ONE_RARE_RELIC","is_daily":false,"chose_seed":false,"campfire_upgraded":0,"win_rate":0.0,"timestamp":1612561562,"path_taken":["M","$","?","?","?","E","R","E","T","E","?","R","?","?","R","BOSS","M","M","M","?","M","E"],"items_purchased_type":["Potion","Potion"],"build_version":"2020-12-22","purchased_purges":0,"victory":false,"max_hp_per_floor":[72,72,72,72,72,86,86,86,86,86,86,86,86,86,86,86,96,96,96,96,96,96,96,96],"card_choices":[{"not_picked":["Adaptation","JustLucky"],"picked":"PathToVictory","floor":1},{"not_picked":["Consecrate","SashWhip"],"picked":"Evaluate","floor":5},{"not_picked":["Study","ReachHeaven","SignatureMove"],"picked":"SKIP","floor":6},{"not_picked":["MentalFortress","SashWhip","BattleHymn"],"picked":"SKIP","floor":8},{"not_picked":["MasterReality","BowlingBash"],"picked":"ClearTheMind","floor":10},{"not_picked":["Blasphemy","Judgement"],"picked":"Scrawl","floor":16},{"not_picked":["Prostrate","CrushJoints"],"picked":"ClearTheMind+1","floor":18},{"not_picked":["Evaluate","Indignation"],"picked":"Perseverance","floor":19},{"not_picked":["Halt+1","ThirdEye","SignatureMove"],"picked":"SKIP","floor":20},{"not_picked":["FollowUp","Nirvana"],"picked":"Wireheading","floor":22}],"player_experience":444788,"relics_obtained":[{"floor":6,"key":"Mango"},{"floor":8,"key":"Happy Flower"},{"floor":9,"key":"Eternal Feather"},{"floor":10,"key":"Lantern"},{"floor":17,"key":"MawBank"},{"floor":17,"key":"Pear"},{"floor":17,"key":"GoldenEye"}],"event_choices":[{"damage_healed":0,"gold_gain":0,"player_choice":"Left Gold","damage_taken":0,"max_hp_gain":0,"max_hp_loss":0,"event_name":"World of Goop","floor":3,"gold_loss":15},{"damage_healed":0,"gold_gain":0,"player_choice":"Upgraded","damage_taken":0,"max_hp_gain":0,"max_hp_loss":0,"event_name":"Upgrade Shrine","floor":4,"gold_loss":0,"cards_upgraded":["Eruption"]},{"damage_healed":0,"gold_gain":0,"player_choice":"Take Wound","damage_taken":0,"relics_obtained":["Golden Idol"],"max_hp_gain":0,"max_hp_loss":0,"event_name":"Golden Idol","floor":11,"gold_loss":0,"cards_obtained":["Injury"]},{"damage_healed":0,"gold_gain":0,"player_choice":"Entered Light","damage_taken":17,"max_hp_gain":0,"max_hp_loss":0,"event_name":"Shining Light","floor":14,"gold_loss":0,"cards_upgraded":["Evaluate","Defend_P"]},{"damage_healed":0,"gold_gain":0,"player_choice":"Opened","damage_taken":0,"relics_obtained":["Ancient Tea Set"],"max_hp_gain":0,"max_hp_loss":0,"event_name":"The Mausoleum","floor":21,"gold_loss":0,"cards_obtained":["Writhe"]}],"is_beta":false,"boss_relics":[{"not_picked":["Snecko Eye","Empty Cage"],"picked":"Calling Bell"}],"items_purged_floors":[],"is_endless":false,"potions_floor_spawned":[5,10,16,19,20,22],"killed_by":"Gremlin Leader","ascension_level":3}}