{"host":"f76wcztdlwlduum6","time":1612512541,"event":{"mods":["BaseMod","BetterRewards","Colored Powertips","Minty Spire (QoL Compilation)","Quick Restart","Rare Cards Sparkle","Relic Stats","StSLib","SuperFastMode","everything is the same but u backflip on backflip"],"gold_per_floor":[110,128,128,128,139,168,168,197,197,197,197,230,245,275,275,352,352,362,287,300,300,314,349,349,379,402,201,921,948,653,667,667,740,740,750,750,144,158,203,230,230,248,330,343,369,394,394,48,48,48,48,48,6,38,38],"floor_reached":56,"language":"ENG","playtime":2461,"items_purged":["Strike_P","Defend_P","Strike_P","Strike_P","Eruption","Defend_P","Defend_P","CutThroughFate"],"score":3320,"play_id":"b6a73cb1-e64d-4e94-a756-7e5663a788d5","local_time":"20210205020901","is_ascension_mode":true,"campfire_choices":[{"data":"LikeWater","floor":11,"key":"SMITH"},{"floor":15,"key":"RECALL"},{"floor":24,"key":"REST"},{"floor":32,"key":"REST"},{"floor":41,"key":"REST"},{"data":"1","floor":47,"key":"LIFT"},{"data":"2","floor":49,"key":"LIFT"},{"data":"3","floor":52,"key":"LIFT"}],"circlet_count":0,"master_deck":["AscendersBane","Vigilance+1","LikeWater+1","Evaluate+1","Finesse+1","Omniscience+1","LikeWater+1","Omniscience+1","LikeWater+1","Omniscience+1","LikeWater+1","ConjureBlade+1","Master of Strategy+1","DevaForm+1","DevaForm+1","Bandage Up+1","Flash of Steel","LikeWater+1","DevaForm+1","Study+1","DeusExMachina+1","LikeWater+1","MasterReality+1","Study+1","LikeWater+1","Study+1","Bandage Up+1","Fasting2+1","Vault+1","Omniscience+1","DevaForm+1","Master of Strategy+1","Deep Breath+1","Deep Breath+1","Study+1","LikeWater+1"],"relics":["HolyWater","Membership Card","Toxic Egg 2","Frozen Egg 2","Anchor","ClockworkSouvenir","Akabeko","Singing Bowl","Chemical X","Ice Cream","Oddly Smooth Stone","Kunai","TeardropLocket","Darkstone Periapt","Bottled Lightning","Bronze Scales","Matryoshka","Damaru","Bag of Marbles","Pantograph","Omamori","Necronomicon","Boot","Fusion Hammer","Vajra","Mummified Hand","Bottled Flame","Regal Pillow","Happy Flower","Medical Kit","Unceasing Top","Gremlin Horn","TungstenRod","CloakClasp","Torii","Sundial","Girya","Mango","InkBottle","Toxic Egg 2","Pear"],"acts_visited":["Exordium","TheCity","TheBeyond","TheEnding"],"potions_floor_usage":[],"damage_taken":[{"damage":3.0,"enemies":"2 Louse","floor":1.0,"turns":5.0},{"damage":2.0,"enemies":"Jaw Worm","floor":2.0,"turns":3.0},{"damage":0.0,"enemies":"Cultist","floor":5.0,"turns":4.0},{"damage":0.0,"enemies":"Gremlin Nob","floor":6.0,"turns":6.0},{"damage":0,"enemies":"Lagavulin","floor":8,"turns":5},{"damage":0,"enemies":"Gremlin Nob","floor":12,"turns":6},{"damage":0,"enemies":"Blue Slaver","floor":13,"turns":6},{"damage":0,"enemies":"Lagavulin","floor":14,"turns":4},{"damage":0,"enemies":"Hexaghost","floor":16,"turns":7},{"damage":0,"enemies":"Chosen","floor":18,"turns":3},{"damage":0,"enemies":"Spheric Guardian","floor":20,"turns":3},{"damage":0,"enemies":"3 Cultists","floor":22,"turns":4},{"damage":0,"enemies":"Slavers","floor":23,"turns":9},{"damage":5,"enemies":"Gremlin Leader","floor":25,"turns":4},{"damage":0,"enemies":"Slavers","floor":29,"turns":5},{"damage":0,"enemies":"Snake Plant","floor":31,"turns":5},{"damage":21,"enemies":"Collector","floor":33,"turns":4},{"damage":0,"enemies":"Orb Walker","floor":35,"turns":4},{"damage":0,"enemies":"3 Darklings","floor":38,"turns":3},{"damage":0,"enemies":"2 Orb Walkers","floor":39,"turns":3},{"damage":2,"enemies":"Nemesis","floor":40,"turns":3},{"damage":4,"enemies":"4 Shapes","floor":42,"turns":4},{"damage":0,"enemies":"Transient","floor":44,"turns":5},{"damage":0,"enemies":"Giant Head","floor":45,"turns":4},{"damage":22,"enemies":"Mind Bloom Boss Battle","floor":46,"turns":4},{"damage":9,"enemies":"Time Eater","floor":50,"turns":4},{"damage":0,"enemies":"Shield and Spear","floor":54,"turns":3},{"damage":0,"enemies":"The Heart","floor":55,"turns":5}],"seed_played":"-4237210728641749633","potions_obtained":[{"floor":1.0,"key":"Strength Potion"},{"floor":6.0,"key":"DuplicationPotion"},{"floor":23,"key":"Weak Potion"},{"floor":45,"key":"Ambrosia"}],"is_trial":false,"path_per_floor":["M","M","?","?","M","E","M","E","T","T","R","E","M","E","R","B",null,"M","?","M","?","M","E","R","E","T","$","?","E","$","M","R","B",null,"M","?","$","M","?","E","R","M","T","M","E","?","R","$","R","B",null,"R","$","E","B",null],"character_chosen":"WATCHER","items_purchased":["Membership Card","Letter Opener","LikeWater","Evaluate","Finesse+1","Frozen Egg 2","Anchor","ClockworkSouvenir","Akabeko","Orrery","Master of Strategy+1","Oddly Smooth Stone","Kunai","Bandage Up+1","Flash of Steel","Study+1","Happy Flower","Gremlin Horn","Fasting2+1","Omniscience+1","DevaForm+1","Master of Strategy+1","Deep Breath+1","TungstenRod","Deep Breath+1","InkBottle","Toxic Egg 2","Study+1","LikeWater+1"],"campfire_rested":3,"item_purchase_floors":[0,0,0,0,0,0,0,0,0,0,0,0,0,0,0,27,27,30,30,37,37,37,37,37,48,48,48,48,53],"current_hp_per_floor":[106,106,72,77,83,89,89,95,95,95,95,97,105,113,113,123,123,125,125,127,88,96,102,134,129,129,129,41,55,55,69,125,123,134,138,138,138,140,142,144,144,146,146,148,150,144,144,144,144,166,166,166,166,178,178],"gold":38,"neow_bonus":"","is_daily":false,"chose_seed":false,"campfire_upgraded":1,"win_rate":0.0,"timestamp":1612512541,"path_taken":["M","M","?","?","M","E","M","E","T","?","R","E","?","E","R","BOSS","M","?","M","?","M","E","R","E","T","$","?","E","$","?","R","BOSS","M","?","$","M","?","E","R","M","T","M","E","?","R","?","R","BOSS","R","$","E","BOSS"],"items_purchased_type":["Relic","Relic","Card","Card","Card","Relic","Relic","Relic","Relic","Relic","Card","Relic","Relic","Card","Card","Card","Relic","Relic","Card","Card","Card","Card","Card","Relic","Card","Relic","Relic","Card","Card"],"build_version":"2020-12-22","purchased_purges":8,"victory":true,"max_hp_per_floor":[110,112,112,117,117,117,117,117,117,117,117,119,121,123,123,123,123,125,125,127,132,134,134,134,134,134,134,134,136,136,138,138,138,138,138,138,138,140,142,144,144,146,146,148,150,166,166,166,166,166,166,166,166,178,178],"relic_stats":{"Darkstone Periapt":0,"Regal Pillow":15,"Singing Bowl":82,"Happy Flower":[30],"Gremlin Horn":[9,9],"Torii":5,"counters":[332,1293],"CloakClasp":[312],"Boot":[168],"Medical Kit":[26],"Mummified Hand":[182],"Sundial":[102],"Bronze Scales":[358],"Pantograph":45,"Necronomicon":[0],"Chemical X":[28],"Kunai":[11],"obtain_stats":[{"Whetstone":9,"Ginger":53,"Bottled Tornado":45,"Sling":37,"Boot":27,"Old Coin":43,"Blood Vial":40,"Sundial":43,"MealTicket":14,"Fusion Hammer":17,"HandDrill":39,"Necronomicon":13,"Kunai":9,"Pear":0,"Blue Candle":48,"Pen Nib":0,"Guardian:PocketSentry":0,"Akabeko":37,"SlaversCollar":17,"Bird Faced Urn":0,"MutagenicStrength":45,"CultistMask":29,"StrikeDummy":7,"Unceasing Top":48,"Lantern":38,"Regal Pillow":40,"Singing Bowl":31,"Torii":0,"StoneCalendar":53,"Bag of Preparation":0,"Ancient Tea Set":30,"Cursed Key":34,"Shovel":42,"Matryoshka":40,"Chemical X":53,"InkBottle":27,"Potion Belt":44,"Lee\u0027s Waffle":19,"Golden Idol":5,"Damaru":0,"Circlet":0,"Thread and Needle":54,"The Courier":31,"PreservedInsect":40,"Omamori":0,"Frozen Egg 2":0,"bronze:BronzeIdol":28,"Busted Crown":17,"Ornamental Fan":45,"Orrery":31,"Turnip":54,"Art of War":38,"Bottled Lightning":8,"hexamod:BolsterEngine":40,"Toy Ornithopter":11,"Ice Cream":0,"Mark of the Bloom":36,"Calipers":0,"Gremlin Horn":0,"CeramicFish":11,"Vajra":23,"Sozu":34,"Lizard Tail":53,"Centennial Puzzle":23,"HornCleat":53,"DollysMirror":0,"Strawberry":3,"Prayer Wheel":22,"Philosopher\u0027s Stone":34,"VioletLotus":1,"Toxic Egg 2":3,"Girya":43,"Happy Flower":0,"Dead Branch":41,"Oddly Smooth Stone":0,"Letter Opener":26,"War Paint":37,"sneckomod:SneckoTalon":34,"Question Card":0,"Du-Vu Doll":8,"OrangePellets":0,"Bottled Flame":54,"Shuriken":0,"Bronze Scales":0,"Molten Egg 2":14,"Slimebound:PreparedRelic":37,"Nloth\u0027s Gift":22,"Meat on the Bone":2,"Pocketwatch":47,"Darkstone Periapt":0,"Enchiridion":30,"Mango":19,"Yang":26,"CloakClasp":1,"Juzu Bracelet":6,"Incense Burner":45,"TeardropLocket":0,"PrismaticShard":25,"ClockworkSouvenir":0,"Nunchaku":9,"Dream Catcher":28,"TheAbacus":0,"Slimebound:StickyStick":2,"Mummified Hand":23,"Pantograph":53,"Tiny Chest":12,"Red Mask":36,"Orichalcum":21,"Odd Mushroom":13,"Medical Kit":38,"Mercury Hourglass":21,"Calling Bell":34,"Peace Pipe":7,"Strange Spoon":53,"Anchor":0,"CaptainsWheel":0,"HolyWater":34,"Coffee Dripper":34,"Bag of Marbles":0,"Membership Card":0,"PureWater":0,"FossilizedHelix":27,"TungstenRod":0},{"Whetstone":33,"Ginger":51,"Bottled Tornado":142,"Sling":21,"Boot":41,"Old Coin":199,"Blood Vial":77,"Sundial":326,"MealTicket":36,"Fusion Hammer":182,"HandDrill":295,"Necronomicon":311,"Kunai":58,"Pear":29,"Blue Candle":50,"Pen Nib":29,"Guardian:PocketSentry":29,"Akabeko":21,"SlaversCollar":9,"Bird Faced Urn":53,"MutagenicStrength":111,"CultistMask":292,"StrikeDummy":178,"Unceasing Top":232,"Lantern":21,"Regal Pillow":109,"Singing Bowl":72,"Torii":280,"StoneCalendar":27,"Bag of Preparation":29,"Ancient Tea Set":43,"Cursed Key":192,"Shovel":168,"Matryoshka":229,"Chemical X":27,"InkBottle":251,"Potion Belt":24,"Lee\u0027s Waffle":10,"Golden Idol":119,"Damaru":29,"Circlet":174,"Thread and Needle":302,"The Courier":18,"PreservedInsect":296,"Omamori":29,"Frozen Egg 2":29,"bronze:BronzeIdol":16,"Busted Crown":258,"Ornamental Fan":49,"Orrery":72,"Turnip":52,"Art of War":46,"Bottled Lightning":5,"hexamod:BolsterEngine":23,"Toy Ornithopter":6,"Ice Cream":29,"Mark of the Bloom":295,"Calipers":205,"Gremlin Horn":145,"CeramicFish":35,"Vajra":14,"Sozu":104,"Lizard Tail":114,"Centennial Puzzle":249,"HornCleat":27,"DollysMirror":29,"Strawberry":30,"Prayer Wheel":67,"Philosopher\u0027s Stone":73,"VioletLotus":1,"Toxic Egg 2":1,"Girya":23,"Happy Flower":29,"Dead Branch":78,"Oddly Smooth Stone":85,"Letter Opener":15,"War Paint":21,"sneckomod:SneckoTalon":45,"Question Card":85,"Du-Vu Doll":5,"OrangePellets":53,"Bottled Flame":28,"Shuriken":85,"Bronze Scales":29,"Molten Egg 2":244,"Slimebound:PreparedRelic":21,"Nloth\u0027s Gift":67,"Meat on the Bone":1,"Pocketwatch":26,"Darkstone Periapt":174,"Enchiridion":133,"Mango":10,"Yang":131,"CloakClasp":1,"Juzu Bracelet":4,"Incense Burner":142,"TeardropLocket":0,"PrismaticShard":40,"ClockworkSouvenir":53,"Nunchaku":121,"Dream Catcher":132,"TheAbacus":29,"Slimebound:StickyStick":1,"Mummified Hand":14,"Pantograph":27,"Tiny Chest":212,"Red Mask":74,"Orichalcum":39,"Odd Mushroom":93,"Medical Kit":46,"Mercury Hourglass":39,"Calling Bell":224,"Peace Pipe":271,"Strange Spoon":114,"Anchor":29,"CaptainsWheel":280,"HolyWater":164,"Coffee Dripper":19,"Bag of Marbles":29,"Membership Card":29,"PureWater":0,"FossilizedHelix":71,"TungstenRod":235},{"Whetstone":157,"Ginger":214,"Bottled Tornado":534,"Sling":100,"Boot":180,"Old Coin":708,"Blood Vial":306,"Sundial":1268,"MealTicket":166,"Fusion Hammer":664,"HandDrill":1129,"Necronomicon":1203,"Kunai":239,"Pear":149,"Blue Candle":209,"Pen Nib":149,"Guardian:PocketSentry":149,"Akabeko":100,"SlaversCollar":44,"Bird Faced Urn":225,"MutagenicStrength":431,"CultistMask":1114,"StrikeDummy":648,"Unceasing Top":824,"Lantern":100,"Regal Pillow":423,"Singing Bowl":283,"Torii":1059,"StoneCalendar":136,"Bag of Preparation":149,"Ancient Tea Set":185,"Cursed Key":686,"Shovel":607,"Matryoshka":811,"Chemical X":136,"InkBottle":921,"Potion Belt":120,"Lee\u0027s Waffle":48,"Golden Idol":464,"Damaru":149,"Circlet":631,"Thread and Needle":1160,"The Courier":85,"PreservedInsect":1135,"Omamori":149,"Frozen Egg 2":149,"bronze:BronzeIdol":77,"Busted Crown":953,"Ornamental Fan":206,"Orrery":283,"Turnip":219,"Art of War":196,"Bottled Lightning":27,"hexamod:BolsterEngine":113,"Toy Ornithopter":31,"Ice Cream":149,"Mark of the Bloom":1129,"Calipers":722,"Gremlin Horn":545,"CeramicFish":163,"Vajra":72,"Sozu":406,"Lizard Tail":444,"Centennial Puzzle":911,"HornCleat":136,"DollysMirror":149,"Strawberry":150,"Prayer Wheel":264,"Philosopher\u0027s Stone":291,"VioletLotus":3,"Toxic Egg 2":8,"Girya":113,"Happy Flower":149,"Dead Branch":309,"Oddly Smooth Stone":343,"Letter Opener":74,"War Paint":100,"sneckomod:SneckoTalon":193,"Question Card":343,"Du-Vu Doll":27,"OrangePellets":225,"Bottled Flame":141,"Shuriken":343,"Bronze Scales":149,"Molten Egg 2":883,"Slimebound:PreparedRelic":100,"Nloth\u0027s Gift":264,"Meat on the Bone":8,"Pocketwatch":129,"Darkstone Periapt":631,"Enchiridion":512,"Mango":48,"Yang":507,"CloakClasp":3,"Juzu Bracelet":23,"Incense Burner":534,"TeardropLocket":0,"PrismaticShard":177,"ClockworkSouvenir":225,"Nunchaku":475,"Dream Catcher":510,"TheAbacus":149,"Slimebound:StickyStick":8,"Mummified Hand":70,"Pantograph":136,"Tiny Chest":743,"Red Mask":294,"Orichalcum":175,"Odd Mushroom":367,"Medical Kit":196,"Mercury Hourglass":175,"Calling Bell":791,"Peace Pipe":1010,"Strange Spoon":444,"Anchor":149,"CaptainsWheel":1059,"HolyWater":593,"Coffee Dripper":92,"Bag of Marbles":149,"Membership Card":149,"PureWater":0,"FossilizedHelix":279,"TungstenRod":841}],"Unceasing Top":[28],"TungstenRod":58,"InkBottle":[17]},"card_choices":[{"not_picked":["Sanctity+1","Prostrate+1","FollowUp"],"picked":"Singing Bowl","floor":0.0},{"not_picked":["FollowUp","FlurryOfBlows"],"picked":"Omniscience+1","floor":0.0},{"not_picked":["BowlingBash","SandsOfTime"],"picked":"LikeWater+1","floor":0.0},{"not_picked":["FlurryOfBlows","Conclude","Adaptation+1"],"picked":"Singing Bowl","floor":0.0},{"not_picked":["Halt+1","Blasphemy+1","CutThroughFate"],"picked":"Singing Bowl","floor":0.0},{"not_picked":["Sanctity+1","Prostrate+1","FollowUp"],"picked":"Singing Bowl","floor":0.0},{"not_picked":["FollowUp","FlurryOfBlows"],"picked":"Omniscience+1","floor":0.0},{"not_picked":["BowlingBash","SandsOfTime"],"picked":"LikeWater+1","floor":0.0},{"not_picked":["FlurryOfBlows","Conclude","Adaptation+1"],"picked":"Singing Bowl","floor":0.0},{"not_picked":["Crescendo+1","Protect+1","FlyingSleeves"],"picked":"Singing Bowl","floor":0.0},{"not_picked":["PathToVictory+1","Adaptation+1","Halt+1"],"picked":"Singing Bowl","floor":0.0},{"not_picked":["FollowUp","JustLucky","Wireheading+1"],"picked":"Singing Bowl","floor":0.0},{"not_picked":["BattleHymn+1","Consecrate","WheelKick"],"picked":"Singing Bowl","floor":0.0},{"not_picked":["Wireheading+1","Collect+1","Worship+1"],"picked":"Singing Bowl","floor":0.0},{"not_picked":["Sanctity+1","Prostrate+1","FollowUp"],"picked":"Singing Bowl","floor":0.0},{"not_picked":["FollowUp","FlurryOfBlows"],"picked":"Omniscience+1","floor":0.0},{"not_picked":["BowlingBash","SandsOfTime"],"picked":"LikeWater+1","floor":0.0},{"not_picked":["FlurryOfBlows","Conclude","Adaptation+1"],"picked":"Singing Bowl","floor":0.0},{"not_picked":["Crescendo+1","Protect+1","FlyingSleeves"],"picked":"Singing Bowl","floor":0.0},{"not_picked":["PathToVictory+1","Adaptation+1","Halt+1"],"picked":"Singing Bowl","floor":0.0},{"not_picked":["FollowUp","JustLucky","Wireheading+1"],"picked":"Singing Bowl","floor":0.0},{"not_picked":["BattleHymn+1","Consecrate","WheelKick"],"picked":"Singing Bowl","floor":0.0},{"not_picked":["Brilliance","Halt+1","Vengeance+1"],"picked":"Singing Bowl","floor":0.0},{"not_picked":["Wireheading+1","ThirdEye+1","Protect+1"],"picked":"Singing Bowl","floor":0.0},{"not_picked":["WindmillStrike","FlyingSleeves","SashWhip"],"picked":"Singing Bowl","floor":0.0},{"not_picked":["SandsOfTime","FollowUp","PathToVictory+1"],"picked":"Singing Bowl","floor":0.0},{"not_picked":["Prostrate+1","Sanctity+1"],"picked":"ConjureBlade+1","floor":0.0},{"not_picked":["CutThroughFate","Sanctity+1","FlyingSleeves"],"picked":"Singing Bowl","floor":1.0},{"not_picked":["Adaptation+1","PathToVictory+1","EmptyBody+1"],"picked":"Singing Bowl","floor":2.0},{"not_picked":["Meditate+1","FearNoEvil"],"picked":"LikeWater+1","floor":5.0},{"not_picked":["FollowUp","CutThroughFate"],"picked":"DevaForm+1","floor":6.0},{"not_picked":["EmptyBody+1","Ragnarok"],"picked":"Study+1","floor":8},{"not_picked":["WaveOfTheHand+1","JustLucky","SandsOfTime"],"picked":"Singing Bowl","floor":12},{"not_picked":["Protect+1","Nirvana+1","Swivel+1"],"picked":"Singing Bowl","floor":13},{"not_picked":["WaveOfTheHand+1","Conclude","ClearTheMind+1"],"picked":"Singing Bowl","floor":14},{"not_picked":["LessonLearned","Ragnarok"],"picked":"DeusExMachina+1","floor":16},{"not_picked":["SandsOfTime","Indignation+1","WheelKick"],"picked":"Singing Bowl","floor":18},{"not_picked":["Tantrum","WindmillStrike","FlurryOfBlows"],"picked":"Singing Bowl","floor":20},{"not_picked":["TalkToTheHand+1","Protect+1","CrushJoints"],"picked":"Singing Bowl","floor":22},{"not_picked":["FollowUp","Prostrate+1"],"picked":"LikeWater+1","floor":23},{"not_picked":["Vengeance+1","ClearTheMind+1"],"picked":"LikeWater+1","floor":25},{"not_picked":["Crescendo+1","FlyingSleeves","Nirvana+1"],"picked":"Singing Bowl","floor":29},{"not_picked":["Protect+1","EmptyBody+1","FlyingSleeves"],"picked":"Singing Bowl","floor":31},{"not_picked":["Brilliance","Scrawl+1"],"picked":"Vault+1","floor":33},{"not_picked":["Crescendo+1","Protect+1"],"picked":"CutThroughFate","floor":35},{"not_picked":["Sanctity+1","ThirdEye+1","EmptyFist+1"],"picked":"Singing Bowl","floor":38},{"not_picked":["Protect+1","JustLucky","MentalFortress+1"],"picked":"Singing Bowl","floor":39},{"not_picked":["ForeignInfluence+1","SignatureMove","Protect+1"],"picked":"Singing Bowl","floor":40},{"not_picked":["SignatureMove+1","Vengeance+1","SashWhip"],"picked":"Singing Bowl","floor":42},{"not_picked":["Protect+1","Worship+1","CrushJoints"],"picked":"Singing Bowl","floor":44},{"not_picked":["ReachHeaven","Crescendo+1","ConjureBlade+1"],"picked":"Singing Bowl","floor":45},{"not_picked":["EmptyFist+1","Collect+1","Consecrate"],"picked":"Singing Bowl","floor":46},{"not_picked":["Wireheading+1","ForeignInfluence+1","Wallop"],"picked":"Singing Bowl","floor":54}],"player_experience":272862,"relics_obtained":[{"floor":6.0,"key":"Darkstone Periapt"},{"floor":8,"key":"Bronze Scales"},{"floor":9,"key":"Matryoshka"},{"floor":10,"key":"Damaru"},{"floor":10,"key":"Bag of Marbles"},{"floor":12,"key":"Pantograph"},{"floor":14,"key":"Boot"},{"floor":23,"key":"Vajra"},{"floor":25,"key":"Bottled Flame"},{"floor":26,"key":"Regal Pillow"},{"floor":29,"key":"Unceasing Top"},{"floor":39,"key":"CloakClasp"},{"floor":40,"key":"Torii"},{"floor":43,"key":"Sundial"},{"floor":45,"key":"Girya"},{"floor":46,"key":"Mango"},{"floor":54,"key":"Pear"}],"event_choices":[{"damage_healed":0.0,"max_hp_gain":0.0,"max_hp_loss":0.0,"gold_gain":0.0,"event_name":"Shining Light","player_choice":"Entered Light","floor":3.0,"gold_loss":0.0,"damage_taken":34.0,"cards_upgraded":["Vigilance","Strike_P"]},{"damage_healed":0.0,"max_hp_gain":5.0,"max_hp_loss":0.0,"gold_gain":0.0,"event_name":"Big Fish","player_choice":"Donut","floor":4.0,"gold_loss":0.0,"damage_taken":0.0},{"cards_removed":["Strike_P"],"damage_healed":0,"gold_gain":0,"player_choice":"Gave Gold","damage_taken":0,"max_hp_gain":0,"max_hp_loss":0,"event_name":"Beggar","floor":19,"gold_loss":75},{"damage_healed":0,"gold_gain":0,"player_choice":"Shed Blood","damage_taken":44,"max_hp_gain":5,"max_hp_loss":0,"event_name":"Forgotten Altar","floor":21,"gold_loss":0},{"damage_healed":0,"gold_gain":720,"player_choice":"GOLD GOLD GOLD GOLD GOLD GOLD GOLD CARD GOLD ","damage_taken":88,"max_hp_gain":0,"max_hp_loss":0,"event_name":"Knowing Skull","floor":28,"potions_obtained":[],"gold_loss":0,"cards_obtained":["Bandage Up"]},{"damage_healed":0,"gold_gain":0,"player_choice":"Ignored","damage_taken":0,"max_hp_gain":0,"max_hp_loss":0,"event_name":"Tomb of Lord Red Mask","floor":36,"gold_loss":0},{"damage_healed":0,"gold_gain":0,"player_choice":"Fight","damage_taken":0,"max_hp_gain":0,"max_hp_loss":0,"event_name":"Mysterious Sphere","floor":39,"gold_loss":0},{"damage_healed":0,"gold_gain":0,"player_choice":"Fight","damage_taken":0,"max_hp_gain":0,"max_hp_loss":0,"event_name":"MindBloom","floor":46,"gold_loss":0}],"is_beta":false,"boss_relics":[{"not_picked":["Cursed Key","Snecko Eye"],"picked":"Fusion Hammer"},{"not_picked":["Busted Crown","Black Star"],"picked":"HolyWater"}],"items_purged_floors":[0,0,0,0,0,27,30,37],"is_endless":false,"potions_floor_spawned":[1,6,14,16,20,23,38,39,44,45,54],"ascension_level":16}}