{"host":"e5u7qs1emxzejr12","time":1612519786,"event":{"mods":["100% Spire Juice","2.2 Compatiblity","Act Like it!","Arknights","Ascension Unlocker","BaseMod","CapriCore","Card Forge","Colored Powertips","Custom Start","GifTheSpireLib","Highlight Path","Minty Spire (QoL Compilation)","MostiFishMod","Quick Restart","Relic Filter Mod","Reliquary","Replay The Spire","StSLib","SuperFastMode","The Blackbeard","WarShipGirlsR/战舰少女R mod","篝火指南"],"gold_per_floor":[129,129,177,177,177,267,357,459,510,585,684,768,843,918,918,1155,1155,1209,1299,1299,50,89,173,251,338,338,428,428,518,608,480,214,436,436,472,616,891,978,978,1083,1173,1272,1272,1365,23,101,185,263,0,0,0,0,0,0,81,81,81],"floor_reached":56,"language":"ZHS","playtime":2595,"items_purged":[],"score":4335,"play_id":"5b38fac4-7c47-4b5d-9b2f-a28e7387f220","local_time":"20210205180946","daily_mods":["Heirloom","Flight","DeadlyEvents","Elite Swarm","Midas"],"is_ascension_mode":true,"campfire_choices":[{"floor":15.0,"key":"RECALL"}],"circlet_count":0,"master_deck":["AscendersBane","Zap+1","Seek+1","Echo Form+1","MostiFishMod:Overload+1","Creative AI+1","Electrodynamics+1","Reboot+1","Machine Learning+1","Seek+1","Capacitor+1","Heatsinks+1","Capacitor+1","Crystallizer+1","Defragment+1","Storm+1","Defragment+1","Heatsinks+1","MostiFishMod:Prepare+1","Amplify+1","MostiFishMod:Prepare+1","MostiFishMod:Exploitation+1","MostiFishMod:InterfaceCompatibility+1","Amplify+1","Fission+1","Crystallizer+1","Crystallizer+1","Heatsinks+1","Crystallizer+1","Defragment+1","Defragment+1","Heatsinks+1","Crystallizer+1","Heatsinks+1","Seek+1","Heatsinks+1","Heatsinks+1","Defragment+1"],"relics":["Cracked Core","Hammer of Thor","Seething Fire","Anvil of the Gods","DaveBox","OneHitWonderSystem","Durian","SynthV:TestCard","SentryEyes","reliquary:PorcupineQuills","The Courier","Mango","Girya","Divine Protection","OriginationStaff","ReplayFunnel","Fusion Hammer","Red Mask","BionicSphere","Bottled Tornado","Replay:PocketPolymizer","SynthV:C4","reliquary:Stiletto","Regal Pillow","Anchor","Replay:Mystery Machine","Whetstone","ClockworkSouvenir","Lizard Tail","reliquary:RedCape","Gambling Chip","Sundial","Strawberry","Blood Vial","Kunai","reliquary:BoilingFlask","reliquary:HotPoker","reliquary:PartyBalloon","reliquary:Bookmark","reliquary:OuijaBoard","reliquary:QuartzCube","reliquary:Sideboard","Emotion Chip"],"acts_visited":["Exordium","TheCity","TheBeyond","TheEnding"],"potions_floor_usage":[],"damage_taken":[{"damage":0.0,"enemies":"2 Louse","floor":1.0,"turns":1.0},{"damage":0.0,"enemies":"Cultist","floor":3.0,"turns":2.0},{"damage":0.0,"enemies":"Lagavulin","floor":6.0,"turns":6.0},{"damage":0.0,"enemies":"Gremlin Nob","floor":7.0,"turns":3.0},{"damage":0.0,"enemies":"3 Sentries","floor":8.0,"turns":3.0},{"damage":0.0,"enemies":"Lagavulin","floor":10.0,"turns":4.0},{"damage":0.0,"enemies":"3 Sentries","floor":11.0,"turns":3.0},{"damage":0.0,"enemies":"Lagavulin","floor":12.0,"turns":2.0},{"damage":0.0,"enemies":"3 Sentries","floor":13.0,"turns":3.0},{"damage":0.0,"enemies":"Gremlin Nob","floor":14.0,"turns":3.0},{"damage":0.0,"enemies":"The Guardian","floor":16.0,"turns":4.0},{"damage":0.0,"enemies":"Spheric Guardian","floor":18.0,"turns":1.0},{"damage":0.0,"enemies":"Masked Bandits","floor":19.0,"turns":1.0},{"damage":0.0,"enemies":"Shell Parasite","floor":22.0,"turns":2.0},{"damage":0.0,"enemies":"Slavers","floor":23.0,"turns":2.0},{"damage":0.0,"enemies":"Book of Stabbing","floor":24.0,"turns":1.0},{"damage":0.0,"enemies":"Gremlin Leader","floor":25.0,"turns":2.0},{"damage":0.0,"enemies":"Book of Stabbing","floor":27.0,"turns":2.0},{"damage":0.0,"enemies":"Slavers","floor":29.0,"turns":1.0},{"damage":0.0,"enemies":"Gremlin Leader","floor":30.0,"turns":2.0},{"damage":0.0,"enemies":"Champ","floor":33.0,"turns":2.0},{"damage":0.0,"enemies":"3 Shapes","floor":35.0,"turns":1.0},{"damage":0.0,"enemies":"2 Orb Walkers","floor":36.0,"turns":1.0},{"damage":0.0,"enemies":"R_Hoarder","floor":38.0,"turns":2.0},{"damage":0.0,"enemies":"Nemesis","floor":40.0,"turns":3.0},{"damage":0.0,"enemies":"R_Hoarder","floor":41.0,"turns":3.0},{"damage":0.0,"enemies":"Nemesis","floor":42.0,"turns":3.0},{"damage":0.0,"enemies":"R_Hoarder","floor":44.0,"turns":3.0},{"damage":0.0,"enemies":"Nemesis","floor":46.0,"turns":1.0},{"damage":0.0,"enemies":"R_Hoarder","floor":47.0,"turns":2.0},{"damage":0.0,"enemies":"Giant Head","floor":48.0,"turns":2.0},{"damage":0,"enemies":"Time Eater","floor":50,"turns":2},{"damage":0,"enemies":"Donu and Deca","floor":51,"turns":2},{"damage":0,"enemies":"Shield and Spear","floor":55,"turns":2},{"damage":2,"enemies":"The Heart","floor":56,"turns":3}],"seed_played":"129276369408486834","potions_obtained":[{"floor":6.0,"key":"Toxic Potion"},{"floor":7.0,"key":"EssenceOfSteel"},{"floor":48.0,"key":"LiquidBronze"}],"is_trial":true,"path_per_floor":["M","?","M","?","?","E","E","E","T","E","E","E","E","E","R","B",null,"M","?","?","$","M","E","E","E","T","E","?","E","E","$","R","B",null,"M","?","?","E","?","E","E","E","T","E","R","E","E","E","R","B","B",null,"R","$","E","B"],"character_chosen":"DEFECT","items_purchased":["BionicSphere","Heatsinks","Capacitor","ReplayTheSpireMod:GoodbyeWorld","Self Repair","Loop","ReplayTheSpireMod:GoodbyeWorld","Static Discharge","Static Discharge","ReplayTheSpireMod:GoodbyeWorld","Static Discharge","Crystallizer","Defragment","Self Repair","Storm","Defragment","Heatsinks","ClockworkSouvenir","Lizard Tail","reliquary:PartyBalloon","reliquary:Bookmark","Crystallizer","FIFO Queue","Crystallizer","FIFO Queue","Heatsinks","Loop","Static Discharge","Capacitor","Capacitor","Crystallizer","Defragment","Defragment","Self Repair","Heatsinks","Crystallizer","Crystallizer","Static Discharge","Heatsinks","Heatsinks","Static Discharge","Heatsinks","Loop","Defragment"],"campfire_rested":0,"item_purchase_floors":[21,21,21,21,21,21,21,21,21,21,21,21,21,21,21,21,21,31,32,45,45,45,45,45,45,45,45,45,45,45,45,45,45,45,45,45,45,45,45,49,49,49,49,49],"current_hp_per_floor":[1,1,1,1,1,1,1,1,1,15,1,1,1,1,1,1,1,1,1,1,1,1,1,1,1,1,1,1,1,1,1,1,1,1,1,1,1,1,1,8,1,1,1,1,1,1,1,1,1,1,1,1,1,1,1,0,0],"gold":81,"neow_bonus":"","is_daily":false,"chose_seed":false,"campfire_upgraded":0,"win_rate":0.0,"timestamp":1612519786,"path_taken":["M","?","?","?","?","E","E","E","T","E","E","E","E","?","R","BOSS","M","?","?","$","?","E","E","E","T","E","?","E","E","$","R","BOSS","M","?","?","?","?","E","E","E","T","E","R","E","?","E","R","BOSS","BOSS","R","$","E","BOSS"],"items_purchased_type":["Relic","Card","Card","Card","Card","Card","Card","Card","Card","Card","Card","Card","Card","Card","Card","Card","Card","Relic","Relic","Relic","Relic","Card","Card","Card","Card","Card","Card","Card","Card","Card","Card","Card","Card","Card","Card","Card","Card","Card","Card","Card","Card","Card","Card","Card"],"build_version":"2020-12-22","purchased_purges":0,"victory":false,"max_hp_per_floor":[1,1,1,1,1,1,1,1,1,15,1,1,1,1,1,1,1,1,1,1,1,1,1,1,1,1,1,1,1,1,1,1,1,1,1,1,1,1,1,8,1,1,1,1,1,1,1,1,1,1,1,1,1,1,1,1,1],"card_choices":[{"not_picked":["MostiFishMod:PushDownKick","Sweeping Beam","Steam"],"picked":"SKIP","floor":1.0},{"not_picked":["ReplaySolidLightProjector","MostiFishMod:IceShield","Leap","Darkness","Compile Driver"],"picked":"SKIP","floor":3.0},{"not_picked":["MostiFishMod:ActiveDefenseSystem","Creative AI","Meteor Strike","MostiFishMod:Distribution"],"picked":"MostiFishMod:Overload","floor":6.0},{"not_picked":["MostiFishMod:ActiveDefenseSystem","Hyperbeam","Echo Form","MostiFishMod:IntelligentEquipment"],"picked":"Biased Cognition","floor":7.0},{"not_picked":["Meteor Strike","MostiFishMod:Prepare","Multi-Cast","Reboot"],"picked":"Creative AI","floor":8.0},{"not_picked":["ReplayRNGCard","MostiFishMod:ReadyAimFire","All For One","Biased Cognition"],"picked":"MostiFishMod:DawningShadow","floor":10.0},{"not_picked":["ReplayRNGCard","MostiFishMod:ReadyAimFire","Reboot","MostiFishMod:StarOceanB"],"picked":"Electrodynamics","floor":11.0},{"not_picked":["MostiFishMod:Culaccino","Biased Cognition","Thunder Strike","Machine Learning"],"picked":"Reboot","floor":12.0},{"not_picked":["MostiFishMod:TalkingToTheRain","Thunder Strike","MostiFishMod:ActiveDefenseSystem","Hyperbeam","Creative AI"],"picked":"SKIP","floor":13.0},{"not_picked":["MostiFishMod:StarOceanB","Multi-Cast","MostiFishMod:ReadyAimFire","Thunder Strike"],"picked":"Machine Learning","floor":14.0},{"not_picked":["MostiFishMod:Culaccino","MostiFishMod:StrandedSiren","Echo Form","MostiFishMod:ActiveDefenseSystem"],"picked":"Seek","floor":16.0},{"not_picked":["Sweeping Beam","Ball Lightning","Undo","Leap"],"picked":"Capacitor","floor":18.0},{"not_picked":["Compile Driver","MostiFishMod:PushDownKick","Leap","Steam","Redo+1"],"picked":"SKIP","floor":22.0},{"not_picked":["Meteor Strike","MostiFishMod:Distribution","MostiFishMod:TalkingToTheRain","Electrodynamics"],"picked":"MostiFishMod:Prepare","floor":23.0},{"not_picked":["MostiFishMod:DeathFromBelow","MostiFishMod:ActiveDefenseSystem","Hyperbeam","MostiFishMod:Nova"],"picked":"Amplify","floor":24.0},{"not_picked":["Echo Form","All For One","ReplayTheSpireMod:Omega Cannon","Multi-Cast"],"picked":"MostiFishMod:Prepare","floor":25.0},{"not_picked":["MostiFishMod:SeaWaves","Hyperbeam","MostiFishMod:Culaccino","MostiFishMod:DawningShadow"],"picked":"MostiFishMod:ATRI","floor":27.0},{"not_picked":["ReplayTheSpireMod:Omega Cannon","MostiFishMod:DeathFromBelow","MostiFishMod:Prepare","Hyperbeam"],"picked":"MostiFishMod:Exploitation","floor":29.0},{"not_picked":["MostiFishMod:Distribution","ReplayRNGCard","MostiFishMod:StrandedSiren","ReplayTheSpireMod:Omega Cannon"],"picked":"MostiFishMod:InterfaceCompatibility","floor":30.0},{"not_picked":["MostiFishMod:Culaccino","Meteor Strike","Seek","Electrodynamics"],"picked":"Amplify","floor":33.0},{"not_picked":["Go for the Eyes","Force Field+1","Undo","Gash","Darkness+1"],"picked":"SKIP","floor":35.0},{"not_picked":["All For One","ReplayRNGCard","Mirror Shield","MostiFishMod:Hijack","MostiFishMod:Exploitation"],"picked":"SKIP","floor":38.0},{"not_picked":["MostiFishMod:StrandedSiren","MostiFishMod:ActiveDefenseSystem","Rainbow","MostiFishMod:DeathFromBelow","Multi-Cast"],"picked":"SKIP","floor":40.0},{"not_picked":["MostiFishMod:TalkingToTheRain","Biased Cognition","MostiFishMod:Hijack","MostiFishMod:DawningShadow","MostiFishMod:ReadyAimFire"],"picked":"SKIP","floor":41.0},{"not_picked":["MostiFishMod:ActiveDefenseSystem","MostiFishMod:IntelligentEquipment","All For One","Creative AI"],"picked":"Fission","floor":42.0},{"not_picked":["MostiFishMod:Overload","MostiFishMod:Culaccino","Thunder Strike","MostiFishMod:DeathFromBelow","MostiFishMod:TalkingToTheRain"],"picked":"SKIP","floor":44.0},{"not_picked":["Multi-Cast","MostiFishMod:InterfaceCompatibility","Biased Cognition","Thunder Strike"],"picked":"Seek","floor":46.0},{"not_picked":["MostiFishMod:StrandedSiren","Meteor Strike","MostiFishMod:Culaccino","Machine Learning","MostiFishMod:InterfaceCompatibility"],"picked":"SKIP","floor":47.0},{"not_picked":["Meteor Strike","Reboot","MostiFishMod:DawningShadow","MostiFishMod:StarOceanB"],"picked":"Fission","floor":48.0},{"not_picked":["MostiFishMod:ATRI","Reboot","MostiFishMod:Overload","MostiFishMod:DeathFromBelow","MostiFishMod:TalkingToTheRain"],"picked":"SKIP","floor":55}],"player_experience":74644,"relics_obtained":[{"floor":1.0,"key":"SynthV:TestCard"},{"floor":6.0,"key":"SentryEyes"},{"floor":7.0,"key":"reliquary:PorcupineQuills"},{"floor":8.0,"key":"The Courier"},{"floor":10.0,"key":"Mango"},{"floor":11.0,"key":"Girya"},{"floor":12.0,"key":"Divine Protection"},{"floor":13.0,"key":"OriginationStaff"},{"floor":14.0,"key":"ReplayFunnel"},{"floor":19.0,"key":"Red Mask"},{"floor":23.0,"key":"Bottled Tornado"},{"floor":24.0,"key":"Replay:PocketPolymizer"},{"floor":25.0,"key":"SynthV:C4"},{"floor":26.0,"key":"reliquary:Stiletto"},{"floor":27.0,"key":"Regal Pillow"},{"floor":29.0,"key":"Replay:Mystery Machine"},{"floor":30.0,"key":"Whetstone"},{"floor":36.0,"key":"Gambling Chip"},{"floor":38.0,"key":"Sundial"},{"floor":40.0,"key":"Strawberry"},{"floor":41.0,"key":"Blood Vial"},{"floor":42.0,"key":"Kunai"},{"floor":43.0,"key":"reliquary:BoilingFlask"},{"floor":44.0,"key":"reliquary:HotPoker"},{"floor":46.0,"key":"reliquary:OuijaBoard"},{"floor":47.0,"key":"reliquary:QuartzCube"},{"floor":48.0,"key":"reliquary:Sideboard"},{"floor":55,"key":"Emotion Chip"}],"event_choices":[{"damage_healed":0.0,"max_hp_gain":0.0,"max_hp_loss":0.0,"gold_gain":0.0,"event_name":"Match and Keep!","player_choice":"1 cards matched","floor":2.0,"gold_loss":0.0,"damage_taken":0.0,"cards_obtained":["Seek"]},{"damage_healed":0.0,"max_hp_gain":0.0,"max_hp_loss":0.0,"gold_gain":0.0,"cards_transformed":["Strike_B"],"event_name":"Living Wall","player_choice":"Change","floor":4.0,"gold_loss":0.0,"damage_taken":0.0,"cards_obtained":["Echo Form"]},{"damage_healed":0.0,"max_hp_gain":0.0,"max_hp_loss":0.0,"gold_gain":0.0,"event_name":"Masked Bandits","player_choice":"Fought Bandits","floor":19.0,"gold_loss":0.0,"damage_taken":0.0},{"cards_removed":["Strike_B"],"damage_healed":0.0,"max_hp_gain":0.0,"max_hp_loss":0.0,"gold_gain":0.0,"event_name":"Back to Basics","player_choice":"Elegance","floor":20.0,"gold_loss":0.0,"damage_taken":0.0},{"damage_healed":0.0,"max_hp_gain":0.0,"max_hp_loss":0.0,"gold_gain":0.0,"event_name":"blackbeard:ShipwreckEvent","player_choice":"Anchor","floor":28.0,"gold_loss":0.0,"damage_taken":0.0,"relics_obtained":["Anchor"]},{"damage_healed":0.0,"max_hp_gain":0.0,"max_hp_loss":0.0,"gold_gain":0.0,"event_name":"Mysterious Sphere","player_choice":"Fight","floor":36.0,"gold_loss":0.0,"damage_taken":0.0},{"damage_healed":0.0,"max_hp_gain":0.0,"max_hp_loss":0.0,"gold_gain":275.0,"event_name":"Golden Shrine","player_choice":"Desecrate","floor":37.0,"gold_loss":0.0,"damage_taken":0.0,"cards_obtained":["Regret"]},{"damage_healed":0.0,"max_hp_gain":0.0,"max_hp_loss":0.0,"gold_gain":0.0,"event_name":"Designer","player_choice":"Punched","floor":39.0,"gold_loss":0.0,"damage_taken":5.0}],"is_beta":false,"boss_relics":[{"not_picked":["reliquary:Ember","Snecko Heart"],"picked":"Fusion Hammer"},{"not_picked":["Transparent","EE1DDrone"],"picked":"reliquary:RedCape"}],"items_purged_floors":[],"is_endless":false,"potions_floor_spawned":[6,7,8,13,16,22,23,25,29,38,42,46,47,48,55],"killed_by":"The Heart","ascension_level":20}}