{"host":"b1dzdo8uo7e6jx8g","time":1612554222,"event":{"mods":["AchievementEnabler","BaseMod","BetterRewards","Colored Map","Downfall","Highlight Path","Minty Spire (QoL Compilation)","StSLib"],"gold_per_floor":[361,361,361,379,379,379,422,422,496,509,527,527,542,563,563,694,694,710,710,113,133,147,147,147,147,147,166,128,128,143,184,184,184,184],"floor_reached":33,"language":"ENG","playtime":1155,"items_purged":[],"score":359,"play_id":"51dbe783-7204-43c6-ab16-6ad4fc73603c","local_time":"20210205204342","is_ascension_mode":true,"campfire_choices":[{"floor":6.0,"key":"REST"},{"floor":8.0,"key":"REST"},{"data":"Armaments","floor":15.0,"key":"SMITH"},{"data":"Spot Weakness","floor":23,"key":"SMITH"},{"data":"Heavy Blade","floor":25,"key":"SMITH"},{"floor":32,"key":"REST"}],"circlet_count":0,"master_deck":["Strike_R","Strike_R","Strike_R","Strike_R","Defend_R","Defend_R","Defend_R","Bash","Whirlwind","Thunderclap","Seeing Red","Heavy Blade+1","Armaments+1","Pummel","Feed","Headbutt+1","Feed","Spot Weakness+1","Battle Trance","Whirlwind+1","Dual Wield+1","Sentinel","Inflame","Pommel Strike+1","Inflame"],"relics":["Burning Blood","Golden Idol","Strawberry","Kunai","Orichalcum","SacredBark","Lee\u0027s Waffle","Molten Egg 2","Meat on the Bone","Bottled Flame","Ancient Tea Set"],"acts_visited":["Exordium","TheCity"],"potions_floor_usage":[31],"damage_taken":[{"damage":19.0,"enemies":"Jaw Worm","floor":1.0,"turns":4.0},{"damage":10.0,"enemies":"Small Slimes","floor":4.0,"turns":2.0},{"damage":48.0,"enemies":"Gremlin Nob","floor":7.0,"turns":5.0},{"damage":6.0,"enemies":"Cultist","floor":10.0,"turns":3.0},{"damage":13.0,"enemies":"Blue Slaver","floor":11.0,"turns":2.0},{"damage":0.0,"enemies":"2 Fungi Beasts","floor":13.0,"turns":3.0},{"damage":4.0,"enemies":"Red Slaver","floor":14.0,"turns":4.0},{"damage":40.0,"enemies":"Slime Boss","floor":16.0,"turns":9.0},{"damage":44.0,"enemies":"2 Thieves","floor":18.0,"turns":4.0},{"damage":28,"enemies":"Spheric Guardian","floor":21,"turns":5},{"damage":6,"enemies":"Chosen and Byrds","floor":22,"turns":4},{"damage":29,"enemies":"Snake Plant","floor":27,"turns":4},{"damage":47,"enemies":"Snecko","floor":30,"turns":5},{"damage":65,"enemies":"Book of Stabbing","floor":31,"turns":5},{"damage":115,"enemies":"Champ","floor":33,"turns":9}],"seed_played":"7227970930670200526","potions_obtained":[{"floor":4.0,"key":"hexamod:SoulburnPotion"},{"floor":7.0,"key":"AttackPotion"},{"floor":10.0,"key":"SteroidPotion"}],"is_trial":false,"path_per_floor":["M","?","?","M","?","R","E","R","T","M","M","?","M","M","R","B",null,"M","?","$","M","M","R","?","R","T","M","$","T","M","E","R","B"],"character_chosen":"IRONCLAD","items_purchased":["Lee\u0027s Waffle","Spot Weakness","FairyPotion","Molten Egg 2","Battle Trance","Inflame"],"campfire_rested":3,"item_purchase_floors":[20,20,20,20,20,28],"current_hp_per_floor":[67,47,47,43,43,67,32,58,58,58,51,39,45,47,47,13,69,35,35,98,76,80,80,80,80,80,69,69,69,43,63,95,0,0],"gold":184,"neow_bonus":"TWO_FIFTY_GOLD","is_daily":false,"chose_seed":false,"campfire_upgraded":3,"win_rate":0.0,"timestamp":1612554222,"path_taken":["M","?","?","?","?","R","E","R","T","?","M","?","M","M","R","BOSS","M","?","$","?","?","R","?","R","T","?","$","?","?","E","R","BOSS"],"items_purchased_type":["Relic","Card","Potion","Relic","Card","Card"],"build_version":"2020-12-22","purchased_purges":0,"victory":false,"max_hp_per_floor":[80,80,80,80,80,80,87,87,87,87,87,87,87,87,87,87,87,91,91,98,98,102,102,102,102,102,102,102,102,105,109,109,109,109],"card_choices":[{"not_picked":["Rage","Flex"],"picked":"Whirlwind","floor":1.0},{"not_picked":["Wild Strike","Twin Strike"],"picked":"Thunderclap","floor":4.0},{"not_picked":["Thunderclap","Exhume"],"picked":"Seeing Red","floor":7.0},{"not_picked":["Evolve","Whirlwind","Clothesline"],"picked":"SKIP","floor":10.0},{"not_picked":["Dual Wield","Flex"],"picked":"Heavy Blade","floor":11.0},{"not_picked":["Sword Boomerang","True Grit"],"picked":"Armaments","floor":13.0},{"not_picked":["Headbutt","Dual Wield"],"picked":"Pummel","floor":14.0},{"not_picked":["Exhume","Double Tap"],"picked":"Feed","floor":16.0},{"not_picked":["Wild Strike","Cleave"],"picked":"Headbutt+1","floor":18},{"not_picked":["Metallicize","Thunderclap+1"],"picked":"Whirlwind+1","floor":21},{"not_picked":["Metallicize+1","Perfected Strike+1"],"picked":"Dual Wield+1","floor":22},{"not_picked":["Sword Boomerang+1","Warcry","Metallicize"],"picked":"SKIP","floor":27},{"not_picked":["Searing Blow+1","Hemokinesis+1"],"picked":"Pommel Strike+1","floor":30},{"not_picked":["Body Slam+1","Havoc+1"],"picked":"Inflame","floor":31}],"player_experience":255640,"relics_obtained":[{"floor":7.0,"key":"Strawberry"},{"floor":9.0,"key":"Kunai"},{"floor":26,"key":"Meat on the Bone"},{"floor":29,"key":"Bottled Flame"},{"floor":31,"key":"Ancient Tea Set"}],"event_choices":[{"damage_healed":0.0,"max_hp_gain":0.0,"max_hp_loss":0.0,"gold_gain":0.0,"event_name":"Golden Idol","player_choice":"Take Damage","floor":2.0,"gold_loss":0.0,"damage_taken":20.0,"relics_obtained":["Golden Idol"]},{"cards_removed":["downfall:Haunted"],"damage_healed":0.0,"max_hp_gain":0.0,"max_hp_loss":0.0,"gold_gain":0.0,"event_name":"Living Wall","player_choice":"Forget","floor":3.0,"gold_loss":0.0,"damage_taken":0.0},{"cards_removed":["Defend_R"],"damage_healed":0.0,"max_hp_gain":0.0,"max_hp_loss":0.0,"gold_gain":0.0,"event_name":"Purifier","player_choice":"Purged","floor":5.0,"gold_loss":0.0,"damage_taken":0.0},{"damage_healed":0.0,"max_hp_gain":0.0,"max_hp_loss":0.0,"gold_gain":0.0,"event_name":"Scrap Ooze","player_choice":"Success","floor":12.0,"gold_loss":0.0,"damage_taken":12.0,"relics_obtained":["Orichalcum"]},{"damage_healed":0,"gold_gain":0,"player_choice":"1 cards matched","damage_taken":0,"max_hp_gain":0,"max_hp_loss":0,"event_name":"Match and Keep!","floor":19,"gold_loss":0,"cards_obtained":["Feed"]},{"damage_healed":0,"gold_gain":0,"cards_transformed":["Strike_R"],"player_choice":"Transformed","damage_taken":0,"max_hp_gain":0,"max_hp_loss":0,"event_name":"Transmorgrifier","floor":24,"gold_loss":0,"cards_obtained":["Sentinel"]}],"is_beta":false,"boss_relics":[{"not_picked":["SlaversCollar","Fusion Hammer"],"picked":"SacredBark"}],"items_purged_floors":[],"is_endless":false,"potions_floor_spawned":[4,7,10,22],"killed_by":"Champ","ascension_level":5}}