{"host":"odhb85ppoyjrwi3n","time":1612560785,"event":{"mods":["BaseMod","Better Third Choice","BetterRewards","Bossed Relics","Minty Spire (QoL Compilation)","Quick Restart","StSLib"],"gold_per_floor":[123,210,222,248,1,30,30,30,30,46,60,43,43,63,63,63,63],"floor_reached":16,"language":"ENG","playtime":521,"items_purged":["Strike_B"],"score":112,"play_id":"183002ac-2ad1-4d21-9853-44ef97a289df","local_time":"20210205223305","is_ascension_mode":true,"campfire_choices":[{"floor":8,"key":"REST"},{"floor":13,"key":"REST"},{"floor":15,"key":"REST"}],"circlet_count":0,"master_deck":["Strike_B","Strike_B","Strike_B","Defend_B","Defend_B","Defend_B","Defend_B","Zap+1","Dualcast","Conserve Battery","Apotheosis","Defragment"],"relics":["Cracked Core","MawBank","Dream Catcher","Mummified Hand"],"acts_visited":["Exordium"],"potions_floor_usage":[6,16],"damage_taken":[{"damage":2,"enemies":"Jaw Worm","floor":1,"turns":4},{"damage":0,"enemies":"Cultist","floor":4,"turns":3},{"damage":30,"enemies":"Gremlin Nob","floor":6,"turns":5},{"damage":3,"enemies":"2 Louse","floor":10,"turns":3},{"damage":1,"enemies":"Looter","floor":11,"turns":3},{"damage":13,"enemies":"Exordium Thugs","floor":12,"turns":4},{"damage":0,"enemies":"2 Fungi Beasts","floor":14,"turns":2},{"damage":79,"enemies":"Slime Boss","floor":16,"turns":11}],"seed_played":"-6173635295504309469","potions_obtained":[{"floor":1,"key":"Dexterity Potion"},{"floor":11,"key":"AttackPotion"}],"is_trial":false,"path_per_floor":["M","?","?","M","$","E","$","R","T","M","M","M","R","M","R","B"],"character_chosen":"DEFECT","items_purchased":["Apotheosis"],"campfire_rested":3,"item_purchase_floors":[5],"current_hp_per_floor":[73,62,62,62,62,32,32,54,54,51,50,37,59,59,75,0,0],"gold":63,"neow_bonus":"RANDOM_COMMON_RELIC","is_daily":false,"chose_seed":false,"campfire_upgraded":0,"win_rate":0.0,"timestamp":1612560785,"path_taken":["M","?","?","M","$","E","?","R","T","M","?","?","R","M","R","BOSS"],"items_purchased_type":["Card"],"build_version":"2020-12-22","purchased_purges":1,"victory":false,"max_hp_per_floor":[75,75,75,75,75,75,75,75,75,75,75,75,75,75,75,75,75],"card_choices":[{"not_picked":["Recycle","Barrage","Cold Snap"],"picked":"SKIP","floor":1},{"not_picked":["Double Energy","Cold Snap"],"picked":"Conserve Battery","floor":4},{"not_picked":["All For One","Conserve Battery","Barrage"],"picked":"SKIP","floor":6},{"not_picked":["Conserve Battery","Barrage","Gash"],"picked":"SKIP","floor":10},{"not_picked":["Sunder","Gash"],"picked":"Defragment","floor":11},{"not_picked":["Reprogram","Turbo","Go for the Eyes"],"picked":"SKIP","floor":12},{"not_picked":["Coolheaded","Fusion","Aggregate"],"picked":"SKIP","floor":14}],"player_experience":134046,"relics_obtained":[{"floor":6,"key":"Dream Catcher"},{"floor":9,"key":"Mummified Hand"}],"event_choices":[{"damage_healed":0,"gold_gain":75,"player_choice":"Gold","damage_taken":11,"max_hp_gain":0,"max_hp_loss":0,"event_name":"betterThird:BetterGoop","floor":2,"gold_loss":0},{"damage_healed":0,"gold_gain":0,"player_choice":"Grow","damage_taken":0,"max_hp_gain":0,"max_hp_loss":0,"event_name":"Living Wall","floor":3,"gold_loss":0,"cards_upgraded":["Zap"]}],"is_beta":false,"boss_relics":[],"items_purged_floors":[5],"is_endless":false,"potions_floor_spawned":[1,11],"killed_by":"Slime Boss","ascension_level":2}}