{"host":"0mk07bycsqo1qk03","time":1612510175,"event":{"mods":["BaseMod","Downfall","Hermit","Hubris","Minty Spire (QoL Compilation)","Replay The Spire","StSLib","The Cursed"],"gold_per_floor":[114,138,138,88,104,137,152,152,152,167,167,167,167,167],"floor_reached":13,"language":"ENG","playtime":399,"items_purged":[],"score":137,"play_id":"5b34b3be-6941-4934-8d26-f3cfcd64eb3b","local_time":"20210205082935","is_ascension_mode":true,"campfire_choices":[{"data":"Footwork","floor":8,"key":"SMITH"},{"data":"Terror","floor":11,"key":"SMITH"}],"circlet_count":0,"master_deck":["AscendersBane","Strike_G","Strike_G","Strike_G","Strike_G","Defend_G","Defend_G","Defend_G","Defend_G","Defend_G","Survivor","Neutralize","Replay:Sssssssssstrike","Dagger Spray","Footwork+1","Riddle With Holes","Terror+1"],"relics":["Ring of the Snake","Centennial Puzzle","hubris:Towel","Smiling Mask","hubris:BottledRain"],"acts_visited":["Exordium"],"potions_floor_usage":[6],"damage_taken":[{"damage":0,"enemies":"Cultist","floor":1,"turns":4},{"damage":0,"enemies":"Small Slimes","floor":5,"turns":4},{"damage":18,"enemies":"3 Sentries","floor":6,"turns":11},{"damage":0,"enemies":"2 Louse","floor":7,"turns":2},{"damage":16,"enemies":"Exordium Wildlife","floor":10,"turns":5},{"damage":34,"enemies":"Gremlin Nob","floor":13,"turns":3}],"seed_played":"-1031961037903213060","potions_obtained":[{"floor":1,"key":"Dexterity Potion"},{"floor":5,"key":"Regen Potion"},{"floor":10,"key":"Venom Potion"}],"is_trial":false,"path_per_floor":["M","T","?","?","M","E","M","R","T","M","R","?","E"],"character_chosen":"THE_SILENT","items_purchased":[],"campfire_rested":0,"item_purchase_floors":[],"current_hp_per_floor":[63,63,63,63,63,45,45,45,45,29,29,34,0,0],"gold":167,"neow_bonus":"RANDOM_COLORLESS","is_daily":false,"chose_seed":false,"campfire_upgraded":2,"win_rate":0.0,"timestamp":1612510175,"path_taken":["M","?","?","?","?","E","M","R","T","M","R","?","E"],"items_purchased_type":[],"build_version":"2020-12-22","purchased_purges":0,"victory":false,"max_hp_per_floor":[70,70,70,70,70,70,70,70,70,70,70,70,70,70],"card_choices":[{"not_picked":["Finesse","Bandage Up"],"picked":"Replay:Sssssssssstrike","floor":0},{"not_picked":["PiercingWail","Escape Plan"],"picked":"Quick Slash","floor":1},{"not_picked":["Backflip","Cloak And Dagger"],"picked":"Dagger Spray","floor":5},{"not_picked":["Prepared","Poisoned Stab"],"picked":"Footwork","floor":6},{"not_picked":["Masterful Stab","ReplayTheSpireMod:Tripwire"],"picked":"Riddle With Holes","floor":7},{"not_picked":["Dagger Spray","Expertise"],"picked":"Terror","floor":10}],"player_experience":1004005,"relics_obtained":[{"floor":2,"key":"Centennial Puzzle"},{"floor":6,"key":"Smiling Mask"},{"floor":9,"key":"hubris:BottledRain"}],"event_choices":[{"cards_removed":["Strike_G"],"damage_healed":0,"gold_gain":0,"player_choice":"Card Removal","damage_taken":0,"max_hp_gain":0,"max_hp_loss":0,"event_name":"The Cleric","floor":4,"gold_loss":50},{"cards_removed":["Quick Slash"],"damage_healed":5,"gold_gain":0,"player_choice":"Offered Common","damage_taken":0,"max_hp_gain":0,"max_hp_loss":0,"event_name":"Bonfire Elementals","floor":12,"gold_loss":0},{"cards_removed":["Quick Slash"],"damage_healed":5,"gold_gain":0,"player_choice":"Offered Special","damage_taken":0,"max_hp_gain":0,"max_hp_loss":0,"event_name":"Bonfire Elementals","floor":12,"gold_loss":0}],"is_beta":false,"boss_relics":[],"items_purged_floors":[],"is_endless":false,"potions_floor_spawned":[1,5,10],"killed_by":"Gremlin Nob","ascension_level":13}}