{"host":"nb3r5a3er9rrnn3n","time":1612499916,"event":{"mods":["BaseMod","Colored Map","Downfall","Minty Spire (QoL Compilation)","Relic Stats","Spire Arcade","StSLib"],"gold_per_floor":[99,99,99,99,199,63,63,63,77,109,9,36,136,149,167,271,271,171,190,290,30,115,186,186,215,225,125,154,287,287,302,313,413,413,413,430,444,455,455,489,514,542,542,542,557,589,589,605,624,624,624,652,77,77,77,77],"floor_reached":57,"language":"ENG","playtime":5415,"items_purged":["champ:Defend","champ:Strike","champ:RecklessLeap"],"score":1598,"play_id":"72307b9d-f414-416e-a206-e4bfdb6ee05f","local_time":"20210205153836","is_ascension_mode":true,"campfire_choices":[{"floor":1.0,"key":"RECALL"},{"data":"champ:AdrenalArmor","floor":8.0,"key":"SMITH"},{"data":"champ:CrookedStrike","floor":11.0,"key":"SMITH"},{"data":"champ:GladiatorForm","floor":18,"key":"SMITH"},{"data":"champ:BerserkerStyle","floor":27,"key":"SMITH"},{"data":"champ:Lariat","floor":30,"key":"SMITH"},{"data":"champ:AdrenalArmor","floor":35,"key":"SMITH"},{"data":"champ:Lariat","floor":44,"key":"SMITH"},{"data":"champ:BerserkersShout","floor":47,"key":"SMITH"},{"data":"J.A.X.","floor":54,"key":"SMITH"}],"circlet_count":0,"master_deck":["champ:Defend","champ:Defend","champ:Execute+1","champ:Taunt+1","champ:CrookedStrike+1","champ:AdrenalArmor+1","champ:FaceSlap+1","champ:RageSigil","champ:AdrenalArmor+1","champ:BerserkersShout+1","champ:BerserkerStyle+1","champ:GladiatorForm+1","champ:Endure+1","J.A.X.+1","champ:ShieldThrow+1","champ:SteelEdge+1","champ:Encircle+1","champ:Lariat+1","champ:AdrenalArmor","champ:Lariat+1","champ:Endure+1","champ:SwordThrow+1","expansioncontent:YouAreMine","champ:FaceSlap+1"],"relics":["champ:ChampionCrown","downfall:HeartsMalice","White Beast Statue","bronze:DecasWashers","downfall:HeartBlessingRed","Molten Egg 2","Champion Belt","Runic Dome","downfall:HeartBlessingGreen","MutagenicStrength","Chemical X","Shuriken","Toy Ornithopter","downfall:HeartBlessingBlue","Lizard Tail","Lantern","SlaversCollar","Strawberry","Whetstone","Nunchaku","CaptainsWheel","Vajra","TheAbacus","Akabeko"],"acts_visited":["Exordium","TheCity","TheBeyond","TheEnding"],"potions_floor_usage":[13,19,20,25,28,32,40,40,40,46,50,55,56],"damage_taken":[{"damage":0.0,"enemies":"Jaw Worm","floor":2.0,"turns":1.0},{"damage":0.0,"enemies":"2 Louse","floor":3.0,"turns":1.0},{"damage":0.0,"enemies":"downfall:Heads","floor":5.0,"turns":1.0},{"damage":25.0,"enemies":"downfall:FleeingMerchant","floor":6.0,"turns":4.0},{"damage":20.0,"enemies":"Cultist","floor":9.0,"turns":4.0},{"damage":43.0,"enemies":"Gremlin Nob","floor":10.0,"turns":3.0},{"damage":45.0,"enemies":"Lagavulin","floor":12.0,"turns":4.0},{"damage":25,"enemies":"Lagavulin","floor":13,"turns":2},{"damage":25,"enemies":"3 Louse","floor":14,"turns":3},{"damage":20,"enemies":"Large Slime","floor":15,"turns":2},{"damage":86,"enemies":"IC_STATUS_ARCHETYPE","floor":16,"turns":5},{"damage":74,"enemies":"Shell Parasite","floor":19,"turns":4},{"damage":82,"enemies":"downfall:Augmenter","floor":20,"turns":4},{"damage":69,"enemies":"downfall:FleeingMerchant","floor":21,"turns":4},{"damage":25,"enemies":"Gremlin Leader","floor":25,"turns":2},{"damage":29,"enemies":"Chosen","floor":26,"turns":2},{"damage":58,"enemies":"Slavers","floor":28,"turns":4},{"damage":36,"enemies":"downfall:FleeingMerchant","floor":29,"turns":1},{"damage":53,"enemies":"Sentry and Sphere","floor":31,"turns":2},{"damage":58,"enemies":"Chosen and Byrds","floor":32,"turns":3},{"damage":58,"enemies":"SI_MIRROR_ARCHETYPE","floor":33,"turns":4},{"damage":12,"enemies":"Orb Walker","floor":36,"turns":1},{"damage":71,"enemies":"3 Darklings","floor":37,"turns":2},{"damage":195,"enemies":"Transient","floor":38,"turns":5},{"damage":111,"enemies":"Reptomancer","floor":40,"turns":4},{"damage":87,"enemies":"Giant Head","floor":42,"turns":2},{"damage":82,"enemies":"4 Shapes","floor":45,"turns":4},{"damage":40,"enemies":"Reptomancer","floor":46,"turns":2},{"damage":64,"enemies":"Writhing Mass","floor":48,"turns":2},{"damage":198,"enemies":"Transient","floor":49,"turns":5},{"damage":153,"enemies":"WA_ARCHETYPE_DIVINITY","floor":50,"turns":5},{"damage":138,"enemies":"downfall:CharBossMerchant","floor":52,"turns":4},{"damage":265,"enemies":"downfall:NeowBoss","floor":55,"turns":7},{"damage":183,"enemies":"downfall:NeowBossFinal","floor":56,"turns":4}],"seed_played":"-357859531217328019","potions_obtained":[{"floor":5.0,"key":"ColorlessPotion"},{"floor":9.0,"key":"Weak Potion"},{"floor":10.0,"key":"champ:OpenerPotion"},{"floor":13,"key":"champ:CounterPotion"},{"floor":14,"key":"SkillPotion"},{"floor":15,"key":"FearPotion"},{"floor":19,"key":"DuplicationPotion"},{"floor":20,"key":"Swift Potion"},{"floor":21,"key":"Block Potion"},{"floor":25,"key":"Strength Potion"},{"floor":26,"key":"PowerPotion"},{"floor":28,"key":"SpeedPotion"},{"floor":29,"key":"SteroidPotion"},{"floor":32,"key":"champ:TechniquePotion"},{"floor":37,"key":"PowerPotion"},{"floor":38,"key":"PowerPotion"},{"floor":40,"key":"CultistPotion"},{"floor":42,"key":"champ:CounterPotion"},{"floor":45,"key":"GamblersBrew"},{"floor":46,"key":"Energy Potion"},{"floor":48,"key":"Fire Potion"},{"floor":52,"key":"Swift Potion"}],"is_trial":false,"path_per_floor":["R","M","M","?","?","$","T","R","M","E","R","E","?","M","M","B",null,"R","M","?","$","?","T","T","E","M","R","E","$","R","M","M","B",null,"R","M","M","M","?","E","T","E","?","R","M","E","R","M","M","B",null,"E","$","R","B","B",null],"character_chosen":"THE_CHAMP","items_purchased":["champ:AdrenalArmor","Chemical X","Lantern","champ:AdrenalArmor","Vajra","TheAbacus","Akabeko"],"campfire_rested":0,"item_purchase_floors":[6,21,29,29,53,53,53],"current_hp_per_floor":[90,90,90,90,90,90,90,90,90,87,87,87,87,87,87,77,90,90,85,64,61,43,43,43,40,40,50,54,54,54,54,59,59,100,100,100,100,97,97,107,107,104,104,104,104,107,107,107,101,103,107,107,107,107,98,87],"gold":77,"neow_bonus":"THREE_ENEMY_KILL","is_daily":false,"chose_seed":false,"campfire_upgraded":9,"win_rate":0.0,"timestamp":1612499916,"path_taken":["R","M","M","?","?","$","T","R","M","E","R","E","?","M","M","BOSS","R","M","?","$","?","?","T","E","M","R","E","$","R","M","M","BOSS","R","M","?","M","?","E","T","E","?","R","M","E","R","M","M","BOSS","E","$","R","BOSS","BOSS"],"items_purchased_type":["Card","Relic","Relic","Card","Relic","Relic","Relic"],"build_version":"2020-12-22","purchased_purges":3,"victory":true,"max_hp_per_floor":[90,90,90,90,90,90,90,90,90,90,90,90,90,90,90,90,90,90,90,90,90,90,90,90,90,90,100,100,100,100,100,100,100,100,100,100,100,100,100,107,107,107,107,107,107,107,107,107,107,107,107,107,107,107,107,107],"relic_stats":{"Lizard Tail":0,"Nunchaku":[7],"TheAbacus":[30],"counters":[34,104],"Shuriken":[24],"Champion Belt":[33],"Chemical X":[59],"Whetstone":["champ:Execute","champ:FaceSlap"],"obtain_stats":[{"Lantern":29,"downfall:HeartBlessingRed":11,"bronze:DecasWashers":10,"Vajra":53,"champ:ChampionCrown":0,"downfall:HeartsMalice":0,"downfall:HeartBlessingGreen":18,"Whetstone":41,"White Beast Statue":7,"Akabeko":53,"Runic Dome":17,"SlaversCollar":34,"Lizard Tail":28,"Nunchaku":42,"CaptainsWheel":52,"TheAbacus":53,"Shuriken":23,"downfall:HeartBlessingBlue":27,"MutagenicStrength":20,"Strawberry":40,"Molten Egg 2":12,"Champion Belt":13,"Chemical X":21,"Toy Ornithopter":25},{"Lantern":18,"downfall:HeartBlessingRed":6,"bronze:DecasWashers":6,"Vajra":32,"champ:ChampionCrown":0,"downfall:HeartsMalice":0,"downfall:HeartBlessingGreen":11,"Whetstone":25,"White Beast Statue":4,"Akabeko":32,"Runic Dome":11,"SlaversCollar":21,"Lizard Tail":17,"Nunchaku":26,"CaptainsWheel":32,"TheAbacus":32,"Shuriken":14,"downfall:HeartBlessingBlue":16,"MutagenicStrength":13,"Strawberry":25,"Molten Egg 2":7,"Champion Belt":8,"Chemical X":14,"Toy Ornithopter":15},{"Lantern":48,"downfall:HeartBlessingRed":11,"bronze:DecasWashers":11,"Vajra":93,"champ:ChampionCrown":0,"downfall:HeartsMalice":0,"downfall:HeartBlessingGreen":27,"Whetstone":69,"White Beast Statue":4,"Akabeko":93,"Runic Dome":27,"SlaversCollar":57,"Lizard Tail":47,"Nunchaku":71,"CaptainsWheel":93,"TheAbacus":93,"Shuriken":39,"downfall:HeartBlessingBlue":43,"MutagenicStrength":35,"Strawberry":69,"Molten Egg 2":15,"Champion Belt":17,"Chemical X":39,"Toy Ornithopter":41}],"Toy Ornithopter":45},"card_choices":[{"not_picked":["champ:Circumvent","champ:EndlessRage"],"picked":"champ:CrookedStrike","floor":2.0},{"not_picked":["champ:SetATrap","champ:ShieldSlam"],"picked":"champ:AdrenalArmor","floor":3.0},{"not_picked":["champ:DancingMaster","champ:PreciseThrust"],"picked":"champ:FaceSlap","floor":5.0},{"not_picked":["champ:BringItOn","champ:PreciseThrust","champ:DefensiveStyle"],"picked":"SKIP","floor":6.0},{"not_picked":["champ:BringItOn","champ:CrookedStrike"],"picked":"champ:RecklessLeap","floor":9.0},{"not_picked":["champ:FocusedDefense","champ:DeathBlow"],"picked":"champ:FanOfKnives","floor":10.0},{"not_picked":["champ:FocusedDefense","champ:BladeFlurry+1","champ:Haymaker+1"],"picked":"SKIP","floor":12.0},{"not_picked":["champ:StanceDance","champ:PreciseThrust+1"],"picked":"champ:BerserkersShout","floor":14},{"not_picked":["champ:BladeFlurry+1","champ:PerfectedStrike+1"],"picked":"champ:BerserkerStyle","floor":15},{"not_picked":["champ:Improvising","champ:IgnorePain"],"picked":"champ:GladiatorForm","floor":16},{"not_picked":["champ:ShieldWall","champ:ViciousMockery","champ:BerserkerStyle"],"picked":"SKIP","floor":19},{"not_picked":["champ:GutPunch+1","champ:PreciseThrust+1"],"picked":"champ:Endure+1","floor":20},{"not_picked":[],"picked":"J.A.X.","floor":20},{"not_picked":["champ:FocusedDefense","champ:BringItOn","champ:StrikeOfGenius"],"picked":"SKIP","floor":21},{"not_picked":["champ:ShieldSigil","champ:StanceDance"],"picked":"champ:Encircle+1","floor":25},{"not_picked":["champ:ShieldSigil","champ:RisingSlash+1","champ:DefensiveShout"],"picked":"SKIP","floor":26},{"not_picked":["champ:AdrenalArmor","champ:DefensiveShout"],"picked":"champ:Lariat","floor":28},{"not_picked":["champ:BerserkersShout","champ:HeavySlash+1","champ:ShieldSigil+1"],"picked":"SKIP","floor":29},{"not_picked":["champ:DefensiveStyle+1","champ:StanceDance+1","champ:PreemptiveStrike+1"],"picked":"SKIP","floor":31},{"not_picked":["champ:EnGarde","champ:PreciseThrust+1","champ:AdrenalArmor"],"picked":"SKIP","floor":32},{"not_picked":["champ:EndlessRage+1","champ:DeathBlow+1"],"picked":"champ:Lariat","floor":36},{"not_picked":["champ:GutPunch+1","champ:AdrenalArmor"],"picked":"champ:Endure+1","floor":37},{"not_picked":["champ:SetATrap","champ:Haymaker+1","champ:ShieldSlam"],"picked":"SKIP","floor":38},{"not_picked":["champ:BringItOn","champ:PerfectedStrike+1"],"picked":"champ:SwordThrow+1","floor":40},{"not_picked":["champ:ShieldSigil+1","champ:IronFortress","champ:Lariat"],"picked":"SKIP","floor":42},{"not_picked":["expansioncontent:Chronoboost","expansioncontent:PolyBeam"],"picked":"expansioncontent:YouAreMine","floor":43},{"not_picked":["champ:EnragedBash+1","champ:PerfectedStrike+1","champ:EndlessRage"],"picked":"SKIP","floor":45},{"not_picked":["champ:BladeFlurry+1","champ:EndlessRage+1"],"picked":"champ:FaceSlap+1","floor":46},{"not_picked":["champ:DefensiveShout+1","champ:RisingSlash+1","champ:Backstep"],"picked":"SKIP","floor":48},{"not_picked":["champ:DancingMaster","champ:Backstep","champ:EnGarde+1"],"picked":"SKIP","floor":49},{"not_picked":["champ:BladeFlurry+1","champ:FlashCut+1","champ:PreemptiveStrike+1"],"picked":"SKIP","floor":52}],"player_experience":1963319,"relics_obtained":[{"floor":7.0,"key":"White Beast Statue"},{"floor":10.0,"key":"bronze:DecasWashers"},{"floor":12.0,"key":"Molten Egg 2"},{"floor":13,"key":"Champion Belt"},{"floor":20,"key":"MutagenicStrength"},{"floor":23,"key":"Shuriken"},{"floor":25,"key":"Toy Ornithopter"},{"floor":28,"key":"Lizard Tail"},{"floor":40,"key":"Strawberry"},{"floor":41,"key":"Whetstone"},{"floor":42,"key":"Nunchaku"},{"floor":52,"key":"CaptainsWheel"}],"event_choices":[{"cards_removed":["champ:FanOfKnives"],"damage_healed":0,"gold_gain":0,"player_choice":"Removed Attack","damage_taken":0,"max_hp_gain":0,"max_hp_loss":0,"event_name":"Falling","floor":39,"gold_loss":0}],"is_beta":false,"boss_relics":[{"not_picked":["Fusion Hammer","Tiny House"],"picked":"Runic Dome"},{"not_picked":["Pandora\u0027s Box","bronze:MakeshiftBattery"],"picked":"SlaversCollar"}],"items_purged_floors":[6,21,53],"is_endless":false,"potions_floor_spawned":[5,9,10,12,13,14,15,16,19,20,21,25,26,28,29,31,32,33,36,37,38,40,42,45,46,48,49,52],"ascension_level":1}}