{"host":"agdto6ifbg57aw9m","time":1612497072,"event":{"mods":["2.2 Compatiblity","Aspiration","BaseMod","BetterRewards","Duelist Mod","Friendly Minions","GifTheSpireLib","Halation","Infinite Spire","Minty Spire (QoL Compilation)","Replay The Spire","Spikes Relics","StSLib","Stuff the Spire","The Spell Scribe"],"gold_per_floor":[109,127,140,156,169,169,203,203,252,252,3,3,3,36,36,133,133,152,152,165,185,202,234,234,259,259,288,307,338,24,54,54,158,158,174,191,209,209,277,277,306,306,306,323,333,367,367,384,384,384],"floor_reached":51,"language":"ENG","playtime":3580,"items_purged":["Strike_G"],"score":1010,"play_id":"ef52e49c-944d-4c8e-afc7-bb3980250d40","local_time":"20210204225112","is_ascension_mode":true,"campfire_choices":[{"data":"theScribe:BlankScroll","floor":6,"key":"SMITH"},{"data":"StuffTheSpire:Injection","floor":10,"key":"SMITH"},{"data":"Deadly Poison","floor":12,"key":"SMITH"},{"data":"theScribe:BarrierOfLight","floor":15,"key":"SMITH"},{"data":"theScribe:Escalation","floor":24,"key":"SMITH"},{"data":"theScribe:Ghost_Realm","floor":32,"key":"SMITH"},{"data":"theScribe:WeirdToxin","floor":40,"key":"SMITH"},{"data":"infinitespire:TheBestDefense","floor":42,"key":"SMITH"},{"data":"Calculated Gamble","floor":47,"key":"SMITH"}],"circlet_count":0,"master_deck":["Strike_G","Strike_G","Strike_G","Strike_G","Defend_G","Defend_G","Defend_G","Defend_G","Defend_G","Survivor","Neutralize","Deadly Poison+1","theScribe:ToxicSpellstone","Catalyst","theScribe:CapacitanceScroll+1","theScribe:BlankScroll+1","StuffTheSpire:Injection+1","Regret","theScribe:BarrierOfLight+1","theScribe:Escalation+1","Prepared","infinitespire:TheBestDefense+1","infinitespire:Starlight","infinitespire:FutureSight","theScribe:ToxicSpellstone","theScribe:TelumSpellstone","theScribe:RecurringRime","StuffTheSpire:Injection","theScribe:Insight","theScribe:Ghost_Realm+1","Backflip","theScribe:BluntWeapons+1","Corpse Explosion","theScribe:AmplifyingSpellstone+1","theScribe:ScrollOfPoison","theScribe:WeirdToxin+1","Secret Weapon","theScribe:ArcaneBarrier+1","theScribe:LightningBolt+1","theScribe:FocusingBarrier+1","Pace+1","theScribe:FocusingBarrier+1","Calculated Gamble+1"],"relics":["aspiration:ScribeSkillbook","aspiration:TomeofQuesting","aspiration:FetidBarrel","Happy Flower","ReplayTheSpireMod:Shallot","StuffTheSpire:RedRose","Chameleon Ring","halation:Prosthetics","Coffee Dripper","Singing Bowl","infinitespire:Lucky Rock","halation:BottledLove","aspiration:StickyExplosives_weak","Blood Vial","MiniBlackHole","aspiration:KaomsHeart"],"acts_visited":["Exordium","TheCity","TheBeyond"],"potions_floor_usage":[7,16,21,21,23,27,29,45,50],"damage_taken":[{"damage":4,"enemies":"Cultist","floor":1,"turns":5},{"damage":0,"enemies":"2 Louse","floor":2,"turns":2},{"damage":0,"enemies":"Small Slimes","floor":3,"turns":4},{"damage":2,"enemies":"Looter","floor":4,"turns":4},{"damage":9,"enemies":"Exordium Thugs","floor":5,"turns":6},{"damage":17,"enemies":"Gremlin Nob","floor":7,"turns":4},{"damage":4,"enemies":"3 Sentries","floor":14,"turns":6},{"damage":9,"enemies":"The Guardian","floor":16,"turns":7},{"damage":10,"enemies":"2 Thieves","floor":18,"turns":5},{"damage":9,"enemies":"3 Byrds","floor":20,"turns":3},{"damage":0,"enemies":"Centurion and Healer","floor":21,"turns":5},{"damage":0,"enemies":"Snecko","floor":22,"turns":4},{"damage":13,"enemies":"Slavers","floor":23,"turns":4},{"damage":1,"enemies":"theDuelist:KaibaA2","floor":25,"turns":4},{"damage":1,"enemies":"Book of Stabbing","floor":27,"turns":3},{"damage":0,"enemies":"Snake Plant","floor":28,"turns":2},{"damage":20,"enemies":"Gremlin Leader","floor":29,"turns":4},{"damage":0,"enemies":"Book of Stabbing","floor":31,"turns":4},{"damage":8,"enemies":"Pondfish","floor":33,"turns":7},{"damage":0,"enemies":"Orb Walker","floor":35,"turns":2},{"damage":13,"enemies":"3 Shapes","floor":36,"turns":5},{"damage":15,"enemies":"Jaw Worm Horde","floor":37,"turns":6},{"damage":13,"enemies":"Nightmare","floor":41,"turns":5},{"damage":9,"enemies":"Writhing Mass","floor":44,"turns":2},{"damage":3,"enemies":"4 Shapes","floor":45,"turns":3},{"damage":1,"enemies":"Nemesis","floor":46,"turns":5},{"damage":0,"enemies":"Spire Growth","floor":48,"turns":3},{"damage":0,"enemies":"Replay:Hell Engine","floor":50,"turns":3}],"seed_played":"7032541764211136955","potions_obtained":[{"floor":2,"key":"DistilledChaos"},{"floor":3,"key":"SteroidPotion"},{"floor":4,"key":"Energy Potion"},{"floor":20,"key":"Block Potion"},{"floor":22,"key":"EssenceOfSteel"},{"floor":25,"key":"Fire Potion"},{"floor":27,"key":"Regen Potion"},{"floor":31,"key":"Adrenaline Potion"},{"floor":33,"key":"ColorlessPotion"},{"floor":36,"key":"DuplicationPotion"},{"floor":39,"key":"Flashbang"},{"floor":44,"key":"Adrenaline Potion"},{"floor":46,"key":"Dexterity Potion"}],"is_trial":false,"path_per_floor":["M","M","M","M","M","R","E","T","T","R","$","R","?","E","R","B",null,"M","AVR","M","M","M","E","R","E","T","E","M","E","$","E","R","B",null,"M","M","M","?","?","R","NM","R","T","M","M","E","R","M","R","B",null],"character_chosen":"THE_SILENT","items_purchased":["ReplayTheSpireMod:Shallot","aspiration:KaomsHeart"],"campfire_rested":0,"item_purchase_floors":[11,30],"current_hp_per_floor":[66,66,66,64,55,55,38,38,38,38,38,38,38,34,34,25,35,25,25,26,35,35,22,22,31,31,30,34,29,129,137,137,129,137,137,124,111,111,57,57,56,56,56,49,48,49,49,53,94,96],"gold":384,"neow_bonus":"BOSS_RELIC","is_daily":false,"chose_seed":false,"campfire_upgraded":9,"win_rate":0.0,"timestamp":1612497072,"path_taken":["M","M","?","M","M","R","E","?","T","R","?","R","?","E","R","BOSS","M","AVR","M","M","M","E","R","E","T","E","M","E","$","E","R","BOSS","M","M","M","?","?","R","NM","R","T","M","M","E","R","?","R","BOSS"],"items_purchased_type":["Relic","Relic"],"build_version":"2020-12-22","purchased_purges":1,"victory":true,"max_hp_per_floor":[70,70,70,70,70,70,70,70,70,70,70,70,70,70,70,70,35,35,35,35,35,35,35,35,35,35,35,37,37,137,137,137,137,137,137,137,137,137,137,137,137,137,137,137,137,137,137,139,139,139],"card_choices":[{"not_picked":["Prepared","theScribe:Split","theScribe:FalseLife"],"picked":"Deadly Poison","floor":1},{"not_picked":["theScribe:MagicMissiles","theScribe:Insight","theScribe:ThrownScroll"],"picked":"theScribe:ToxicSpellstone","floor":2},{"not_picked":["StuffTheSpire:BumpUp","theScribe:LiquidumScroll","Wraith Form v2"],"picked":"Catalyst","floor":3},{"not_picked":["theScribe:FranticSearch","Quick Slash","Flying Knee"],"picked":"theScribe:CapacitanceScroll","floor":4},{"not_picked":["Dodge and Roll","theScribe:LightningBlade","theScribe:InvigoratingStrike"],"picked":"theScribe:BlankScroll","floor":5},{"not_picked":["StuffTheSpire:DoubleShiv","theScribe:GlacialGuard","theScribe:Meditate"],"picked":"StuffTheSpire:Injection","floor":7},{"not_picked":["Heel Hook","theScribe:AmplifyingSpellstone","Sucker Punch"],"picked":"theScribe:BarrierOfLight","floor":14},{"not_picked":["Bullet Time","theScribe:TimeDilation","theScribe:BloodMagicks"],"picked":"theScribe:Escalation","floor":16},{"not_picked":["Sucker Punch+1","ReplayTheSpireMod:The Works+1","theScribe:ThrownScroll"],"picked":"Prepared","floor":18},{"not_picked":["Flying Knee","ReplayTheSpireMod:Speed Training+1","Choke"],"picked":"theScribe:ToxicSpellstone","floor":20},{"not_picked":["Bane","Crippling Poison+1","Well Laid Plans"],"picked":"theScribe:TelumSpellstone","floor":21},{"not_picked":["theScribe:AmplifyingSpellstone","Outmaneuver+1","theScribe:MirrorImage"],"picked":"theScribe:RecurringRime","floor":22},{"not_picked":["Quick Slash","Infinite Blades","theScribe:GatherComponents"],"picked":"StuffTheSpire:Injection","floor":23},{"not_picked":["Well Laid Plans","theScribe:ArcaneArcing","theScribe:MirrorImage"],"picked":"theScribe:Insight","floor":25},{"not_picked":["theScribe:Overcharge","StuffTheSpire:ClusterCrunch","Dagger Throw"],"picked":"theScribe:Ghost_Realm","floor":27},{"not_picked":["StuffTheSpire:BumpUp","Infinite Blades","theScribe:ArcaneArcing+1","theScribe:FranticSearch"],"picked":"Singing Bowl","floor":28},{"not_picked":["theScribe:FlowLikeWater+1","Poisoned Stab","theScribe:InscribeDeath"],"picked":"Backflip","floor":29},{"not_picked":["StuffTheSpire:Incursion+1","Replay:Bag of Tricks","theScribe:Divination"],"picked":"theScribe:BluntWeapons+1","floor":31},{"not_picked":["Envenom","theScribe:InscribeDeath","ReplayTheSpireMod:From All Sides"],"picked":"Corpse Explosion","floor":33},{"not_picked":["Slice+1","Backflip+1","theScribe:EnchantedStrike"],"picked":"theScribe:AmplifyingSpellstone+1","floor":35},{"not_picked":["StuffTheSpire:MirrorStance","theScribe:Incendio+1","theScribe:MirrorImage"],"picked":"theScribe:ScrollOfPoison","floor":36},{"not_picked":["Burst","theScribe:RecklessResponse+1","Dagger Spray+1"],"picked":"theScribe:WeirdToxin","floor":37},{"not_picked":["Assess","Replay:Sssssssssshield","StuffTheSpire:FreeRealEstate"],"picked":"Secret Weapon","floor":38},{"not_picked":["Flying Knee","theScribe:GatherComponents","ReplayTheSpireMod:Speed Training"],"picked":"theScribe:ArcaneBarrier+1","floor":39},{"not_picked":["theScribe:ToxicSpellstone+1","Hidden Blade","theScribe:ArcaneBarrier"],"picked":"theScribe:LightningBolt+1","floor":39},{"not_picked":["Acrobatics+1","Die Die Die","StuffTheSpire:ClusterCrunch+1"],"picked":"theScribe:FocusingBarrier+1","floor":41},{"not_picked":["Bane","theScribe:BluntWeapons+1","theScribe:PriceOfKnowledge"],"picked":"Pace+1","floor":44},{"not_picked":["StuffTheSpire:BumpUp+1","Corpse Explosion","Flechettes"],"picked":"theScribe:FocusingBarrier+1","floor":45},{"not_picked":["Slice+1","Escape Plan","theScribe:ThrownScroll"],"picked":"Calculated Gamble","floor":46},{"not_picked":["Poisoned Stab","theScribe:Frost","Deadly Poison","theScribe:LightningBolt+1"],"picked":"Singing Bowl","floor":48}],"player_experience":588975,"relics_obtained":[{"floor":7,"key":"aspiration:TomeofQuesting"},{"floor":8,"key":"aspiration:FetidBarrel"},{"floor":9,"key":"Happy Flower"},{"floor":14,"key":"Chameleon Ring"},{"floor":23,"key":"infinitespire:Lucky Rock"},{"floor":25,"key":"halation:BottledLove"},{"floor":26,"key":"aspiration:StickyExplosives_weak"},{"floor":27,"key":"Blood Vial"},{"floor":29,"key":"MiniBlackHole"},{"floor":31,"key":"aspiration:KMNothing"},{"floor":39,"key":"aspiration:KMNothing"},{"floor":41,"key":"aspiration:KMNothing"},{"floor":46,"key":"aspiration:KMNothing"}],"event_choices":[{"damage_healed":0,"gold_gain":0,"player_choice":"Memory 1","damage_taken":0,"max_hp_gain":0,"max_hp_loss":0,"event_name":"SensoryStone","floor":38,"gold_loss":0}],"is_beta":false,"boss_relics":[{"not_picked":["aspiration:SecretTechniqueScroll","Tiny House"],"picked":"halation:Prosthetics"},{"not_picked":["aspiration:KMNothing","aspiration:KMNothing"],"picked":"aspiration:KMNothing"}],"items_purged_floors":[19],"is_endless":false,"potions_floor_spawned":[2,3,4,20,22,25,27,31,33,36,41,44,46],"ascension_level":1}}