{"host":"Sylvester","time":1612510304,"event":{"mods":["BaseMod","Filter the Spire","Lobotomy","Minty Spire (QoL Compilation)","Replay The Spire","StSLib"],"gold_per_floor":[117,117,117,129,140,169,169,197,246,246,246,262,289,289,289,289,289],"floor_reached":16,"language":"ENG","playtime":391,"items_purged":[],"score":236,"play_id":"1e0e9989-fc1c-4df0-adff-1d9c917e1c62","local_time":"20210204233144","is_ascension_mode":true,"campfire_choices":[{"floor":7,"key":"REST"},{"data":"ReplayTheSpireMod:Omega Cannon","floor":10,"key":"SMITH"},{"floor":15,"key":"REST"}],"circlet_count":0,"master_deck":["AscendersBane","Strike_B","Strike_B","Strike_B","Defend_B+1","Defend_B","Defend_B","Defend_B","Barrage","ReplayTheSpireMod:Omega Cannon+1","Sweeping Beam","Undo","Redo","Vigilance","Eruption+1","Stack"],"relics":["Sozu","Pear","Pen Nib","Anchor","Snack Pack"],"acts_visited":["Exordium"],"potions_floor_usage":[],"damage_taken":[{"damage":4,"enemies":"Jaw Worm","floor":1,"turns":5},{"damage":0,"enemies":"2 Louse","floor":4,"turns":1},{"damage":0,"enemies":"Small Slimes","floor":5,"turns":2},{"damage":29,"enemies":"Lagavulin","floor":6,"turns":6},{"damage":5,"enemies":"3 Sentries","floor":8,"turns":3},{"damage":0,"enemies":"3 Louse","floor":12,"turns":1},{"damage":14,"enemies":"Gremlin Nob","floor":13,"turns":3},{"damage":64,"enemies":"Fading Forest","floor":16,"turns":4}],"seed_played":"4791255615247535512","potions_obtained":[],"is_trial":false,"path_per_floor":["M","?","?","M","M","E","R","E","T","R","?","M","E","?","R","B"],"character_chosen":"DEFECT","items_purchased":[],"campfire_rested":2,"item_purchase_floors":[],"current_hp_per_floor":[60,39,39,39,39,20,44,39,39,39,39,39,25,25,49,0,0],"gold":289,"neow_bonus":"BOSS_RELIC","is_daily":false,"chose_seed":false,"campfire_upgraded":1,"win_rate":0.0,"timestamp":1612510304,"path_taken":["M","?","?","M","M","E","R","E","T","R","?","M","E","?","R","BOSS"],"items_purchased_type":[],"build_version":"2020-11-17","purchased_purges":0,"victory":false,"max_hp_per_floor":[71,71,71,71,71,81,81,81,81,81,81,81,81,81,81,81,81],"card_choices":[{"not_picked":["Storm","Hello World"],"picked":"Barrage","floor":1},{"not_picked":["Barrage","Hello World"],"picked":"Sweeping Beam","floor":4},{"not_picked":["Gash","Go for the Eyes"],"picked":"Undo","floor":5},{"not_picked":["Lockon","Stack"],"picked":"Redo","floor":6},{"not_picked":["Storm","Leap","Force Field"],"picked":"SKIP","floor":8},{"not_picked":["Barrage","Steam","Redo"],"picked":"SKIP","floor":12},{"not_picked":["Go for the Eyes","Turbo"],"picked":"Stack","floor":13}],"player_experience":211801,"relics_obtained":[{"floor":6,"key":"Pear"},{"floor":8,"key":"Pen Nib"},{"floor":9,"key":"Anchor"},{"floor":13,"key":"Snack Pack"}],"event_choices":[{"damage_healed":0,"gold_gain":0,"player_choice":"Entered Light","damage_taken":21,"max_hp_gain":0,"max_hp_loss":0,"event_name":"Shining Light","floor":2,"gold_loss":0,"cards_upgraded":["Zap","Defend_B"]},{"damage_healed":0,"gold_gain":0,"cards_transformed":["Strike_B"],"player_choice":"Change","damage_taken":0,"max_hp_gain":0,"max_hp_loss":0,"event_name":"Living Wall","floor":3,"gold_loss":0,"cards_obtained":["ReplayTheSpireMod:Omega Cannon"]},{"damage_healed":0,"gold_gain":0,"player_choice":"Ignored","damage_taken":0,"max_hp_gain":0,"max_hp_loss":0,"event_name":"Liars Game","floor":14,"gold_loss":0}],"is_beta":true,"boss_relics":[],"items_purged_floors":[],"is_endless":false,"potions_floor_spawned":[5,8,12],"killed_by":"Fading Forest","ascension_level":20}}