{"host":"yuwyc1esdalgjt4e","time":1612544145,"event":{"mods":["Arknights","Astrologer","BaseMod","CapriCore","Hermit","KomeijiMod","Marisa????????","Minty Spire (QoL Compilation)","Railgun Mod","Reimu??????","StSLib","The Bug Knight","The Death Knight","The Dragon Tamer","The Hierophant","The Immortal","The Marked","The Servant 0.9.4","The Wild Card","TheSwordswoman","Yuri Mod"],"gold_per_floor":[11,86,36,36,36,63,63,76,76,76,39,70,70,70,70,175,175,194,47,47,47,67,67,79,114,191,116,116,149,149,161,161,259,259,270,318,218,128,148,178,197,228,228,246,265,280,280,299,299,299,299],"floor_reached":50,"language":"ENG","playtime":1622,"items_purged":["theMarked:Strike","theMarked:Defend"],"score":621,"play_id":"826a1f6f-3d72-4d19-a123-ac2059d68028","local_time":"20210205175545","is_ascension_mode":false,"campfire_choices":[{"data":"theMarked:EmpowerWeapon","floor":10,"key":"SMITH"},{"data":"theMarked:ChannelForce","floor":13,"key":"SMITH"},{"floor":15,"key":"REST"},{"data":"theMarked:Defend","floor":23,"key":"SMITH"},{"floor":32,"key":"REST"},{"data":"theMarked:EmpowerWeapon","floor":47,"key":"SMITH"},{"data":"theMarked:Strike","floor":49,"key":"SMITH"}],"circlet_count":0,"master_deck":["theMarked:Strike+1","theMarked:Strike+1","theMarked:Defend+1","theMarked:Defend+1","theMarked:Defend+1","theMarked:SoldierOfQuellstein+1","theMarked:EmpowerWeapon+1","theMarked:EmpowerWeapon+1"],"relics":["theMarked:ArtifactOfAir","Torii","PureWhite:ReiMu","HollowMod:PaleOreRelic","RuthlessExorcism:ReiMu","Busted Crown","HoshigumaDish","theMarked:SecretDocuments","Pantograph","Blood Vial","NlothsMask","Coffee Dripper","Mango","KyoryuNoHagoromo","Lantern"],"acts_visited":["Exordium","TheCity","TheBeyond"],"potions_floor_usage":[16,16,25,46,50],"damage_taken":[{"damage":0,"enemies":"2 Louse","floor":1,"turns":2},{"damage":15,"enemies":"Gremlin Nob","floor":6,"turns":4},{"damage":0,"enemies":"Small Slimes","floor":8,"turns":2},{"damage":4,"enemies":"3 Sentries","floor":12,"turns":5},{"damage":0,"enemies":"Slime Boss","floor":16,"turns":6},{"damage":0,"enemies":"Chosen","floor":18,"turns":3},{"damage":0,"enemies":"Spheric Guardian","floor":22,"turns":3},{"damage":0,"enemies":"Snecko","floor":24,"turns":3},{"damage":38,"enemies":"Slavers","floor":25,"turns":6},{"damage":19,"enemies":"Gremlin Leader","floor":29,"turns":3},{"damage":7,"enemies":"Centurion and Healer","floor":31,"turns":4},{"damage":28,"enemies":"Collector","floor":33,"turns":8},{"damage":2,"enemies":"Orb Walker","floor":35,"turns":3},{"damage":20,"enemies":"2 Orb Walkers","floor":36,"turns":3},{"damage":0,"enemies":"3 Shapes","floor":39,"turns":3},{"damage":14,"enemies":"Reptomancer","floor":40,"turns":4},{"damage":19,"enemies":"Jaw Worm Horde","floor":41,"turns":3},{"damage":25,"enemies":"Nemesis","floor":42,"turns":5},{"damage":10,"enemies":"Spire Growth","floor":44,"turns":3},{"damage":0,"enemies":"Maw","floor":45,"turns":4},{"damage":1,"enemies":"4 Shapes","floor":46,"turns":2},{"damage":38,"enemies":"HollowMod:SlobberingHusk","floor":48,"turns":5},{"damage":68,"enemies":"Time Eater","floor":50,"turns":7}],"seed_played":"-3102964592425031321","potions_obtained":[{"floor":6,"key":"MagicPotion:ReiMu"},{"floor":12,"key":"AttackPotion"},{"floor":22,"key":"LiquidMemories"},{"floor":24,"key":"Dexterity Potion"},{"floor":29,"key":"FairyPotion"},{"floor":31,"key":"EssenceOfSteel"},{"floor":42,"key":"RedTea"},{"floor":46,"key":"FairyPotion"}],"is_trial":false,"path_per_floor":["M","?","?","$","?","E","?","M","T","R","$","E","R","?","R","B",null,"M","?","$","?","M","R","M","E","T","$","?","E","?","M","R","B",null,"M","?","$","?","M","E","M","E","T","M","M","M","R","M","R","B"],"character_chosen":"THE_DEFAULT","items_purchased":["theMarked:ChannelForce"],"campfire_rested":2,"item_purchase_floors":[11],"current_hp_per_floor":[70,59,59,59,59,44,44,44,44,44,44,40,40,36,57,57,70,70,70,70,70,70,70,70,32,32,32,32,13,13,8,29,28,70,68,64,64,64,66,54,37,14,14,6,8,9,9,5,5,0,0],"gold":299,"neow_bonus":"ONE_RARE_RELIC","is_daily":false,"chose_seed":false,"campfire_upgraded":5,"win_rate":0.0,"timestamp":1612544145,"path_taken":["M","?","?","$","?","E","?","M","T","R","$","E","R","?","R","BOSS","M","?","?","?","?","R","M","E","T","$","?","E","?","M","R","BOSS","M","?","$","?","?","E","M","E","T","M","M","?","R","M","R","BOSS"],"items_purchased_type":["Card"],"build_version":"2020-12-22","purchased_purges":2,"victory":false,"max_hp_per_floor":[70,70,70,70,70,70,70,70,70,70,70,70,70,70,70,70,70,70,70,70,70,70,70,70,70,70,70,70,70,70,70,70,70,70,70,84,84,84,84,84,84,84,84,84,84,84,84,84,84,84,84],"card_choices":[{"not_picked":["theMarked:HeightenedSenses","theMarked:ElectricStrings","theMarked:Aftermath"],"picked":"SKIP","floor":1},{"not_picked":["theMarked:KeepCalmAndFight","theMarked:WastefulAttack"],"picked":"theMarked:EmpowerWeapon","floor":6},{"not_picked":["theMarked:Improvise","theMarked:BanishingStrike","theMarked:Memento"],"picked":"SKIP","floor":8},{"not_picked":["theMarked:SelfDefenseTraining","theMarked:LightningStrikesTwice","theMarked:SwordAndMagic"],"picked":"SKIP","floor":12},{"not_picked":["theMarked:KeepCalmAndFight+1"],"picked":"SKIP","floor":18},{"not_picked":["theMarked:Memento"],"picked":"SKIP","floor":22},{"not_picked":["theMarked:BanishingStrike"],"picked":"SKIP","floor":24},{"not_picked":["theMarked:WastefulAttack"],"picked":"SKIP","floor":25},{"not_picked":["theMarked:LightningStrikesTwice"],"picked":"SKIP","floor":29},{"not_picked":[],"picked":"theMarked:EmpowerWeapon","floor":31},{"not_picked":["theMarked:Memento"],"picked":"SKIP","floor":35},{"not_picked":["theMarked:Parry+1"],"picked":"SKIP","floor":39},{"not_picked":["theMarked:PowerFlow"],"picked":"SKIP","floor":40},{"not_picked":["theMarked:HeightenedSenses"],"picked":"SKIP","floor":41},{"not_picked":["theMarked:BanishingWave+1"],"picked":"SKIP","floor":42},{"not_picked":["theMarked:EmpowerWeapon"],"picked":"SKIP","floor":44},{"not_picked":["theMarked:GodGivenPower+1"],"picked":"SKIP","floor":45},{"not_picked":["theMarked:RepellingDischarge+1"],"picked":"SKIP","floor":46},{"not_picked":["theMarked:Friction"],"picked":"SKIP","floor":48}],"player_experience":108535,"relics_obtained":[{"floor":6,"key":"PureWhite:ReiMu"},{"floor":9,"key":"HollowMod:PaleOreRelic"},{"floor":12,"key":"RuthlessExorcism:ReiMu"},{"floor":25,"key":"theMarked:SecretDocuments"},{"floor":26,"key":"Pantograph"},{"floor":29,"key":"Blood Vial"},{"floor":36,"key":"Mango"},{"floor":40,"key":"KyoryuNoHagoromo"},{"floor":42,"key":"Lantern"}],"event_choices":[{"damage_healed":0,"gold_gain":75,"player_choice":"Gather Gold","damage_taken":11,"max_hp_gain":0,"max_hp_loss":0,"event_name":"World of Goop","floor":2,"gold_loss":0},{"cards_removed":["theMarked:Strike"],"damage_healed":0,"gold_gain":0,"player_choice":"Card Removal","damage_taken":0,"max_hp_gain":0,"max_hp_loss":0,"event_name":"The Cleric","floor":3,"gold_loss":50},{"damage_healed":0,"gold_gain":0,"player_choice":"Grow","damage_taken":0,"max_hp_gain":0,"max_hp_loss":0,"event_name":"Living Wall","floor":5,"gold_loss":0,"cards_upgraded":["theMarked:SoldierOfQuellstein"]},{"damage_healed":0,"gold_gain":0,"player_choice":"Ignored","damage_taken":0,"max_hp_gain":0,"max_hp_loss":0,"event_name":"Liars Game","floor":7,"gold_loss":0},{"damage_healed":0,"gold_gain":0,"player_choice":"Paid Gold","damage_taken":0,"relics_obtained":["HoshigumaDish"],"max_hp_gain":0,"max_hp_loss":0,"event_name":"WeMeetAgain","floor":19,"gold_loss":147},{"damage_healed":0,"gold_gain":0,"player_choice":"Forge","damage_taken":0,"max_hp_gain":0,"max_hp_loss":0,"event_name":"Accursed Blacksmith","floor":21,"gold_loss":0,"cards_upgraded":["theMarked:Defend"]},{"damage_healed":0,"gold_gain":0,"player_choice":"Ignored","damage_taken":0,"max_hp_gain":0,"max_hp_loss":0,"event_name":"Ghosts","floor":28,"gold_loss":0},{"damage_healed":0,"gold_gain":0,"player_choice":"Trade","damage_taken":0,"relics_obtained":["NlothsMask"],"max_hp_gain":0,"max_hp_loss":0,"event_name":"FaceTrader","floor":30,"gold_loss":0},{"damage_healed":0,"gold_gain":0,"player_choice":"Fight","damage_taken":0,"max_hp_gain":0,"max_hp_loss":0,"event_name":"Mysterious Sphere","floor":36,"gold_loss":0},{"cards_removed":["theMarked:ChannelForce"],"damage_healed":0,"gold_gain":0,"player_choice":"Upgrade and Remove","damage_taken":0,"max_hp_gain":0,"max_hp_loss":0,"event_name":"Designer","floor":38,"gold_loss":90,"cards_upgraded":["theMarked:Strike"]}],"is_beta":false,"boss_relics":[{"not_picked":["SacredBark","RedLine:ReiMu"],"picked":"Busted Crown"},{"not_picked":["theMarked:Eyepatch","Runic Pyramid"],"picked":"Coffee Dripper"}],"items_purged_floors":[27,37],"is_endless":false,"potions_floor_spawned":[6,12,22,24,29,31,35,39,42,46],"killed_by":"Time Eater","ascension_level":0}}