{"host":"7nopzcxpi7o4g3yx","time":1612555760,"event":{"mods":["AchievementEnabler","BaseMod","Colored Powertips","Hermit","Minty Spire (QoL Compilation)","Quick Restart","StSLib","The Cursed","The Servant 0.9.4"],"gold_per_floor":[112,287,287,211,211,242,242,272,296,328,339,372,382,346,346,444,444,459,240,265,284,304,375,389,414,414,414,431,442,453,479,479,581,631,651,373,423,439,439,470,470,481,508,527,527,546,575,575,575,575,575],"floor_reached":50,"language":"ENG","playtime":3067,"items_purged":[],"score":900,"play_id":"1bc72b65-3a7e-4c0c-8eb9-18b982d660cd","local_time":"20210205210920","is_ascension_mode":true,"campfire_choices":[{"data":"Riddle With Holes","floor":7.0,"key":"SMITH"},{"floor":15.0,"key":"REST"},{"floor":27.0,"key":"REST"},{"floor":32.0,"key":"REST"},{"floor":41,"key":"REST"},{"floor":45,"key":"REST"},{"floor":49,"key":"REST"}],"circlet_count":0,"master_deck":["Strike_G","Strike_G","Strike_G","Strike_G","Strike_G","Defend_G","Defend_G","Defend_G","Defend_G","Defend_G","Survivor","Neutralize","Dagger Throw","Accuracy","Riddle With Holes+1","Adrenaline","Riddle With Holes","Slice","Blade Dance","Dagger Spray+1","Footwork","Envenom","CurseOfTheBell","Backstab+1","PiercingWail+1","Finisher","Acrobatics+1","Deflect+1","Riddle With Holes+1","Leg Sweep+1","Cloak And Dagger+1","Die Die Die","Noxious Fumes","Cloak And Dagger+1","Slice+1","Blur+1","Finesse+1","Catalyst+1","Dagger Spray+1","Finisher+1","After Image"],"relics":["Ring of the Snake","NeowsBlessing","Mercury Hourglass","Tingsha","Snake Skull","InkBottle","Incense Burner","Calling Bell","Orichalcum","Toxic Egg 2","Du-Vu Doll","Membership Card","Akabeko","Red Mask","Matryoshka","Lantern","Question Card","Shovel","Peace Pipe","Tiny House","TwistedFunnel","Boot","Letter Opener","Mango","Lizard Tail","Bottled Flame","Smiling Mask","Pen Nib"],"acts_visited":["Exordium","TheCity","TheBeyond"],"potions_floor_usage":[40,40,42,46,50],"damage_taken":[{"damage":0.0,"enemies":"Jaw Worm","floor":1.0,"turns":1.0},{"damage":0.0,"enemies":"Lagavulin","floor":6.0,"turns":1.0},{"damage":0.0,"enemies":"Gremlin Nob","floor":8.0,"turns":1.0},{"damage":7.0,"enemies":"Lagavulin","floor":10.0,"turns":5.0},{"damage":0.0,"enemies":"2 Louse","floor":11.0,"turns":1.0},{"damage":25.0,"enemies":"3 Sentries","floor":12.0,"turns":5.0},{"damage":0.0,"enemies":"Small Slimes","floor":13.0,"turns":2.0},{"damage":40.0,"enemies":"Hexaghost","floor":16.0,"turns":11.0},{"damage":9.0,"enemies":"3 Byrds","floor":18.0,"turns":3.0},{"damage":0.0,"enemies":"Masked Bandits","floor":20.0,"turns":3.0},{"damage":16.0,"enemies":"Shell Parasite","floor":21.0,"turns":3.0},{"damage":6.0,"enemies":"Cultist and Chosen","floor":22.0,"turns":4.0},{"damage":2.0,"enemies":"Snecko","floor":24.0,"turns":3.0},{"damage":8.0,"enemies":"Gremlin Leader","floor":25.0,"turns":3.0},{"damage":0.0,"enemies":"Chosen and Byrds","floor":28.0,"turns":4.0},{"damage":0.0,"enemies":"Snake Plant","floor":29.0,"turns":3.0},{"damage":12.0,"enemies":"Centurion and Healer","floor":30.0,"turns":3.0},{"damage":7.0,"enemies":"Slavers","floor":31.0,"turns":5.0},{"damage":7.0,"enemies":"Collector","floor":33.0,"turns":3.0},{"damage":30.0,"enemies":"3 Darklings","floor":35.0,"turns":4.0},{"damage":2.0,"enemies":"Mind Bloom Boss Battle","floor":37.0,"turns":6.0},{"damage":0.0,"enemies":"Orb Walker","floor":38.0,"turns":1.0},{"damage":38,"enemies":"Reptomancer","floor":40,"turns":4},{"damage":11,"enemies":"Writhing Mass","floor":42,"turns":5},{"damage":0,"enemies":"3 Darklings","floor":44,"turns":2},{"damage":0,"enemies":"Spire Growth","floor":46,"turns":2},{"damage":32,"enemies":"Giant Head","floor":47,"turns":6},{"damage":138,"enemies":"Time Eater","floor":50,"turns":9}],"seed_played":"-1424159853663586691","potions_obtained":[{"floor":10.0,"key":"Fruit Juice"},{"floor":12.0,"key":"Swift Potion"},{"floor":13.0,"key":"Dexterity Potion"},{"floor":16.0,"key":"SpeedPotion"},{"floor":21.0,"key":"LiquidMemories"},{"floor":24.0,"key":"Strength Potion"},{"floor":29.0,"key":"Strength Potion"},{"floor":34.0,"key":"Block Potion"},{"floor":37.0,"key":"ColorlessPotion"},{"floor":40,"key":"LiquidMemories"},{"floor":44,"key":"CunningPotion"}],"is_trial":false,"path_per_floor":["M","?","?","$","?","E","R","E","T","E","M","E","M","$","R","B",null,"M","$","?","M","M","T","M","E","T","R","M","M","M","E","R","B",null,"M","$","?","M","?","E","R","M","T","M","R","M","E","?","R","B"],"character_chosen":"THE_SILENT","items_purchased":["Accuracy","Footwork","Membership Card","Akabeko","TwistedFunnel","Boot","Letter Opener"],"campfire_rested":6,"item_purchase_floors":[4,14,19,19,36,36,36],"current_hp_per_floor":[70,70,70,70,70,70,70,70,70,68,68,43,43,43,65,25,63,54,54,54,38,32,32,30,22,22,44,44,44,32,25,47,40,71,41,41,53,53,53,15,43,32,32,32,60,60,28,28,56,0,0],"gold":575,"neow_bonus":"THREE_ENEMY_KILL","is_daily":false,"chose_seed":false,"campfire_upgraded":1,"win_rate":0.0,"timestamp":1612555760,"path_taken":["M","?","?","$","?","E","R","E","T","E","?","E","M","$","R","BOSS","M","$","?","M","M","?","M","E","T","R","M","?","M","E","R","BOSS","M","$","?","M","?","E","R","M","T","M","R","M","E","?","R","BOSS"],"items_purchased_type":["Card","Card","Relic","Relic","Relic","Relic","Relic"],"build_version":"2020-12-22","purchased_purges":0,"victory":false,"max_hp_per_floor":[70,70,70,70,70,70,70,70,70,75,75,75,75,75,75,75,75,75,75,75,75,75,75,75,75,75,75,75,75,75,75,75,75,80,80,80,94,94,94,94,94,94,94,94,94,94,94,94,94,94,94],"card_choices":[{"not_picked":["Underhanded Strike","Tactician"],"picked":"Dagger Throw","floor":1.0},{"not_picked":["Outmaneuver","Prepared"],"picked":"Riddle With Holes","floor":6.0},{"not_picked":["Outmaneuver","Distraction"],"picked":"Adrenaline","floor":8.0},{"not_picked":["Underhanded Strike","Catalyst"],"picked":"Riddle With Holes","floor":10.0},{"not_picked":["PiercingWail","Deadly Poison"],"picked":"Slice","floor":11.0},{"not_picked":["Masterful Stab","Sucker Punch"],"picked":"Blade Dance","floor":12.0},{"not_picked":["Slice","Underhanded Strike"],"picked":"Dagger Spray","floor":13.0},{"not_picked":["Die Die Die","After Image"],"picked":"Envenom","floor":16.0},{"not_picked":["Quick Slash","PiercingWail+1"],"picked":"Backstab+1","floor":18.0},{"not_picked":["Dodge and Roll+1","Sucker Punch"],"picked":"PiercingWail+1","floor":20.0},{"not_picked":["Underhanded Strike+1","Masterful Stab"],"picked":"Sucker Punch","floor":21.0},{"not_picked":["Bane","Quick Slash"],"picked":"Finisher","floor":22.0},{"not_picked":["Expertise+1","PiercingWail+1"],"picked":"Acrobatics+1","floor":24.0},{"not_picked":["Setup+1","Endless Agony"],"picked":"Deflect+1","floor":25.0},{"not_picked":["Deadly Poison+1","Masterful Stab","Deflect+1"],"picked":"Riddle With Holes+1","floor":28.0},{"not_picked":["Concentrate+1","Acrobatics+1","Expertise+1","Flechettes"],"picked":"SKIP","floor":29.0},{"not_picked":["Well Laid Plans","Expertise+1","Finisher"],"picked":"Leg Sweep+1","floor":30.0},{"not_picked":["Backflip+1","Deadly Poison+1","Underhanded Strike+1"],"picked":"Cloak And Dagger+1","floor":31.0},{"not_picked":["Glass Knife","Night Terror+1","Grand Finale"],"picked":"Die Die Die","floor":33.0},{"not_picked":["Caltrops","Poisoned Stab+1","Acrobatics+1"],"picked":"Noxious Fumes","floor":34.0},{"not_picked":["Backstab","Choke","Skewer+1"],"picked":"Cloak And Dagger+1","floor":35.0},{"not_picked":["Underhanded Strike","Quick Slash+1","Dodge and Roll+1"],"picked":"Slice+1","floor":37.0},{"not_picked":["Infinite Blades","Backflip+1","Acrobatics+1"],"picked":"Blur+1","floor":38.0},{"not_picked":["Deep Breath+1","Swift Strike","Sadistic Nature"],"picked":"Finesse+1","floor":39.0},{"not_picked":["Underhanded Strike+1","PiercingWail+1","Flechettes","Tactician+1"],"picked":"SKIP","floor":40},{"not_picked":["Flying Knee+1","Deadly Poison+1","Dagger Spray+1"],"picked":"Catalyst+1","floor":42},{"not_picked":["Underhanded Strike","Slice+1","Caltrops"],"picked":"Dagger Spray+1","floor":44},{"not_picked":["Bane+1","Prepared+1","Deadly Poison+1"],"picked":"Finisher+1","floor":46},{"not_picked":["Dodge and Roll+1","Well Laid Plans+1","Poisoned Stab"],"picked":"After Image","floor":47}],"player_experience":286111,"relics_obtained":[{"floor":6.0,"key":"Mercury Hourglass"},{"floor":8.0,"key":"Tingsha"},{"floor":9.0,"key":"Snake Skull"},{"floor":10.0,"key":"InkBottle"},{"floor":12.0,"key":"Incense Burner"},{"floor":17.0,"key":"Orichalcum"},{"floor":17.0,"key":"Toxic Egg 2"},{"floor":17.0,"key":"Du-Vu Doll"},{"floor":20.0,"key":"Red Mask"},{"floor":23.0,"key":"Matryoshka"},{"floor":25.0,"key":"Lantern"},{"floor":26.0,"key":"Question Card"},{"floor":26.0,"key":"Shovel"},{"floor":31.0,"key":"Peace Pipe"},{"floor":37.0,"key":"Mango"},{"floor":40,"key":"Lizard Tail"},{"floor":43,"key":"Bottled Flame"},{"floor":43,"key":"Smiling Mask"},{"floor":47,"key":"Pen Nib"}],"event_choices":[{"damage_healed":0.0,"max_hp_gain":0.0,"max_hp_loss":0.0,"gold_gain":175.0,"event_name":"Liars Game","player_choice":"AGREE","floor":2.0,"gold_loss":0.0,"damage_taken":0.0,"cards_obtained":["Doubt"]},{"cards_removed":["Doubt"],"damage_healed":0.0,"max_hp_gain":0.0,"max_hp_loss":0.0,"gold_gain":0.0,"event_name":"Living Wall","player_choice":"Forget","floor":3.0,"gold_loss":0.0,"damage_taken":0.0},{"damage_healed":0.0,"max_hp_gain":0.0,"max_hp_loss":0.0,"gold_gain":0.0,"event_name":"Golden Wing","player_choice":"Ignored","floor":5.0,"gold_loss":0.0,"damage_taken":0.0},{"damage_healed":0.0,"max_hp_gain":0.0,"max_hp_loss":0.0,"gold_gain":0.0,"event_name":"Masked Bandits","player_choice":"Fought Bandits","floor":20.0,"gold_loss":0.0,"damage_taken":0.0},{"damage_healed":0.0,"max_hp_gain":0.0,"max_hp_loss":0.0,"gold_gain":0.0,"event_name":"MindBloom","player_choice":"Fight","floor":37.0,"gold_loss":0.0,"damage_taken":0.0},{"damage_healed":0.0,"max_hp_gain":0.0,"max_hp_loss":0.0,"gold_gain":0.0,"event_name":"SensoryStone","player_choice":"Memory 1","floor":39.0,"gold_loss":0.0,"damage_taken":0.0},{"cards_removed":["Sucker Punch"],"damage_healed":0,"gold_gain":0,"player_choice":"Removed Attack","damage_taken":0,"max_hp_gain":0,"max_hp_loss":0,"event_name":"Falling","floor":48,"gold_loss":0}],"is_beta":false,"boss_relics":[{"not_picked":["Fusion Hammer","HoveringKite"],"picked":"Calling Bell"},{"not_picked":["Empty Cage","Snecko Eye"],"picked":"Tiny House"}],"items_purged_floors":[],"is_endless":false,"potions_floor_spawned":[10,12,13,16,21,24,29,31,37,38,40,44],"killed_by":"Time Eater","ascension_level":5}}