{"host":"amduk82rbaelv3uo","time":1612498181,"event":{"mods":["AchievementEnabler","BaseMod","BetterRewards","Colored Map","Colored Powertips","Defuse TimeMaze Blight","Highlight Path","Infinite Spire","Minty Spire (QoL Compilation)","Permanent Neow","Quick Restart","Replay The Spire","StSLib","The Cursed"],"gold_per_floor":[114,114,139,154,172,198,4,34,79,89,123,123,123,141,218,218,218,318,318,329,329,329,19,35,69,69,69,69,79,105,105,105,37,37,141,141,151,151,161,261,261,292,307,46,46,46,74,88,88,106,106,106],"floor_reached":53,"language":"ENG","playtime":3930,"items_purged":["Limit Break+1"],"score":781,"play_id":"ac6fd066-cc58-4459-b710-7943afe31c0e","local_time":"20210205040941","is_ascension_mode":true,"campfire_choices":[{"floor":17,"key":"REST"},{"floor":26,"key":"REST"},{"floor":31,"key":"DIG"},{"floor":34,"key":"DIG"},{"floor":51,"key":"DIG"}],"circlet_count":0,"master_deck":["Strike_R+1","Strike_R+1","Strike_R+1","Strike_R+1","Defend_R+1","Defend_R+1","Defend_R+1","Defend_R+1","Bash","infinitespire:OneForAll","ReplayTheSpireMod:Strike From Hell","Thunderclap","Rage","True Grit","Feel No Pain","Anger","Shrug It Off","Infernal Blade","Rampage","ReplayTheSpireMod:Splinters","Replay:Undeath\u0027s Touch","Replay:Undeath\u0027s Touch","Barricade","Metallicize","Writhe","Exhume","Defy Death","Twin Strike","Dark Embrace","Feel No Pain","Warcry+1","infinitespire:Punishment","ReplayTheSpireMod:Black Plague+1","Sentinel+1","Iron Wave+1","Cleave+1","Pot Of Greed+1","Pot Of Greed+1","Pot Of Greed+1","Pot Of Greed+1","Power Through+1","Perfected Strike+1","Wild Strike+1"],"relics":["Snecko Heart","Pen Nib","infinitespire:Lucky Rock","Shovel","Art of War","infinitespire:Lychee Nut","Replay:Rubber Ducky","Tiny Chest","Ring of Chaos","Replay:Ringing Soul","Counterbalance","Oddly Smooth Stone","HornCleat","Toxic Egg 2","Centennial Puzzle","Orichalcum","Potion Belt","Runic Cube","Another Sword","Ornamental Fan","Chameleon Ring","White Beast Statue","Mercury Hourglass","Grinning Jar","Golden Egg"],"acts_visited":["Exordium","TheCity","TheBeyond"],"potions_floor_usage":[4,6,8,8,11,25,25,25,25,35,43,48,50,52,52,52],"damage_taken":[{"damage":6,"enemies":"2 Louse","floor":1,"turns":3},{"damage":1,"enemies":"Cultist","floor":4,"turns":3},{"damage":0,"enemies":"Small Slimes","floor":5,"turns":2},{"damage":35,"enemies":"3 Sentries","floor":6,"turns":7},{"damage":9,"enemies":"Gremlin Nob","floor":8,"turns":4},{"damage":6,"enemies":"Blue Slaver","floor":10,"turns":3},{"damage":11,"enemies":"Lagavulin","floor":11,"turns":6},{"damage":9,"enemies":"Looter","floor":14,"turns":3},{"damage":25,"enemies":"The Guardian","floor":18,"turns":10},{"damage":2,"enemies":"Chosen","floor":20,"turns":4},{"damage":2,"enemies":"Spheric Guardian","floor":24,"turns":4},{"damage":68,"enemies":"Gremlin Leader","floor":25,"turns":8},{"damage":2,"enemies":"Snecko","floor":29,"turns":5},{"damage":16,"enemies":"Book of Stabbing","floor":30,"turns":5},{"damage":66,"enemies":"Automaton","floor":35,"turns":18},{"damage":10,"enemies":"Orb Walker","floor":37,"turns":3},{"damage":15,"enemies":"3 Darklings","floor":39,"turns":5},{"damage":21,"enemies":"Nemesis","floor":42,"turns":7},{"damage":0,"enemies":"Sphere and 2 Shapes","floor":43,"turns":4},{"damage":9,"enemies":"Reptomancer","floor":47,"turns":4},{"damage":22,"enemies":"Transient","floor":48,"turns":5},{"damage":2,"enemies":"4 Shapes","floor":50,"turns":3},{"damage":0,"enemies":"Replay:Hell Engine","floor":52,"turns":7}],"seed_played":"3833186842589920077","potions_obtained":[{"floor":1,"key":"ColorlessPotion"},{"floor":5,"key":"SteroidPotion"},{"floor":8,"key":"Venom Potion"},{"floor":18,"key":"Explosive Potion"},{"floor":24,"key":"EntropicBrew"},{"floor":30,"key":"Ancient Potion"},{"floor":37,"key":"SmokeBomb"},{"floor":42,"key":"Block Potion"},{"floor":47,"key":"Dexterity Potion"},{"floor":48,"key":"SkillPotion"},{"floor":49,"key":"Fire Potion"},{"floor":49,"key":"Dexterity Potion"},{"floor":50,"key":"Explosive Potion"}],"is_trial":false,"path_per_floor":["M","?","T","M","M","E","$","E","T","M","E","PTL","PTL","M","?","T","R","B",null,"M","?","?","$","M","E","R","T","T","M","E","R","?","$","R","B",null,"M","AVR","M","?","T","E","M","$","T","?","E","M","R","M","R","B",null],"character_chosen":"IRONCLAD","items_purchased":["True Grit","Feel No Pain","BloodPotion","ColorlessPotion","Counterbalance","Feel No Pain","White Beast Statue"],"campfire_rested":2,"item_purchase_floors":[7,7,7,7,23,33,44],"current_hp_per_floor":[74,67,67,66,66,31,31,38,38,32,21,21,21,17,17,17,35,16,60,58,61,61,61,64,17,37,37,37,44,37,37,37,40,40,26,81,76,79,73,73,73,61,70,70,70,96,90,77,77,83,83,89],"gold":106,"neow_bonus":"BOSS_RELIC","is_daily":false,"chose_seed":false,"campfire_upgraded":0,"win_rate":0.0,"timestamp":1612498181,"path_taken":["M","?","?","M","M","E","$","E","T","M","E","PTL","PTL","M","?","?","R","BOSS","M","?","?","?","M","E","R","?","T","?","E","R","?","$","R","BOSS","M","AVR","M","?","?","E","M","$","T","?","E","?","R","M","R","BOSS"],"items_purchased_type":["Card","Card","Potion","Potion","Relic","Card","Relic"],"build_version":"2020-12-22","purchased_purges":1,"victory":true,"max_hp_per_floor":[80,80,80,80,80,80,80,80,80,80,60,60,60,60,60,60,60,60,60,60,63,63,63,66,69,69,69,69,72,75,75,75,78,78,81,81,84,87,90,90,90,93,96,96,96,96,99,102,102,105,105,105],"card_choices":[{"not_picked":["Clothesline","Battle Trance"],"picked":"infinitespire:OneForAll","floor":1},{"not_picked":["Clash","Warcry"],"picked":"ReplayTheSpireMod:Strike From Hell","floor":4},{"not_picked":["Hemogenesis","Warcry"],"picked":"Thunderclap","floor":5},{"not_picked":["Demon Form","Havoc"],"picked":"Rage","floor":6},{"not_picked":["Disarm","Pommel Strike"],"picked":"Anger","floor":8},{"not_picked":["Dropkick","True Grit"],"picked":"Shrug It Off","floor":10},{"not_picked":["Intimidate","Fire Breathing"],"picked":"Infernal Blade","floor":11},{"not_picked":["Clothesline","Body Slam"],"picked":"Rampage","floor":14},{"not_picked":["Wild Strike","Reaper"],"picked":"Replay:Undeath\u0027s Touch","floor":15},{"not_picked":["Twin Strike","Seeing Red"],"picked":"Replay:Undeath\u0027s Touch","floor":15},{"not_picked":["Demon Form","Limit Break"],"picked":"Barricade","floor":18},{"not_picked":["Pommel Strike","Warcry+1"],"picked":"Metallicize","floor":20},{"not_picked":["Power Through","Cleave"],"picked":"Exhume","floor":24},{"not_picked":["ReplayTheSpireMod:Corrosion Curse","infinitespire:OneForAll"],"picked":"Defy Death","floor":25},{"not_picked":["Searing Blow+1","Wild Strike"],"picked":"Twin Strike","floor":29},{"not_picked":["infinitespire:OneForAll+1","Second Wind+1"],"picked":"Dark Embrace","floor":30},{"not_picked":["Immolate","Feed"],"picked":"Limit Break+1","floor":35},{"not_picked":["Perfected Strike","Fire Breathing+1"],"picked":"Warcry+1","floor":37},{"not_picked":["Rupture+1","Clothesline"],"picked":"Sentinel+1","floor":39},{"not_picked":["ReplayReversal+1","Clothesline+1"],"picked":"Iron Wave+1","floor":42},{"not_picked":["True Grit+1","ReplayReversal+1"],"picked":"Cleave+1","floor":43},{"not_picked":["Clash+1","Clothesline"],"picked":"Power Through+1","floor":47},{"not_picked":["Headbutt","Dark Embrace"],"picked":"Perfected Strike+1","floor":48},{"not_picked":["Second Wind+1","Havoc+1"],"picked":"Wild Strike+1","floor":50}],"player_experience":284940,"relics_obtained":[{"floor":3,"key":"Pen Nib"},{"floor":6,"key":"infinitespire:Lucky Rock"},{"floor":8,"key":"Shovel"},{"floor":9,"key":"Art of War"},{"floor":11,"key":"infinitespire:Lychee Nut"},{"floor":15,"key":"Replay:Rubber Ducky"},{"floor":16,"key":"Tiny Chest"},{"floor":25,"key":"Oddly Smooth Stone"},{"floor":27,"key":"HornCleat"},{"floor":28,"key":"Toxic Egg 2"},{"floor":30,"key":"Centennial Puzzle"},{"floor":31,"key":"Orichalcum"},{"floor":34,"key":"Potion Belt"},{"floor":41,"key":"Ornamental Fan"},{"floor":42,"key":"Chameleon Ring"},{"floor":45,"key":"Mercury Hourglass"},{"floor":47,"key":"Grinning Jar"},{"floor":51,"key":"Golden Egg"}],"event_choices":[{"cards_removed":["Strike_R"],"damage_healed":0,"gold_gain":0,"player_choice":"Card Removal","damage_taken":7,"max_hp_gain":0,"max_hp_loss":0,"event_name":"Golden Wing","floor":2,"gold_loss":0},{"damage_healed":0,"gold_gain":0,"player_choice":"Opened","damage_taken":0,"relics_obtained":["Replay:Ringing Soul"],"max_hp_gain":0,"max_hp_loss":0,"event_name":"The Mausoleum","floor":21,"gold_loss":0,"cards_obtained":["Writhe"]},{"damage_healed":0,"gold_gain":0,"player_choice":"Ignored","damage_taken":0,"max_hp_gain":0,"max_hp_loss":0,"event_name":"Ghosts","floor":22,"gold_loss":0},{"damage_healed":0,"gold_gain":0,"player_choice":"Simplicity","damage_taken":0,"max_hp_gain":0,"max_hp_loss":0,"event_name":"Back to Basics","floor":32,"gold_loss":0,"cards_upgraded":["Strike_R","Strike_R","Strike_R","Strike_R","Defend_R","Defend_R","Defend_R","Defend_R"]},{"damage_healed":0,"gold_gain":100,"player_choice":"Pray","damage_taken":0,"max_hp_gain":0,"max_hp_loss":0,"event_name":"Golden Shrine","floor":40,"gold_loss":0},{"damage_healed":26,"gold_gain":0,"player_choice":"Full Heal","damage_taken":0,"max_hp_gain":0,"max_hp_loss":0,"event_name":"Wheel of Change","floor":46,"gold_loss":0}],"is_beta":false,"boss_relics":[{"not_picked":["Mark of Pain","Busted Crown"],"picked":"Ring of Chaos"},{"not_picked":["Abe\u0027s Treasure","Ooze Armor","Honey Jar"]}],"items_purged_floors":[38],"is_endless":false,"potions_floor_spawned":[1,5,8,18,24,30,37,42,47,48,50],"ascension_level":2}}