{"host":"dggqshehf2ar9kzd","time":1612496116,"event":{"mods":["BaseMod","Highlight Path","Minty Spire (QoL Compilation)"],"gold_per_floor":[129,162,207,243,4,106,106,193,193,274,358,403,493,568,568,865,1015,1072,1108,1150,731,764,845,845,944,944,1034,1334,1409,1409,1511,1511,1817,1817,1865,1147,1204,1240,1285,1384,1483,1573,1573,1651,9,102,177,237,237,237],"floor_reached":51,"language":"ENG","playtime":3462,"items_purged":["Whirlwind","A Thousand Cuts","Envenom","Night Terror+1"],"score":1741,"play_id":"beb9dbdf-bc32-41a2-a339-a77af966c66d","local_time":"20210204223516","daily_mods":["Draft","Diverse","Colorless Cards","Flight","DeadlyEvents","Elite Swarm","Midas"],"is_ascension_mode":true,"campfire_choices":[{"floor":7,"key":"REST"},{"floor":15,"key":"REST"},{"floor":24,"key":"REST"},{"floor":30,"key":"REST"},{"floor":32,"key":"REST"},{"floor":49,"key":"REST"}],"circlet_count":0,"master_deck":["FollowUp","Impatience","Flex","FlurryOfBlows","Dropkick+1","Clash+1","JustLucky","Stack","FlurryOfBlows","Aggregate","CutThroughFate","Beam Cell","CrushJoints+1","Halt+1","Consecrate","Expertise","FlurryOfBlows","Violence+1","Judgement+1","Venomology+1","Headbutt","Juggernaut","Exhume+1","Flex+1","Nirvana","Mind Blast+1","Violence+1","Trip+1","Nirvana","Thunderclap","Berserk","Creative AI","Thinking Ahead+1","Deflect+1","Redo+1","Malaise+1","Electrodynamics","Halt+1"],"relics":["Unceasing Top","Toxic Egg 2","Mango","Bottled Flame","Blue Candle","Thread and Needle","Meat on the Bone","Tiny House","Kunai","DataDisk","Shuriken","Art of War","Ginger","Bottled Lightning","MealTicket","Pantograph","Busted Crown","Frozen Eye","Gambling Chip","PreservedInsect","Matryoshka","Pear","The Courier","Akabeko","Darkstone Periapt","Whetstone","Molten Egg 2","Anchor","Ornamental Fan","War Paint","Medical Kit","Strawberry","Mummified Hand","Symbiotic Virus","Lizard Tail","Mercury Hourglass","Shovel"],"acts_visited":["Exordium","TheCity","TheBeyond"],"potions_floor_usage":[13,16,16,16,16,16,18,18,20,22,27,31,33,38,42,46,46],"damage_taken":[{"damage":0,"enemies":"2 Louse","floor":1,"turns":1},{"damage":0,"enemies":"Jaw Worm","floor":2,"turns":1},{"damage":0,"enemies":"Cultist","floor":3,"turns":2},{"damage":6,"enemies":"Red Slaver","floor":4,"turns":2},{"damage":0,"enemies":"Lagavulin","floor":6,"turns":2},{"damage":8,"enemies":"3 Sentries","floor":8,"turns":3},{"damage":0,"enemies":"Lagavulin","floor":10,"turns":3},{"damage":0,"enemies":"3 Sentries","floor":11,"turns":2},{"damage":0,"enemies":"Lots of Slimes","floor":12,"turns":1},{"damage":0,"enemies":"Gremlin Nob","floor":13,"turns":2},{"damage":34,"enemies":"The Guardian","floor":16,"turns":4},{"damage":2,"enemies":"3 Byrds","floor":18,"turns":2},{"damage":8,"enemies":"Shell Parasite","floor":19,"turns":2},{"damage":24,"enemies":"Sentry and Sphere","floor":20,"turns":4},{"damage":8,"enemies":"3 Cultists","floor":22,"turns":3},{"damage":11,"enemies":"Slavers","floor":23,"turns":2},{"damage":0,"enemies":"Gremlin Leader","floor":25,"turns":3},{"damage":1,"enemies":"Book of Stabbing","floor":27,"turns":2},{"damage":10,"enemies":"Colosseum Slavers","floor":28,"turns":3},{"damage":0,"enemies":"Colosseum Nobs","floor":28,"turns":2},{"damage":0,"enemies":"Slavers","floor":29,"turns":1},{"damage":16,"enemies":"Book of Stabbing","floor":31,"turns":2},{"damage":0,"enemies":"Collector","floor":33,"turns":1},{"damage":10,"enemies":"3 Shapes","floor":35,"turns":1},{"damage":0,"enemies":"Orb Walker","floor":37,"turns":1},{"damage":23,"enemies":"Writhing Mass","floor":38,"turns":3},{"damage":8,"enemies":"4 Shapes","floor":39,"turns":1},{"damage":0,"enemies":"Giant Head","floor":40,"turns":2},{"damage":0,"enemies":"Reptomancer","floor":41,"turns":1},{"damage":14,"enemies":"Nemesis","floor":42,"turns":3},{"damage":0,"enemies":"Reptomancer","floor":44,"turns":1},{"damage":0,"enemies":"Nemesis","floor":46,"turns":2},{"damage":0,"enemies":"Reptomancer","floor":47,"turns":1},{"damage":0,"enemies":"Spire Growth","floor":48,"turns":1},{"damage":3,"enemies":"Time Eater","floor":50,"turns":6}],"seed_played":"-3017803559395061204","potions_obtained":[{"floor":2,"key":"Ancient Potion"},{"floor":10,"key":"GamblersBrew"},{"floor":11,"key":"SteroidPotion"},{"floor":12,"key":"Strength Potion"},{"floor":17,"key":"FearPotion"},{"floor":18,"key":"Energy Potion"},{"floor":27,"key":"Dexterity Potion"},{"floor":38,"key":"PotionOfCapacity"}],"is_trial":true,"path_per_floor":["M","M","M","M","$","E","R","E","T","E","E","M","E","?","R","B",null,"M","M","M","$","M","E","R","E","T","E","?","E","R","E","R","B",null,"M","$","M","M","M","E","E","E","T","E","$","E","E","M","R","B",null],"character_chosen":"DEFECT","items_purchased":["Violence","Violence+1","Trip+1","Nirvana","Frozen Eye","Gambling Chip","PreservedInsect","Molten Egg 2","Anchor","Ornamental Fan","War Paint","Medical Kit","Strawberry","Mummified Hand","Symbiotic Virus","Lizard Tail"],"campfire_rested":6,"item_purchase_floors":[5,21,21,21,36,36,36,45,45,45,45,45,45,45,45,45],"current_hp_per_floor":[75,75,75,69,69,69,75,81,81,81,81,81,81,70,89,55,94,92,84,65,65,57,58,86,86,86,85,75,75,94,78,94,94,94,84,94,94,71,63,63,73,59,59,59,81,81,81,81,111,108],"gold":237,"neow_bonus":"","is_daily":false,"chose_seed":false,"campfire_upgraded":0,"win_rate":0.0,"timestamp":1612496116,"path_taken":["M","M","M","M","$","E","R","E","T","E","E","M","E","?","R","BOSS","M","M","M","$","M","E","R","E","T","E","?","E","R","E","R","BOSS","M","$","M","M","M","E","E","E","T","E","$","E","E","M","R","BOSS"],"items_purchased_type":["Card","Card","Card","Card","Relic","Relic","Relic","Relic","Relic","Relic","Relic","Relic","Relic","Relic","Relic","Relic"],"build_version":"2020-12-22","purchased_purges":4,"victory":true,"max_hp_per_floor":[75,75,75,75,75,75,75,89,89,89,89,89,89,89,89,89,94,94,94,94,94,94,94,94,94,94,94,94,94,94,94,94,94,94,94,94,94,94,94,94,104,104,104,104,111,111,111,111,111,111],"card_choices":[{"not_picked":["Searing Blow","Ball Lightning"],"picked":"FollowUp","floor":0},{"not_picked":["Protect","Outmaneuver"],"picked":"Impatience","floor":0},{"not_picked":["EmptyBody","Leap"],"picked":"Flex","floor":0},{"not_picked":["Rebound","Perseverance"],"picked":"FlurryOfBlows","floor":0},{"not_picked":["Endless Agony","Streamline"],"picked":"Dropkick","floor":0},{"not_picked":["CrushJoints","Flying Knee"],"picked":"Clash","floor":0},{"not_picked":["Armaments","Clothesline"],"picked":"JustLucky","floor":0},{"not_picked":["Inflame","Turbo"],"picked":"Stack","floor":0},{"not_picked":["Flechettes","Iron Wave"],"picked":"FlurryOfBlows","floor":0},{"not_picked":["Leg Sweep","Heatsinks"],"picked":"Aggregate","floor":0},{"not_picked":["Twin Strike","Dark Shackles"],"picked":"CutThroughFate","floor":0},{"not_picked":["Consume","Twin Strike"],"picked":"Beam Cell","floor":0},{"not_picked":["Acrobatics","SashWhip"],"picked":"CrushJoints","floor":0},{"not_picked":["Perfected Strike","PiercingWail"],"picked":"Halt","floor":0},{"not_picked":["Undo","Crescendo"],"picked":"Whirlwind","floor":0},{"not_picked":["JustLucky","Power Through"],"picked":"Consecrate","floor":1},{"not_picked":["Heatsinks","Backflip"],"picked":"Expertise","floor":2},{"not_picked":["Blood for Blood","CrushJoints","Feel No Pain"],"picked":"SKIP","floor":3},{"not_picked":["Skim","Crescendo"],"picked":"FlurryOfBlows","floor":4},{"not_picked":["Die Die Die","Ragnarok"],"picked":"Night Terror+1","floor":6},{"not_picked":["Vault+1","Grand Finale"],"picked":"Judgement+1","floor":8},{"not_picked":["Corpse Explosion+1","ConjureBlade+1"],"picked":"A Thousand Cuts","floor":10},{"not_picked":["SpiritShield+1","Barricade"],"picked":"Venomology+1","floor":11},{"not_picked":["Sweeping Beam","Protect+1"],"picked":"Headbutt","floor":12},{"not_picked":["Core Surge","Glass Knife"],"picked":"Juggernaut","floor":13},{"not_picked":["Reaper","Vault+1"],"picked":"Exhume+1","floor":16},{"not_picked":["Deadly Poison+1","BootSequence+1"],"picked":"Flex+1","floor":17},{"not_picked":["Sunder","Crescendo+1"],"picked":"Nirvana","floor":18},{"not_picked":["Sucker Punch+1","Twin Strike"],"picked":"Mind Blast+1","floor":19},{"not_picked":["HandOfGreed","Turbo+1","Auto Shields+1"],"picked":"SKIP","floor":20},{"not_picked":["Predator","Capacitor"],"picked":"Thunderclap","floor":22},{"not_picked":["Chrysalis+1","Biased Cognition"],"picked":"Berserk","floor":23},{"not_picked":["LessonLearned","Limit Break+1","Fiend Fire"],"picked":"SKIP","floor":25},{"not_picked":["DeusExMachina+1","Judgement+1","Wraith Form v2"],"picked":"SKIP","floor":27},{"not_picked":["Corruption","Metamorphosis+1"],"picked":"Creative AI","floor":29},{"not_picked":["Grand Finale","Brutality"],"picked":"Envenom","floor":31},{"not_picked":["DevaForm","Glass Knife"],"picked":"Thinking Ahead+1","floor":33},{"not_picked":[],"picked":"Deflect+1","floor":35},{"not_picked":["Dagger Spray+1"],"picked":"SKIP","floor":37},{"not_picked":[],"picked":"Redo+1","floor":38},{"not_picked":["Twin Strike"],"picked":"SKIP","floor":39},{"not_picked":[],"picked":"Malaise+1","floor":40},{"not_picked":[],"picked":"Electrodynamics","floor":41},{"not_picked":["Glass Knife"],"picked":"SKIP","floor":42},{"not_picked":["Doppelganger+1"],"picked":"SKIP","floor":44},{"not_picked":["Alpha+1"],"picked":"SKIP","floor":46},{"not_picked":["Biased Cognition"],"picked":"SKIP","floor":47},{"not_picked":[],"picked":"Halt+1","floor":48}],"player_experience":338408,"relics_obtained":[{"floor":6,"key":"Toxic Egg 2"},{"floor":8,"key":"Mango"},{"floor":9,"key":"Bottled Flame"},{"floor":10,"key":"Blue Candle"},{"floor":11,"key":"Thread and Needle"},{"floor":13,"key":"Meat on the Bone"},{"floor":23,"key":"Kunai"},{"floor":25,"key":"DataDisk"},{"floor":26,"key":"Shuriken"},{"floor":27,"key":"Art of War"},{"floor":28,"key":"Ginger"},{"floor":28,"key":"Bottled Lightning"},{"floor":29,"key":"MealTicket"},{"floor":31,"key":"Pantograph"},{"floor":40,"key":"Matryoshka"},{"floor":41,"key":"Pear"},{"floor":42,"key":"The Courier"},{"floor":43,"key":"Akabeko"},{"floor":43,"key":"Darkstone Periapt"},{"floor":44,"key":"Whetstone"},{"floor":46,"key":"Mercury Hourglass"},{"floor":47,"key":"Shovel"}],"event_choices":[{"damage_healed":0,"gold_gain":75,"player_choice":"Gather Gold","damage_taken":11,"max_hp_gain":0,"max_hp_loss":0,"event_name":"World of Goop","floor":14,"gold_loss":0},{"damage_healed":0,"gold_gain":0,"player_choice":"Fight","damage_taken":0,"max_hp_gain":0,"max_hp_loss":0,"event_name":"Colosseum","floor":28,"gold_loss":0},{"damage_healed":0,"gold_gain":0,"player_choice":"Fought Nobs","damage_taken":0,"max_hp_gain":0,"max_hp_loss":0,"event_name":"Colosseum","floor":28,"gold_loss":0}],"is_beta":false,"boss_relics":[{"not_picked":["Sozu","Philosopher\u0027s Stone"],"picked":"Tiny House"},{"not_picked":["Velvet Choker","Empty Cage"],"picked":"Busted Crown"}],"items_purged_floors":[5,21,36,45],"is_endless":false,"potions_floor_spawned":[2,10,11,12,18,25,27,28,31,33,38,41,42,47,48],"ascension_level":4}}