{"host":"i2ntsfwoh5q5m216","time":1612496416,"event":{"mods":["BaseMod","Colored Map","Downfall","Minty Spire (QoL Compilation)","StSLib"],"gold_per_floor":[99,99,99,161,181,212,212,231,231,231,231,264,284,302,314,419,419,419,439,453,468,150,150,150,150,170,132,132,132,152,168,183,285,285,285,297,309,321,321,321,321],"floor_reached":39,"language":"ENG","playtime":2297,"items_purged":[],"score":445,"play_id":"076cc20d-8465-4811-9004-38eebbc4b58d","local_time":"20210204214016","is_ascension_mode":false,"campfire_choices":[{"data":"champ:Taunt","floor":1,"key":"SMITH"},{"data":"champ:ShieldWall","floor":9,"key":"SMITH"},{"data":"champ:ShieldWall","floor":11,"key":"SMITH"},{"data":"champ:GladiatorForm","floor":18,"key":"SMITH"},{"data":"champ:StanceDance","floor":23,"key":"SMITH"},{"floor":29,"key":"REST"},{"data":"champ:HoldFirm","floor":35,"key":"SMITH"}],"circlet_count":0,"master_deck":["champ:Strike","champ:Defend","champ:Defend","champ:Defend","champ:Defend","champ:Execute","champ:Taunt+1","champ:StanceDance+1","champ:FlashCut","champ:FlashCut","champ:Circumvent","champ:ShieldWall+1","champ:ShieldWall+1","champ:IronFortress","champ:FocusedDefense","champ:Circumvent","champ:SkillfulDodge","champ:GladiatorForm+1","champ:Encircle+1","champ:FalseCounter+1","champ:Shatter+1","champ:DefensiveShout","champ:BerserkersShout","champ:Backstep","expansioncontent:YouAreMine","champ:SteelEdge+1","champ:FlashCut+1","champ:BringItOn","champ:HoldFirm+1","champ:AdrenalArmor","champ:FocusedBerserking","champ:EnGarde","champ:VampiricStrike","champ:StanceDance","champ:ArenaPreparation+1"],"relics":["champ:ChampionCrown","downfall:HeartsMalice","Ice Cream","Lizard Tail","Incense Burner","Peace Pipe","Matryoshka","Astrolabe","champ:DefensiveTrainingManual","Darkstone Periapt","Nilry\u0027s Codex","SacredBark"],"acts_visited":["Exordium","TheCity","TheBeyond"],"potions_floor_usage":[8,15,19,20,22,36,39],"damage_taken":[{"damage":0,"enemies":"Jaw Worm","floor":2,"turns":1},{"damage":0,"enemies":"2 Louse","floor":3,"turns":1},{"damage":0,"enemies":"3 Sentries","floor":4,"turns":1},{"damage":11,"enemies":"Cultist","floor":5,"turns":3},{"damage":1,"enemies":"Lagavulin","floor":6,"turns":6},{"damage":0,"enemies":"Large Slime","floor":8,"turns":5},{"damage":0,"enemies":"3 Sentries","floor":12,"turns":6},{"damage":1,"enemies":"2 Fungi Beasts","floor":13,"turns":3},{"damage":5,"enemies":"3 Louse","floor":14,"turns":4},{"damage":3,"enemies":"2 Fungi Beasts","floor":15,"turns":4},{"damage":71,"enemies":"DF_ARCHETYPE_STREAMLINE","floor":16,"turns":11},{"damage":1,"enemies":"Shell Parasite","floor":19,"turns":4},{"damage":0,"enemies":"Snecko","floor":20,"turns":5},{"damage":56,"enemies":"Centurion and Healer","floor":21,"turns":12},{"damage":0,"enemies":"downfall:FleeingMerchant","floor":22,"turns":4},{"damage":15,"enemies":"Sentry and Sphere","floor":26,"turns":4},{"damage":25,"enemies":"downfall:FleeingMerchant","floor":27,"turns":4},{"damage":21,"enemies":"Chosen and Byrds","floor":30,"turns":7},{"damage":15,"enemies":"Snake Plant","floor":31,"turns":3},{"damage":15,"enemies":"3 Cultists","floor":32,"turns":6},{"damage":70,"enemies":"WA_ARCHETYPE_CALM","floor":33,"turns":10},{"damage":37,"enemies":"3 Shapes","floor":36,"turns":7},{"damage":59,"enemies":"3 Darklings","floor":37,"turns":7},{"damage":32,"enemies":"Sphere and 2 Shapes","floor":38,"turns":5},{"damage":24,"enemies":"Writhing Mass","floor":39,"turns":8}],"seed_played":"1994084180300403279","potions_obtained":[{"floor":4,"key":"Slimebound:ThreeZeroPotion"},{"floor":6,"key":"DuplicationPotion"},{"floor":8,"key":"Weak Potion"},{"floor":14,"key":"SpeedPotion"},{"floor":16,"key":"SteroidPotion"},{"floor":19,"key":"sneckomod:MuddlingPotion"},{"floor":21,"key":"SkillPotion"},{"floor":26,"key":"Swift Potion"},{"floor":30,"key":"champ:UltimateStancePotion"},{"floor":36,"key":"CultistPotion"},{"floor":38,"key":"champ:OpenerPotion"}],"is_trial":false,"path_per_floor":["R","M","M","?","M","E","T","M","R","T","R","E","M","M","M","B",null,"R","M","M","M","$","R","T","?","M","$","?","R","M","M","M","B",null,"R","M","M","M","M"],"character_chosen":"THE_CHAMP","items_purchased":["expansioncontent:YouAreMine","champ:SteelEdge","champ:FlashCut","champ:AdrenalArmor"],"campfire_rested":1,"item_purchase_floors":[22,22,22,27],"current_hp_per_floor":[90,90,90,90,89,88,88,88,88,88,88,88,87,82,79,43,90,90,89,89,58,58,58,58,50,40,30,14,41,40,25,25,55,90,90,88,49,22,0,0,0],"gold":321,"neow_bonus":"THREE_ENEMY_KILL","is_daily":false,"chose_seed":false,"campfire_upgraded":6,"win_rate":0.0,"timestamp":1612496416,"path_taken":["R","M","M","?","M","E","T","M","R","?","R","E","M","M","M","BOSS","R","M","M","M","$","R","T","?","M","?","?","R","M","M","M","BOSS","R","M","M","M","M"],"items_purchased_type":["Card","Card","Card","Card"],"build_version":"2020-12-22","purchased_purges":0,"victory":false,"max_hp_per_floor":[90,90,90,90,90,90,90,90,90,90,90,90,90,90,90,90,90,90,90,90,90,90,90,90,90,90,90,90,90,90,90,90,90,90,90,90,90,90,90,90,90],"card_choices":[{"not_picked":["champ:CrownThrow","champ:Lariat"],"picked":"champ:StanceDance","floor":2},{"not_picked":["champ:BringItOn","champ:FanOfKnives"],"picked":"champ:FlashCut","floor":3},{"not_picked":["champ:AdrenalArmor","champ:CrookedStrike"],"picked":"champ:FlashCut","floor":4},{"not_picked":["champ:DeathBlow","champ:SetATrap"],"picked":"champ:Circumvent","floor":5},{"not_picked":["champ:HeartStrike","champ:EnGarde"],"picked":"champ:ShieldWall","floor":6},{"not_picked":["champ:Circumvent","champ:BringItOn"],"picked":"champ:ShieldWall","floor":8},{"not_picked":["champ:Circumvent","champ:RapidStrikes"],"picked":"champ:IronFortress","floor":12},{"not_picked":["champ:UltimateStance","champ:Circumvent"],"picked":"champ:FocusedDefense","floor":13},{"not_picked":["champ:CrookedStrike","champ:Lariat"],"picked":"champ:Circumvent","floor":14},{"not_picked":["champ:RisingSlash","champ:Lariat"],"picked":"champ:SkillfulDodge","floor":15},{"not_picked":["champ:HeavySlash","champ:TripleStrike"],"picked":"champ:GladiatorForm","floor":16},{"not_picked":["champ:RecklessLeap+1","champ:HeartStrike"],"picked":"champ:DefensiveShout","floor":19},{"not_picked":["champ:Shatter","champ:AdrenalArmor","champ:Haymaker"],"picked":"SKIP","floor":20},{"not_picked":["champ:BladeFlurry","champ:FocusedBerserking"],"picked":"champ:BerserkersShout","floor":21},{"not_picked":["champ:CrownThrow","champ:Haymaker"],"picked":"champ:Backstep","floor":22},{"not_picked":["champ:Endure","champ:Circumvent+1"],"picked":"champ:BringItOn","floor":26},{"not_picked":["champ:Circumvent+1","champ:HeartStrike"],"picked":"champ:HoldFirm","floor":27},{"not_picked":["champ:PreciseThrust+1","champ:Backstep"],"picked":"champ:FocusedBerserking","floor":30},{"not_picked":["champ:BladeFlurry+1","champ:BerserkersShout"],"picked":"champ:EnGarde","floor":31},{"not_picked":["champ:Circumvent","champ:Encircle","champ:Haymaker"],"picked":"SKIP","floor":32},{"not_picked":["champ:Improvising","champ:DancingMaster"],"picked":"champ:VampiricStrike","floor":33},{"not_picked":["champ:CrownThrow","champ:DefensiveShout"],"picked":"champ:StanceDance","floor":36},{"not_picked":["champ:BringItOn+1","champ:SkillfulDodge"],"picked":"champ:ArenaPreparation+1","floor":37},{"not_picked":["champ:GutPunch","champ:RisingSlash","champ:DeathBlow"],"picked":"SKIP","floor":38}],"player_experience":11707,"relics_obtained":[{"floor":4,"key":"Ice Cream"},{"floor":6,"key":"Lizard Tail"},{"floor":7,"key":"Incense Burner"},{"floor":10,"key":"Peace Pipe"},{"floor":12,"key":"Matryoshka"},{"floor":24,"key":"champ:DefensiveTrainingManual"},{"floor":24,"key":"Darkstone Periapt"},{"floor":28,"key":"Nilry\u0027s Codex"}],"event_choices":[],"is_beta":false,"boss_relics":[{"not_picked":["Runic Dome","Fusion Hammer"],"picked":"Astrolabe"},{"not_picked":["Philosopher\u0027s Stone","Empty Cage"],"picked":"SacredBark"}],"items_purged_floors":[],"is_endless":false,"potions_floor_spawned":[4,6,8,14,16,19,21,26,30,31,36,37,38],"killed_by":"Writhing Mass","ascension_level":0}}