{"host":"TheHustler","time":1612533884,"event":{"mods":["BaseMod","Block Reminder","Colored Map","Colored Powertips","Minty Spire (QoL Compilation)","Quick Restart","StSLib","SuperFastMode","Unceasing Turn Reminder"],"gold_per_floor":[109,120,32,32,32,32,9,36,36,36,36,36],"floor_reached":11,"language":"ENG","playtime":168,"items_purged":[],"score":69,"play_id":"abe851a0-3864-432a-bfcd-6813da58cf92","local_time":"20210205150444","is_ascension_mode":false,"campfire_choices":[{"data":"Blind","floor":6,"key":"SMITH"}],"circlet_count":0,"master_deck":["Strike_G","Strike_G","Strike_G","Strike_G","Strike_G","Defend_G","Defend_G","Defend_G","Defend_G","Survivor","Neutralize","Bane","Deflect","Heel Hook","Blind+1","Sucker Punch","Quick Slash"],"relics":["Ring of the Snake","Letter Opener","Ancient Tea Set","Bottled Flame","Golden Idol"],"acts_visited":["Exordium"],"potions_floor_usage":[],"damage_taken":[{"damage":0,"enemies":"2 Louse","floor":1,"turns":3},{"damage":0,"enemies":"Cultist","floor":2,"turns":3},{"damage":30,"enemies":"Gremlin Nob","floor":8,"turns":5},{"damage":25,"enemies":"3 Sentries","floor":11,"turns":9}],"seed_played":"-7265342058244346611","potions_obtained":[{"floor":2,"key":"Weak Potion"}],"is_trial":false,"path_per_floor":["M","M","$","?","$","R","$","E","T","?","E"],"character_chosen":"THE_SILENT","items_purchased":["Blind","Sucker Punch"],"campfire_rested":0,"item_purchase_floors":[3,7],"current_hp_per_floor":[70,70,70,70,70,70,70,40,40,23,0,0],"gold":36,"neow_bonus":"TRANSFORM_CARD","is_daily":false,"chose_seed":false,"campfire_upgraded":1,"win_rate":0.0,"timestamp":1612533884,"path_taken":["M","M","$","?","?","R","$","E","T","?","E"],"items_purchased_type":["Card","Card"],"build_version":"2020-12-18","purchased_purges":0,"victory":false,"max_hp_per_floor":[70,70,70,70,70,70,70,70,70,70,70,70],"card_choices":[{"not_picked":["Dodge and Roll","Dash"],"picked":"Deflect","floor":1},{"not_picked":["Dagger Throw","Dodge and Roll"],"picked":"Heel Hook","floor":2},{"not_picked":["Leg Sweep","Prepared"],"picked":"Quick Slash","floor":8}],"player_experience":664322,"relics_obtained":[{"floor":8,"key":"Ancient Tea Set"},{"floor":9,"key":"Bottled Flame"}],"event_choices":[{"damage_healed":0,"gold_gain":0,"player_choice":"Gave Potion","damage_taken":0,"relics_obtained":["Letter Opener"],"max_hp_gain":0,"max_hp_loss":0,"event_name":"WeMeetAgain","floor":4,"gold_loss":0},{"damage_healed":0,"gold_gain":0,"player_choice":"Take Damage","damage_taken":17,"relics_obtained":["Golden Idol"],"max_hp_gain":0,"max_hp_loss":0,"event_name":"Golden Idol","floor":10,"gold_loss":0}],"is_beta":true,"boss_relics":[],"items_purged_floors":[],"is_endless":false,"potions_floor_spawned":[2],"killed_by":"3 Sentries","ascension_level":0}}