{"host":"126yiuos2nq86se7","time":1612494539,"event":{"mods":["AchievementEnabler","Act Like it!","BaseMod","Colored Map","Colored Powertips","Friendly Minions","Highlight Path","Hubris","Minty Spire (QoL Compilation)","Reimu??????","StSLib","SuperFastMode","The Animator"],"gold_per_floor":[109,109,128,52,71,71,96,114,114,124,144,144,161,179,179,282,282,298,223,198,216,216,216],"floor_reached":22,"language":"ENG","playtime":842,"items_purged":[],"score":254,"play_id":"23fa4e8d-3b5d-44b6-be7f-f9029bc7e07b","local_time":"20210205140859","is_ascension_mode":true,"campfire_choices":[{"data":"Venomology","floor":6,"key":"SMITH"},{"floor":15,"key":"REST"}],"circlet_count":0,"master_deck":["Strike_G","Strike_G","Defend_G","Defend_G","Defend_G","Defend_G","Defend_G","Survivor","Neutralize","Venomology+1","Bane","Deadly Poison","Deadly Poison","Calculated Gamble","Burst","Adrenaline"],"relics":["Ring of the Snake","Pen Nib","Prayer Wheel","Busted Crown"],"acts_visited":["Exordium","TheCity"],"potions_floor_usage":[7,7,10,11,13,14,14,16,16,16,16,16,16,16,21,22],"damage_taken":[{"damage":5,"enemies":"Small Slimes","floor":1,"turns":4},{"damage":0,"enemies":"Jaw Worm","floor":3,"turns":7},{"damage":0,"enemies":"2 Louse","floor":5,"turns":6},{"damage":37,"enemies":"Lagavulin","floor":7,"turns":6},{"damage":18,"enemies":"Exordium Thugs","floor":8,"turns":8},{"damage":0,"enemies":"3 Louse","floor":10,"turns":4},{"damage":16,"enemies":"Large Slime","floor":11,"turns":6},{"damage":0,"enemies":"Looter","floor":13,"turns":3},{"damage":0,"enemies":"3 Louse","floor":14,"turns":3},{"damage":0,"enemies":"The Guardian","floor":16,"turns":7},{"damage":17,"enemies":"3 Byrds","floor":18,"turns":8},{"damage":8,"enemies":"2 Thieves","floor":20,"turns":5},{"damage":37,"enemies":"Snecko","floor":21,"turns":6},{"damage":15,"enemies":"Cultist and Chosen","floor":22,"turns":4}],"seed_played":"-1608195335870122707","potions_obtained":[{"floor":7,"key":"Energy Potion"},{"floor":8,"key":"GamblersBrew"},{"floor":10,"key":"EssenceOfSteel"},{"floor":11,"key":"ColorlessPotion"},{"floor":18,"key":"DistilledChaos"}],"is_trial":false,"path_per_floor":["M","?","M","$","M","R","E","M","T","M","M","?","M","M","R","B",null,"M","?","M","M","M"],"character_chosen":"THE_SILENT","items_purchased":["Venomology"],"campfire_rested":1,"item_purchase_floors":[4],"current_hp_per_floor":[72,72,72,72,72,72,35,17,17,17,1,1,1,1,24,24,77,60,60,52,15,0,0],"gold":216,"neow_bonus":"TEN_PERCENT_HP_BONUS","is_daily":false,"chose_seed":false,"campfire_upgraded":1,"win_rate":0.0,"timestamp":1612494539,"path_taken":["M","?","M","?","M","R","E","M","T","M","M","?","M","M","R","BOSS","M","?","M","M","M"],"items_purchased_type":["Card"],"build_version":"2020-12-22","purchased_purges":0,"victory":false,"max_hp_per_floor":[77,77,77,77,77,77,77,77,77,77,77,77,77,77,77,77,77,77,77,77,77,77,77],"card_choices":[{"not_picked":["Dagger Throw","hubris:SlightOfHand","Reflex"],"picked":"SKIP","floor":1},{"not_picked":["Dagger Throw","hubris:TrickCloak","Accuracy"],"picked":"SKIP","floor":3},{"not_picked":["Blade Dance","Sucker Punch"],"picked":"Bane","floor":5},{"not_picked":["Concentrate","Dagger Spray","Dash"],"picked":"SKIP","floor":7},{"not_picked":["Dodge and Roll","Distraction"],"picked":"Deadly Poison","floor":8},{"not_picked":["Backflip","hubris:SlightOfHand"],"picked":"Deadly Poison","floor":10},{"not_picked":["Poisoned Stab","Distraction"],"picked":"Calculated Gamble","floor":10},{"not_picked":["Prepared","Expertise","Accuracy"],"picked":"SKIP","floor":11},{"not_picked":["Blade Dance","Sucker Punch","Prepared"],"picked":"SKIP","floor":11},{"not_picked":["Dagger Throw","Slice"],"picked":"Burst","floor":13},{"not_picked":["Dagger Throw","Predator","Quick Slash"],"picked":"SKIP","floor":13},{"not_picked":["Dagger Spray","Bane","Cloak And Dagger"],"picked":"SKIP","floor":14},{"not_picked":["Expertise","Flying Knee","Tactician"],"picked":"SKIP","floor":14},{"not_picked":["Doppelganger","Bullet Time"],"picked":"Adrenaline","floor":16},{"not_picked":["Tactician"],"picked":"SKIP","floor":18},{"not_picked":["Expertise+1"],"picked":"SKIP","floor":18},{"not_picked":["Dodge and Roll"],"picked":"SKIP","floor":20},{"not_picked":["Dagger Spray"],"picked":"SKIP","floor":20},{"not_picked":["Blade Dance+1"],"picked":"SKIP","floor":21},{"not_picked":["Acrobatics+1"],"picked":"SKIP","floor":21}],"player_experience":1591420,"relics_obtained":[{"floor":7,"key":"Pen Nib"},{"floor":9,"key":"Prayer Wheel"}],"event_choices":[{"cards_removed":["Strike_G"],"damage_healed":0,"gold_gain":0,"player_choice":"Forget","damage_taken":0,"max_hp_gain":0,"max_hp_loss":0,"event_name":"Living Wall","floor":2,"gold_loss":0},{"cards_removed":["Strike_G"],"damage_healed":0,"gold_gain":0,"player_choice":"Card Removal","damage_taken":0,"max_hp_gain":0,"max_hp_loss":0,"event_name":"Wheel of Change","floor":12,"gold_loss":0},{"cards_removed":["Strike_G"],"damage_healed":0,"gold_gain":0,"player_choice":"Gave Gold","damage_taken":0,"max_hp_gain":0,"max_hp_loss":0,"event_name":"Beggar","floor":19,"gold_loss":75}],"is_beta":false,"boss_relics":[{"not_picked":["hubris:TerracottaHorce","Runic Dome"],"picked":"Busted Crown"}],"items_purged_floors":[],"is_endless":false,"potions_floor_spawned":[7,8,10,11,18,21],"killed_by":"Cultist and Chosen","ascension_level":1}}