{"host":"bx8ylsmj2ob6hd5u","time":1612519572,"event":{"mods":["AchievementEnabler","Act Like it!","Aspiration","BaseMod","Colored Map","Downfall","Duelist Mod","Friendly Minions","Gensokyo","GifTheSpireLib","Hallownest","Hermit","HololiveMod","Hubris","Infinite Spire","Jorbs\u0027s Wanderer Trilogy","KinomotoSakuraMod(????)","Kiyohime????","Koishi","KomeijiMod","Lobotomy","LobotomyExtend","Marisa????????","Minty Spire (QoL Compilation)","Prisma Mod","Rare Cards Sparkle","Reimu??????","Remilia??????","Replay The Spire","StSLib","Td1madao Mod","The Administrix","The Animator","The Bug Knight","The Construct","The Cursed","The Disciple","The Hierophant","The Necromancer","The Poker Player","The Runesmith","The Senshi","The Servant 0.9.4","WarShipGirlsR/????R mod"],"gold_per_floor":[215,215,215,215,215,215,234,234,234,234,254,13,20,20,20,123,123,441,441,441,35,35,35,35,35,60,60,71,84,103,353,353,353,353],"floor_reached":33,"language":"ENG","playtime":2790,"items_purged":[],"score":254,"play_id":"97b42d72-15ac-4f7a-b5d7-e153104976b4","local_time":"20210205120612","is_ascension_mode":false,"campfire_choices":[{"data":"stsjorbsmod:EyeOfTheStorm","floor":6,"key":"SMITH"},{"data":"stsjorbsmod:TollTheDead","floor":8,"key":"SMITH"},{"data":"Gensokyo:HAARP","floor":15,"key":"SMITH"},{"data":"stsjorbsmod:TinyHut","floor":23,"key":"SMITH"},{"data":"Gensokyo:LochNessMonster","floor":25,"key":"SMITH"},{"data":"Dash","floor":27,"key":"SMITH"},{"data":"stsjorbsmod:FranticSearch","floor":32,"key":"SMITH"}],"circlet_count":0,"master_deck":["stsjorbsmod:ForbiddenGrimoire+1","stsjorbsmod:Strike_Wanderer","stsjorbsmod:Strike_Wanderer","stsjorbsmod:Strike_Wanderer","stsjorbsmod:Strike_Wanderer","stsjorbsmod:Defend_Wanderer","stsjorbsmod:Defend_Wanderer","stsjorbsmod:Defend_Wanderer","stsjorbsmod:Defend_Wanderer","stsjorbsmod:FreshAdventure","stsjorbsmod:EyeOfTheStorm+1","stsjorbsmod:Firebolt+1","stsjorbsmod:TollTheDead+1","stsjorbsmod:MagicMissiles","Gensokyo:HAARP+1","downfall:Haunted","stsjorbsmod:Entangle","stsjorbsmod:HedgeWizard","stsjorbsmod:TinyHut+1","Gensokyo:BlemishedSteel","Gensokyo:RustyChest","Gensokyo:LochNessMonster+1","Gensokyo:MysteriousEgg","Dash+1","stsjorbsmod:BurningFlask","stsjorbsmod:FranticSearch+1","hubris:NaturalOne","stsjorbsmod:Mindworm"],"relics":["stsjorbsmod:GrimoireRelic","LetterFromLob","Ginger","ReplayTheSpireMod:CursedCoin","Toy Ornithopter","RedLine:ReiMu","hubris:Icosahedron","Blood Vial","Pet Ghost"],"acts_visited":["Exordium","Gensokyo:Gensokyo"],"potions_floor_usage":[16,18,29,30,33],"damage_taken":[{"damage":4,"enemies":"Gensokyo:3_Fairies","floor":1,"turns":3},{"damage":2,"enemies":"Gensokyo:Gryphon","floor":7,"turns":4},{"damage":0,"enemies":"Gensokyo:2_Kodama","floor":11,"turns":3},{"damage":29,"enemies":"Gensokyo:Kokoro","floor":16,"turns":9},{"damage":24,"enemies":"Gensokyo:AngelMirror","floor":18,"turns":3},{"damage":3,"enemies":"Gensokyo:CosmicMonolith","floor":28,"turns":6},{"damage":8,"enemies":"Gensokyo:Wraith","floor":29,"turns":7},{"damage":28,"enemies":"Gensokyo:Mirror_and_Dog","floor":30,"turns":4},{"damage":52,"enemies":"Gensokyo:Kaguya","floor":33,"turns":7}],"seed_played":"514585934008063854","potions_obtained":[{"floor":1,"key":"Energy Potion"},{"floor":16,"key":"Fire Potion"},{"floor":29,"key":"Energy Potion"},{"floor":30,"key":"Elixir"}],"is_trial":false,"path_per_floor":["M","?","?","$","?","R","M","R","T","M","M","COS","$","?","R","B",null,"M","?","?","COS","?","R","?","R","T","R","M","M","M","?","R","B"],"character_chosen":"WANDERER","items_purchased":["ReplayTheSpireMod:CursedCoin","Toy Ornithopter"],"campfire_rested":0,"item_purchase_floors":[13,13],"current_hp_per_floor":[65,62,62,62,70,70,69,69,69,69,70,70,70,74,74,46,75,56,56,61,61,61,61,61,61,61,61,61,62,43,43,43,0,0],"gold":353,"neow_bonus":"HUNDRED_GOLD","is_daily":false,"chose_seed":false,"campfire_upgraded":7,"win_rate":0.0,"timestamp":1612519572,"path_taken":["M","?","?","$","?","R","?","R","T","M","M","COS","?","?","R","BOSS","M","?","?","COS","?","R","?","R","T","R","M","?","M","?","R","BOSS"],"items_purchased_type":["Relic","Relic"],"build_version":"2020-12-22","purchased_purges":0,"victory":false,"max_hp_per_floor":[68,75,75,75,75,75,75,75,75,75,75,75,75,75,75,75,75,75,75,80,80,80,80,80,80,80,80,80,80,80,80,80,80,80],"card_choices":[{"not_picked":["stsjorbsmod:Will","stsjorbsmod:ScorchingRay"],"picked":"stsjorbsmod:Firebolt","floor":1},{"not_picked":["stsjorbsmod:DoubleCheck","stsjorbsmod:ParryingBlow"],"picked":"stsjorbsmod:TollTheDead","floor":7},{"not_picked":["stsjorbsmod:TollTheDead","stsjorbsmod:Hibernate"],"picked":"stsjorbsmod:MagicMissiles","floor":11},{"not_picked":["stsjorbsmod:Trauma","stsjorbsmod:Banish"],"picked":"stsjorbsmod:Entangle","floor":16},{"not_picked":["stsjorbsmod:Materialize","stsjorbsmod:Hurt+1"],"picked":"stsjorbsmod:HedgeWizard","floor":18},{"not_picked":["stsjorbsmod:Hurt+1","stsjorbsmod:UnseenServant"],"picked":"stsjorbsmod:BurningFlask","floor":28},{"not_picked":["stsjorbsmod:ParryingBlow","stsjorbsmod:Introspection"],"picked":"stsjorbsmod:FranticSearch","floor":29},{"not_picked":["stsjorbsmod:ChainLightning","stsjorbsmod:FracturedMind"],"picked":"stsjorbsmod:Mindworm","floor":30}],"player_experience":1543884,"relics_obtained":[{"floor":1,"key":"LetterFromLob"},{"floor":9,"key":"Ginger"},{"floor":26,"key":"Blood Vial"}],"event_choices":[],"is_beta":false,"boss_relics":[{"not_picked":["Fusion Hammer","Kintsugi"],"picked":"RedLine:ReiMu"}],"items_purged_floors":[],"is_endless":false,"potions_floor_spawned":[1,16,29,30],"killed_by":"Gensokyo:Kaguya","ascension_level":0}}