{"host":"x000krxjblg8jdg4","time":1612487172,"event":{"mods":["BaseMod","Downfall","Hermit","Minty Spire (QoL Compilation)","StSLib","The Runesmith","The Servant 0.9.4"],"gold_per_floor":[109,109,109,119,136,169,169,184,184,204,223,254,254,272,272,370,370,381,362,362,362],"floor_reached":20,"language":"ENG","playtime":943,"items_purged":[],"score":188,"play_id":"152d481f-21ce-49a7-a4cd-20672ae27017","local_time":"20210204230612","is_ascension_mode":false,"campfire_choices":[{"floor":7,"key":"REST"},{"floor":15,"key":"REST"}],"circlet_count":0,"master_deck":["Strike_B","Strike_B","Strike_B","Strike_B","Defend_B","Defend_B","Defend_B","Defend_B","Zap","Dualcast","Gash","Loop","Go for the Eyes","Ball Lightning","Conserve Battery","Conserve Battery","Creative AI","Redo","Cold Snap","Machine Learning","Genetic Algorithm","Barrage+1"],"relics":["Cracked Core","NeowsBlessing","Happy Flower","Gremlin Horn","Unceasing Top","Bag of Marbles"],"acts_visited":["Exordium","TheCity"],"potions_floor_usage":[16,16],"damage_taken":[{"damage":0,"enemies":"2 Louse","floor":1,"turns":1},{"damage":0,"enemies":"Cultist","floor":4,"turns":1},{"damage":0,"enemies":"Jaw Worm","floor":5,"turns":1},{"damage":34,"enemies":"3 Sentries","floor":6,"turns":8},{"damage":0,"enemies":"3 Louse","floor":8,"turns":3},{"damage":5,"enemies":"Looter","floor":10,"turns":3},{"damage":9,"enemies":"Lots of Slimes","floor":11,"turns":4},{"damage":24,"enemies":"Gremlin Nob","floor":12,"turns":4},{"damage":13,"enemies":"2 Fungi Beasts","floor":14,"turns":4},{"damage":29,"enemies":"The Guardian","floor":16,"turns":7},{"damage":28,"enemies":"Spheric Guardian","floor":18,"turns":6},{"damage":20,"enemies":"2 Thieves","floor":19,"turns":4},{"damage":36,"enemies":"Snecko","floor":20,"turns":6}],"seed_played":"8548986130617105086","potions_obtained":[{"floor":4,"key":"hexamod:SoulburnPotion"},{"floor":5,"key":"Swift Potion"},{"floor":6,"key":"Slimebound:ThreeZeroPotion"}],"is_trial":false,"path_per_floor":["M","?","?","M","M","E","R","M","T","M","M","E","?","M","R","B",null,"M","M","M"],"character_chosen":"DEFECT","items_purchased":[],"campfire_rested":2,"item_purchase_floors":[],"current_hp_per_floor":[75,80,80,80,80,46,70,70,70,65,56,32,25,12,36,7,80,52,32,0,0],"gold":362,"neow_bonus":"THREE_ENEMY_KILL","is_daily":false,"chose_seed":false,"campfire_upgraded":0,"win_rate":0.0,"timestamp":1612487172,"path_taken":["M","?","?","M","M","E","R","?","T","M","M","E","?","M","R","BOSS","M","M","M"],"items_purchased_type":[],"build_version":"2020-12-22","purchased_purges":0,"victory":false,"max_hp_per_floor":[75,80,80,80,80,80,80,80,80,80,80,80,80,80,80,80,80,80,80,80,80],"card_choices":[{"not_picked":["Redo","Scrape"],"picked":"Gash","floor":1},{"not_picked":["Go for the Eyes","Streamline"],"picked":"Loop","floor":4},{"not_picked":["Tempest","Compile Driver"],"picked":"Go for the Eyes","floor":5},{"not_picked":["Multi-Cast","Cold Snap"],"picked":"Ball Lightning","floor":6},{"not_picked":["Glacier","White Noise"],"picked":"Conserve Battery","floor":8},{"not_picked":["Compile Driver","Hologram"],"picked":"Conserve Battery","floor":10},{"not_picked":["Coolheaded","Barrage"],"picked":"Creative AI","floor":11},{"not_picked":["Cold Snap","Heatsinks"],"picked":"Redo","floor":12},{"not_picked":["Steam","Steam Power"],"picked":"Cold Snap","floor":14},{"not_picked":["Buffer","Seek"],"picked":"Machine Learning","floor":16},{"not_picked":["White Noise","Reprogram"],"picked":"Genetic Algorithm","floor":18},{"not_picked":["Blizzard","Compile Driver"],"picked":"Barrage+1","floor":19}],"player_experience":50729,"relics_obtained":[{"floor":6,"key":"Happy Flower"},{"floor":9,"key":"Gremlin Horn"},{"floor":12,"key":"Unceasing Top"}],"event_choices":[{"damage_healed":0,"gold_gain":0,"player_choice":"Donut","damage_taken":0,"max_hp_gain":5,"max_hp_loss":0,"event_name":"Big Fish","floor":2,"gold_loss":0},{"cards_removed":["Iron Wave"],"damage_healed":0,"gold_gain":0,"player_choice":"Took Card","damage_taken":0,"max_hp_gain":0,"max_hp_loss":0,"event_name":"NoteForYourself","floor":3,"gold_loss":0,"cards_obtained":["Iron Wave"]},{"damage_healed":0,"gold_gain":0,"player_choice":"Success","damage_taken":7,"relics_obtained":["Bag of Marbles"],"max_hp_gain":0,"max_hp_loss":0,"event_name":"Scrap Ooze","floor":13,"gold_loss":0}],"is_beta":false,"boss_relics":[{"not_picked":["Sozu","Velvet Choker","bronze:MakeshiftBattery"]}],"items_purged_floors":[],"is_endless":false,"potions_floor_spawned":[4,5,6,14],"killed_by":"Snecko","ascension_level":0}}