{"host":"i2ntsfwoh5q5m216","time":1612489954,"event":{"mods":["BaseMod","Colored Map","Downfall","Minty Spire (QoL Compilation)","StSLib"],"gold_per_floor":[99,199,199,214,224,235,235,253,286,5,15,32,63,63,78,177,177,77,94,107,117,136,136,213,248,268,268,268,278,278,290,304,400,400,400,410,420,436,447,463,463,481,481,31,31,50,63,88,88,88,88,88],"floor_reached":50,"language":"ENG","playtime":2651,"items_purged":["Guardian:Strike_Guardian"],"score":516,"play_id":"81dd7102-6375-4632-9a7d-1f710917befd","local_time":"20210204195234","is_ascension_mode":false,"campfire_choices":[{"floor":1.0,"key":"RECALL"},{"data":"expansioncontent:QuickStudy","floor":18.0,"key":"SMITH"},{"data":"Guardian:DonusPower","floor":23.0,"key":"SMITH"},{"data":"Guardian:Repulse","floor":27,"key":"SMITH"},{"data":"Guardian:Recover","floor":30,"key":"SMITH"},{"data":"Guardian:FastForward","floor":35,"key":"SMITH"},{"data":"expansioncontent:LastStand","floor":49,"key":"SMITH"}],"circlet_count":0,"master_deck":["Guardian:Strike_Guardian+1","Guardian:Strike_Guardian","Guardian:Strike_Guardian","Guardian:Defend_Guardian","Guardian:Defend_Guardian","Guardian:Defend_Guardian","Guardian:Defend_Guardian","Guardian:CurlUp","Guardian:TwinSlam+1","Guardian:DonusPower+1","Guardian:Recover","Guardian:Reroute+1","Guardian:BaubleBeam+1","expansioncontent:QuickStudy+1","Guardian:SentryBeam+1","Guardian:StasisStrike+1","Guardian:Repulse+1","Guardian:Recover+1","Guardian:FastForward+1","Guardian:Reroute+1","Parasite","expansioncontent:YouAreMine","expansioncontent:LastStand+1","Guardian:VentSteam+1"],"relics":["Guardian:ModeShifter","Molten Egg 2","White Beast Statue","Nunchaku","Whetstone","Gremlin Horn","Coffee Dripper","downfall:HeartBlessingRed","Bottled Tornado","Blood Vial","Black Star","Regal Pillow","Bird Faced Urn","ClockworkSouvenir","PreservedInsect","Ornamental Fan"],"acts_visited":["Exordium","TheCity","TheBeyond"],"potions_floor_usage":[26,31,32,33,33,38,39,40,42,44,47,48,48],"damage_taken":[{"damage":0.0,"enemies":"2 Louse","floor":4.0,"turns":2.0},{"damage":8.0,"enemies":"Small Slimes","floor":5.0,"turns":4.0},{"damage":15.0,"enemies":"Cultist","floor":6.0,"turns":4.0},{"damage":6.0,"enemies":"Red Slaver","floor":8.0,"turns":6.0},{"damage":6.0,"enemies":"Lagavulin","floor":9.0,"turns":7.0},{"damage":0.0,"enemies":"downfall:FleeingMerchant","floor":10.0,"turns":4.0},{"damage":6.0,"enemies":"2 Fungi Beasts","floor":11.0,"turns":5.0},{"damage":9.0,"enemies":"Large Slime","floor":12.0,"turns":8.0},{"damage":15.0,"enemies":"Gremlin Nob","floor":13.0,"turns":4.0},{"damage":0.0,"enemies":"Lots of Slimes","floor":15.0,"turns":3.0},{"damage":10.0,"enemies":"WA_ARCHETYPE_RETAIN","floor":16.0,"turns":4.0},{"damage":0.0,"enemies":"Spheric Guardian","floor":19.0,"turns":2.0},{"damage":5.0,"enemies":"Snake Plant","floor":20.0,"turns":3.0},{"damage":0.0,"enemies":"3 Cultists","floor":21.0,"turns":4.0},{"damage":4.0,"enemies":"Centurion and Healer","floor":22.0,"turns":4.0},{"damage":23.0,"enemies":"Slavers","floor":25.0,"turns":4.0},{"damage":29,"enemies":"Snake Plant","floor":26,"turns":5},{"damage":0,"enemies":"Snecko","floor":29,"turns":4},{"damage":8,"enemies":"Centurion and Healer","floor":31,"turns":3},{"damage":7,"enemies":"3 Cultists","floor":32,"turns":4},{"damage":9,"enemies":"SI_MIRROR_ARCHETYPE","floor":33,"turns":8},{"damage":9,"enemies":"Orb Walker","floor":36,"turns":3},{"damage":10,"enemies":"3 Darklings","floor":37,"turns":5},{"damage":38,"enemies":"Writhing Mass","floor":38,"turns":6},{"damage":13,"enemies":"Jaw Worm Horde","floor":39,"turns":3},{"damage":20,"enemies":"Spire Growth","floor":40,"turns":5},{"damage":14,"enemies":"4 Shapes","floor":42,"turns":3},{"damage":0,"enemies":"downfall:FleeingMerchant","floor":44,"turns":4},{"damage":3,"enemies":"3 Darklings","floor":46,"turns":2},{"damage":1,"enemies":"Maw","floor":47,"turns":7},{"damage":28,"enemies":"Giant Head","floor":48,"turns":6},{"damage":21,"enemies":"DF_ARCHETYPE_ORBS","floor":50,"turns":2}],"seed_played":"-2251281816912911423","potions_obtained":[{"floor":6.0,"key":"Regen Potion"},{"floor":8.0,"key":"BlessingOfTheForge"},{"floor":9.0,"key":"Dexterity Potion"},{"floor":11.0,"key":"BlessingOfTheForge"},{"floor":12.0,"key":"SteroidPotion"},{"floor":13.0,"key":"SteroidPotion"},{"floor":16.0,"key":"DistilledChaos"},{"floor":19.0,"key":"Slimebound:ThreeZeroPotion"},{"floor":20.0,"key":"sneckomod:MuddlingPotion"},{"floor":21.0,"key":"Weak Potion"},{"floor":22.0,"key":"Guardian:BlockOnCardUsePotion"},{"floor":25.0,"key":"DuplicationPotion"},{"floor":26,"key":"Strength Potion"},{"floor":31,"key":"hexamod:SoulburnPotion"},{"floor":32,"key":"DuplicationPotion"},{"floor":33,"key":"hexamod:SoulburnPotion"},{"floor":36,"key":"FairyPotion"},{"floor":38,"key":"Guardian:AcceleratePotion"},{"floor":39,"key":"Weak Potion"},{"floor":40,"key":"Fruit Juice"},{"floor":42,"key":"ColorlessPotion"},{"floor":44,"key":"Guardian:BlockOnCardUsePotion"},{"floor":46,"key":"SteroidPotion"},{"floor":47,"key":"DuplicationPotion"},{"floor":48,"key":"SteroidPotion"}],"is_trial":false,"path_per_floor":["R","?","?","M","M","M","T","M","E","$","M","M","E","?","M","B",null,"R","M","M","M","M","R","T","E","M","R","?","M","R","M","M","B",null,"R","M","M","M","M","M","T","M","?","$","?","M","M","E","R","B"],"character_chosen":"GUARDIAN","items_purchased":["expansioncontent:QuickStudy","Bird Faced Urn","ClockworkSouvenir"],"campfire_rested":0,"item_purchase_floors":[10,44,44],"current_hp_per_floor":[88,88,81,81,73,58,58,52,46,46,52,43,28,28,28,18,88,88,88,83,83,79,79,79,56,29,29,29,31,31,25,20,13,88,88,79,71,35,24,6,6,27,27,29,24,25,32,10,10,0,0,0],"gold":88,"neow_bonus":"TEN_PERCENT_HP_BONUS","is_daily":false,"chose_seed":false,"campfire_upgraded":6,"win_rate":0.0,"timestamp":1612489954,"path_taken":["R","?","?","M","M","M","T","M","E","$","M","M","E","?","M","BOSS","R","M","M","M","M","R","T","E","M","R","?","?","R","M","M","BOSS","R","M","M","M","M","M","T","M","?","$","?","M","M","E","R","BOSS"],"items_purchased_type":["Card","Relic","Relic"],"build_version":"2020-12-22","purchased_purges":1,"victory":false,"max_hp_per_floor":[88,88,88,88,88,88,88,88,88,88,88,88,88,88,88,88,88,88,88,88,88,88,88,88,88,88,88,88,88,88,88,88,88,88,88,88,88,88,88,88,88,93,93,93,93,93,93,93,93,93,93,93],"card_choices":[{"not_picked":["Guardian:Planning","Guardian:Gem_Green"],"picked":"Guardian:DonusPower","floor":4.0},{"not_picked":["Guardian:Clone","Guardian:Gem_Purple"],"picked":"Guardian:Recover","floor":5.0},{"not_picked":["Guardian:MultiBeam+1","Guardian:VentSteam"],"picked":"Guardian:Gem_Red","floor":6.0},{"not_picked":["Guardian:Planning","Guardian:Incinerate+1"],"picked":"Guardian:Reroute+1","floor":8.0},{"not_picked":["Guardian:DonusPower","Guardian:PrimingBeam+1"],"picked":"Guardian:Gem_Synthetic","floor":9.0},{"not_picked":["Guardian:Gem_Lightblue","Guardian:EvasiveProtocol"],"picked":"Guardian:BaubleBeam+1","floor":10.0},{"not_picked":["Guardian:Gem_Crimson","Guardian:VentSteam","Guardian:PrimingBeam+1"],"picked":"SKIP","floor":11.0},{"not_picked":["Guardian:CrystalBeam+1","Guardian:Gem_Lightblue","Guardian:MultiBeam+1"],"picked":"SKIP","floor":12.0},{"not_picked":["Guardian:TemporalShield","Guardian:PiercingHide","Guardian:Clone"],"picked":"SKIP","floor":13.0},{"not_picked":["Guardian:ChargeCore+1","Guardian:ShieldCharger"],"picked":"Guardian:SentryBeam+1","floor":15.0},{"not_picked":["Guardian:ConstructionForm","Guardian:HyperBeam_Guardian+1"],"picked":"Guardian:StasisStrike+1","floor":16.0},{"not_picked":["Guardian:MultiBeam+1","Guardian:SentryBeam+1"],"picked":"Guardian:Gem_Cyan","floor":19.0},{"not_picked":["Guardian:PrismaticBeam+1","Guardian:Gem_Red"],"picked":"Guardian:Repulse","floor":20.0},{"not_picked":["Guardian:TemporalStrike+1","Guardian:TimeCapacitor","Guardian:Gem_Cyan"],"picked":"SKIP","floor":21.0},{"not_picked":["Guardian:ArmoredProtocol","Guardian:TemporalShield"],"picked":"Guardian:Recover","floor":22.0},{"not_picked":["Guardian:Harden","Guardian:Recover+1"],"picked":"Guardian:Gem_Green","floor":25.0},{"not_picked":["Guardian:ArmoredProtocol","Guardian:PrimingBeam+1","Guardian:SentryBeam+1"],"picked":"SKIP","floor":26},{"not_picked":["Guardian:FastForward","Guardian:GuardianWhirl+1","Guardian:RollAttack+1"],"picked":"SKIP","floor":29},{"not_picked":["Guardian:FloatingOrbs","Guardian:PiercingHide"],"picked":"Guardian:Gem_Purple","floor":31},{"not_picked":["Guardian:Gem_Green","Guardian:Recover","Guardian:Planning"],"picked":"SKIP","floor":32},{"not_picked":["Guardian:StasisField","Guardian:ConstructionForm"],"picked":"Guardian:FastForward","floor":33},{"not_picked":["Guardian:SpikerProtocol","Guardian:TemporalStrike+1"],"picked":"Guardian:Reroute+1","floor":36},{"not_picked":["Guardian:Gem_Crimson","Guardian:TemporalStrike+1","Guardian:PrimingBeam+1"],"picked":"SKIP","floor":37},{"not_picked":["Guardian:RefractedBeam+1","Guardian:PrismaticBeam+1","Guardian:ShieldSpikes"],"picked":"SKIP","floor":38},{"not_picked":["Guardian:TemporalStrike+1","Guardian:Recover"],"picked":"Guardian:Gem_Red","floor":39},{"not_picked":["Guardian:TemporalShield","Guardian:Gem_Yellow"],"picked":"Guardian:Gem_White","floor":40},{"not_picked":["Guardian:Suspension+1","Guardian:Emergency"],"picked":"Guardian:Gem_Purple","floor":42},{"not_picked":["Guardian:Gem_Cyan","Guardian:Planning","Guardian:BronzeOrb+1"],"picked":"SKIP","floor":44},{"not_picked":["expansioncontent:InvincibleStrength","expansioncontent:Chronoboost"],"picked":"expansioncontent:YouAreMine","floor":45},{"not_picked":["expansioncontent:Chronoboost","expansioncontent:YouAreMine"],"picked":"expansioncontent:LastStand","floor":45},{"not_picked":["Guardian:WalkerClaw+1","Guardian:StasisStrike+1"],"picked":"Guardian:VentSteam+1","floor":46},{"not_picked":["Guardian:WalkerClaw+1","Guardian:Reroute+1","Guardian:ShieldCharger"],"picked":"SKIP","floor":47},{"not_picked":["Guardian:Incinerate+1","Guardian:ShieldCharger","Guardian:ChargeCore+1"],"picked":"SKIP","floor":48}],"player_experience":5211,"relics_obtained":[{"floor":7.0,"key":"White Beast Statue"},{"floor":9.0,"key":"Nunchaku"},{"floor":13.0,"key":"Whetstone"},{"floor":24.0,"key":"Bottled Tornado"},{"floor":25.0,"key":"Blood Vial"},{"floor":41,"key":"Regal Pillow"},{"floor":48,"key":"PreservedInsect"},{"floor":48,"key":"Ornamental Fan"}],"event_choices":[{"damage_healed":0.0,"max_hp_gain":0.0,"max_hp_loss":0.0,"gold_gain":0.0,"event_name":"Scrap Ooze","player_choice":"Success","floor":3.0,"gold_loss":0.0,"damage_taken":7.0,"relics_obtained":["Molten Egg 2"]},{"damage_healed":0,"gold_gain":0,"player_choice":"Ignored","damage_taken":0,"max_hp_gain":0,"max_hp_loss":0,"event_name":"Mysterious Sphere","floor":43,"gold_loss":0}],"is_beta":false,"boss_relics":[{"not_picked":["Velvet Choker","bronze:MakeshiftBattery"],"picked":"Coffee Dripper"},{"not_picked":["Fusion Hammer","Snecko Eye"],"picked":"Black Star"}],"items_purged_floors":[10],"is_endless":false,"potions_floor_spawned":[6,8,9,10,11,12,13,15,16,19,20,21,22,25,26,29,31,32,33,36,37,38,39,40,42,44,46,47,48],"killed_by":"DF_ARCHETYPE_ORBS","ascension_level":0}}