{"host":"egecq8lksgzqg7v3","time":1612542879,"event":{"mods":["AchievementEnabler","Alarm Clock","BaseMod","Bestiary","Better Third Choice","Colored Map","Marisa????????","Minty Spire (QoL Compilation)","StSLib","Synergy Search","The Bug Knight"],"gold_per_floor":[116,136,136,152,163,163,194,194,194,210,82,97,97,130,130,254,254,272,272,297,321,321,321,342,342,366,378,293,311,311,328,328,432,432,451,470,470,470,126,126,55,65,92,103,103,116,116,132,132,132,132],"floor_reached":50,"language":"ENG","playtime":6666,"items_purged":[],"score":523,"play_id":"2685d72b-2dde-412b-bb8e-124e9f3f266f","local_time":"20210205113439","is_ascension_mode":false,"campfire_choices":[{"data":"HollowMod:MantisMark","floor":6.0,"key":"SMITH"},{"data":"HollowMod:Weaversong","floor":13.0,"key":"SMITH"},{"floor":15.0,"key":"REST"},{"data":"HollowMod:FocusHealStart","floor":23.0,"key":"SMITH"},{"floor":30.0,"key":"REST"},{"floor":32.0,"key":"REST"},{"data":"Enlightenment","floor":40.0,"key":"SMITH"},{"floor":45.0,"key":"REST"},{"data":"HollowMod:SlysStrikes","floor":49,"key":"SMITH"}],"circlet_count":0,"master_deck":["HollowMod:NailStrikeStart+1","HollowMod:NailStrikeStart+1","HollowMod:NailStrikeStart+1","HollowMod:NailStrikeStart+1","HollowMod:QuickDashStart+1","HollowMod:QuickDashStart+1","HollowMod:QuickDashStart+1","HollowMod:QuickDashStart+1","HollowMod:FocusHealStart+1","HollowMod:PogoStrike","HollowMod:InfectedAttack+1","HollowMod:InfectedCysts","HollowMod:CloakDash","HollowMod:MantisMark+1","HollowMod:QuirrelsAssistance","HollowMod:DesolateDive","HollowMod:NewJinnsSoul","HollowMod:PureNailStrike","HollowMod:Weaversong+1","HollowMod:Weaversong","HollowMod:MantisMark","HollowMod:GreatSlash+1","HollowMod:ChannelNail","HollowMod:NewGlowingWomb","HollowMod:DashSlash","HollowMod:LifebloodCocoon+1","HollowMod:VengefulSpirit","HollowMod:SlysStrikes+1","HollowMod:SiblingsSouls+1","HollowMod:HeavyBlow","Enlightenment+1","HollowMod:MantisMark","HollowMod:HuntersJournal+1","HollowMod:CloakDash","HollowMod:GrimmsGift","Doubt"],"relics":["HollowMod:VesselMask","Bag of Marbles","Bloody Idol","Mummified Hand","Odd Mushroom","Boot","Bird Faced Urn","Black Star","Bottled Tornado","MealTicket"],"acts_visited":["Exordium","TheCity","TheBeyond"],"potions_floor_usage":[],"damage_taken":[{"damage":1.0,"enemies":"2 Louse","floor":1.0,"turns":3.0},{"damage":12.0,"enemies":"Small Slimes","floor":2.0,"turns":3.0},{"damage":10.0,"enemies":"Jaw Worm","floor":4.0,"turns":3.0},{"damage":0.0,"enemies":"3 Louse","floor":5.0,"turns":1.0},{"damage":27.0,"enemies":"3 Sentries","floor":7.0,"turns":4.0},{"damage":5.0,"enemies":"Looter","floor":10.0,"turns":2.0},{"damage":0.0,"enemies":"Large Slime","floor":12.0,"turns":4.0},{"damage":21.0,"enemies":"The Mushroom Lair","floor":14.0,"turns":4.0},{"damage":0.0,"enemies":"Slime Boss","floor":16.0,"turns":4.0},{"damage":7.0,"enemies":"Shell Parasite","floor":18.0,"turns":4.0},{"damage":18.0,"enemies":"3 Byrds","floor":20.0,"turns":4.0},{"damage":9.0,"enemies":"Cultist and Chosen","floor":21.0,"turns":4.0},{"damage":0.0,"enemies":"HollowMod:Zote","floor":22.0,"turns":1.0},{"damage":1.0,"enemies":"Snecko","floor":24.0,"turns":3.0},{"damage":30.0,"enemies":"Centurion and Healer","floor":27.0,"turns":7.0},{"damage":25.0,"enemies":"Snake Plant","floor":29.0,"turns":5.0},{"damage":21.0,"enemies":"Snecko","floor":31.0,"turns":4.0},{"damage":64.0,"enemies":"Collector","floor":33.0,"turns":9.0},{"damage":46.0,"enemies":"3 Darklings","floor":35.0,"turns":6.0},{"damage":32.0,"enemies":"3 Shapes","floor":36.0,"turns":7.0},{"damage":39.0,"enemies":"3 Darklings","floor":42.0,"turns":3.0},{"damage":19.0,"enemies":"Jaw Worm Horde","floor":44.0,"turns":3.0},{"damage":0.0,"enemies":"Transient","floor":46.0,"turns":5.0},{"damage":12,"enemies":"Spire Growth","floor":48,"turns":4},{"damage":103,"enemies":"HollowMod:Radiance","floor":50,"turns":9}],"seed_played":"-2130339542238441069","potions_obtained":[{"floor":1.0,"key":"Fire Potion"},{"floor":5.0,"key":"FairyPotion"},{"floor":7.0,"key":"SmokeBomb"},{"floor":12.0,"key":"Strength Potion"},{"floor":16.0,"key":"Dexterity Potion"},{"floor":18.0,"key":"SteroidPotion"},{"floor":21.0,"key":"Explosive Potion"},{"floor":24.0,"key":"DuplicationPotion"},{"floor":33.0,"key":"Block Potion"},{"floor":42.0,"key":"AttackPotion"}],"is_trial":false,"path_per_floor":["M","M","?","M","M","R","E","?","T","M","$","M","R","?","R","B",null,"M","?","M","M","?","R","M","?","T","M","?","M","R","M","R","B",null,"M","M","?","?","$","R","$","M","T","M","R","M","?","M","R","B"],"character_chosen":"THE_BUGKNIGHT","items_purchased":["HollowMod:NewJinnsSoul","HollowMod:PureNailStrike","Bottled Tornado","Enlightenment","HollowMod:MantisMark"],"campfire_rested":4,"item_purchase_floors":[11,11,39,39,41],"current_hp_per_floor":[81,75,75,71,71,71,50,50,50,51,51,51,51,30,52,52,76,69,69,51,42,42,42,47,47,52,33,33,21,43,29,51,27,76,41,24,43,43,43,43,43,11,16,6,28,45,76,69,69,0,0],"gold":132,"neow_bonus":"TEN_PERCENT_HP_BONUS","is_daily":false,"chose_seed":false,"campfire_upgraded":5,"win_rate":0.0,"timestamp":1612542879,"path_taken":["M","M","?","M","M","R","E","?","T","M","$","M","R","?","R","BOSS","M","?","M","M","?","R","M","?","T","M","?","M","R","M","R","BOSS","M","M","?","?","$","R","?","M","T","?","R","M","?","M","R","BOSS"],"items_purchased_type":["Card","Card","Relic","Card","Card"],"build_version":"2020-12-22","purchased_purges":0,"victory":false,"max_hp_per_floor":[82,82,82,82,82,82,82,76,76,76,76,76,76,76,76,76,76,76,76,76,76,76,76,76,76,76,76,76,76,76,76,76,76,76,76,76,76,76,76,76,76,76,76,76,76,76,76,76,76,76,76],"card_choices":[{"not_picked":["HollowMod:TaintedHusks","HollowMod:DescendingDark"],"picked":"HollowMod:InfectedAttack","floor":1.0},{"not_picked":["HollowMod:GrimmsGift","HollowMod:DescendingDark"],"picked":"HollowMod:InfectedCysts","floor":2.0},{"not_picked":["HollowMod:WraithStrike","HollowMod:ShadowDash"],"picked":"HollowMod:CloakDash","floor":4.0},{"not_picked":["HollowMod:MawleksShell","HollowMod:HowlingWraiths"],"picked":"HollowMod:MantisMark","floor":5.0},{"not_picked":["HollowMod:WraithStrike","HollowMod:MawleksShell"],"picked":"HollowMod:QuirrelsAssistance","floor":7.0},{"not_picked":["HollowMod:PerfectDash","HollowMod:DescendingDark"],"picked":"HollowMod:DesolateDive","floor":10.0},{"not_picked":["HollowMod:DescendingDark","HollowMod:AbyssShriek"],"picked":"HollowMod:Weaversong","floor":12.0},{"not_picked":["HollowMod:HowlingWraiths","HollowMod:ShadowDash"],"picked":"HollowMod:ChannelNail","floor":14.0},{"not_picked":["HollowMod:AwokenDreamNail","HollowMod:theNailsmith"],"picked":"HollowMod:Weaversong","floor":16.0},{"not_picked":["HollowMod:SiblingsSouls","HollowMod:SharpenedShadows+1"],"picked":"HollowMod:MantisMark","floor":18.0},{"not_picked":["HollowMod:CycloneSlash","HollowMod:VengefulVoid+1"],"picked":"HollowMod:GreatSlash+1","floor":20.0},{"not_picked":["HollowMod:NewLittleFool","HollowMod:InfectedAttack+1"],"picked":"HollowMod:ChannelNail","floor":21.0},{"not_picked":["HollowMod:FallenFury","HollowMod:CrystalDash"],"picked":"HollowMod:NewGlowingWomb","floor":24.0},{"not_picked":["HollowMod:NewLittleFool","HollowMod:ChannelNail+1"],"picked":"HollowMod:DashSlash","floor":27.0},{"not_picked":["HollowMod:VengefulVoid","HollowMod:ShadowDash"],"picked":"HollowMod:LifebloodCocoon+1","floor":29.0},{"not_picked":["HollowMod:HowlingWraiths","HollowMod:ChannelNail"],"picked":"HollowMod:VengefulSpirit","floor":31.0},{"not_picked":["HollowMod:VoidDash","HollowMod:ZotesMagnificence"],"picked":"HollowMod:SlysStrikes","floor":33.0},{"not_picked":["HollowMod:DescendingDark","HollowMod:CycloneSlash"],"picked":"HollowMod:SiblingsSouls+1","floor":35.0},{"not_picked":["HollowMod:CoiledNail+1","HollowMod:ShadowDash"],"picked":"HollowMod:HeavyBlow","floor":36.0},{"not_picked":["HollowMod:VengefulVoid","HollowMod:ShadowDash"],"picked":"HollowMod:HuntersJournal+1","floor":42.0},{"not_picked":["HollowMod:WraithStrike+1","HollowMod:ShadowDash"],"picked":"HollowMod:CloakDash","floor":44.0},{"not_picked":["HollowMod:TaintedHusks","HollowMod:InfectedAttack"],"picked":"HollowMod:GrimmsGift","floor":46.0},{"not_picked":["HollowMod:WraithStrike","HollowMod:AwokenDreamNail","HollowMod:FastStrike"],"picked":"SKIP","floor":48}],"player_experience":225935,"relics_obtained":[{"floor":7.0,"key":"Bag of Marbles"},{"floor":9.0,"key":"Mummified Hand"},{"floor":14.0,"key":"Odd Mushroom"},{"floor":26.0,"key":"Boot"},{"floor":43.0,"key":"MealTicket"}],"event_choices":[{"damage_healed":0.0,"max_hp_gain":0.0,"max_hp_loss":0.0,"gold_gain":0.0,"event_name":"Living Wall","player_choice":"Grow","floor":3.0,"gold_loss":0.0,"damage_taken":0.0,"cards_upgraded":["HollowMod:InfectedAttack"]},{"damage_healed":0.0,"max_hp_gain":0.0,"max_hp_loss":6.0,"gold_gain":0.0,"event_name":"Golden Idol","player_choice":"Lose Max HP","floor":8.0,"gold_loss":0.0,"damage_taken":0.0,"relics_obtained":["Golden Idol"]},{"damage_healed":0.0,"max_hp_gain":0.0,"max_hp_loss":0.0,"gold_gain":0.0,"event_name":"Mushrooms","player_choice":"Fought Mushrooms","floor":14.0,"gold_loss":0.0,"damage_taken":0.0},{"damage_healed":0.0,"max_hp_gain":0.0,"max_hp_loss":8.0,"gold_gain":0.0,"event_name":"betterThird:BetterWriting","player_choice":"Simplicity","floor":19.0,"gold_loss":0.0,"damage_taken":0.0},{"damage_healed":0.0,"max_hp_gain":0.0,"max_hp_loss":0.0,"gold_gain":0.0,"event_name":"Forgotten Altar","player_choice":"Gave Idol","floor":25.0,"relics_lost":["Golden Idol"],"gold_loss":0.0,"damage_taken":0.0,"relics_obtained":["Bloody Idol"]},{"damage_healed":0.0,"max_hp_gain":0.0,"max_hp_loss":0.0,"gold_gain":0.0,"event_name":"Addict","player_choice":"Obtained Relic","floor":28.0,"gold_loss":85.0,"damage_taken":0.0,"relics_obtained":["Bird Faced Urn"]},{"cards_removed":["HollowMod:ChannelNail"],"damage_healed":0.0,"max_hp_gain":0.0,"max_hp_loss":0.0,"gold_gain":0.0,"event_name":"Falling","player_choice":"Removed Skill","floor":38.0,"gold_loss":0.0,"damage_taken":0.0},{"damage_healed":31.0,"max_hp_gain":0.0,"max_hp_loss":0.0,"gold_gain":0.0,"event_name":"MindBloom","player_choice":"Heal","floor":47.0,"gold_loss":0.0,"damage_taken":0.0,"cards_obtained":["Doubt"]}],"is_beta":false,"boss_relics":[{"not_picked":["Fusion Hammer","Coffee Dripper","Snecko Eye"]},{"not_picked":["Velvet Choker","Astrolabe"],"picked":"Black Star"}],"items_purged_floors":[],"is_endless":false,"potions_floor_spawned":[1,5,7,12,16,18,21,24,33,42],"killed_by":"HollowMod:Radiance","ascension_level":0}}