{"host":"z5bn7jsck728mmiq","time":1612492249,"event":{"mods":["BaseMod","Bestiary","DeckTracker","Hermit","Marisa????????","Minty Spire (QoL Compilation)","Permanent Neow","StSLib","The Disciple","The Gatherer","The Hierophant","The Servant 0.9.4","Trackpad","Wide Potions"],"gold_per_floor":[111,111,126,139,314,314,314,314,339,357,357,377,402,416,416,512,512,524,3,3,3,3,37,37,136,159,259,273,307,319,348,360,372,372],"floor_reached":33,"language":"ENG","playtime":1000,"items_purged":["Defend_P"],"score":333,"play_id":"f305fd07-5edc-4ba0-a4d3-fe210618d89a","local_time":"20210204183049","is_ascension_mode":false,"campfire_choices":[{"data":"Eruption","floor":6,"key":"SMITH"},{"data":"SignatureMove","floor":11,"key":"SMITH"},{"floor":15,"key":"REST"},{"floor":24,"key":"REST"},{"floor":30,"key":"REST"},{"data":"Sanctity","floor":32,"key":"SMITH"}],"circlet_count":0,"master_deck":["Strike_P","Strike_P","Strike_P","Strike_P","Defend_P","Defend_P","Eruption+1","Vigilance","Sanctity+1","Sanctity","SignatureMove+1","FearNoEvil","Halt","Vengeance","EmptyMind","EmptyBody","Sanctity+1","Halt+1","DeceiveReality+1","PathToVictory+1"],"relics":["PureWater","CloakClasp","PreservedInsect","Pocketwatch","SlaversCollar","trackpad:CultistFigurine","Strange Spoon","Toy Ornithopter","Nilry\u0027s Codex","trackpad:AdjectivePendant","Bronze Scales","WingedGreaves","Bottled Flame","MawBank"],"acts_visited":["Exordium","TheCity"],"potions_floor_usage":[12,13,27,31],"damage_taken":[{"damage":0,"enemies":"2 Louse","floor":1,"turns":2},{"damage":0,"enemies":"Cultist","floor":3,"turns":2},{"damage":0,"enemies":"Small Slimes","floor":4,"turns":2},{"damage":0,"enemies":"3 Louse","floor":10,"turns":1},{"damage":2,"enemies":"Looter","floor":12,"turns":2},{"damage":0,"enemies":"Lagavulin","floor":13,"turns":2},{"damage":0,"enemies":"Exordium Wildlife","floor":14,"turns":2},{"damage":25,"enemies":"Hexaghost","floor":16,"turns":9},{"damage":3,"enemies":"Spheric Guardian","floor":18,"turns":3},{"damage":21,"enemies":"Slavers","floor":23,"turns":6},{"damage":21,"enemies":"Colosseum Slavers","floor":27,"turns":3},{"damage":17,"enemies":"Colosseum Nobs","floor":27,"turns":4},{"damage":8,"enemies":"2 Thieves","floor":28,"turns":2},{"damage":0,"enemies":"Book of Stabbing","floor":29,"turns":3},{"damage":0,"enemies":"Shelled Parasite and Fungi","floor":31,"turns":2},{"damage":72,"enemies":"Collector","floor":33,"turns":5}],"seed_played":"18118120941361127","potions_obtained":[{"floor":1,"key":"DuplicationPotion"},{"floor":3,"key":"BlessingOfTheForge"},{"floor":4,"key":"Fruit Juice"},{"floor":13,"key":"Swift Potion"},{"floor":27,"key":"StancePotion"},{"floor":29,"key":"GamblersBrew"}],"is_trial":false,"path_per_floor":["M","?","M","M","?","R","?","?","T","M","R","M","E","M","R","B",null,"M","$","?","?","$","E","R","?","T","?","M","E","R","M","R","B"],"character_chosen":"WATCHER","items_purchased":["trackpad:CultistFigurine","Strange Spoon","Toy Ornithopter"],"campfire_rested":3,"item_purchase_floors":[19,19,19],"current_hp_per_floor":[51,51,51,51,51,51,51,51,51,51,51,54,54,54,77,52,77,74,74,74,58,58,37,60,60,60,32,24,24,47,52,52,0,0],"gold":372,"neow_bonus":"ONE_RARE_RELIC","is_daily":false,"chose_seed":false,"campfire_upgraded":3,"win_rate":0.0,"timestamp":1612492249,"path_taken":["M","?","M","?","?","R","?","?","T","M","R","M","E","M","R","BOSS","M","$","?","?","?","E","R","?","T","?","M","E","R","M","R","BOSS"],"items_purchased_type":["Relic","Relic","Relic"],"build_version":"2020-12-22","purchased_purges":1,"victory":false,"max_hp_per_floor":[72,72,72,72,72,72,72,72,72,72,72,77,77,77,77,77,77,77,77,77,77,77,77,77,77,77,77,77,77,77,77,77,77,77],"card_choices":[{"not_picked":["Worship","Consecrate"],"picked":"Sanctity","floor":1},{"not_picked":["BowlingBash","Crescendo"],"picked":"Sanctity","floor":3},{"not_picked":["Crescendo","Prostrate"],"picked":"SignatureMove","floor":4},{"not_picked":["SignatureMove","Protect"],"picked":"FearNoEvil","floor":10},{"not_picked":["Crescendo","Fasting2"],"picked":"Halt","floor":12},{"not_picked":["Swivel","CrushJoints"],"picked":"Vengeance","floor":13},{"not_picked":["Crescendo","FlurryOfBlows"],"picked":"EmptyMind","floor":14},{"not_picked":["ReachHeaven","JustLucky"],"picked":"EmptyBody","floor":18},{"not_picked":["JustLucky","MentalFortress+1"],"picked":"Sanctity+1","floor":23},{"not_picked":["FlyingSleeves","Worship"],"picked":"Halt+1","floor":27},{"not_picked":["SandsOfTime","Pray"],"picked":"DeceiveReality+1","floor":28},{"not_picked":["EmptyFist","Protect+1"],"picked":"PathToVictory+1","floor":29},{"not_picked":["Vengeance","Halt","MentalFortress"],"picked":"SKIP","floor":31}],"player_experience":107447,"relics_obtained":[{"floor":9,"key":"PreservedInsect"},{"floor":13,"key":"Pocketwatch"},{"floor":21,"key":"Nilry\u0027s Codex"},{"floor":23,"key":"trackpad:AdjectivePendant"},{"floor":26,"key":"Bronze Scales"},{"floor":27,"key":"WingedGreaves"},{"floor":27,"key":"Bottled Flame"},{"floor":29,"key":"MawBank"}],"event_choices":[{"cards_removed":["Defend_P"],"damage_healed":0,"gold_gain":0,"player_choice":"Purged","damage_taken":0,"max_hp_gain":0,"max_hp_loss":0,"event_name":"Purifier","floor":2,"gold_loss":0},{"damage_healed":0,"gold_gain":175,"player_choice":"AGREE","damage_taken":0,"max_hp_gain":0,"max_hp_loss":0,"event_name":"Liars Game","floor":5,"gold_loss":0,"cards_obtained":["Doubt"]},{"damage_healed":0,"gold_gain":0,"player_choice":"Searched \u00271\u0027 times","damage_taken":0,"max_hp_gain":0,"max_hp_loss":0,"event_name":"Dead Adventurer","floor":7,"gold_loss":0},{"cards_removed":["Doubt"],"damage_healed":0,"gold_gain":0,"player_choice":"Forget","damage_taken":0,"max_hp_gain":0,"max_hp_loss":0,"event_name":"Living Wall","floor":8,"gold_loss":0},{"damage_healed":0,"gold_gain":0,"player_choice":"Ignored","damage_taken":0,"max_hp_gain":0,"max_hp_loss":0,"event_name":"Vampires","floor":20,"gold_loss":0},{"damage_healed":0,"gold_gain":0,"player_choice":"Obtained Book","damage_taken":16,"max_hp_gain":0,"max_hp_loss":0,"event_name":"Cursed Tome","floor":21,"gold_loss":0},{"damage_healed":0,"gold_gain":99,"player_choice":"Stole From Cult","damage_taken":0,"max_hp_gain":0,"max_hp_loss":0,"event_name":"Nest","floor":25,"gold_loss":0},{"damage_healed":0,"gold_gain":0,"player_choice":"Fight","damage_taken":0,"max_hp_gain":0,"max_hp_loss":0,"event_name":"Colosseum","floor":27,"gold_loss":0},{"damage_healed":0,"gold_gain":0,"player_choice":"Fought Nobs","damage_taken":0,"max_hp_gain":0,"max_hp_loss":0,"event_name":"Colosseum","floor":27,"gold_loss":0}],"is_beta":false,"boss_relics":[{"not_picked":["Cursed Key","Ectoplasm"],"picked":"SlaversCollar"}],"items_purged_floors":[19],"is_endless":false,"potions_floor_spawned":[1,3,4,13,27,27,29],"killed_by":"Collector","ascension_level":0}}