{"host":"u8gwyxapu65l7nuk","time":1612494074,"event":{"mods":["BaseMod","Custom Start","Minty Spire (QoL Compilation)","StSLib"],"gold_per_floor":[114,114,132,146,146,172,185,185,233,267,267,292,312,346,346,451,451,470,482,501,501,501,532,231,267,339,360,383,31,65,87,87,196,196,219,278,307,316,338,338,382,382,382,185,185,185,185,185,185,185,185,185,90,131,131],"floor_reached":56,"language":"ENG","playtime":2651,"items_purged":["Strike_B+1"],"score":1541,"play_id":"a8f4a23d-aed3-446f-85f3-72191541a7d3","local_time":"20210205110114","is_ascension_mode":true,"campfire_choices":[{"floor":8,"key":"REST"},{"data":"Zap","floor":15,"key":"SMITH"},{"floor":32,"key":"DIG"},{"floor":40,"key":"DIG"},{"floor":42,"key":"DIG"},{"floor":45,"key":"DIG"},{"floor":47,"key":"DIG"},{"floor":49,"key":"RECALL"},{"floor":52,"key":"DIG"}],"circlet_count":0,"master_deck":["Strike_B+1","Strike_B+1","Strike_B+1","Defend_B+1","Defend_B+1","Defend_B+1","Zap+1","Dualcast+1","Glacier","Rebound","Cold Snap","Gash+1","Gash+1","Sunder+1","Gash+1","FTL+1","Go for the Eyes+1","Meteor Strike+1","White Noise","Hologram+1","Consume+1","Amplify","Defragment","Coolheaded+1","Sweeping Beam+1","FTL+1","Scrape+1","Cold Snap+1","Cold Snap+1","Reboot","Steam","Conserve Battery+1","Scrape+1","Good Instincts","Gash+1","Capacitor+1","Creative AI","Glacier","Beam Cell+1","Ball Lightning+1","Leap","Consume+1"],"relics":["Sozu","Molten Egg 2","Bag of Marbles","Juzu Bracelet","Lantern","Centennial Puzzle","Black Star","Enchiridion","StrikeDummy","Bronze Scales","CeramicFish","Shovel","Meat on the Bone","Gremlin Horn","ClockworkSouvenir","Blood Vial","Potion Belt","Omamori","Blue Candle","Inserter","Turnip","Symbiotic Virus","Incense Burner","War Paint","Orichalcum","Art of War","Lizard Tail","Sundial","Eternal Feather","Bottled Flame"],"acts_visited":["Exordium","TheCity","TheBeyond","TheEnding"],"potions_floor_usage":[],"damage_taken":[{"damage":1,"enemies":"Jaw Worm","floor":1,"turns":3},{"damage":0,"enemies":"Cultist","floor":3,"turns":4},{"damage":0,"enemies":"2 Louse","floor":4,"turns":3},{"damage":43,"enemies":"Gremlin Nob","floor":6,"turns":7},{"damage":6,"enemies":"Large Slime","floor":7,"turns":7},{"damage":9,"enemies":"3 Sentries","floor":10,"turns":8},{"damage":10,"enemies":"Lagavulin","floor":12,"turns":8},{"damage":4,"enemies":"2 Fungi Beasts","floor":13,"turns":2},{"damage":0,"enemies":"Gremlin Nob","floor":14,"turns":2},{"damage":7,"enemies":"Slime Boss","floor":16,"turns":7},{"damage":5,"enemies":"3 Byrds","floor":18,"turns":5},{"damage":0,"enemies":"Spheric Guardian","floor":19,"turns":3},{"damage":0,"enemies":"Centurion and Healer","floor":20,"turns":4},{"damage":0,"enemies":"Gremlin Leader","floor":23,"turns":8},{"damage":6,"enemies":"Slavers","floor":25,"turns":4},{"damage":7,"enemies":"Snecko","floor":27,"turns":3},{"damage":0,"enemies":"3 Cultists","floor":28,"turns":3},{"damage":0,"enemies":"Gremlin Leader","floor":30,"turns":5},{"damage":14,"enemies":"Snake Plant","floor":31,"turns":2},{"damage":44,"enemies":"Automaton","floor":33,"turns":8},{"damage":15,"enemies":"Orb Walker","floor":35,"turns":3},{"damage":9,"enemies":"2 Orb Walkers","floor":36,"turns":4},{"damage":1,"enemies":"3 Darklings","floor":37,"turns":5},{"damage":6,"enemies":"4 Shapes","floor":39,"turns":4},{"damage":1,"enemies":"Reptomancer","floor":41,"turns":5},{"damage":0,"enemies":"Donu and Deca","floor":50,"turns":11},{"damage":15,"enemies":"Shield and Spear","floor":54,"turns":5},{"damage":93,"enemies":"The Heart","floor":55,"turns":10}],"seed_played":"-4101226761769684014","potions_obtained":[],"is_trial":false,"path_per_floor":["M","?","M","M","?","E","M","R","T","E","?","E","M","E","R","B",null,"M","M","M","?","?","E","$","E","T","M","M","$","E","M","R","B",null,"M","?","M","?","M","R","E","R","T","$","R","?","R","?","R","B",null,"R","$","E","B",null],"character_chosen":"DEFECT","items_purchased":["Defragment","CeramicFish","Scrape+1","ClockworkSouvenir","Blood Vial","Creative AI","Glacier","Beam Cell+1","Ball Lightning+1","Leap"],"campfire_rested":1,"item_purchase_floors":[24,24,29,29,29,44,44,53,53,53],"current_hp_per_floor":[74,74,74,74,74,31,25,47,47,38,63,53,49,49,49,42,75,70,70,70,54,54,54,54,48,48,41,41,41,43,43,43,13,75,60,53,54,54,50,50,51,51,51,51,51,51,51,51,51,53,75,75,75,60,27],"gold":131,"neow_bonus":"BOSS_RELIC","is_daily":false,"chose_seed":false,"campfire_upgraded":1,"win_rate":0.0,"timestamp":1612494074,"path_taken":["M","?","M","?","?","E","M","R","T","E","?","E","M","E","R","BOSS","M","M","M","?","?","E","$","E","T","M","M","?","E","M","R","BOSS","M","?","M","?","M","R","E","R","T","$","R","?","R","?","R","BOSS","R","$","E","BOSS"],"items_purchased_type":["Card","Relic","Card","Relic","Relic","Card","Card","Card","Card","Card"],"build_version":"2020-12-22","purchased_purges":1,"victory":true,"max_hp_per_floor":[75,75,75,75,75,75,75,75,75,75,75,75,75,75,75,75,75,75,75,75,75,75,75,75,75,75,75,75,75,75,75,75,75,75,75,75,75,75,75,75,75,75,75,75,75,75,75,75,75,75,75,75,75,75,75],"card_choices":[{"not_picked":["Conserve Battery","Turbo"],"picked":"Glacier","floor":1},{"not_picked":["Beam Cell","Storm"],"picked":"Rebound","floor":3},{"not_picked":["Static Discharge","Storm"],"picked":"Cold Snap","floor":4},{"not_picked":["Beam Cell+1","Machine Learning"],"picked":"Gash+1","floor":6},{"not_picked":["Barrage+1","Compile Driver+1"],"picked":"Gash+1","floor":7},{"not_picked":["Aggregate","Leap"],"picked":"Sunder+1","floor":10},{"not_picked":["Steam Power","Chaos"],"picked":"Gash+1","floor":12},{"not_picked":["Hello World","Fusion"],"picked":"FTL+1","floor":13},{"not_picked":["BootSequence","Meteor Strike+1"],"picked":"Go for the Eyes+1","floor":14},{"not_picked":["Fission","Rainbow"],"picked":"Meteor Strike+1","floor":16},{"not_picked":["Steam+1","Redo"],"picked":"White Noise","floor":18},{"not_picked":["Stack","Double Energy+1"],"picked":"Hologram","floor":19},{"not_picked":["Rebound+1","Chaos"],"picked":"Consume","floor":20},{"not_picked":["Scrape+1","Reinforced Body"],"picked":"Amplify","floor":23},{"not_picked":["Barrage+1","Recycle"],"picked":"Coolheaded+1","floor":25},{"not_picked":["Stack","Rebound+1"],"picked":"Sweeping Beam+1","floor":27},{"not_picked":["Hologram","Rebound+1"],"picked":"FTL+1","floor":28},{"not_picked":["Genetic Algorithm","Leap"],"picked":"Cold Snap+1","floor":30},{"not_picked":["Coolheaded","Steam"],"picked":"Cold Snap+1","floor":31},{"not_picked":["Multi-Cast","Machine Learning"],"picked":"Reboot","floor":33},{"not_picked":["Hologram","Rebound+1"],"picked":"Steam","floor":35},{"not_picked":["Reinforced Body","Redo"],"picked":"Conserve Battery+1","floor":36},{"not_picked":["Leap","Conserve Battery+1"],"picked":"Scrape+1","floor":37},{"not_picked":["Dark Shackles","Thinking Ahead"],"picked":"Good Instincts","floor":38},{"not_picked":["Beam Cell+1","Melter+1"],"picked":"Gash+1","floor":39},{"not_picked":["Stack+1","Coolheaded"],"picked":"Capacitor+1","floor":41},{"not_picked":["Steam+1","Blizzard+1"],"picked":"Consume+1","floor":54}],"player_experience":237071,"relics_obtained":[{"floor":6,"key":"Molten Egg 2"},{"floor":9,"key":"Bag of Marbles"},{"floor":10,"key":"Juzu Bracelet"},{"floor":12,"key":"Lantern"},{"floor":14,"key":"Centennial Puzzle"},{"floor":21,"key":"Enchiridion"},{"floor":23,"key":"StrikeDummy"},{"floor":23,"key":"Bronze Scales"},{"floor":25,"key":"Shovel"},{"floor":25,"key":"Meat on the Bone"},{"floor":26,"key":"Gremlin Horn"},{"floor":30,"key":"Potion Belt"},{"floor":30,"key":"Omamori"},{"floor":32,"key":"Blue Candle"},{"floor":36,"key":"Turnip"},{"floor":40,"key":"Symbiotic Virus"},{"floor":41,"key":"Incense Burner"},{"floor":41,"key":"War Paint"},{"floor":42,"key":"Orichalcum"},{"floor":45,"key":"Art of War"},{"floor":47,"key":"Lizard Tail"},{"floor":52,"key":"Sundial"},{"floor":54,"key":"Eternal Feather"},{"floor":54,"key":"Bottled Flame"}],"event_choices":[{"damage_healed":0,"gold_gain":0,"player_choice":"Bought 0 Potions","damage_taken":0,"max_hp_gain":0,"max_hp_loss":0,"event_name":"The Woman in Blue","floor":2,"gold_loss":0},{"damage_healed":0,"gold_gain":0,"player_choice":"Ignored","damage_taken":0,"max_hp_gain":0,"max_hp_loss":0,"event_name":"Liars Game","floor":5,"gold_loss":0},{"damage_healed":25,"gold_gain":0,"player_choice":"Banana","damage_taken":0,"max_hp_gain":0,"max_hp_loss":0,"event_name":"Big Fish","floor":11,"gold_loss":0},{"damage_healed":0,"gold_gain":0,"player_choice":"Obtained Book","damage_taken":16,"max_hp_gain":0,"max_hp_loss":0,"event_name":"Cursed Tome","floor":21,"gold_loss":0},{"damage_healed":0,"gold_gain":0,"player_choice":"Simplicity","damage_taken":0,"max_hp_gain":0,"max_hp_loss":0,"event_name":"Back to Basics","floor":22,"gold_loss":0,"cards_upgraded":["Strike_B","Strike_B","Strike_B","Strike_B","Defend_B","Defend_B","Defend_B","Defend_B"]},{"damage_healed":0,"gold_gain":0,"player_choice":"Fight","damage_taken":0,"max_hp_gain":0,"max_hp_loss":0,"event_name":"Mysterious Sphere","floor":36,"gold_loss":0},{"damage_healed":0,"gold_gain":0,"player_choice":"Memory 1","damage_taken":0,"max_hp_gain":0,"max_hp_loss":0,"event_name":"SensoryStone","floor":38,"gold_loss":0},{"cards_removed":["Defend_B"],"damage_healed":0,"gold_gain":0,"player_choice":"Removed Skill","damage_taken":0,"max_hp_gain":0,"max_hp_loss":0,"event_name":"Falling","floor":46,"gold_loss":0},{"damage_healed":0,"gold_gain":0,"player_choice":"Forge","damage_taken":0,"max_hp_gain":0,"max_hp_loss":0,"event_name":"Accursed Blacksmith","floor":48,"gold_loss":0,"cards_upgraded":["Consume"]}],"is_beta":false,"boss_relics":[{"not_picked":["Tiny House","Calling Bell"],"picked":"Black Star"},{"not_picked":["Velvet Choker","Astrolabe"],"picked":"Inserter"}],"items_purged_floors":[24],"is_endless":false,"potions_floor_spawned":[1,3,7,14,16,20,23,25,28,30,35,39,41],"ascension_level":1}}