{"host":"c6u7e77myxvw4d0m","time":1612506940,"event":{"mods":["AchievementEnabler","BaseMod","Bestiary","Colored Map","Colored Powertips","Minty Spire (QoL Compilation)","Rare Cards Sparkle","Relic Stats","everything is the same but u backflip on backflip"],"gold_per_floor":[118,138,153,153,170,170,142,155,181,181,181],"floor_reached":10,"language":"ENG","playtime":540,"items_purged":[],"score":124,"play_id":"a12a6e33-086a-46de-a749-6743bd4de0a4","local_time":"20210205083540","is_ascension_mode":true,"campfire_choices":[{"data":"Quick Slash","floor":6,"key":"SMITH"}],"circlet_count":0,"master_deck":["AscendersBane","Strike_G","Strike_G","Strike_G","Strike_G","Strike_G","Defend_G","Defend_G","Defend_G","Defend_G","Defend_G","Survivor","Neutralize","Flying Knee","Dagger Spray+1","PiercingWail","Quick Slash+1","Cloak And Dagger","Blade Dance"],"relics":["SlaversCollar","Regal Pillow"],"acts_visited":["Exordium"],"potions_floor_usage":[10],"damage_taken":[{"damage":2,"enemies":"Jaw Worm","floor":1,"turns":5},{"damage":4,"enemies":"Cultist","floor":2,"turns":5},{"damage":1,"enemies":"2 Louse","floor":3,"turns":2},{"damage":10,"enemies":"Large Slime","floor":5,"turns":7},{"damage":11,"enemies":"Exordium Thugs","floor":7,"turns":4},{"damage":0,"enemies":"2 Fungi Beasts","floor":8,"turns":2},{"damage":31,"enemies":"Gremlin Nob","floor":10,"turns":3}],"seed_played":"887933280932946176","potions_obtained":[{"floor":8,"key":"Dexterity Potion"}],"is_trial":false,"path_per_floor":["M","M","M","?","M","R","M","M","T","E"],"character_chosen":"THE_SILENT","items_purchased":[],"campfire_rested":0,"item_purchase_floors":[],"current_hp_per_floor":[57,53,52,52,42,42,31,31,31,0,0],"gold":181,"neow_bonus":"BOSS_RELIC","is_daily":false,"chose_seed":false,"campfire_upgraded":1,"win_rate":0.0,"timestamp":1612506940,"path_taken":["M","M","M","?","M","R","M","M","T","E"],"items_purchased_type":[],"build_version":"2020-12-22","purchased_purges":0,"victory":false,"max_hp_per_floor":[66,66,66,66,66,66,66,66,66,66,66],"relic_stats":{"Regal Pillow":0,"counters":[7,28],"obtain_stats":[{"SlaversCollar":0,"Regal Pillow":9,"Ring of the Snake":0},{"SlaversCollar":0,"Regal Pillow":6,"Ring of the Snake":0},{"SlaversCollar":0,"Regal Pillow":25,"Ring of the Snake":0}]},"card_choices":[{"not_picked":["Acrobatics","Bane"],"picked":"Flying Knee","floor":1},{"not_picked":["Reflex","Quick Slash"],"picked":"Dagger Spray","floor":2},{"not_picked":["Prepared","Heel Hook"],"picked":"PiercingWail","floor":3},{"not_picked":["Slice","Backstab"],"picked":"Quick Slash","floor":5},{"not_picked":["Flying Knee","Adrenaline"],"picked":"Cloak And Dagger","floor":7},{"not_picked":["Backflip","Prepared"],"picked":"Blade Dance","floor":8}],"player_experience":678927,"relics_obtained":[{"floor":9,"key":"Regal Pillow"}],"event_choices":[{"damage_healed":0,"gold_gain":0,"player_choice":"Forge","damage_taken":0,"max_hp_gain":0,"max_hp_loss":0,"event_name":"Accursed Blacksmith","floor":4,"gold_loss":0,"cards_upgraded":["Dagger Spray"]}],"is_beta":false,"boss_relics":[],"items_purged_floors":[],"is_endless":false,"potions_floor_spawned":[8],"killed_by":"Gremlin Nob","ascension_level":20}}