{"host":"hf2f7r8j0okuuwnk","time":1612561680,"event":{"mods":["Bard","BaseMod","Conspire","Energized Spire","Hubris","Mad Scientist","Minty Spire (QoL Compilation)","Replay The Spire","StSLib","The Blackbeard","The Cursed","The Hayseed","The Jungle","The Mystic","The Showman"],"gold_per_floor":[117,133,133,146,146,146,180,194,194,219,231,243,274,315,327,442,454,478,508,536,562,305,305,348,348,348,348,254,254,254,294,338,362,362,474,474,501,501,198,228,228,228,51,51,75,75,117,144,171,205,205,223,223],"floor_reached":52,"language":"DEU","playtime":4675,"items_purged":[],"score":541,"play_id":"8b29501b-864e-447c-8180-cd23eb5bde32","local_time":"20210205224800","is_ascension_mode":false,"campfire_choices":[{"floor":6,"key":"RECALL"},{"floor":12,"key":"REST"},{"floor":15,"key":"REST"},{"floor":23,"key":"REST"},{"data":"Devotion","floor":25,"key":"SMITH"},{"data":"LikeWater","floor":27,"key":"SMITH"},{"data":"LikeWater","floor":42,"key":"SMITH"},{"data":"LikeWater","floor":44,"key":"SMITH"},{"floor":51,"key":"REST"}],"circlet_count":0,"master_deck":["Strike_P","Strike_P","Strike_P","Strike_P","Defend_P","Defend_P","Defend_P","Eruption","Vigilance","Perseverance","Tantrum","Evaluate","Meditate+1","LikeWater+1","Halt","Consecrate","LikeWater+1","Devotion+1","SashWhip+1","FlyingSleeves","LikeWater+1","FollowUp","MasterReality+1","ReplayTheSpireMod:Brewmster+1","DevaForm+1","CarveReality+1","Replay:LoomingThreat+1","ReachHeaven+1","ReachHeaven+1","Adaptation+1","FlurryOfBlows+1","WindmillStrike+1","SandsOfTime"],"relics":["PureWater","Happy Flower","Replay:Wax Seal","MawBank","Membership Card","Lantern","Eternal Feather","Black Star","MealTicket","Replay:Bandana","conspire:TopHat","Blood Vial","Matryoshka","Golden Egg","hubris:ScarierMask","Guide Book","CaptainsWheel","Nunchaku","Oddly Smooth Stone","Replay:Baseball","Bottled Lightning","Strawberry"],"acts_visited":["Exordium","TheCity","TheBeyond"],"potions_floor_usage":[7,10,16,21,24,32,32,32,33,33,35,35,35,35,35,35,35,35,35,40,41,41,48,48,48,50,50,52,52,52,52,52,52,52,52],"damage_taken":[{"damage":1,"enemies":"2 Louse","floor":1,"turns":3},{"damage":9,"enemies":"Small Slimes","floor":2,"turns":4},{"damage":6,"enemies":"Jaw Worm","floor":4,"turns":4},{"damage":23,"enemies":"Lagavulin","floor":7,"turns":9},{"damage":7,"enemies":"Gremlin Gang","floor":8,"turns":5},{"damage":12,"enemies":"Gremlin Nob","floor":10,"turns":4},{"damage":5,"enemies":"2 Fungi Beasts","floor":13,"turns":4},{"damage":13,"enemies":"3 Sentries","floor":14,"turns":8},{"damage":23,"enemies":"Hexaghost","floor":16,"turns":12},{"damage":3,"enemies":"3 Byrds","floor":18,"turns":8},{"damage":5,"enemies":"Spheric Guardian","floor":19,"turns":5},{"damage":24,"enemies":"Chosen and Byrds","floor":20,"turns":9},{"damage":20,"enemies":"Snake Plant","floor":21,"turns":7},{"damage":42,"enemies":"Replay:Snechameleon","floor":24,"turns":6},{"damage":42,"enemies":"Sentry and Sphere","floor":31,"turns":7},{"damage":16,"enemies":"conspire:SneckoGhost","floor":32,"turns":8},{"damage":13,"enemies":"Centurion and Healer","floor":33,"turns":8},{"damage":26,"enemies":"Collector","floor":35,"turns":10},{"damage":17,"enemies":"3 Shapes","floor":37,"turns":2},{"damage":32,"enemies":"3 Darklings","floor":40,"turns":6},{"damage":0,"enemies":"4 Shapes","floor":41,"turns":1},{"damage":23,"enemies":"Transient","floor":47,"turns":5},{"damage":4,"enemies":"3 Darklings","floor":48,"turns":4},{"damage":0,"enemies":"4 Shapes","floor":49,"turns":5},{"damage":19,"enemies":"Spire Growth","floor":50,"turns":6},{"damage":98,"enemies":"Time Eater","floor":52,"turns":8}],"seed_played":"-3026739818023583756","potions_obtained":[{"floor":1,"key":"Dexterity Potion"},{"floor":2,"key":"Venom Potion"},{"floor":7,"key":"StancePotion"},{"floor":10,"key":"Elixir"},{"floor":14,"key":"AttackPotion"},{"floor":20,"key":"Fire Potion"},{"floor":31,"key":"FairyPotion"},{"floor":33,"key":"DuplicationPotion"},{"floor":40,"key":"Dexterity Potion"},{"floor":47,"key":"Explosive Potion"},{"floor":48,"key":"Strength Potion"}],"is_trial":false,"path_per_floor":["M","M","?","M","?","R","E","M","T","E","$","R","M","E","R","B",null,"M","M","M","M","$","R","E","R","T","R","$","PTL","PTL","M","E","M","R","B",null,"M","?","$","M","M","R","$","R","T","?","M","M","M","M","R","B"],"character_chosen":"WATCHER","items_purchased":["Membership Card","Lantern","MealTicket","Replay:Bandana","MasterReality","StancePotion","ReplayTheSpireMod:Brewmster","Guide Book","CaptainsWheel","Nunchaku","Adaptation+1","Oddly Smooth Stone","Replay:Baseball"],"campfire_rested":4,"item_purchase_floors":[11,11,22,22,22,22,28,39,39,39,43,43,43],"current_hp_per_floor":[78,69,69,63,63,63,40,33,33,21,1,24,19,6,38,15,79,76,71,47,27,27,62,20,32,32,44,59,59,59,19,5,22,60,36,79,62,62,77,47,49,64,79,79,86,86,63,61,63,46,86,0,0],"gold":223,"neow_bonus":"TEN_PERCENT_HP_BONUS","is_daily":false,"chose_seed":false,"campfire_upgraded":4,"win_rate":0.0,"timestamp":1612561680,"path_taken":["M","M","?","M","?","R","E","M","T","E","?","R","M","E","R","BOSS","M","M","M","M","$","R","E","R","T","R","$","PTL","PTL","M","E","M","R","BOSS","M","?","$","M","M","R","$","R","T","?","M","M","M","M","R","BOSS"],"items_purchased_type":["Relic","Relic","Relic","Relic","Card","Potion","Card","Relic","Relic","Relic","Card","Relic","Relic"],"build_version":"2020-12-22","purchased_purges":0,"victory":false,"max_hp_per_floor":[79,79,79,79,79,79,79,79,79,79,79,79,79,79,79,79,79,79,79,79,79,79,79,79,79,79,79,79,79,79,79,79,79,79,79,79,79,79,79,79,79,79,79,79,86,86,86,86,86,86,86,86,86],"card_choices":[{"not_picked":["Meditate","CrushJoints"],"picked":"Perseverance","floor":1},{"not_picked":["SashWhip","WreathOfFlame"],"picked":"Tantrum","floor":2},{"not_picked":["Crescendo","Replay:BluntJabs"],"picked":"Evaluate","floor":4},{"not_picked":["Wallop","Halt"],"picked":"LikeWater","floor":7},{"not_picked":["JustLucky","Evaluate"],"picked":"Halt","floor":8},{"not_picked":["Protect","Study","DeusExMachina"],"picked":"SKIP","floor":10},{"not_picked":["CrushJoints","SignatureMove"],"picked":"Consecrate","floor":13},{"not_picked":["FlyingSleeves","Replay:BluntJabs"],"picked":"LikeWater","floor":14},{"not_picked":["DeusExMachina","Blasphemy"],"picked":"Devotion","floor":16},{"not_picked":["EmptyBody","Study"],"picked":"SashWhip+1","floor":18},{"not_picked":["EmptyFist","Replay:BluntJabs"],"picked":"FlyingSleeves","floor":19},{"not_picked":["Replay:ManipulateFuture+1","Swivel"],"picked":"LikeWater","floor":20},{"not_picked":["Replay:BluntJabs","Perseverance"],"picked":"FollowUp","floor":21},{"not_picked":["FlyingSleeves","Halt","Worship"],"picked":"SKIP","floor":24},{"not_picked":["EmptyFist","Replay:ManipulateFuture"],"picked":"DevaForm","floor":31},{"not_picked":["Meditate","Replay:Cycle","Vengeance"],"picked":"SKIP","floor":32},{"not_picked":["ClearTheMind","FollowUp"],"picked":"CarveReality+1","floor":33},{"not_picked":["ConjureBlade","MasterReality"],"picked":"Replay:LoomingThreat","floor":35},{"not_picked":["JustLucky+1","Collect"],"picked":"ReachHeaven+1","floor":37},{"not_picked":["Protect+1","DeceiveReality"],"picked":"ReachHeaven+1","floor":40},{"not_picked":["Collect+1","CrushJoints+1"],"picked":"FlurryOfBlows+1","floor":47},{"not_picked":["Fasting2","FlyingSleeves"],"picked":"WindmillStrike+1","floor":48},{"not_picked":["BowlingBash+1","Replay:AtTheReady+1","Collect"],"picked":"SKIP","floor":49},{"not_picked":["Tantrum+1","FearNoEvil+1"],"picked":"SandsOfTime","floor":50}],"player_experience":299404,"relics_obtained":[{"floor":7,"key":"Happy Flower"},{"floor":9,"key":"Replay:Wax Seal"},{"floor":10,"key":"MawBank"},{"floor":14,"key":"Eternal Feather"},{"floor":24,"key":"conspire:TopHat"},{"floor":24,"key":"Blood Vial"},{"floor":32,"key":"Matryoshka"},{"floor":32,"key":"Golden Egg"},{"floor":45,"key":"Bottled Lightning"},{"floor":45,"key":"Strawberry"}],"event_choices":[{"damage_healed":0,"gold_gain":0,"player_choice":"Ignored","damage_taken":0,"max_hp_gain":0,"max_hp_loss":0,"event_name":"Golden Wing","floor":3,"gold_loss":0},{"damage_healed":0,"gold_gain":0,"player_choice":"Leave","damage_taken":0,"max_hp_gain":0,"max_hp_loss":0,"event_name":"conspire:Investor","floor":46,"gold_loss":0}],"is_beta":false,"boss_relics":[{"not_picked":["Calling Bell","conspire:RunicOctahedron"],"picked":"Black Star"},{"not_picked":["conspire:SpecialSausage","hubris:GrandSneckoEye"],"picked":"hubris:ScarierMask"}],"items_purged_floors":[],"is_endless":false,"potions_floor_spawned":[1,2,7,10,14,20,31,33,40,47,48],"killed_by":"Time Eater","ascension_level":0}}