{"host":"Krakhan","time":1612499825,"event":{"mods":["AchievementEnabler","BaseMod","Colored Map","Colored Powertips","Faster Ascension Climbing","Highlight Path","Minty Spire (QoL Compilation)","Rare Cards Sparkle","Relic Stats","StSLib"],"gold_per_floor":[116,49,49,63,80,80,100,100,123,143,171,181,192,220,220,220,220],"floor_reached":16,"language":"ENG","playtime":903,"items_purged":[],"score":278,"play_id":"c0864166-8cf5-413b-89c1-d98c2c71a938","local_time":"20210204233705","is_ascension_mode":true,"campfire_choices":[{"data":"Noxious Fumes","floor":6,"key":"SMITH"},{"data":"Dagger Spray","floor":8,"key":"SMITH"},{"data":"Adrenaline","floor":15,"key":"SMITH"}],"circlet_count":0,"master_deck":["AscendersBane","Strike_G","Strike_G","Strike_G","Strike_G","Strike_G","Defend_G","Defend_G","Defend_G","Defend_G","Defend_G","Survivor","Neutralize","Adrenaline+1","Dagger Throw","Dagger Spray+1","Noxious Fumes+1","Underhanded Strike","All Out Attack","Dash","Blade Dance","Bane","Outmaneuver"],"relics":["Ring of the Snake","Snake Skull","Anchor","FossilizedHelix","Toy Ornithopter"],"acts_visited":["Exordium"],"potions_floor_usage":[7,14],"damage_taken":[{"damage":2,"enemies":"Jaw Worm","floor":1,"turns":5},{"damage":1,"enemies":"Small Slimes","floor":4,"turns":4},{"damage":0,"enemies":"Cultist","floor":5,"turns":3},{"damage":2,"enemies":"Gremlin Gang","floor":7,"turns":3},{"damage":0,"enemies":"2 Fungi Beasts","floor":10,"turns":2},{"damage":2,"enemies":"3 Sentries","floor":11,"turns":4},{"damage":0,"enemies":"Blue Slaver","floor":12,"turns":3},{"damage":0,"enemies":"Lots of Slimes","floor":13,"turns":2},{"damage":0,"enemies":"Gremlin Nob","floor":14,"turns":3},{"damage":38,"enemies":"The Guardian","floor":16,"turns":9}],"seed_played":"145856061799026956","potions_obtained":[{"floor":1,"key":"Fire Potion"},{"floor":5,"key":"PowerPotion"},{"floor":10,"key":"Ancient Potion"},{"floor":13,"key":"Explosive Potion"}],"is_trial":false,"path_per_floor":["M","?","?","M","M","R","M","R","T","M","E","M","M","E","R","B"],"character_chosen":"THE_SILENT","items_purchased":[],"campfire_rested":0,"item_purchase_floors":[],"current_hp_per_floor":[42,42,42,41,41,41,39,39,39,39,37,37,37,37,37,0,0],"gold":220,"neow_bonus":"THREE_RARE_CARDS","is_daily":false,"chose_seed":false,"campfire_upgraded":3,"win_rate":0.0,"timestamp":1612499825,"path_taken":["M","?","?","M","M","R","M","R","T","?","E","M","?","E","R","BOSS"],"items_purchased_type":[],"build_version":"2020-12-18","purchased_purges":0,"victory":false,"max_hp_per_floor":[66,66,66,66,66,66,66,66,66,66,66,66,66,66,66,66,66],"relic_stats":{"counters":[10,38],"Snake Skull":[22],"obtain_stats":[{"Anchor":9,"Snake Skull":3,"FossilizedHelix":11,"Toy Ornithopter":14,"Ring of the Snake":0},{"Anchor":4,"Snake Skull":1,"FossilizedHelix":6,"Toy Ornithopter":9,"Ring of the Snake":0},{"Anchor":15,"Snake Skull":5,"FossilizedHelix":21,"Toy Ornithopter":29,"Ring of the Snake":0}],"Toy Ornithopter":0,"Ring of the Snake":[20]},"card_choices":[{"not_picked":["Storm of Steel","Night Terror"],"picked":"Adrenaline","floor":0},{"not_picked":["Well Laid Plans","Caltrops"],"picked":"Dagger Throw","floor":1},{"not_picked":["Flying Knee","Slice"],"picked":"Dagger Spray","floor":4},{"not_picked":["Prepared","Concentrate"],"picked":"Noxious Fumes","floor":5},{"not_picked":["Acrobatics","Backflip"],"picked":"Underhanded Strike","floor":7},{"not_picked":["Sucker Punch","Bane"],"picked":"All Out Attack","floor":10},{"not_picked":["Catalyst","Flechettes"],"picked":"Dash","floor":11},{"not_picked":["Concentrate","Backflip"],"picked":"Blade Dance","floor":12},{"not_picked":["Finisher","Expertise"],"picked":"Bane","floor":13},{"not_picked":["Storm of Steel","Tactician"],"picked":"Outmaneuver","floor":14}],"player_experience":1376624,"relics_obtained":[{"floor":9,"key":"Anchor"},{"floor":11,"key":"FossilizedHelix"},{"floor":14,"key":"Toy Ornithopter"}],"event_choices":[{"damage_healed":0,"gold_gain":0,"player_choice":"Left Gold","damage_taken":0,"max_hp_gain":0,"max_hp_loss":0,"event_name":"World of Goop","floor":2,"gold_loss":67},{"damage_healed":0,"gold_gain":0,"player_choice":"Gave Potion","damage_taken":0,"relics_obtained":["Snake Skull"],"max_hp_gain":0,"max_hp_loss":0,"event_name":"WeMeetAgain","floor":3,"gold_loss":0}],"is_beta":true,"boss_relics":[],"items_purged_floors":[],"is_endless":false,"potions_floor_spawned":[1,5,10,13],"killed_by":"The Guardian","ascension_level":20}}