{"host":"5w7hw1ne5h7avrl9","time":1612501446,"event":{"mods":["AchievementEnabler","BaseMod","Colored Map","Colored Powertips","Displayed Cursed Tome","Googly Eyes","Minty Spire (QoL Compilation)","SuperFastMode"],"gold_per_floor":[110,125,50,65,20,20,48,48,98,98,119,142,173,248,248,379,379,403,426,341,341,106,106,106,106,106],"floor_reached":25,"language":"ENG","playtime":1313,"items_purged":["Defend_B","Strike_B"],"score":230,"play_id":"8fccde00-2934-4e0a-bb6c-9998f0ee7466","local_time":"20210204210406","is_ascension_mode":true,"campfire_choices":[{"data":"Thunder Strike","floor":6,"key":"SMITH"},{"data":"Recycle","floor":8,"key":"SMITH"},{"floor":15,"key":"REST"},{"data":"Conserve Battery","floor":23,"key":"SMITH"}],"circlet_count":0,"master_deck":["Strike_B","Strike_B+1","Strike_B+1","Defend_B","Defend_B","Defend_B","Zap","Dualcast","Thunder Strike+1","Conserve Battery+1","Recycle+1","Leap","Rainbow","Machine Learning","Conserve Battery","Defragment","Bandage Up","RitualDagger"],"relics":["Cracked Core","Whetstone","Tiny Chest","Golden Idol","Lantern","Velvet Choker","Matryoshka","PreservedInsect","Gremlin Horn"],"acts_visited":["Exordium","TheCity"],"potions_floor_usage":[12,13,19],"damage_taken":[{"damage":0,"enemies":"Cultist","floor":1,"turns":4},{"damage":7,"enemies":"Small Slimes","floor":2,"turns":4},{"damage":7,"enemies":"Jaw Worm","floor":4,"turns":3},{"damage":24,"enemies":"Gremlin Nob","floor":7,"turns":5},{"damage":3,"enemies":"Blue Slaver","floor":11,"turns":3},{"damage":1,"enemies":"Looter","floor":12,"turns":3},{"damage":8,"enemies":"Lagavulin","floor":13,"turns":7},{"damage":44,"enemies":"Slime Boss","floor":16,"turns":10},{"damage":15,"enemies":"2 Thieves","floor":18,"turns":4},{"damage":3,"enemies":"Chosen","floor":19,"turns":6},{"damage":63,"enemies":"Gremlin Leader","floor":25,"turns":7}],"seed_played":"8351032885963202975","potions_obtained":[{"floor":2,"key":"FairyPotion"},{"floor":7,"key":"FocusPotion"},{"floor":11,"key":"SteroidPotion"},{"floor":12,"key":"Fruit Juice"},{"floor":18,"key":"Dexterity Potion"}],"is_trial":false,"path_per_floor":["M","M","$","M","$","R","E","R","T","?","M","M","E","?","R","B",null,"M","M","?","T","$","R","?","E"],"character_chosen":"DEFECT","items_purchased":["Leap","Defragment","Bandage Up"],"campfire_rested":1,"item_purchase_floors":[5,22,22],"current_hp_per_floor":[75,68,68,61,61,61,37,37,37,37,34,38,30,19,41,22,74,59,56,56,56,56,56,50,0,0],"gold":106,"neow_bonus":"ONE_RANDOM_RARE_CARD","is_daily":false,"chose_seed":false,"campfire_upgraded":3,"win_rate":0.0,"timestamp":1612501446,"path_taken":["M","M","$","M","?","R","E","R","T","?","M","M","E","?","R","BOSS","M","M","?","?","$","R","?","E"],"items_purchased_type":["Card","Card","Card"],"build_version":"2020-12-22","purchased_purges":2,"victory":false,"max_hp_per_floor":[75,75,75,75,75,75,75,75,75,69,69,74,74,74,74,74,74,74,74,74,74,74,74,74,74,74],"card_choices":[{"not_picked":["Stack","Rebound"],"picked":"Conserve Battery","floor":1},{"not_picked":["Sweeping Beam","Steam","Turbo"],"picked":"SKIP","floor":2},{"not_picked":["Hello World","Blizzard"],"picked":"Recycle","floor":4},{"not_picked":["BootSequence","Steam Power","Hologram"],"picked":"SKIP","floor":7},{"not_picked":["Cold Snap","Darkness","Fusion"],"picked":"SKIP","floor":11},{"not_picked":["Conserve Battery","BootSequence"],"picked":"Rainbow","floor":12},{"not_picked":["Skim","BootSequence","Force Field"],"picked":"SKIP","floor":13},{"not_picked":["Core Surge","Reboot"],"picked":"Machine Learning","floor":16},{"not_picked":["Stack","Hologram","Gash"],"picked":"SKIP","floor":18},{"not_picked":["Gash","Beam Cell"],"picked":"Conserve Battery","floor":19}],"player_experience":197879,"relics_obtained":[{"floor":7,"key":"Whetstone"},{"floor":9,"key":"Tiny Chest"},{"floor":13,"key":"Lantern"},{"floor":21,"key":"PreservedInsect"},{"floor":21,"key":"Gremlin Horn"}],"event_choices":[{"damage_healed":0,"gold_gain":0,"player_choice":"Lose Max HP","damage_taken":0,"relics_obtained":["Golden Idol"],"max_hp_gain":0,"max_hp_loss":6,"event_name":"Golden Idol","floor":10,"gold_loss":0},{"damage_healed":0,"gold_gain":75,"player_choice":"Gather Gold","damage_taken":11,"max_hp_gain":0,"max_hp_loss":0,"event_name":"World of Goop","floor":14,"gold_loss":0},{"damage_healed":0,"gold_gain":0,"player_choice":"Obtained Relic","damage_taken":0,"relics_obtained":["Matryoshka"],"max_hp_gain":0,"max_hp_loss":0,"event_name":"Addict","floor":20,"gold_loss":85},{"damage_healed":0,"gold_gain":0,"player_choice":"Joined the Cult","damage_taken":6,"max_hp_gain":0,"max_hp_loss":0,"event_name":"Nest","floor":24,"gold_loss":0,"cards_obtained":["RitualDagger"]}],"is_beta":false,"boss_relics":[{"not_picked":["Fusion Hammer","FrozenCore"],"picked":"Velvet Choker"}],"items_purged_floors":[3,22],"is_endless":false,"potions_floor_spawned":[2,7,11,12,18],"killed_by":"Gremlin Leader","ascension_level":2}}