{"host":"jz4ul6vrcxqkcr33","time":1612508634,"event":{"mods":["BaseMod","Minty Spire (QoL Compilation)","StSLib"],"gold_per_floor":[119,131,145,161,175,202,212,212,265,265,265,296,148,160,160,255,255,255,265,265,283,198,198,229,229,229,240,274,199,199,199],"floor_reached":30,"language":"ENG","playtime":982,"items_purged":[],"score":399,"play_id":"c3a9c79e-644c-4051-b186-1341569524e6","local_time":"20210205020354","is_ascension_mode":true,"campfire_choices":[{"floor":8.0,"key":"REST"},{"floor":10.0,"key":"RECALL"},{"floor":15.0,"key":"REST"},{"floor":23,"key":"REST"},{"floor":25,"key":"REST"}],"circlet_count":0,"master_deck":["Strike_B","Strike_B","Defend_B","Defend_B","Defend_B","Defend_B","Zap","Dualcast","Rebound","Sweeping Beam","Chill","Ball Lightning","Cold Snap","Multi-Cast","Sunder","Rebound","Cold Snap","Amplify","Rebound+1","Storm","Doom and Gloom+1","Reprogram","Amplify"],"relics":["Fusion Hammer","Nunchaku","Omamori","Regal Pillow","ClockworkSouvenir","Cursed Key","Mummified Hand","Orichalcum","Bag of Preparation","Ornamental Fan","Art of War"],"acts_visited":["TheCity"],"potions_floor_usage":[16,18,24,24,27,28],"damage_taken":[{"damage":1.0,"enemies":"Cultist","floor":1.0,"turns":4.0},{"damage":2.0,"enemies":"Jaw Worm","floor":2.0,"turns":3.0},{"damage":0.0,"enemies":"Small Slimes","floor":3.0,"turns":3.0},{"damage":6.0,"enemies":"Looter","floor":4.0,"turns":2.0},{"damage":1.0,"enemies":"2 Fungi Beasts","floor":5.0,"turns":2.0},{"damage":18.0,"enemies":"Lagavulin","floor":6.0,"turns":5.0},{"damage":0.0,"enemies":"3 Louse","floor":7.0,"turns":3.0},{"damage":0.0,"enemies":"3 Sentries","floor":12.0,"turns":4.0},{"damage":1.0,"enemies":"Blue Slaver","floor":14.0,"turns":3.0},{"damage":24,"enemies":"Slime Boss","floor":16,"turns":9},{"damage":0,"enemies":"2 Thieves","floor":18,"turns":1},{"damage":10,"enemies":"Chosen","floor":19,"turns":3},{"damage":19,"enemies":"Snake Plant","floor":21,"turns":6},{"damage":12,"enemies":"Gremlin Leader","floor":24,"turns":6},{"damage":0,"enemies":"Centurion and Healer","floor":27,"turns":4},{"damage":28,"enemies":"Slavers","floor":28,"turns":4},{"damage":55,"enemies":"Book of Stabbing","floor":30,"turns":6}],"seed_played":"-7836707938469299838","potions_obtained":[{"floor":3.0,"key":"PotionOfCapacity"},{"floor":4.0,"key":"Explosive Potion"},{"floor":6.0,"key":"SmokeBomb"},{"floor":16,"key":"Strength Potion"},{"floor":24,"key":"AttackPotion"},{"floor":27,"key":"AttackPotion"}],"is_trial":false,"path_per_floor":["M","M","M","M","M","E","M","R","T","R","?","E","$","M","R","B",null,"M","M","?","M","?","R","E","R","T","M","E","?","E"],"character_chosen":"DEFECT","items_purchased":["ClockworkSouvenir"],"campfire_rested":4,"item_purchase_floors":[13],"current_hp_per_floor":[67,65,65,59,58,40,40,62,62,62,62,62,62,61,75,51,69,69,59,59,40,40,75,63,75,75,75,47,47,0,0],"gold":199,"neow_bonus":"BOSS_RELIC","is_daily":false,"chose_seed":false,"campfire_upgraded":0,"win_rate":0.0,"timestamp":1612508634,"path_taken":["M","M","?","M","M","E","M","R","T","R","?","E","?","M","R","BOSS","M","M","?","M","?","R","E","R","T","M","E","?","E"],"items_purchased_type":["Relic"],"build_version":"2020-12-13","purchased_purges":0,"victory":false,"max_hp_per_floor":[75,75,75,75,75,75,75,75,75,75,75,75,75,75,75,75,75,75,75,75,75,75,75,75,75,75,75,75,75,75,75],"card_choices":[{"not_picked":["Redo","Compile Driver"],"picked":"Rebound","floor":1.0},{"not_picked":["Hello World","Gash"],"picked":"Sweeping Beam","floor":2.0},{"not_picked":["Conserve Battery","Doom and Gloom"],"picked":"Chill","floor":3.0},{"not_picked":["Beam Cell","Barrage"],"picked":"Ball Lightning","floor":4.0},{"not_picked":["Heatsinks","Gash"],"picked":"Cold Snap","floor":5.0},{"not_picked":["Skim","Ball Lightning"],"picked":"Multi-Cast","floor":6.0},{"not_picked":["Barrage","Compile Driver"],"picked":"Sunder","floor":7.0},{"not_picked":["Redo","Stack"],"picked":"Rebound","floor":12.0},{"not_picked":["Turbo","Streamline"],"picked":"Cold Snap","floor":14.0},{"not_picked":["Rainbow","Multi-Cast"],"picked":"Amplify","floor":16},{"not_picked":["Ball Lightning","Hologram"],"picked":"Rebound+1","floor":19},{"not_picked":["Blizzard","Rebound"],"picked":"Storm","floor":21},{"not_picked":["Blizzard","Rip and Tear"],"picked":"Doom and Gloom+1","floor":24},{"not_picked":["Redo","Capacitor"],"picked":"Reprogram","floor":27},{"not_picked":["Stack","Gash"],"picked":"Amplify","floor":28}],"player_experience":204042,"relics_obtained":[{"floor":6.0,"key":"Nunchaku"},{"floor":9.0,"key":"Omamori"},{"floor":12.0,"key":"Regal Pillow"},{"floor":24,"key":"Bag of Preparation"},{"floor":26,"key":"Ornamental Fan"},{"floor":28,"key":"Art of War"}],"event_choices":[{"cards_removed":["Strike_B"],"damage_healed":0.0,"max_hp_gain":0.0,"max_hp_loss":0.0,"gold_gain":0.0,"event_name":"Purifier","player_choice":"Purged","floor":11.0,"gold_loss":0.0,"damage_taken":0.0},{"damage_healed":0,"gold_gain":0,"player_choice":"Opened","damage_taken":0,"relics_obtained":["Mummified Hand"],"max_hp_gain":0,"max_hp_loss":0,"event_name":"The Mausoleum","floor":20,"gold_loss":0},{"damage_healed":0,"gold_gain":0,"player_choice":"Obtained Relic","damage_taken":0,"relics_obtained":["Orichalcum"],"max_hp_gain":0,"max_hp_loss":0,"event_name":"Addict","floor":22,"gold_loss":85},{"cards_removed":["Strike_B"],"damage_healed":0,"gold_gain":0,"player_choice":"Gave Gold","damage_taken":0,"max_hp_gain":0,"max_hp_loss":0,"event_name":"Beggar","floor":29,"gold_loss":75}],"is_beta":false,"boss_relics":[{"not_picked":["SacredBark","Coffee Dripper"],"picked":"Cursed Key"}],"items_purged_floors":[],"is_endless":false,"potions_floor_spawned":[3,4,6,7,16,24,27],"killed_by":"Book of Stabbing","ascension_level":6}}