{"host":"f5gffvlv6a66yqkd","time":1612527786,"event":{"mods":["2.2 Compatiblity","BaseMod","Colored Map","Custom Start","DeckTracker","Keyboard Shortcuts","Minty Spire (QoL Compilation)","Permanent Neow","Quick Restart","Relic Stats","StSLib","SuperFastMode"],"gold_per_floor":[117,135,145,70,88,88,118,118,118,118,118,118,150,160,160,238,288,307,264,0,0,0,0],"floor_reached":22,"language":"KOR","playtime":575,"items_purged":["Strike_R","Strike_R"],"score":388,"play_id":"7fd112e5-ccbd-4668-bcbb-9e27f3592eed","local_time":"20210205212306","is_ascension_mode":true,"campfire_choices":[{"data":"Armaments","floor":6.0,"key":"SMITH"},{"data":"Body Slam","floor":8.0,"key":"SMITH"},{"data":"Carnage","floor":10.0,"key":"SMITH"},{"data":"Flame Barrier","floor":15.0,"key":"SMITH"}],"circlet_count":0,"master_deck":["AscendersBane","Strike_R","Strike_R","Defend_R","Defend_R","Defend_R","Defend_R+1","Bash+1","Carnage+1","Shrug It Off","Body Slam+1","Armaments+1","Flame Barrier+1","Feed","Second Wind","Dark Embrace","Blood for Blood"],"relics":["Burning Blood","Happy Flower","Dream Catcher","InkBottle","Tiny House","Red Skull"],"acts_visited":["Exordium","TheCity"],"potions_floor_usage":[18],"damage_taken":[{"damage":12.0,"enemies":"Jaw Worm","floor":1.0,"turns":3.0},{"damage":10.0,"enemies":"Small Slimes","floor":2.0,"turns":3.0},{"damage":7.0,"enemies":"Cultist","floor":3.0,"turns":4.0},{"damage":4.0,"enemies":"Looter","floor":5.0,"turns":4.0},{"damage":6.0,"enemies":"Gremlin Nob","floor":7.0,"turns":3.0},{"damage":32.0,"enemies":"3 Sentries","floor":13.0,"turns":9.0},{"damage":2.0,"enemies":"3 Louse","floor":14.0,"turns":6.0},{"damage":35.0,"enemies":"The Guardian","floor":16.0,"turns":15.0},{"damage":25,"enemies":"3 Byrds","floor":18,"turns":3},{"damage":28,"enemies":"2 Thieves","floor":19,"turns":5},{"damage":30,"enemies":"Sentry and Sphere","floor":22,"turns":7}],"seed_played":"7239819332809083865","potions_obtained":[{"floor":1.0,"key":"Energy Potion"},{"floor":5.0,"key":"DuplicationPotion"},{"floor":14.0,"key":"ElixirPotion"},{"floor":16.0,"key":"PowerPotion"},{"floor":17.0,"key":"Strength Potion"},{"floor":19,"key":"SteroidPotion"}],"is_trial":false,"path_per_floor":["M","M","M","$","M","R","E","R","T","R","?","?","E","M","R","B",null,"M","M","$","?","M"],"character_chosen":"IRONCLAD","items_purchased":["Red Skull"],"campfire_rested":0,"item_purchase_floors":[20],"current_hp_per_floor":[62,58,57,57,59,59,59,59,59,59,64,64,38,42,42,13,68,53,31,31,31,1,1],"gold":0,"neow_bonus":"UPGRADE_CARD","is_daily":false,"chose_seed":false,"campfire_upgraded":4,"win_rate":0.0,"timestamp":1612527786,"path_taken":["M","M","M","$","M","R","E","R","T","R","?","?","E","M","R","BOSS","M","M","$","?","?"],"items_purchased_type":["Relic"],"build_version":"2020-12-22","purchased_purges":2,"victory":false,"max_hp_per_floor":[75,75,75,75,75,75,75,75,75,75,80,80,80,80,80,80,85,89,89,89,89,89,89],"relic_stats":{"Dream Catcher":0,"Happy Flower":[15],"counters":[11,62],"obtain_stats":[{"Dream Catcher":9,"Tiny House":17,"Happy Flower":7,"Burning Blood":0,"InkBottle":13,"Red Skull":20},{"Dream Catcher":5,"Tiny House":8,"Happy Flower":5,"Burning Blood":0,"InkBottle":6,"Red Skull":10},{"Dream Catcher":17,"Tiny House":47,"Happy Flower":17,"Burning Blood":0,"InkBottle":26,"Red Skull":55}],"Burning Blood":60,"InkBottle":[9]},"card_choices":[{"not_picked":["Body Slam","Clash"],"picked":"Carnage","floor":1.0},{"not_picked":["Headbutt","Inflame"],"picked":"Shrug It Off","floor":2.0},{"not_picked":["Clothesline","Spot Weakness"],"picked":"Body Slam","floor":3.0},{"not_picked":["Cleave","True Grit"],"picked":"Armaments","floor":5.0},{"not_picked":["Exhume","Rampage","Fire Breathing"],"picked":"SKIP","floor":7.0},{"not_picked":["Headbutt","Iron Wave"],"picked":"Flame Barrier","floor":13.0},{"not_picked":["Flex","Perfected Strike","Iron Wave"],"picked":"SKIP","floor":14.0},{"not_picked":["Limit Break","Demon Form"],"picked":"Feed","floor":16.0},{"not_picked":["Iron Wave","Clothesline"],"picked":"Second Wind","floor":17.0},{"not_picked":["Clash","Body Slam+1"],"picked":"Dark Embrace","floor":18},{"not_picked":["Heavy Blade","Iron Wave","Clothesline"],"picked":"SKIP","floor":19}],"player_experience":1654834,"relics_obtained":[{"floor":7.0,"key":"Happy Flower"},{"floor":9.0,"key":"Dream Catcher"},{"floor":13.0,"key":"InkBottle"}],"event_choices":[{"damage_healed":0.0,"max_hp_gain":5.0,"max_hp_loss":0.0,"gold_gain":0.0,"event_name":"Big Fish","player_choice":"Donut","floor":11.0,"gold_loss":0.0,"damage_taken":0.0},{"damage_healed":0.0,"max_hp_gain":0.0,"max_hp_loss":0.0,"gold_gain":0.0,"event_name":"Liars Game","player_choice":"Ignored","floor":12.0,"gold_loss":0.0,"damage_taken":0.0},{"damage_healed":0,"gold_gain":0,"cards_transformed":["Strike_R"],"player_choice":"Transformed","damage_taken":0,"max_hp_gain":0,"max_hp_loss":0,"event_name":"Transmorgrifier","floor":21,"gold_loss":0,"cards_obtained":["Blood for Blood"]}],"is_beta":false,"boss_relics":[{"not_picked":["Black Star","Sozu"],"picked":"Tiny House"}],"items_purged_floors":[4,20],"is_endless":false,"potions_floor_spawned":[1,5,14,16,19],"killed_by":"Sentry and Sphere","ascension_level":20}}