{"host":"5p9hybygolzp0efr","time":1612493158,"event":{"mods":["AchievementEnabler","BaseMod","Bestiary","Colored Map","Minty Spire (QoL Compilation)","Permanent Neow","Relic Stats"],"gold_per_floor":[113,113,125,137,18,44,144,155,178,212,212,212,229,35,35,132,132,148,162,162,162,199,234,234,234],"floor_reached":24,"language":"ENG","playtime":1546,"items_purged":["Defend_P"],"score":377,"play_id":"ffa9861a-1c81-4b38-b40b-5a2439e229ce","local_time":"20210205104558","is_ascension_mode":true,"campfire_choices":[{"data":"Wallop","floor":11.0,"key":"SMITH"},{"data":"Study","floor":15.0,"key":"SMITH"}],"circlet_count":0,"master_deck":["AscendersBane","Strike_P+1","Strike_P+1","Defend_P+1","Defend_P+1","Eruption+1","Vigilance","FearNoEvil","Study+1","MentalFortress","JustLucky","Wallop+1","ThirdEye","Consecrate","FlurryOfBlows","Adaptation","Halt","Wish","Tantrum","ClearTheMind+1","Collect","EmptyMind"],"relics":["PureWater","Omamori","Juzu Bracelet","Pen Nib","Coffee Dripper","Akabeko"],"acts_visited":["Exordium","TheCity"],"potions_floor_usage":[24],"damage_taken":[{"damage":1.0,"enemies":"Jaw Worm","floor":1.0,"turns":5.0},{"damage":0.0,"enemies":"Cultist","floor":3.0,"turns":4.0},{"damage":7.0,"enemies":"2 Louse","floor":4.0,"turns":2.0},{"damage":0.0,"enemies":"Gremlin Nob","floor":6.0,"turns":3.0},{"damage":11.0,"enemies":"2 Fungi Beasts","floor":8.0,"turns":3.0},{"damage":5.0,"enemies":"Lagavulin","floor":10.0,"turns":6.0},{"damage":0.0,"enemies":"Looter","floor":13.0,"turns":2.0},{"damage":14.0,"enemies":"Slime Boss","floor":16.0,"turns":8.0},{"damage":4.0,"enemies":"Chosen","floor":18.0,"turns":4.0},{"damage":0.0,"enemies":"Shell Parasite","floor":19.0,"turns":1.0},{"damage":4.0,"enemies":"Cultist and Chosen","floor":22.0,"turns":6.0},{"damage":26,"enemies":"Gremlin Leader","floor":23,"turns":7},{"damage":31,"enemies":"Shelled Parasite and Fungi","floor":24,"turns":2}],"seed_played":"-2656762426704231879","potions_obtained":[{"floor":4.0,"key":"FearPotion"},{"floor":10.0,"key":"Ambrosia"},{"floor":13.0,"key":"GamblersBrew"},{"floor":19.0,"key":"Ancient Potion"}],"is_trial":false,"path_per_floor":["M","?","M","M","$","E","?","M","T","E","R","?","M","$","R","B",null,"M","M","?","?","M","E","M"],"character_chosen":"WATCHER","items_purchased":["Wallop","ThirdEye","Adaptation","Halt"],"campfire_rested":0,"item_purchase_floors":[5,5,14,14],"current_hp_per_floor":[64,64,64,57,57,57,57,46,46,41,41,41,41,41,41,27,61,57,57,57,57,53,27,0,0],"gold":234,"neow_bonus":"UPGRADE_CARD","is_daily":false,"chose_seed":false,"campfire_upgraded":2,"win_rate":0.0,"timestamp":1612493158,"path_taken":["M","?","M","M","$","E","?","M","T","E","R","?","M","?","R","BOSS","M","M","?","?","M","E","M"],"items_purchased_type":["Card","Card","Card","Card"],"build_version":"2020-12-22","purchased_purges":1,"victory":false,"max_hp_per_floor":[72,72,72,72,72,72,72,72,72,72,72,72,72,72,72,72,72,72,72,72,72,72,72,72,72],"relic_stats":{"counters":[13,53],"Pen Nib":[8],"Juzu Bracelet":2,"obtain_stats":[{"Pen Nib":10,"Omamori":6,"Juzu Bracelet":9,"Coffee Dripper":17,"PureWater":0,"Akabeko":23},{"Pen Nib":6,"Omamori":4,"Juzu Bracelet":5,"Coffee Dripper":8,"PureWater":0,"Akabeko":12},{"Pen Nib":23,"Omamori":14,"Juzu Bracelet":17,"Coffee Dripper":33,"PureWater":0,"Akabeko":51}]},"card_choices":[{"not_picked":["Halt","CrushJoints"],"picked":"FearNoEvil","floor":1.0},{"not_picked":["WaveOfTheHand","Crescendo"],"picked":"MentalFortress","floor":3.0},{"not_picked":["Crescendo","DeceiveReality"],"picked":"JustLucky","floor":4.0},{"not_picked":["Protect","Vault"],"picked":"Consecrate","floor":6.0},{"not_picked":["Wallop","CrushJoints","Consecrate"],"picked":"SKIP","floor":8.0},{"not_picked":["Weave","Nirvana","Pray"],"picked":"SKIP","floor":10.0},{"not_picked":["SashWhip","FlyingSleeves"],"picked":"FlurryOfBlows","floor":13.0},{"not_picked":["Establishment","Vault"],"picked":"Wish","floor":16.0},{"not_picked":["FollowUp","CrushJoints"],"picked":"Tantrum","floor":18.0},{"not_picked":["FlyingSleeves+1","Protect"],"picked":"ClearTheMind+1","floor":19.0},{"not_picked":["FlurryOfBlows+1","Consecrate+1"],"picked":"EmptyMind","floor":22.0},{"not_picked":["CrushJoints","SashWhip","Protect"],"picked":"SKIP","floor":23}],"player_experience":591084,"relics_obtained":[{"floor":6.0,"key":"Omamori"},{"floor":9.0,"key":"Juzu Bracelet"},{"floor":10.0,"key":"Pen Nib"},{"floor":23,"key":"Akabeko"}],"event_choices":[{"damage_healed":0.0,"max_hp_gain":0.0,"max_hp_loss":0.0,"gold_gain":0.0,"cards_transformed":["Strike_P"],"event_name":"Living Wall","player_choice":"Change","floor":2.0,"gold_loss":0.0,"damage_taken":0.0,"cards_obtained":["Study"]},{"damage_healed":0.0,"max_hp_gain":0.0,"max_hp_loss":0.0,"gold_gain":100.0,"event_name":"Golden Shrine","player_choice":"Pray","floor":7.0,"gold_loss":0.0,"damage_taken":0.0},{"cards_removed":["Strike_P"],"damage_healed":0.0,"max_hp_gain":0.0,"max_hp_loss":0.0,"gold_gain":0.0,"event_name":"Bonfire Elementals","player_choice":"Offered Basic","floor":12.0,"gold_loss":0.0,"damage_taken":0.0},{"damage_healed":0.0,"max_hp_gain":0.0,"max_hp_loss":0.0,"gold_gain":0.0,"cards_transformed":["Defend_P"],"event_name":"Transmorgrifier","player_choice":"Transformed","floor":20.0,"gold_loss":0.0,"damage_taken":0.0,"cards_obtained":["Collect"]},{"damage_healed":0.0,"max_hp_gain":0.0,"max_hp_loss":0.0,"gold_gain":0.0,"event_name":"Back to Basics","player_choice":"Simplicity","floor":21.0,"gold_loss":0.0,"damage_taken":0.0,"cards_upgraded":["Strike_P","Strike_P","Defend_P","Defend_P"]}],"is_beta":false,"boss_relics":[{"not_picked":["Runic Pyramid","SlaversCollar"],"picked":"Coffee Dripper"}],"items_purged_floors":[14],"is_endless":false,"potions_floor_spawned":[4,10,13,19,23],"killed_by":"Shelled Parasite and Fungi","ascension_level":10}}