{"host":"by8i6f8xc0ywpsd5","time":1612513247,"event":{"mods":["BaseMod","Colored Map","Minty Spire (QoL Compilation)","Relic Stats"],"gold_per_floor":[117,117,117,33,33,67,67,108,108,67,102,115,140,173,173,269,269,288,10,10,10,31,66,66,105,180,180,201,201,14,14,14],"floor_reached":31,"language":"ENG","playtime":1400,"items_purged":["Strike_R"],"score":719,"play_id":"ee380da6-23c6-4d21-8fd8-a8c34f883893","local_time":"20210205102047","is_ascension_mode":true,"campfire_choices":[{"floor":7.0,"key":"REST"},{"data":"Hemokinesis","floor":15.0,"key":"SMITH"},{"data":"Barricade","floor":27.0,"key":"SMITH"},{"data":"Strike_R","floor":29.0,"key":"PURGE"}],"circlet_count":0,"master_deck":["AscendersBane","Strike_R","Strike_R","Defend_R","Defend_R","Defend_R","Defend_R","Bash+1","Iron Wave","Shrug It Off","Clothesline+1","Hemokinesis+1","True Grit+1","Ghostly Armor+1","Warcry+1","Twin Strike","Battle Trance+1","Burning Pact+1","Barricade+1","Feel No Pain","Entrench+1","True Grit+1","Headbutt","Armaments+1","Warcry+1","Ghostly+1","Ghostly+1","Ghostly+1","True Grit+1","Offering+1","True Grit+1"],"relics":["Burning Blood","NeowsBlessing","Golden Idol","Toxic Egg 2","Peace Pipe","Red Skull","Juzu Bracelet","Velvet Choker","FaceOfCleric","Mummified Hand","Strawberry","Frozen Egg 2"],"acts_visited":["Exordium","TheCity"],"potions_floor_usage":[31],"damage_taken":[{"damage":0.0,"enemies":"Small Slimes","floor":1.0,"turns":1.0},{"damage":0.0,"enemies":"Gremlin Nob","floor":6.0,"turns":1.0},{"damage":0.0,"enemies":"Lagavulin","floor":8.0,"turns":1.0},{"damage":3.0,"enemies":"Gremlin Nob","floor":11.0,"turns":3.0},{"damage":2.0,"enemies":"Jaw Worm","floor":12.0,"turns":4.0},{"damage":2.0,"enemies":"2 Louse","floor":13.0,"turns":2.0},{"damage":23.0,"enemies":"Lagavulin","floor":14.0,"turns":8.0},{"damage":16.0,"enemies":"The Guardian","floor":16.0,"turns":13.0},{"damage":10.0,"enemies":"2 Thieves","floor":18.0,"turns":5.0},{"damage":14.0,"enemies":"Shell Parasite","floor":22.0,"turns":9.0},{"damage":29.0,"enemies":"Slavers","floor":23.0,"turns":9.0},{"damage":10.0,"enemies":"Book of Stabbing","floor":25.0,"turns":10.0},{"damage":2.0,"enemies":"Snake Plant","floor":28.0,"turns":8.0},{"damage":53,"enemies":"Slavers","floor":31,"turns":17}],"seed_played":"-1566660187682316323","potions_obtained":[{"floor":1.0,"key":"Explosive Potion"},{"floor":11.0,"key":"EssenceOfSteel"},{"floor":12.0,"key":"Explosive Potion"},{"floor":28.0,"key":"Ancient Potion"}],"is_trial":false,"path_per_floor":["M","?","?","$","?","E","R","E","T","$","E","M","M","E","R","B",null,"M","$","?","?","M","E","?","E","T","R","M","R","$","E"],"character_chosen":"IRONCLAD","items_purchased":["Shrug It Off","Clothesline","Ghostly Armor+1","Entrench+1","True Grit+1","Headbutt","Explosive Potion","Offering+1","Fire Potion","True Grit+1"],"campfire_rested":1,"item_purchase_floors":[4,4,10,19,19,19,19,30,30,30],"current_hp_per_floor":[74,67,41,41,18,24,46,52,52,52,55,59,63,46,46,36,65,61,61,61,61,54,32,32,36,36,36,41,41,41,0,0],"gold":14,"neow_bonus":"THREE_ENEMY_KILL","is_daily":false,"chose_seed":false,"campfire_upgraded":2,"win_rate":0.0,"timestamp":1612513247,"path_taken":["M","?","?","$","?","E","R","E","T","?","E","M","M","E","R","BOSS","M","$","?","?","M","E","?","E","T","R","M","R","$","E"],"items_purchased_type":["Card","Card","Card","Card","Card","Card","Potion","Card","Potion","Card"],"build_version":"2020-12-22","purchased_purges":1,"victory":false,"max_hp_per_floor":[75,75,75,75,75,75,75,75,75,75,75,75,75,75,75,75,75,75,75,75,75,76,77,38,46,46,46,47,47,47,47,47],"relic_stats":{"Peace Pipe":1,"FaceOfCleric":4,"counters":[14,91],"Golden Idol":83,"Mummified Hand":[7],"Juzu Bracelet":1,"obtain_stats":[{"Peace Pipe":8,"NeowsBlessing":0,"FaceOfCleric":20,"Golden Idol":3,"Mummified Hand":23,"Strawberry":25,"Velvet Choker":17,"Juzu Bracelet":14,"Toxic Egg 2":6,"Frozen Egg 2":26,"Burning Blood":0,"Red Skull":11},{"Peace Pipe":3,"NeowsBlessing":0,"FaceOfCleric":9,"Golden Idol":1,"Mummified Hand":11,"Strawberry":12,"Velvet Choker":8,"Juzu Bracelet":7,"Toxic Egg 2":2,"Frozen Egg 2":12,"Burning Blood":0,"Red Skull":4},{"Peace Pipe":3,"NeowsBlessing":0,"FaceOfCleric":38,"Golden Idol":1,"Mummified Hand":56,"Strawberry":66,"Velvet Choker":33,"Juzu Bracelet":20,"Toxic Egg 2":2,"Frozen Egg 2":66,"Burning Blood":0,"Red Skull":6}],"Burning Blood":78},"card_choices":[{"not_picked":["Second Wind","Dark Embrace"],"picked":"Iron Wave","floor":1.0},{"not_picked":["Uppercut","Dark Embrace"],"picked":"Hemokinesis","floor":6.0},{"not_picked":["Metallicize","Thunderclap"],"picked":"True Grit+1","floor":8.0},{"not_picked":["Clothesline","Pommel Strike"],"picked":"Warcry+1","floor":11.0},{"not_picked":["Iron Wave","Headbutt"],"picked":"Twin Strike","floor":12.0},{"not_picked":["Headbutt","Anger"],"picked":"Battle Trance+1","floor":13.0},{"not_picked":["Battle Trance+1","Body Slam"],"picked":"Burning Pact+1","floor":14.0},{"not_picked":["Demon Form","Brutality"],"picked":"Barricade","floor":16.0},{"not_picked":["Shrug It Off+1","Heavy Blade"],"picked":"Feel No Pain","floor":18.0},{"not_picked":["Uppercut","Anger"],"picked":"Armaments+1","floor":22.0},{"not_picked":["Inflame","Uppercut"],"picked":"Warcry+1","floor":23.0},{"not_picked":["Pommel Strike","Headbutt"],"picked":"True Grit+1","floor":25.0},{"not_picked":["Sever Soul","Cleave","Wild Strike"],"picked":"SKIP","floor":28.0}],"player_experience":1751610,"relics_obtained":[{"floor":6.0,"key":"Toxic Egg 2"},{"floor":8.0,"key":"Peace Pipe"},{"floor":11.0,"key":"Red Skull"},{"floor":14.0,"key":"Juzu Bracelet"},{"floor":23.0,"key":"Mummified Hand"},{"floor":25.0,"key":"Strawberry"},{"floor":26.0,"key":"Frozen Egg 2"}],"event_choices":[{"cards_removed":["Strike_R"],"damage_healed":0.0,"max_hp_gain":0.0,"max_hp_loss":0.0,"gold_gain":0.0,"event_name":"Golden Wing","player_choice":"Card Removal","floor":2.0,"gold_loss":0.0,"damage_taken":7.0},{"damage_healed":0.0,"max_hp_gain":0.0,"max_hp_loss":0.0,"gold_gain":0.0,"event_name":"Golden Idol","player_choice":"Take Damage","floor":3.0,"gold_loss":0.0,"damage_taken":26.0,"relics_obtained":["Golden Idol"]},{"damage_healed":0.0,"max_hp_gain":0.0,"max_hp_loss":0.0,"gold_gain":0.0,"event_name":"Shining Light","player_choice":"Entered Light","floor":5.0,"gold_loss":0.0,"damage_taken":23.0,"cards_upgraded":["Bash","Clothesline"]},{"damage_healed":0.0,"max_hp_gain":0.0,"max_hp_loss":0.0,"gold_gain":0.0,"event_name":"FaceTrader","player_choice":"Trade","floor":20.0,"gold_loss":0.0,"damage_taken":0.0,"relics_obtained":["FaceOfCleric"]},{"damage_healed":0.0,"max_hp_gain":0.0,"max_hp_loss":0.0,"gold_gain":0.0,"event_name":"Vampires","player_choice":"Ignored","floor":21.0,"gold_loss":0.0,"damage_taken":0.0},{"damage_healed":0.0,"max_hp_gain":0.0,"max_hp_loss":39.0,"gold_gain":0.0,"event_name":"Ghosts","player_choice":"Became a Ghost","floor":24.0,"gold_loss":0.0,"damage_taken":0.0,"cards_obtained":["Ghostly","Ghostly","Ghostly"]}],"is_beta":false,"boss_relics":[{"not_picked":["Snecko Eye","Black Star"],"picked":"Velvet Choker"}],"items_purged_floors":[19],"is_endless":false,"potions_floor_spawned":[1,11,12,16,22,28],"killed_by":"Slavers","ascension_level":20}}