{"host":"ibckqdmmf9y74ymf","time":1612485026,"event":{"mods":["2.2 Compatiblity","BaseMod","Colored Map","Curses Come First","Highlight Path","Minty Spire (QoL Compilation)","Quick Restart","Rare Cards Sparkle","Relic Stats","StSLib"],"gold_per_floor":[117,117,14,14,14,45,107,107,107,139,149,179,190,201,201,279,279,297,273,288,22,22,22],"floor_reached":22,"language":"ENG","playtime":838,"items_purged":["Defend_P","Strike_P"],"score":458,"play_id":"481884fd-d5f0-4127-87cd-77d9061c507b","local_time":"20210205013026","is_ascension_mode":true,"campfire_choices":[{"data":"LikeWater","floor":15,"key":"SMITH"}],"circlet_count":0,"master_deck":["AscendersBane","Strike_P","Strike_P+1","Strike_P","Defend_P","Defend_P","Defend_P","Eruption","Vigilance","FlurryOfBlows+1","TalkToTheHand","Scrawl","FearNoEvil","FearNoEvil","ClearTheMind","Adaptation","LikeWater+1","DevaForm","Consecrate","LessonLearned","Meditate","LikeWater","CutThroughFate","FlurryOfBlows"],"relics":["PureWater","NeowsBlessing","Centennial Puzzle","Regal Pillow","Question Card","Yang","Oddly Smooth Stone","Prayer Wheel","Sozu","Nunchaku"],"acts_visited":["Exordium","TheCity"],"potions_floor_usage":[16,19],"damage_taken":[{"damage":0,"enemies":"2 Louse","floor":1,"turns":1},{"damage":0,"enemies":"Lagavulin","floor":6,"turns":1},{"damage":0,"enemies":"3 Sentries","floor":7,"turns":1},{"damage":12,"enemies":"Gremlin Nob","floor":10,"turns":3},{"damage":0,"enemies":"Cultist","floor":11,"turns":2},{"damage":2,"enemies":"3 Sentries","floor":12,"turns":6},{"damage":0,"enemies":"Small Slimes","floor":13,"turns":2},{"damage":2,"enemies":"2 Fungi Beasts","floor":14,"turns":3},{"damage":29,"enemies":"Hexaghost","floor":16,"turns":10},{"damage":7,"enemies":"Chosen","floor":18,"turns":5},{"damage":1,"enemies":"2 Thieves","floor":19,"turns":4},{"damage":37,"enemies":"Cultist and Chosen","floor":20,"turns":9},{"damage":0,"enemies":"Shelled Parasite and Fungi","floor":22,"turns":1}],"seed_played":"2871944881649086412","potions_obtained":[{"floor":6,"key":"BottledMiracle"},{"floor":11,"key":"Energy Potion"},{"floor":14,"key":"DistilledChaos"}],"is_trial":false,"path_per_floor":["M","?","$","?","$","E","?","?","T","E","M","E","M","M","R","B",null,"M","M","M","$","M"],"character_chosen":"WATCHER","items_purchased":["FlurryOfBlows","Nunchaku"],"campfire_rested":0,"item_purchase_floors":[3,21],"current_hp_per_floor":[61,61,61,61,61,61,61,68,68,56,56,54,54,52,52,23,57,50,49,12,12,12,12],"gold":22,"neow_bonus":"THREE_ENEMY_KILL","is_daily":false,"chose_seed":false,"campfire_upgraded":1,"win_rate":0.0,"timestamp":1612485026,"path_taken":["M","?","?","?","$","E","?","?","T","E","M","E","M","M","R","BOSS","M","M","?","$","M"],"items_purchased_type":["Card","Relic"],"build_version":"2020-12-22","purchased_purges":2,"victory":false,"max_hp_per_floor":[68,68,68,68,68,68,68,68,68,68,68,68,68,68,68,68,68,68,68,68,68,68,68],"relic_stats":{"Sozu":1,"Centennial Puzzle":[21],"Regal Pillow":0,"Nunchaku":[0],"counters":[13,48],"Yang":[127],"Prayer Wheel":5,"Question Card":14,"obtain_stats":[{"Sozu":17,"Centennial Puzzle":2,"Regal Pillow":6,"Nunchaku":21,"NeowsBlessing":0,"Oddly Smooth Stone":10,"Yang":9,"Prayer Wheel":12,"PureWater":0,"Question Card":7},{"Sozu":9,"Centennial Puzzle":1,"Regal Pillow":2,"Nunchaku":12,"NeowsBlessing":0,"Oddly Smooth Stone":4,"Yang":3,"Prayer Wheel":6,"PureWater":0,"Question Card":3},{"Sozu":29,"Centennial Puzzle":1,"Regal Pillow":2,"Nunchaku":47,"NeowsBlessing":0,"Oddly Smooth Stone":6,"Yang":3,"Prayer Wheel":14,"PureWater":0,"Question Card":3}]},"card_choices":[{"not_picked":["PathToVictory","Protect"],"picked":"Halt","floor":1},{"not_picked":["CrushJoints","FollowUp"],"picked":"TalkToTheHand","floor":6},{"not_picked":["Evaluate","EmptyBody"],"picked":"Scrawl","floor":7},{"not_picked":["Halt","WaveOfTheHand","Protect"],"picked":"FearNoEvil","floor":10},{"not_picked":["EmptyBody","SashWhip","CarveReality"],"picked":"FearNoEvil","floor":11},{"not_picked":["FlyingSleeves","Prostrate","Collect"],"picked":"ClearTheMind","floor":12},{"not_picked":["BattleHymn","WheelKick","CutThroughFate"],"picked":"Adaptation","floor":13},{"not_picked":["Halt","Evaluate","Prostrate"],"picked":"LikeWater","floor":13},{"not_picked":["Evaluate","Prostrate","FlyingSleeves"],"picked":"DevaForm","floor":14},{"not_picked":["Perseverance","Halt","BowlingBash"],"picked":"Consecrate","floor":14},{"not_picked":["Devotion","Blasphemy","Scrawl"],"picked":"LessonLearned","floor":16},{"not_picked":["PathToVictory","Evaluate","BowlingBash"],"picked":"Meditate","floor":18},{"not_picked":["Wireheading","ClearTheMind+1","CrushJoints"],"picked":"LikeWater","floor":18},{"not_picked":["Protect","FlyingSleeves","Halt"],"picked":"CutThroughFate","floor":19},{"not_picked":["Adaptation","BowlingBash","FearNoEvil","Meditate+1"],"picked":"SKIP","floor":19},{"not_picked":["SashWhip+1","InnerPeace","Crescendo"],"picked":"FlurryOfBlows","floor":20},{"not_picked":["ClearTheMind","CutThroughFate","Ragnarok","Crescendo"],"picked":"SKIP","floor":20}],"player_experience":681665,"relics_obtained":[{"floor":6,"key":"Regal Pillow"},{"floor":7,"key":"Question Card"},{"floor":9,"key":"Yang"},{"floor":10,"key":"Oddly Smooth Stone"},{"floor":12,"key":"Prayer Wheel"}],"event_choices":[{"cards_removed":["Halt"],"damage_healed":0,"gold_gain":0,"player_choice":"Gave Card","damage_taken":0,"relics_obtained":["Centennial Puzzle"],"max_hp_gain":0,"max_hp_loss":0,"event_name":"WeMeetAgain","floor":2,"gold_loss":0},{"damage_healed":0,"gold_gain":0,"player_choice":"Grow","damage_taken":0,"max_hp_gain":0,"max_hp_loss":0,"event_name":"Living Wall","floor":4,"gold_loss":0,"cards_upgraded":["FlurryOfBlows"]},{"damage_healed":0,"gold_gain":0,"player_choice":"Searched \u00271\u0027 times","damage_taken":0,"max_hp_gain":0,"max_hp_loss":0,"event_name":"Dead Adventurer","floor":7,"gold_loss":0},{"damage_healed":7,"gold_gain":0,"player_choice":"Full Heal","damage_taken":0,"max_hp_gain":0,"max_hp_loss":0,"event_name":"Wheel of Change","floor":8,"gold_loss":0}],"is_beta":false,"boss_relics":[{"not_picked":["SlaversCollar","Ectoplasm"],"picked":"Sozu"}],"items_purged_floors":[3,21],"is_endless":false,"potions_floor_spawned":[6,11,14,18],"killed_by":"Shelled Parasite and Fungi","ascension_level":20}}