{"host":"rtczl7o4e2em2rmi","time":1612559473,"event":{"mods":["AchievementEnabler","BaseMod","Bestiary","Block Reminder","Filter the Spire","Minty Spire (QoL Compilation)","Permanent Neow","Relic Filter","Relic Stats","StSLib"],"gold_per_floor":[110,120,130,147,147,181,181,181,181,211,211,240,250,278,278,381,381,396,407,432,442,44,44,69,69,69,97,22,42,42,70,70,172,172,189,204,204,57,76,76,93,105,153,153,183,183,36,56,56,56],"floor_reached":51,"language":"ZHS","playtime":1937,"items_purged":[],"score":914,"play_id":"51539bca-23fc-4d0a-9c73-f4631e8d9c87","local_time":"20210205161113","is_ascension_mode":true,"campfire_choices":[{"data":"Limit Break","floor":8.0,"key":"SMITH"},{"floor":11.0,"key":"REST"},{"data":"Spot Weakness","floor":15.0,"key":"SMITH"},{"data":"Limit Break","floor":23.0,"key":"SMITH"},{"floor":30.0,"key":"REST"},{"data":"Bash","floor":32.0,"key":"SMITH"},{"data":"Disarm","floor":40,"key":"SMITH"},{"data":"Double Tap","floor":46,"key":"SMITH"},{"floor":49,"key":"REST"}],"circlet_count":0,"master_deck":["Strike_R","Strike_R","Strike_R","Defend_R","Defend_R","Defend_R","Bash+1","Inflame","Heavy Blade","Spot Weakness+1","Limit Break+1","Cleave","Clothesline","Disarm","Seeing Red","Whirlwind","Burning Pact","Double Tap+1","Headbutt","Flame Barrier","True Grit+1","Limit Break+1","Hemokinesis+1","Heavy Blade+1","Demon Form","Disarm+1","Cleave+1","Immolate+1","CurseOfTheBell","Heavy Blade+1","Iron Wave+1","Battle Trance+1","Flex+1","Uppercut+1","Flex+1","Wild Strike+1","Battle Trance+1","Flex+1","Limit Break+1","Shrug It Off+1","Limit Break+1","Ghostly Armor+1"],"relics":["Burning Blood","Ice Cream","Peace Pipe","Regal Pillow","MealTicket","Akabeko","Philosopher\u0027s Stone","Red Mask","Molten Egg 2","Medical Kit","Gambling Chip","Potion Belt","Vajra","Red Skull","Calling Bell","Toxic Egg 2","Toy Ornithopter","Strawberry","Orrery","Charon\u0027s Ashes","Lizard Tail"],"acts_visited":["Exordium","TheCity","TheBeyond"],"potions_floor_usage":[50,50,50,50],"damage_taken":[{"damage":3.0,"enemies":"2 Louse","floor":1.0,"turns":2.0},{"damage":9.0,"enemies":"Jaw Worm","floor":2.0,"turns":3.0},{"damage":12.0,"enemies":"Small Slimes","floor":3.0,"turns":2.0},{"damage":10.0,"enemies":"2 Fungi Beasts","floor":4.0,"turns":5.0},{"damage":21.0,"enemies":"Gremlin Nob","floor":6.0,"turns":4.0},{"damage":21.0,"enemies":"Lagavulin","floor":10.0,"turns":5.0},{"damage":22.0,"enemies":"Gremlin Nob","floor":12.0,"turns":4.0},{"damage":21.0,"enemies":"Exordium Thugs","floor":13.0,"turns":3.0},{"damage":18.0,"enemies":"3 Sentries","floor":14.0,"turns":4.0},{"damage":49.0,"enemies":"The Guardian","floor":16.0,"turns":7.0},{"damage":7.0,"enemies":"Spheric Guardian","floor":18.0,"turns":3.0},{"damage":32.0,"enemies":"Shell Parasite","floor":19.0,"turns":4.0},{"damage":0.0,"enemies":"Masked Bandits","floor":20.0,"turns":1.0},{"damage":12.0,"enemies":"Snake Plant","floor":21.0,"turns":3.0},{"damage":32.0,"enemies":"Slavers","floor":24.0,"turns":3.0},{"damage":18.0,"enemies":"Gremlin Leader","floor":27.0,"turns":5.0},{"damage":22.0,"enemies":"Sentry and Sphere","floor":29.0,"turns":3.0},{"damage":10.0,"enemies":"Book of Stabbing","floor":31.0,"turns":2.0},{"damage":34.0,"enemies":"Collector","floor":33.0,"turns":5.0},{"damage":8.0,"enemies":"3 Shapes","floor":35.0,"turns":4.0},{"damage":22.0,"enemies":"3 Darklings","floor":36.0,"turns":3.0},{"damage":8,"enemies":"Jaw Worm Horde","floor":39,"turns":3},{"damage":28,"enemies":"Maw","floor":41,"turns":6},{"damage":0,"enemies":"Sphere and 2 Shapes","floor":42,"turns":1},{"damage":12,"enemies":"Giant Head","floor":45,"turns":5},{"damage":19,"enemies":"Spire Growth","floor":48,"turns":3},{"damage":45,"enemies":"Time Eater","floor":50,"turns":3}],"seed_played":"6076138125812970061","potions_obtained":[{"floor":3.0,"key":"Dexterity Potion"},{"floor":6.0,"key":"BloodPotion"},{"floor":10.0,"key":"AttackPotion"},{"floor":19.0,"key":"LiquidBronze"},{"floor":20.0,"key":"EssenceOfSteel"},{"floor":21.0,"key":"Weak Potion"},{"floor":31.0,"key":"BlessingOfTheForge"},{"floor":36.0,"key":"GamblersBrew"},{"floor":39,"key":"Swift Potion"},{"floor":45,"key":"BloodPotion"}],"is_trial":false,"path_per_floor":["M","M","M","M","?","E","?","R","T","E","R","E","M","E","R","B",null,"M","M","?","M","$","R","E","?","T","E","?","M","R","E","R","B",null,"M","M","?","$","M","R","M","M","T","?","E","R","$","M","R","B",null],"character_chosen":"IRONCLAD","items_purchased":["Molten Egg 2","CultistPotion","Medical Kit","Orrery","Limit Break+1"],"campfire_rested":3,"item_purchase_floors":[22,22,22,38,47],"current_hp_per_floor":[80,77,71,67,60,45,71,71,71,56,80,64,49,37,37,10,80,79,53,59,53,68,68,42,42,42,30,30,14,53,49,49,21,87,85,69,69,84,82,82,60,66,66,66,60,60,75,62,87,48],"gold":56,"neow_bonus":"THREE_CARDS","is_daily":false,"chose_seed":false,"campfire_upgraded":6,"win_rate":0.0,"timestamp":1612559473,"path_taken":["M","M","M","M","?","E","?","R","T","E","R","E","M","E","R","BOSS","M","M","?","M","$","R","E","?","T","E","?","M","R","E","R","BOSS","M","M","?","$","M","R","M","M","T","?","E","R","$","?","R","BOSS"],"items_purchased_type":["Relic","Potion","Relic","Relic","Card"],"build_version":"2020-12-22","purchased_purges":0,"victory":true,"max_hp_per_floor":[80,80,80,80,80,80,80,80,80,80,80,80,80,80,80,80,80,80,80,80,80,80,80,80,80,80,80,80,80,80,80,80,80,87,87,87,87,87,87,87,87,87,87,87,87,87,87,87,87,87],"relic_stats":{"Peace Pipe":0,"Regal Pillow":15,"Lizard Tail":0,"counters":[27,96],"Gambling Chip":[37],"MealTicket":45,"Charon\u0027s Ashes":[13],"Medical Kit":[1],"obtain_stats":[{"Ice Cream":6,"Potion Belt":26,"Regal Pillow":10,"Vajra":27,"Charon\u0027s Ashes":43,"Medical Kit":22,"Burning Blood":0,"Akabeko":14,"Peace Pipe":9,"Calling Bell":34,"Lizard Tail":45,"Gambling Chip":24,"Strawberry":34,"Orrery":38,"MealTicket":12,"Philosopher\u0027s Stone":17,"Molten Egg 2":22,"Red Mask":20,"Toxic Egg 2":34,"Red Skull":31,"Toy Ornithopter":34},{"Ice Cream":5,"Potion Belt":15,"Regal Pillow":6,"Vajra":16,"Charon\u0027s Ashes":24,"Medical Kit":14,"Burning Blood":0,"Akabeko":9,"Peace Pipe":5,"Calling Bell":19,"Lizard Tail":25,"Gambling Chip":15,"Strawberry":19,"Orrery":21,"MealTicket":7,"Philosopher\u0027s Stone":10,"Molten Egg 2":14,"Red Mask":13,"Toxic Egg 2":19,"Red Skull":18,"Toy Ornithopter":19},{"Ice Cream":16,"Potion Belt":53,"Regal Pillow":21,"Vajra":58,"Charon\u0027s Ashes":85,"Medical Kit":50,"Burning Blood":0,"Akabeko":32,"Peace Pipe":16,"Calling Bell":68,"Lizard Tail":90,"Gambling Chip":53,"Strawberry":68,"Orrery":75,"MealTicket":25,"Philosopher\u0027s Stone":39,"Molten Egg 2":50,"Red Mask":47,"Toxic Egg 2":68,"Red Skull":63,"Toy Ornithopter":68}],"Burning Blood":159,"Toy Ornithopter":0},"card_choices":[{"not_picked":["Evolve","Body Slam"],"picked":"Inflame","floor":0.0},{"not_picked":["Headbutt","Metallicize"],"picked":"Heavy Blade","floor":1.0},{"not_picked":["Body Slam","Clothesline"],"picked":"Spot Weakness","floor":2.0},{"not_picked":["Shockwave","True Grit"],"picked":"Limit Break","floor":3.0},{"not_picked":["Battle Trance","Warcry"],"picked":"Cleave","floor":4.0},{"not_picked":["Power Through","Havoc"],"picked":"Clothesline","floor":6.0},{"not_picked":["Iron Wave","Evolve"],"picked":"Disarm","floor":10.0},{"not_picked":["Dark Embrace","Cleave"],"picked":"Seeing Red","floor":12.0},{"not_picked":["Perfected Strike","Feel No Pain"],"picked":"Whirlwind","floor":13.0},{"not_picked":["Sever Soul","Anger"],"picked":"Burning Pact","floor":14.0},{"not_picked":["Brutality","Barricade"],"picked":"Double Tap","floor":16.0},{"not_picked":["Reckless Charge+1","Body Slam"],"picked":"Headbutt","floor":18.0},{"not_picked":["Sword Boomerang","Heavy Blade"],"picked":"Flame Barrier","floor":19.0},{"not_picked":["Pommel Strike+1","Twin Strike"],"picked":"True Grit+1","floor":20.0},{"not_picked":["Wild Strike","Power Through"],"picked":"Limit Break","floor":21.0},{"not_picked":["Metallicize","Dark Embrace"],"picked":"Hemokinesis+1","floor":24.0},{"not_picked":["Headbutt+1","Anger+1"],"picked":"Demon Form","floor":27.0},{"not_picked":["Perfected Strike+1","Searing Blow+1"],"picked":"Disarm","floor":29.0},{"not_picked":["Wild Strike+1","Anger+1"],"picked":"Cleave+1","floor":31.0},{"not_picked":["Corruption","Double Tap"],"picked":"Immolate+1","floor":33.0},{"not_picked":["Entrench+1","Burning Pact+1"],"picked":"Heavy Blade+1","floor":35.0},{"not_picked":["Armaments+1","Havoc+1"],"picked":"Iron Wave+1","floor":36.0},{"not_picked":["Warcry+1","Bloodletting+1"],"picked":"Battle Trance+1","floor":38},{"not_picked":["Warcry+1","Sever Soul+1"],"picked":"Flex+1","floor":38},{"not_picked":["Reckless Charge+1","Clothesline+1"],"picked":"Uppercut+1","floor":38},{"not_picked":["Havoc+1","True Grit+1"],"picked":"Flex+1","floor":38},{"not_picked":["Exhume+1","Carnage+1"],"picked":"Wild Strike+1","floor":38},{"not_picked":["Sever Soul+1","Uppercut+1","Clash+1"],"picked":"SKIP","floor":39},{"not_picked":["Sever Soul+1","Uppercut+1","Clash+1"],"picked":"SKIP","floor":39},{"not_picked":["True Grit+1","Pommel Strike+1"],"picked":"Battle Trance+1","floor":41},{"not_picked":["Cleave+1","Heavy Blade+1"],"picked":"Flex+1","floor":42},{"not_picked":["Heavy Blade+1","Iron Wave+1"],"picked":"Shrug It Off+1","floor":45},{"not_picked":["Shrug It Off+1","Perfected Strike+1"],"picked":"Ghostly Armor+1","floor":48}],"player_experience":541983,"relics_obtained":[{"floor":6.0,"key":"Ice Cream"},{"floor":9.0,"key":"Peace Pipe"},{"floor":10.0,"key":"Regal Pillow"},{"floor":12.0,"key":"MealTicket"},{"floor":14.0,"key":"Akabeko"},{"floor":20.0,"key":"Red Mask"},{"floor":24.0,"key":"Gambling Chip"},{"floor":26.0,"key":"Potion Belt"},{"floor":27.0,"key":"Vajra"},{"floor":31.0,"key":"Red Skull"},{"floor":34.0,"key":"Toxic Egg 2"},{"floor":34.0,"key":"Toy Ornithopter"},{"floor":34.0,"key":"Strawberry"},{"floor":43,"key":"Charon\u0027s Ashes"},{"floor":45,"key":"Lizard Tail"}],"event_choices":[{"cards_removed":["Strike_R"],"damage_healed":0.0,"max_hp_gain":0.0,"max_hp_loss":0.0,"gold_gain":0.0,"event_name":"Golden Wing","player_choice":"Card Removal","floor":5.0,"gold_loss":0.0,"damage_taken":7.0},{"damage_healed":26.0,"max_hp_gain":0.0,"max_hp_loss":0.0,"gold_gain":0.0,"event_name":"Big Fish","player_choice":"Banana","floor":7.0,"gold_loss":0.0,"damage_taken":0.0},{"damage_healed":0.0,"max_hp_gain":0.0,"max_hp_loss":0.0,"gold_gain":0.0,"event_name":"Masked Bandits","player_choice":"Fought Bandits","floor":20.0,"gold_loss":0.0,"damage_taken":0.0},{"damage_healed":0.0,"max_hp_gain":0.0,"max_hp_loss":0.0,"gold_gain":0.0,"event_name":"The Library","player_choice":"Read","floor":25.0,"gold_loss":0.0,"damage_taken":0.0,"cards_obtained":["Heavy Blade"]},{"cards_removed":["Strike_R"],"damage_healed":0.0,"max_hp_gain":0.0,"max_hp_loss":0.0,"gold_gain":0.0,"event_name":"Beggar","player_choice":"Gave Gold","floor":28.0,"gold_loss":75.0,"damage_taken":0.0},{"cards_removed":["Defend_R"],"damage_healed":0.0,"max_hp_gain":0.0,"max_hp_loss":0.0,"gold_gain":0.0,"event_name":"Falling","player_choice":"Removed Skill","floor":37.0,"gold_loss":0.0,"damage_taken":0.0},{"damage_healed":0,"gold_gain":0,"player_choice":"Copied","damage_taken":0,"max_hp_gain":0,"max_hp_loss":0,"event_name":"Duplicator","floor":44,"gold_loss":0,"cards_obtained":["Limit Break"]}],"is_beta":false,"boss_relics":[{"not_picked":["Black Blood","Fusion Hammer"],"picked":"Philosopher\u0027s Stone"},{"not_picked":["SlaversCollar","SacredBark"],"picked":"Calling Bell"}],"items_purged_floors":[],"is_endless":false,"potions_floor_spawned":[3,6,10,19,20,21,31,36,39,45],"ascension_level":2}}