{"host":"qeogwbudlaqzb6hy","time":1612517712,"event":{"mods":["BaseMod","Downfall","Minty Spire (QoL Compilation)","StSLib"],"gold_per_floor":[118,129,140,156,166,166,179,212,212,42,52,52,64,64,64,167,167,178,178,192,192,192,226,126,126,126,126,155,155,187,112,112,210,510,526,526,526,33,33,33],"floor_reached":39,"language":"ENG","playtime":2340,"items_purged":["Defend_P","Strike_P","downfall:Bewildered"],"score":487,"play_id":"686dfa13-2e09-4ff8-bcf0-fd41d0ab15b4","local_time":"20210205193512","is_ascension_mode":false,"campfire_choices":[{"data":"Eruption","floor":6,"key":"SMITH"},{"floor":12,"key":"REST"},{"data":"BattleHymn","floor":15,"key":"SMITH"},{"data":"WindmillStrike","floor":27,"key":"SMITH"},{"data":"Omniscience","floor":32,"key":"SMITH"}],"circlet_count":0,"master_deck":["Defend_P","Defend_P","Defend_P","Eruption+1","Vigilance","ThirdEye","Swivel","Protect","Conclude","FearNoEvil","WindmillStrike+1","BattleHymn+1","Evaluate","EmptyMind","Judgement","Vault","FollowUp+1","SandsOfTime+1","Consecrate+1","Bite","Bite","Bite+1","Bite+1","FollowUp","Necronomicurse","Omniscience+1","LessonLearned","CurseOfTheBell","SandsOfTime+1","Vengeance","Apotheosis","Collect"],"relics":["HolyWater","Juzu Bracelet","Pantograph","MutagenicStrength","sneckomod:BabySnecko","Pen Nib","Whetstone","Prayer Wheel","Necronomicon","Letter Opener","Calling Bell","PreservedInsect","Shuriken","Old Coin","Du-Vu Doll"],"acts_visited":["Exordium","TheCity","TheBeyond"],"potions_floor_usage":[20,23,28,39,39],"damage_taken":[{"damage":0,"enemies":"Small Slimes","floor":1,"turns":4},{"damage":8,"enemies":"Cultist","floor":2,"turns":4},{"damage":7,"enemies":"Jaw Worm","floor":3,"turns":4},{"damage":0,"enemies":"Blue Slaver","floor":4,"turns":5},{"damage":5,"enemies":"2 Fungi Beasts","floor":5,"turns":4},{"damage":3,"enemies":"Exordium Thugs","floor":7,"turns":2},{"damage":19,"enemies":"Gremlin Nob","floor":8,"turns":5},{"damage":0,"enemies":"3 Louse","floor":11,"turns":2},{"damage":3,"enemies":"Looter","floor":13,"turns":3},{"damage":1,"enemies":"The Guardian","floor":16,"turns":9},{"damage":2,"enemies":"Chosen","floor":18,"turns":5},{"damage":1,"enemies":"Shell Parasite","floor":20,"turns":4},{"damage":29,"enemies":"Book of Stabbing","floor":23,"turns":5},{"damage":6,"enemies":"Gremlin Leader","floor":28,"turns":4},{"damage":16,"enemies":"Slavers","floor":30,"turns":5},{"damage":44,"enemies":"Automaton","floor":33,"turns":8},{"damage":6,"enemies":"3 Shapes","floor":35,"turns":5},{"damage":66,"enemies":"2 Orb Walkers","floor":39,"turns":4}],"seed_played":"-6969519234250016874","potions_obtained":[{"floor":2,"key":"SkillPotion"},{"floor":4,"key":"SteroidPotion"},{"floor":8,"key":"PowerPotion"},{"floor":11,"key":"Slimebound:ThreeZeroPotion"},{"floor":20,"key":"Fruit Juice"},{"floor":33,"key":"GamblersBrew"},{"floor":35,"key":"Block Potion"}],"is_trial":false,"path_per_floor":["M","M","M","M","M","R","M","E","T","$","M","R","M","?","R","B",null,"M","?","M","?","?","E","$","?","T","R","E","?","E","?","R","B",null,"M","?","?","$","?"],"character_chosen":"WATCHER","items_purchased":["BattleHymn","Evaluate","Du-Vu Doll","Collect"],"campfire_rested":1,"item_purchase_floors":[10,10,38,38],"current_hp_per_floor":[79,71,64,64,59,59,56,37,37,37,37,60,57,57,57,78,79,77,77,81,81,81,52,52,52,52,52,52,36,27,27,27,10,58,52,52,52,52,0,0],"gold":33,"neow_bonus":"TEN_PERCENT_HP_BONUS","is_daily":false,"chose_seed":false,"campfire_upgraded":4,"win_rate":0.0,"timestamp":1612517712,"path_taken":["M","M","M","M","M","R","M","E","T","$","M","R","M","?","R","BOSS","M","?","M","?","?","E","$","?","T","R","E","?","E","?","R","BOSS","M","?","?","?","?"],"items_purchased_type":["Card","Card","Relic","Card"],"build_version":"2020-12-22","purchased_purges":3,"victory":false,"max_hp_per_floor":[79,79,79,79,79,79,79,79,79,79,79,79,79,79,79,79,79,79,79,84,84,84,84,84,58,58,58,58,58,58,58,58,58,58,58,58,58,58,58,58],"card_choices":[{"not_picked":["Prostrate","JustLucky"],"picked":"ThirdEye","floor":1},{"not_picked":["EmptyFist","Prostrate"],"picked":"Swivel","floor":2},{"not_picked":["CrushJoints","Crescendo"],"picked":"Protect","floor":3},{"not_picked":["ThirdEye","BattleHymn"],"picked":"Conclude","floor":4},{"not_picked":["FearNoEvil","FlyingSleeves"],"picked":"Conclude","floor":5},{"not_picked":["BowlingBash","CrushJoints"],"picked":"FearNoEvil","floor":7},{"not_picked":["FlyingSleeves","Evaluate"],"picked":"WindmillStrike","floor":8},{"not_picked":["LikeWater","SashWhip"],"picked":"EmptyMind","floor":11},{"not_picked":["Vengeance","Halt"],"picked":"Judgement","floor":13},{"not_picked":["Ragnarok","Omniscience"],"picked":"Vault","floor":16},{"not_picked":["ThirdEye","Protect"],"picked":"FollowUp+1","floor":18},{"not_picked":["Consecrate+1","SashWhip"],"picked":"SandsOfTime+1","floor":20},{"not_picked":["CrushJoints+1","WindmillStrike"],"picked":"Consecrate+1","floor":23},{"not_picked":["Swivel","SashWhip"],"picked":"FollowUp","floor":28},{"not_picked":["BowlingBash","Consecrate"],"picked":"Omniscience","floor":30},{"not_picked":["Blasphemy","Judgement"],"picked":"LessonLearned","floor":33},{"not_picked":["FlurryOfBlows","ClearTheMind"],"picked":"SandsOfTime+1","floor":35},{"not_picked":["Perseverance+1","Halt"],"picked":"Vengeance","floor":35},{"not_picked":["Finesse","Purity"],"picked":"Apotheosis","floor":37}],"player_experience":356717,"relics_obtained":[{"floor":8,"key":"Juzu Bracelet"},{"floor":9,"key":"Pantograph"},{"floor":23,"key":"Pen Nib"},{"floor":26,"key":"Whetstone"},{"floor":28,"key":"Prayer Wheel"},{"floor":29,"key":"Necronomicon"},{"floor":30,"key":"Letter Opener"},{"floor":34,"key":"PreservedInsect"},{"floor":34,"key":"Shuriken"},{"floor":34,"key":"Old Coin"}],"event_choices":[{"damage_healed":0,"gold_gain":0,"player_choice":"Got Potions","damage_taken":0,"max_hp_gain":0,"max_hp_loss":0,"event_name":"Lab","floor":14,"gold_loss":0},{"cards_removed":["Strike_P"],"damage_healed":0,"gold_gain":0,"player_choice":"Purged","damage_taken":0,"max_hp_gain":0,"max_hp_loss":0,"event_name":"Purifier","floor":19,"gold_loss":0},{"damage_healed":0,"gold_gain":0,"player_choice":"Inject Mutagens","damage_taken":0,"relics_obtained":["MutagenicStrength"],"max_hp_gain":0,"max_hp_loss":0,"event_name":"Drug Dealer","floor":21,"gold_loss":0},{"damage_healed":0,"gold_gain":0,"player_choice":"Became a vampire","damage_taken":0,"max_hp_gain":0,"max_hp_loss":26,"event_name":"Vampires","floor":25,"gold_loss":0,"cards_obtained":["Bite","Bite","Bite","Bite","Bite"]},{"damage_healed":0,"gold_gain":0,"player_choice":"Obtained Book","damage_taken":16,"max_hp_gain":0,"max_hp_loss":0,"event_name":"Cursed Tome","floor":29,"gold_loss":0},{"cards_removed":["Conclude"],"damage_healed":0,"gold_gain":0,"player_choice":"Gave Gold","damage_taken":0,"max_hp_gain":0,"max_hp_loss":0,"event_name":"Beggar","floor":31,"gold_loss":75},{"cards_removed":["Bite"],"damage_healed":0,"gold_gain":0,"player_choice":"Removed Attack","damage_taken":0,"max_hp_gain":0,"max_hp_loss":0,"event_name":"Falling","floor":36,"gold_loss":0},{"damage_healed":0,"gold_gain":0,"player_choice":"Memory 1","damage_taken":0,"max_hp_gain":0,"max_hp_loss":0,"event_name":"SensoryStone","floor":37,"gold_loss":0},{"damage_healed":0,"gold_gain":0,"player_choice":"Fight","damage_taken":0,"max_hp_gain":0,"max_hp_loss":0,"event_name":"Mysterious Sphere","floor":39,"gold_loss":0}],"is_beta":false,"boss_relics":[{"not_picked":["Empty Cage","Astrolabe"],"picked":"HolyWater"},{"not_picked":["SacredBark","Tiny House"],"picked":"Calling Bell"}],"items_purged_floors":[10,24,38],"is_endless":false,"potions_floor_spawned":[2,4,8,11,13,16,20,33,35],"killed_by":"2 Orb Walkers","ascension_level":0}}