{"host":"gknpnudn4hog7rzv","time":1612511374,"event":{"mods":["BaseMod","BetterRewards","Downfall","Hermit","Minty Spire (QoL Compilation)","Robot Space Explorer","StSLib","The Bladedancer","The Bug Knight","The Necromancer"],"gold_per_floor":[214,141,152,152,166,166,20,20,20,20,95,120,133,154,154,154,154],"floor_reached":16,"language":"ENG","playtime":423,"items_purged":[],"score":90,"play_id":"6dfe1069-01f9-421e-bb68-c5ab24c85040","local_time":"20210205004934","is_ascension_mode":false,"campfire_choices":[{"data":"Whirlwind_of_Bones","floor":6,"key":"SMITH"},{"data":"Thousand_Bone_Knives","floor":8,"key":"SMITH"},{"floor":15,"key":"REST"}],"circlet_count":0,"master_deck":["Strike_W","Strike_W+1","Strike_W","Strike_W+1","Defend_W","Defend_W","Defend_W","Defend_W","Negative_Energy_Arrows","Bone_Wall","Whirlwind_of_Bones+1","Bone_Shift","Injury","Thousand_Bone_Knives+1","Negative_Energy_Sphere","Summon_Undead_Army+1"],"relics":["Vampire_Amulet","Golden Idol","Strawberry","Frozen Egg 2","Regal Pillow"],"acts_visited":["Exordium"],"potions_floor_usage":[13],"damage_taken":[{"damage":0,"enemies":"Cultist","floor":1,"turns":4},{"damage":0,"enemies":"Jaw Worm","floor":3,"turns":6},{"damage":8,"enemies":"2 Louse","floor":5,"turns":3},{"damage":2,"enemies":"Looter","floor":13,"turns":2},{"damage":0,"enemies":"2 Fungi Beasts","floor":14,"turns":4},{"damage":85,"enemies":"Hexaghost","floor":16,"turns":12}],"seed_played":"-4545191169151265610","potions_obtained":[{"floor":3,"key":"SteroidPotion"},{"floor":13,"key":"Energy Potion"}],"is_trial":false,"path_per_floor":["M","$","M","?","M","R","$","R","T","?","?","T","M","M","R","B"],"character_chosen":"NECROMANCER","items_purchased":["Whirlwind_of_Bones","Strawberry"],"campfire_rested":1,"item_purchase_floors":[2,7],"current_hp_per_floor":[75,75,75,75,71,71,78,78,78,62,51,51,51,55,82,0,0],"gold":154,"neow_bonus":"HUNDRED_GOLD","is_daily":false,"chose_seed":false,"campfire_upgraded":2,"win_rate":0.0,"timestamp":1612511374,"path_taken":["M","$","?","?","M","R","$","R","T","?","?","?","M","M","R","BOSS"],"items_purchased_type":["Card","Relic"],"build_version":"2020-12-22","purchased_purges":0,"victory":false,"max_hp_per_floor":[75,75,75,75,75,75,82,82,82,82,82,82,82,82,82,82,82],"card_choices":[{"not_picked":["Shackles_Of_Pain","Blood_Is_Power","Uncharnel"],"picked":"SKIP","floor":1},{"not_picked":["Finger_Of_Death","Blood_for_Blood"],"picked":"Bone_Shift","floor":3},{"not_picked":["Negative_Energy_Mist","Flesh_Made_Foul"],"picked":"Thousand_Bone_Knives","floor":5},{"not_picked":["Vampiric_Strike","Negative_Energy_Mist"],"picked":"Negative_Energy_Sphere","floor":13},{"not_picked":["Corrupt","Death_Coil"],"picked":"Summon_Undead_Army+1","floor":14}],"player_experience":370680,"relics_obtained":[{"floor":9,"key":"Frozen Egg 2"},{"floor":12,"key":"Regal Pillow"}],"event_choices":[{"damage_healed":0,"gold_gain":0,"player_choice":"Take Wound","damage_taken":0,"relics_obtained":["Golden Idol"],"max_hp_gain":0,"max_hp_loss":0,"event_name":"Golden Idol","floor":4,"gold_loss":0,"cards_obtained":["Injury"]},{"damage_healed":0,"gold_gain":0,"player_choice":"Entered Light","damage_taken":16,"max_hp_gain":0,"max_hp_loss":0,"event_name":"Shining Light","floor":10,"gold_loss":0,"cards_upgraded":["Strike_W","Strike_W"]},{"damage_healed":0,"gold_gain":75,"player_choice":"Gather Gold","damage_taken":11,"max_hp_gain":0,"max_hp_loss":0,"event_name":"World of Goop","floor":11,"gold_loss":0}],"is_beta":false,"boss_relics":[],"items_purged_floors":[],"is_endless":false,"potions_floor_spawned":[3,13],"killed_by":"Hexaghost","ascension_level":0}}