{"host":"q6r63elxu27obe7v","time":1612509977,"event":{"mods":["2.2 Compatiblity","AchievementEnabler","BaseMod","CapriCore","Colored Map","DeckTracker","KOR Keyword Fix","Keyboard Shortcuts","Marisa£¨Ùöéë¡¡Øª×âÞÞ£©","Minty Spire (QoL Compilation)","Permanent Neow","Quick Restart","Replay The Spire","StSLib","SuperFastMode","everything is the same but u backflip on backflip","¡¼?Úª?ø«¡½REMEMod"],"gold_per_floor":[114,157,172,247,247,277,277,307,332,362,377,407,407,432,432,532,532,547,572,587,587,398,428,527,527,527,527,557,472,22,52,52,152,152,167,182,182,182],"floor_reached":37,"language":"KOR","playtime":1434,"items_purged":[],"score":674,"play_id":"c631119c-0c52-4fa1-9611-aed75c6f0c2a","local_time":"20210205162617","daily_mods":["Specialized","Blue Cards","Elite Swarm"],"is_ascension_mode":false,"campfire_choices":[{"data":"BigCrunch","floor":7,"key":"SMITH"},{"floor":15,"key":"REST"},{"floor":25,"key":"REST"},{"data":"PropBag","floor":27,"key":"SMITH"},{"data":"BigCrunch","floor":32,"key":"SMITH"}],"circlet_count":0,"master_deck":["Strike_MRS","Strike_MRS","Strike_MRS","Strike_MRS","Defend_MRS","Defend_MRS","Defend_MRS","Defend_MRS","MasterSpark","UpSweep","MysteriousBeam","MysteriousBeam+1","MysteriousBeam+1","MysteriousBeam","MysteriousBeam","DarkSpark","AsteroidBelt","DragonMeteor","Parasite","Parasite","Acceleration","BigCrunch+1","BinaryStars","GrandCross","StarDustReverie","Pot Of Greed","Pot Of Greed","PropBag+1","REME_PuzzleBox","BigCrunch+1","CasketOfStar","OrrerysSun"],"relics":["BewitchedHakkero","REME_ComplimentaryCards","ShroomBag","Vajra","Whetstone","Simple Rune","CaptainsWheel","Grinning Jar","Replay:Rubber Ducky","Runic Pyramid","Bronze Scales","Darkstone Periapt","HandmadeGrimoire","Centennial Puzzle","Turnip","Sling","Boot","Gremlin Food","Pondfish Scales","Shuriken"],"acts_visited":["Exordium","TheCity","TheBeyond"],"potions_floor_usage":[12,16,33],"damage_taken":[{"damage":0,"enemies":"2 Louse","floor":1,"turns":1},{"damage":0,"enemies":"Small Slimes","floor":3,"turns":2},{"damage":13,"enemies":"3 Sentries","floor":6,"turns":4},{"damage":9,"enemies":"Replay:BlueRogue","floor":8,"turns":2},{"damage":20,"enemies":"Lagavulin","floor":10,"turns":3},{"damage":0,"enemies":"Cultist","floor":11,"turns":1},{"damage":4,"enemies":"Replay:BlueRogue","floor":12,"turns":2},{"damage":13,"enemies":"Fading Forest","floor":16,"turns":11},{"damage":0,"enemies":"Spheric Guardian","floor":18,"turns":3},{"damage":20,"enemies":"2 Thieves","floor":20,"turns":2},{"damage":32,"enemies":"Replay:Snechameleon","floor":23,"turns":3},{"damage":0,"enemies":"Gremlin Leader","floor":28,"turns":4},{"damage":0,"enemies":"Book of Stabbing","floor":31,"turns":2},{"damage":19,"enemies":"Pondfish","floor":33,"turns":6},{"damage":11,"enemies":"3 Shapes","floor":35,"turns":1},{"damage":25,"enemies":"3 Darklings","floor":36,"turns":4},{"damage":162,"enemies":"Mind Bloom Boss Battle","floor":37,"turns":3}],"seed_played":"-8643747277835071688","potions_obtained":[{"floor":1,"key":"SpeedPotion"},{"floor":2,"key":"Milkshake"},{"floor":6,"key":"SteroidPotion"},{"floor":10,"key":"LiquidMemories"},{"floor":12,"key":"Fire Potion"},{"floor":23,"key":"SteroidPotion"},{"floor":35,"key":"Toxic Potion"}],"is_trial":false,"path_per_floor":["M","?","M","?","?","E","R","E","T","E","M","E","?","T","R","B",null,"M","T","M","?","$","E","?","R","T","R","E","?","$","E","R","B",null,"M","M","?"],"character_chosen":"MARISA","items_purchased":["REME_PuzzleBox","Sling","Boot","Gremlin Food"],"campfire_rested":2,"item_purchase_floors":[22,30,30,30],"current_hp_per_floor":[75,57,59,48,48,39,39,30,30,14,16,16,16,16,38,51,75,75,75,57,57,57,27,27,49,49,49,53,53,53,53,53,38,75,64,43,0,0],"gold":182,"neow_bonus":"","is_daily":true,"chose_seed":false,"campfire_upgraded":3,"win_rate":0.0,"timestamp":1612509977,"path_taken":["M","?","?","?","?","E","R","E","T","E","?","E","?","?","R","BOSS","M","?","M","?","$","E","?","R","T","R","E","?","$","E","R","BOSS","M","M","?"],"items_purchased_type":["Card","Relic","Relic","Relic"],"build_version":"2020-12-22","purchased_purges":0,"victory":false,"max_hp_per_floor":[75,75,75,75,75,75,75,75,75,75,75,75,75,75,75,75,75,75,75,75,75,75,75,75,75,75,75,75,75,75,75,75,75,75,75,75,75,75],"card_choices":[{"not_picked":["OneTimeOff","IllusionStar"],"picked":"DarkSpark","floor":1},{"not_picked":["SporeBomb","GravityBeat"],"picked":"AsteroidBelt","floor":2},{"not_picked":["EventHorizon","GalacticHalo"],"picked":"DragonMeteor","floor":2},{"not_picked":["BlazingStar","GravityBeat","IllusionStar"],"picked":"SKIP","floor":3},{"not_picked":["FinalSpark","EscapeVelocity"],"picked":"BigCrunch","floor":6},{"not_picked":["MaximisePower","EscapeVelocity","JA"],"picked":"SKIP","floor":8},{"not_picked":["CollectingQuirk","SatelliteIllusion"],"picked":"BinaryStars","floor":10},{"not_picked":["GalacticHalo","MilkyWay"],"picked":"GrandCross","floor":11},{"not_picked":["BinaryStars","ManaRampage"],"picked":"StarDustReverie","floor":12},{"not_picked":["GravityBeat","DarkSpark+1","WitchOfGreed"],"picked":"SKIP","floor":18},{"not_picked":["ChargingUp","MachineGunSpark+1"],"picked":"MysteriousBeam+1","floor":20},{"not_picked":["BinaryStars","BlazingStar","MaximisePower"],"picked":"SKIP","floor":23},{"not_picked":["SuperNova","UltimateShortwave","BinaryStars"],"picked":"SKIP","floor":28},{"not_picked":["CollectingQuirk","MaximisePower"],"picked":"BigCrunch","floor":31},{"not_picked":["StarDustReverie","BlazingStar"],"picked":"CasketOfStar","floor":33},{"not_picked":["RefractionSpark+1","Occultation","6A+1"],"picked":"SKIP","floor":35},{"not_picked":["UnstableBomb","GravityBeat"],"picked":"OrrerysSun","floor":36}],"player_experience":153148,"relics_obtained":[{"floor":2,"key":"ShroomBag"},{"floor":6,"key":"Vajra"},{"floor":8,"key":"Whetstone"},{"floor":9,"key":"Simple Rune"},{"floor":10,"key":"CaptainsWheel"},{"floor":12,"key":"Grinning Jar"},{"floor":14,"key":"Replay:Rubber Ducky"},{"floor":19,"key":"Bronze Scales"},{"floor":23,"key":"Darkstone Periapt"},{"floor":26,"key":"HandmadeGrimoire"},{"floor":28,"key":"Centennial Puzzle"},{"floor":31,"key":"Pondfish Scales"}],"event_choices":[{"damage_healed":0,"gold_gain":75,"player_choice":"Gather Gold","damage_taken":11,"max_hp_gain":0,"max_hp_loss":0,"event_name":"World of Goop","floor":4,"gold_loss":0},{"damage_healed":0,"gold_gain":0,"player_choice":"1 cards matched","damage_taken":0,"max_hp_gain":0,"max_hp_loss":0,"event_name":"Match and Keep!","floor":5,"gold_loss":0,"cards_obtained":["Acceleration"]},{"cards_removed":["Pot Of Greed"],"damage_healed":0,"gold_gain":0,"player_choice":"Forget","damage_taken":0,"max_hp_gain":0,"max_hp_loss":0,"event_name":"Living Wall","floor":13,"gold_loss":0},{"cards_removed":["MysteriousBeam"],"damage_healed":0,"gold_gain":0,"player_choice":"Elegance","damage_taken":0,"max_hp_gain":0,"max_hp_loss":0,"event_name":"Back to Basics","floor":21,"gold_loss":0},{"damage_healed":0,"gold_gain":99,"player_choice":"Stole From Cult","damage_taken":0,"max_hp_gain":0,"max_hp_loss":0,"event_name":"Nest","floor":24,"gold_loss":0},{"damage_healed":0,"gold_gain":0,"player_choice":"Obtained Relic","damage_taken":0,"relics_obtained":["Turnip"],"max_hp_gain":0,"max_hp_loss":0,"event_name":"Addict","floor":29,"gold_loss":85},{"damage_healed":0,"gold_gain":0,"player_choice":"Fight","damage_taken":0,"max_hp_gain":0,"max_hp_loss":0,"event_name":"MindBloom","floor":37,"gold_loss":0}],"is_beta":false,"boss_relics":[{"not_picked":["Cursed Key","Ectoplasm"],"picked":"Runic Pyramid"},{"not_picked":["REME_LowDesire","Ring of Chaos"],"picked":"BewitchedHakkero"}],"items_purged_floors":[],"is_endless":false,"potions_floor_spawned":[1,6,10,12,23,31,35,36],"killed_by":"Mind Bloom Boss Battle","ascension_level":0}}