{"host":"5mo0809oo9tcrmpl","time":1612497786,"event":{"mods":["BaseMod","Highlight Path","Minty Spire (QoL Compilation)","Relic Stats","Slay the Relics Exporter"],"gold_per_floor":[111,128,146,146,164,195,195,227,227,260,260,277,277,30,30,109,109,126,126,138,138,138,138],"floor_reached":22,"language":"ENG","playtime":924,"items_purged":[],"score":408,"play_id":"37ee8257-47be-411d-937b-cb1a6a25858c","local_time":"20210204220306","is_ascension_mode":true,"campfire_choices":[{"floor":7,"key":"REST"},{"data":"Coolheaded","floor":11,"key":"SMITH"},{"data":"Loop","floor":15,"key":"SMITH"}],"circlet_count":0,"master_deck":["AscendersBane","Strike_B","Strike_B","Strike_B+1","Defend_B","Defend_B","Defend_B","Defend_B","Zap+1","Dualcast","FTL","Coolheaded+1","Rebound+1","Sweeping Beam","Leap","Conserve Battery","Cold Snap+1","Loop+1","Echo Form","Turbo","Writhe","Cold Snap+1"],"relics":["Cracked Core","Eternal Feather","Lantern","Molten Egg 2","Akabeko","Whetstone","Runic Capacitor","Philosopher\u0027s Stone","Toy Ornithopter"],"acts_visited":["Exordium","TheCity"],"potions_floor_usage":[3,8,8,10],"damage_taken":[{"damage":1,"enemies":"Cultist","floor":1,"turns":3},{"damage":2,"enemies":"Jaw Worm","floor":2,"turns":3},{"damage":0,"enemies":"Small Slimes","floor":3,"turns":2},{"damage":10,"enemies":"3 Louse","floor":5,"turns":3},{"damage":40,"enemies":"Gremlin Nob","floor":6,"turns":4},{"damage":16,"enemies":"3 Sentries","floor":8,"turns":6},{"damage":14,"enemies":"Gremlin Nob","floor":10,"turns":3},{"damage":9,"enemies":"Red Slaver","floor":12,"turns":2},{"damage":8,"enemies":"The Guardian","floor":16,"turns":11},{"damage":21,"enemies":"Chosen","floor":18,"turns":5},{"damage":34,"enemies":"2 Thieves","floor":20,"turns":5},{"damage":11,"enemies":"Centurion and Healer","floor":22,"turns":1}],"seed_played":"-3656054781927020189","potions_obtained":[{"floor":1,"key":"Fruit Juice"},{"floor":3,"key":"Regen Potion"},{"floor":5,"key":"SkillPotion"},{"floor":8,"key":"DuplicationPotion"},{"floor":20,"key":"Explosive Potion"}],"is_trial":false,"path_per_floor":["M","M","M","?","M","E","R","E","T","E","R","M","?","$","R","B",null,"M","?","M","?","M"],"character_chosen":"DEFECT","items_purchased":["Runic Capacitor","Loop"],"campfire_rested":1,"item_purchase_floors":[14,14],"current_hp_per_floor":[63,61,66,55,45,5,36,35,35,21,30,21,21,21,30,22,63,42,42,8,8,0,0],"gold":138,"neow_bonus":"UPGRADE_CARD","is_daily":false,"chose_seed":false,"campfire_upgraded":2,"win_rate":0.0,"timestamp":1612497786,"path_taken":["M","M","M","?","M","E","R","E","T","E","R","M","?","?","R","BOSS","M","?","M","?","?"],"items_purchased_type":["Relic","Card"],"build_version":"2020-12-22","purchased_purges":0,"victory":false,"max_hp_per_floor":[71,71,76,76,76,76,76,76,76,76,76,76,76,76,76,76,76,76,76,76,76,76,76],"relic_stats":{"counters":[12,48],"Eternal Feather":27,"Whetstone":["Rebound","Strike_B"],"obtain_stats":[{"Lantern":6,"Eternal Feather":4,"Molten Egg 2":8,"Philosopher\u0027s Stone":17,"Runic Capacitor":14,"Whetstone":10,"Cracked Core":0,"Akabeko":9,"Toy Ornithopter":19},{"Lantern":5,"Eternal Feather":3,"Molten Egg 2":6,"Philosopher\u0027s Stone":9,"Runic Capacitor":8,"Whetstone":7,"Cracked Core":0,"Akabeko":6,"Toy Ornithopter":10},{"Lantern":15,"Eternal Feather":8,"Molten Egg 2":21,"Philosopher\u0027s Stone":37,"Runic Capacitor":26,"Whetstone":24,"Cracked Core":0,"Akabeko":21,"Toy Ornithopter":42}],"Toy Ornithopter":0},"card_choices":[{"not_picked":["Barrage","Rip and Tear"],"picked":"FTL","floor":1},{"not_picked":["Melter","Conserve Battery"],"picked":"Coolheaded","floor":2},{"not_picked":["Hello World","Steam"],"picked":"Rebound","floor":3},{"not_picked":["Gash","Rainbow"],"picked":"Sweeping Beam","floor":5},{"not_picked":["Stack","Redo"],"picked":"Leap","floor":6},{"not_picked":["Storm","Lockon+1","Reprogram"],"picked":"SKIP","floor":8},{"not_picked":["Steam","Genetic Algorithm"],"picked":"Conserve Battery","floor":10},{"not_picked":["Melter+1","Skim"],"picked":"Cold Snap+1","floor":12},{"not_picked":["Creative AI","Machine Learning"],"picked":"Echo Form","floor":16},{"not_picked":["Rip and Tear+1","Redo"],"picked":"Turbo","floor":18},{"not_picked":["Turbo","Stack+1"],"picked":"Cold Snap+1","floor":20}],"player_experience":1252013,"relics_obtained":[{"floor":6,"key":"Lantern"},{"floor":8,"key":"Molten Egg 2"},{"floor":9,"key":"Akabeko"},{"floor":10,"key":"Whetstone"}],"event_choices":[{"damage_healed":0,"gold_gain":0,"player_choice":"Success","damage_taken":11,"relics_obtained":["Eternal Feather"],"max_hp_gain":0,"max_hp_loss":0,"event_name":"Scrap Ooze","floor":4,"gold_loss":0},{"damage_healed":0,"gold_gain":0,"player_choice":"Ignored","damage_taken":0,"max_hp_gain":0,"max_hp_loss":0,"event_name":"Shining Light","floor":13,"gold_loss":0},{"damage_healed":0,"gold_gain":0,"player_choice":"Opened","damage_taken":0,"relics_obtained":["Toy Ornithopter"],"max_hp_gain":0,"max_hp_loss":0,"event_name":"The Mausoleum","floor":19,"gold_loss":0,"cards_obtained":["Writhe"]},{"cards_removed":["Strike_B"],"damage_healed":0,"gold_gain":0,"player_choice":"Purged","damage_taken":0,"max_hp_gain":0,"max_hp_loss":0,"event_name":"Purifier","floor":21,"gold_loss":0}],"is_beta":false,"boss_relics":[{"not_picked":["Black Star","Calling Bell"],"picked":"Philosopher\u0027s Stone"}],"items_purged_floors":[],"is_endless":false,"potions_floor_spawned":[1,3,5,8,20],"killed_by":"Centurion and Healer","ascension_level":20}}