{"host":"6he3f0ic6yesrium","time":1612500496,"event":{"mods":["BaseMod","Better Altar","Better Match","Better Note","Better Sensory Stone","Better Skull","Better Third Choice","Colored Map","Conspire","Duelist Mod","Hermit","Hubris","Marisa????????","Mimic Mod","Minty Spire (QoL Compilation)","Replay The Spire","Shade Mod","Somnambulant","Spire Arcade","Spire Birthday Party","StSLib","The Alterego","The Disciple","The Forsaken","The Hierophant","The Mystic","The Necromancer","The Runesmith","The Servant 0.9.4","The Valiant","TheVacant"],"gold_per_floor":[243,253,270,284,299,299,332,332,386,411,438,465,491,551,563,676,688,715,407,506,522,209,221,221,246,246,258,258,293,305,340,340,438,438,458,458,473,493,493,493,518,518,551,551,569,569,580,580,580,580,580],"floor_reached":50,"language":"ENG","playtime":2016,"items_purged":["theDuelist:Sparks"],"score":789,"play_id":"15ad8374-9c1b-4465-8e0b-ab754f8cc831","local_time":"20210204234816","is_ascension_mode":true,"campfire_choices":[{"floor":6,"key":"REST"},{"data":"theDuelist:ToonTable","floor":8,"key":"SMITH"},{"floor":15,"key":"REST"},{"data":"theDuelist:ToonMask","floor":24,"key":"SMITH"},{"floor":32,"key":"REST"},{"floor":40,"key":"REST"},{"floor":42,"key":"REST"},{"floor":44,"key":"REST"},{"data":"theDuelist:ToonCannonSoldier","floor":46,"key":"SMITH"},{"floor":49,"key":"REST"}],"circlet_count":0,"master_deck":["theDuelist:CastleWalls","theDuelist:CastleWalls","theDuelist:MangaRyuRan","theDuelist:Sparks","theDuelist:Sparks","theDuelist:ToonAncientGear","theDuelist:ToonMermaid","theDuelist:ToonSummonedSkull","theDuelist:ToonWorld","theDuelist:ToonMagic","theDuelist:BlueEyesToon","theDuelist:ToonAncientGear","theDuelist:RedEyesToon","theDuelist:ToonBarrelDragon","theDuelist:ToonTable+1","theDuelist:ToonMermaid","theDuelist:HeartUnderdog","theDuelist:ToonAncientGear","theDuelist:ToonDarkMagician","theDuelist:Raigeki","theDuelist:ToonCannonSoldier","theDuelist:ToonAncientGear","theDuelist:ToonMask+1","theDuelist:ToonBriefcase","theDuelist:ToonCannonSoldier+1","Finesse","theDuelist:ComicHand+1","theDuelist:ToonKingdom+1","theDuelist:HammerShot+1","Wraith"],"relics":["theDuelist:MillenniumPuzzle","theDuelist:CardPoolRelic","theDuelist:CardPoolBasicRelic","theDuelist:BoosterPackPoolRelic","theDuelist:CardPoolAddRelic","theDuelist:CardPoolMinusRelic","theDuelist:CardPoolSaveRelic","theDuelist:CardPoolOptionsRelic","Replay:Kaleidoscope","MawBank","theDuelist:MetronomeRelicD","hubris:ScarierMask","Replay:Wax Seal","Juzu Bracelet","Eternal Feather","Ring of Searing","theForsaken:ScaryMask","hubris:CrystalStatue","Electric Blood","Happy Flower","StoneCalendar"],"acts_visited":["Exordium","TheCity","TheBeyond"],"potions_floor_usage":[4,11,12,13,16,21,21,21,25,25,29,31,31,38,50,50],"damage_taken":[{"damage":7,"enemies":"Cultist","floor":1,"turns":3},{"damage":1,"enemies":"2 Louse","floor":2,"turns":2},{"damage":7,"enemies":"Small Slimes","floor":3,"turns":3},{"damage":4,"enemies":"Looter","floor":4,"turns":3},{"damage":15,"enemies":"Blue Slaver","floor":5,"turns":4},{"damage":23,"enemies":"Lagavulin","floor":7,"turns":5},{"damage":7,"enemies":"Large Slime","floor":10,"turns":3},{"damage":2,"enemies":"2 Fungi Beasts","floor":11,"turns":2},{"damage":0,"enemies":"3 Louse","floor":12,"turns":3},{"damage":18,"enemies":"Gremlin Gang","floor":13,"turns":3},{"damage":4,"enemies":"Slime Boss","floor":16,"turns":6},{"damage":6,"enemies":"2 Thieves","floor":18,"turns":3},{"damage":4,"enemies":"Chosen","floor":21,"turns":3},{"damage":2,"enemies":"3 Cultists","floor":23,"turns":2},{"damage":5,"enemies":"Slavers","floor":25,"turns":2},{"damage":17,"enemies":"Sentry and Sphere","floor":27,"turns":3},{"damage":8,"enemies":"Book of Stabbing","floor":29,"turns":4},{"damage":17,"enemies":"Shelled Parasite and Fungi","floor":30,"turns":3},{"damage":0,"enemies":"Cultist and Chosen","floor":31,"turns":2},{"damage":44,"enemies":"Champ","floor":33,"turns":8},{"damage":29,"enemies":"Orb Walker","floor":35,"turns":3},{"damage":7,"enemies":"3 Darklings","floor":37,"turns":3},{"damage":36,"enemies":"Writhing Mass","floor":38,"turns":5},{"damage":28,"enemies":"Reptomancer","floor":41,"turns":4},{"damage":32,"enemies":"Sphere and 2 Shapes","floor":43,"turns":5},{"damage":6,"enemies":"Sphere and 2 Shapes","floor":45,"turns":2},{"damage":30,"enemies":"Transient","floor":47,"turns":5},{"damage":82,"enemies":"Time Eater","floor":50,"turns":6}],"seed_played":"-8034211036995580525","potions_obtained":[{"floor":3,"key":"theDuelist:SealedPackB"},{"floor":4,"key":"Milkshake"},{"floor":7,"key":"SkillPotion"},{"floor":11,"key":"BloodPotion"},{"floor":12,"key":"DistilledChaos"},{"floor":18,"key":"PowerPotion"},{"floor":21,"key":"theDuelist:StunPotion"},{"floor":29,"key":"theDuelist:WhiteBottle"},{"floor":30,"key":"theDuelist:SealedPack"},{"floor":33,"key":"theDuelist:TributeBottle"},{"floor":45,"key":"theDuelist:TributeBottle"},{"floor":47,"key":"theDuelist:FlamingBottle"}],"is_trial":false,"path_per_floor":["M","M","M","M","M","R","E","R","T","M","M","M","M","?","R","B",null,"M","$","?","M","$","M","R","E","T","M","?","E","M","MIM","R_BF","B",null,"M","?","M","M","?","R","E","R","MIM","R","M","R","M","?","R","B"],"character_chosen":"THE_DUELIST","items_purchased":["Replay:Wax Seal","Juzu Bracelet","theDuelist:IcePotion","Block Potion","theDuelist:SealedPackE","theDuelist:StunPotion","theDuelist:ToonMask"],"campfire_rested":7,"item_purchase_floors":[19,19,19,19,22,22,22],"current_hp_per_floor":[73,72,65,61,46,70,47,47,47,40,38,54,36,16,40,36,80,74,74,74,74,74,72,72,67,67,50,50,42,25,25,61,17,80,51,51,44,8,8,47,19,58,26,65,59,74,44,44,80,0,0],"gold":580,"neow_bonus":"HUNDRED_GOLD","is_daily":false,"chose_seed":false,"campfire_upgraded":3,"win_rate":0.0,"timestamp":1612500496,"path_taken":["M","M","?","M","M","R","E","R","T","M","M","M","M","?","R","BOSS","M","$","?","M","$","M","R","E","T","M","?","E","M","?","R_BF","BOSS","M","?","M","M","?","R","E","R","MIM","R","M","R","M","?","R","BOSS"],"items_purchased_type":["Relic","Relic","Potion","Potion","Potion","Potion","Card"],"build_version":"2020-12-22","purchased_purges":1,"victory":false,"max_hp_per_floor":[80,80,80,80,80,80,80,80,80,80,80,80,80,80,80,80,80,80,80,80,80,80,80,80,80,80,80,80,80,80,80,80,80,80,80,80,80,80,80,80,80,80,80,80,80,80,80,80,80,80,80],"card_choices":[{"not_picked":["theDuelist:AncientGearFist","theDuelist:ComicHand","theDuelist:GiantTrunade","theDuelist:TributeDoomed"],"picked":"theDuelist:ToonMagic","floor":1},{"not_picked":["theDuelist:MangaRyuRan","theDuelist:BlueBloodedOni","theDuelist:PurplePainOni","theDuelist:RainbowKuriboh"],"picked":"theDuelist:BlueEyesToon","floor":2},{"not_picked":["theDuelist:RedEyesToon","theDuelist:ToonMermaid","theDuelist:FlyingSaucer","theDuelist:MangaRyuRan"],"picked":"theDuelist:ToonAncientGear","floor":3},{"not_picked":["theDuelist:ToonMermaid","theDuelist:CheerfulCoffin","theDuelist:FlyingSaucer","theDuelist:ShadowToon"],"picked":"theDuelist:RedEyesToon","floor":4},{"not_picked":["theDuelist:ToonMermaid","theDuelist:ToonAncientGear","theDuelist:MangaRyuRan","theDuelist:SpellShatteringArrow"],"picked":"theDuelist:ToonBarrelDragon","floor":5},{"not_picked":["theDuelist:FlyingSaucer","theDuelist:ToonGeminiElf","theDuelist:ToonGoblin","theDuelist:ShadowToon"],"picked":"theDuelist:ToonTable","floor":7},{"not_picked":["theDuelist:RedEyesToon","theDuelist:AncientGearFist","theDuelist:SpellShatteringArrow","theDuelist:BlueEyesToon"],"picked":"theDuelist:ToonMermaid","floor":10},{"not_picked":["theDuelist:FeatherShot","theDuelist:SwordsConcealing"],"picked":"theDuelist:HeartUnderdog","floor":11},{"not_picked":["theDuelist:BlueEyesToon","theDuelist:MangaRyuRan","theDuelist:RedEyesToon","theDuelist:ToonBarrelDragon","theDuelist:YellowBelliedOni"],"picked":"SKIP","floor":12},{"not_picked":["theDuelist:MangaRyuRan","theDuelist:FlyingSaucer","theDuelist:RedEyesToon","theDuelist:ToonCannonSoldier"],"picked":"theDuelist:ToonAncientGear","floor":13},{"not_picked":["theDuelist:ToonDarkMagicianGirl","theDuelist:ToonGeminiElf","theDuelist:ToonMaskedSorcerer","theDuelist:Mathematician"],"picked":"theDuelist:ToonDarkMagician","floor":14},{"not_picked":["theDuelist:Mathematician","theDuelist:Metronome","theDuelist:Solidarity","theDuelist:YellowBelliedOni"],"picked":"theDuelist:Raigeki","floor":16},{"not_picked":["theDuelist:ToonMermaid","theDuelist:CheerfulCoffin","theDuelist:FlyingSaucer","theDuelist:MangaRyuRan"],"picked":"theDuelist:ToonCannonSoldier","floor":18},{"not_picked":["theDuelist:ToonMermaid","theDuelist:FlyingSaucer","theDuelist:RedEyesToon","theDuelist:CheerfulCoffin"],"picked":"theDuelist:ToonAncientGear","floor":21},{"not_picked":["theDuelist:WormKing+1","theDuelist:Polymerization","theDuelist:MagicCylinder","theDuelist:Metronome","theDuelist:SmashingGround"],"picked":"SKIP","floor":23},{"not_picked":["theDuelist:SpellShatteringArrow","theDuelist:MangaRyuRan+1","theDuelist:FlyingSaucer","theDuelist:ToonAncientGear"],"picked":"theDuelist:ToonBriefcase","floor":25},{"not_picked":["theDuelist:AncientGearFist","theDuelist:SpellShatteringArrow","theDuelist:ShadowToon","theDuelist:ToonTable","theDuelist:ToonRollback"],"picked":"SKIP","floor":27},{"not_picked":["theDuelist:MangaRyuRan","theDuelist:RedEyesToon","theDuelist:FlyingSaucer","theDuelist:ToonAncientGear","theDuelist:ToonMermaid+1"],"picked":"SKIP","floor":29},{"not_picked":["theDuelist:DestroyerGolem","theDuelist:DummyGolem","theDuelist:EarthEffigy","theDuelist:GemElephant","theDuelist:MudGolem"],"picked":"SKIP","floor":30},{"not_picked":["theDuelist:FeatherShot","theDuelist:ToonGeminiElf","theDuelist:AncientGearFist","theDuelist:SwordsConcealing"],"picked":"theDuelist:ToonCannonSoldier","floor":35},{"not_picked":["Good Instincts+1","Magnetism+1","Sadistic Nature"],"picked":"Finesse","floor":37},{"not_picked":["theDuelist:GaiaMidNightSun+1","theDuelist:PowerWall","theDuelist:MillenniumGolem+1","theDuelist:FuryFire","theDuelist:GiantSoldierSteel+1"],"picked":"SKIP","floor":38},{"not_picked":["theDuelist:MangaRyuRan+1","theDuelist:RedEyesToon","theDuelist:ToonSummonedSkull+1","theDuelist:ToonBarrelDragon+1"],"picked":"theDuelist:ComicHand+1","floor":39},{"not_picked":["theDuelist:BattleguardKing","theDuelist:GaiaMidNightSun","theDuelist:PowerGiant","theDuelist:ClearKuriboh","theDuelist:RainbowOverdragon"],"picked":"SKIP","floor":41},{"not_picked":["theDuelist:TrapHole+1","theDuelist:ToonBriefcase","theDuelist:ToonWorld"],"picked":"theDuelist:ToonKingdom+1","floor":43},{"not_picked":["theDuelist:FuryFire","theDuelist:HaneHane+1","theDuelist:Polymerization+1","theDuelist:EarthEffigy"],"picked":"theDuelist:HammerShot+1","floor":45},{"not_picked":["theDuelist:ToonDarkMagician+1","theDuelist:ToonDarkMagicianGirl","theDuelist:ToonGeminiElf+1","theDuelist:ToonMaskedSorcerer","theDuelist:Mathematician"],"picked":"SKIP","floor":47}],"player_experience":378389,"relics_obtained":[{"floor":7,"key":"Replay:Kaleidoscope"},{"floor":9,"key":"MawBank"},{"floor":14,"key":"theDuelist:MetronomeRelicD"},{"floor":25,"key":"Eternal Feather"},{"floor":28,"key":"Ring of Searing"},{"floor":29,"key":"theForsaken:ScaryMask"},{"floor":31,"key":"hubris:CrystalStatue"},{"floor":41,"key":"Happy Flower"},{"floor":43,"key":"StoneCalendar"}],"event_choices":[{"damage_healed":0,"gold_gain":99,"player_choice":"Steal","damage_taken":0,"max_hp_gain":0,"max_hp_loss":0,"event_name":"betterThird:BetterNest","floor":20,"gold_loss":0},{"damage_healed":0,"gold_gain":0,"player_choice":"Leave","damage_taken":0,"max_hp_gain":0,"max_hp_loss":0,"event_name":"conspire:Investor","floor":36,"gold_loss":0},{"damage_healed":0,"gold_gain":3,"player_choice":"1","damage_taken":0,"max_hp_gain":0,"max_hp_loss":0,"event_name":"betterStone:BetterStone","floor":39,"gold_loss":0},{"damage_healed":0,"gold_gain":0,"player_choice":"Ignored","damage_taken":0,"max_hp_gain":0,"max_hp_loss":0,"event_name":"OrinTheCat","floor":48,"gold_loss":0}],"is_beta":false,"boss_relics":[{"not_picked":["Fusion Hammer","Ectoplasm"],"picked":"hubris:ScarierMask"},{"not_picked":["Philosopher\u0027s Stone","Painkiller Herb"],"picked":"Electric Blood"}],"items_purged_floors":[22],"is_endless":false,"potions_floor_spawned":[3,4,7,11,12,18,21,29,30,33,45,47],"killed_by":"Time Eater","ascension_level":3}}