{"host":"soyfmymeou4emntr","time":1612507080,"event":{"mods":["BaseMod","BetterRewards","Minty Spire (QoL Compilation)","Relic Sorter","Relic Stats","StSLib"],"gold_per_floor":[119,194,211,40,5,33,33,47,47,47,97,123,143,178,178,250,250,268,278,297,90,6,6,23,54,54,64,64,64,98,112,112,112,112],"floor_reached":33,"language":"ENG","playtime":3351,"items_purged":[],"score":710,"play_id":"669c18cd-4880-4db2-8e83-f8f34b03758b","local_time":"20210204233800","is_ascension_mode":true,"campfire_choices":[{"data":"Immolate","floor":7.0,"key":"SMITH"},{"data":"Shrug It Off","floor":10.0,"key":"SMITH"},{"floor":15.0,"key":"REST"},{"data":"Feel No Pain","floor":23.0,"key":"SMITH"},{"data":"Metallicize","floor":29.0,"key":"SMITH"},{"data":"Fire Breathing","floor":32.0,"key":"SMITH"}],"circlet_count":0,"master_deck":["AscendersBane","Strike_R","Strike_R","Defend_R","Defend_R","Defend_R","Defend_R","Bash","Seeing Red+1","Hemokinesis+1","Hemokinesis+1","Shockwave","Fire Breathing+1","Immolate+1","Metallicize+1","Shrug It Off+1","Fire Breathing","Fiend Fire+1","Armaments+1","Intimidate+1","Feel No Pain+1","Feel No Pain+1","Entrench+1","Feed"],"relics":["Astrolabe","Ginger","Incense Burner","Magic Flower","Smiling Mask","Coffee Dripper","Membership Card","TheAbacus","Tiny Chest","Gambling Chip","Shuriken"],"acts_visited":["Exordium","TheCity"],"potions_floor_usage":[],"damage_taken":[{"damage":4.0,"enemies":"2 Louse","floor":1.0,"turns":3.0},{"damage":4.0,"enemies":"Jaw Worm","floor":3.0,"turns":1.0},{"damage":31.0,"enemies":"Lagavulin","floor":6.0,"turns":5.0},{"damage":2.0,"enemies":"Cultist","floor":8.0,"turns":4.0},{"damage":19.0,"enemies":"Gremlin Nob","floor":12.0,"turns":4.0},{"damage":0.0,"enemies":"Red Slaver","floor":13.0,"turns":2.0},{"damage":10.0,"enemies":"Lagavulin","floor":14.0,"turns":5.0},{"damage":4.0,"enemies":"Slime Boss","floor":16.0,"turns":6.0},{"damage":4.0,"enemies":"3 Byrds","floor":18.0,"turns":4.0},{"damage":4.0,"enemies":"Chosen","floor":19.0,"turns":4.0},{"damage":2.0,"enemies":"Snake Plant","floor":20.0,"turns":2.0},{"damage":2.0,"enemies":"Cultist and Chosen","floor":24.0,"turns":5.0},{"damage":17.0,"enemies":"Slavers","floor":25.0,"turns":5.0},{"damage":6.0,"enemies":"Shelled Parasite and Fungi","floor":27.0,"turns":11.0},{"damage":12.0,"enemies":"Gremlin Leader","floor":30.0,"turns":6.0},{"damage":0.0,"enemies":"Snecko","floor":31.0,"turns":7.0},{"damage":23,"enemies":"Automaton","floor":33,"turns":6}],"seed_played":"-9048020897982525188","potions_obtained":[{"floor":1.0,"key":"Dexterity Potion"},{"floor":12.0,"key":"LiquidMemories"},{"floor":13.0,"key":"SteroidPotion"},{"floor":14.0,"key":"EssenceOfSteel"},{"floor":20.0,"key":"Swift Potion"},{"floor":27.0,"key":"HeartOfIron"}],"is_trial":false,"path_per_floor":["M","?","M","$","?","E","R","M","T","R","?","E","M","E","R","B",null,"M","M","M","$","$","R","M","E","T","M","?","R","E","M","R","B"],"character_chosen":"IRONCLAD","items_purchased":["Immolate","Membership Card","Feel No Pain","TheAbacus"],"campfire_rested":1,"item_purchase_floors":[4,21,21,22],"current_hp_per_floor":[64,53,49,49,67,36,36,34,34,34,34,15,15,5,27,23,62,58,54,52,52,52,52,50,33,33,27,27,27,15,20,20,0,0],"gold":112,"neow_bonus":"BOSS_RELIC","is_daily":false,"chose_seed":false,"campfire_upgraded":5,"win_rate":0.0,"timestamp":1612507080,"path_taken":["M","?","M","$","?","E","R","M","T","R","?","E","M","E","R","BOSS","M","?","M","?","$","R","M","E","T","M","?","R","E","M","R","BOSS"],"items_purchased_type":["Card","Relic","Card","Relic"],"build_version":"2020-12-22","purchased_purges":0,"victory":false,"max_hp_per_floor":[75,75,75,75,75,75,75,75,75,75,75,75,75,75,75,75,75,75,75,75,75,75,75,75,75,75,75,75,75,75,78,78,78,78],"relic_stats":{"TheAbacus":[60],"counters":[17,80],"Shuriken":[1],"Astrolabe":["Seeing Red","Hemokinesis","Hemokinesis"],"Gambling Chip":[16],"Magic Flower":[2],"Tiny Chest":0,"Ginger":[17],"Smiling Mask":0,"obtain_stats":[{"TheAbacus":22,"Shuriken":30,"Astrolabe":0,"Gambling Chip":26,"Magic Flower":12,"Tiny Chest":25,"Incense Burner":6,"Coffee Dripper":17,"Ginger":9,"Membership Card":21,"Smiling Mask":14,"Burning Blood":0},{"TheAbacus":11,"Shuriken":15,"Astrolabe":0,"Gambling Chip":13,"Magic Flower":5,"Tiny Chest":13,"Incense Burner":3,"Coffee Dripper":8,"Ginger":4,"Membership Card":11,"Smiling Mask":7,"Burning Blood":0},{"TheAbacus":40,"Shuriken":67,"Astrolabe":0,"Gambling Chip":50,"Magic Flower":17,"Tiny Chest":50,"Incense Burner":9,"Coffee Dripper":30,"Ginger":13,"Membership Card":40,"Smiling Mask":24,"Burning Blood":0}]},"card_choices":[{"not_picked":["Clash","Clothesline"],"picked":"Shockwave","floor":1.0},{"not_picked":["True Grit","Shrug It Off"],"picked":"Fire Breathing","floor":3.0},{"not_picked":["Burning Pact","Body Slam"],"picked":"Metallicize","floor":6.0},{"not_picked":["Rampage","Heavy Blade"],"picked":"Shrug It Off","floor":8.0},{"not_picked":["Iron Wave","Brutality"],"picked":"Fire Breathing","floor":12.0},{"not_picked":["Pommel Strike","Thunderclap","Twin Strike"],"picked":"SKIP","floor":13.0},{"not_picked":["Searing Blow","Blood for Blood","Body Slam"],"picked":"SKIP","floor":14.0},{"not_picked":["Corruption","Impervious"],"picked":"Fiend Fire","floor":16.0},{"not_picked":["True Grit","Reckless Charge"],"picked":"Armaments+1","floor":18.0},{"not_picked":["True Grit","Warcry","Fire Breathing"],"picked":"SKIP","floor":19.0},{"not_picked":["Brutality","Whirlwind"],"picked":"Intimidate+1","floor":20.0},{"not_picked":["Metallicize","Flex+1"],"picked":"Feel No Pain+1","floor":24.0},{"not_picked":["Heavy Blade+1","Body Slam","Whirlwind"],"picked":"SKIP","floor":25.0},{"not_picked":["Pommel Strike","Dropkick"],"picked":"Entrench+1","floor":27.0},{"not_picked":["Pummel","Shrug It Off"],"picked":"Feed","floor":30.0},{"not_picked":["Twin Strike+1","Pommel Strike","Thunderclap"],"picked":"SKIP","floor":31.0}],"player_experience":3055672,"relics_obtained":[{"floor":6.0,"key":"Incense Burner"},{"floor":9.0,"key":"Ginger"},{"floor":12.0,"key":"Magic Flower"},{"floor":14.0,"key":"Smiling Mask"},{"floor":25.0,"key":"Tiny Chest"},{"floor":26.0,"key":"Gambling Chip"},{"floor":30.0,"key":"Shuriken"}],"event_choices":[{"damage_healed":0.0,"max_hp_gain":0.0,"max_hp_loss":0.0,"gold_gain":75.0,"event_name":"World of Goop","player_choice":"Gather Gold","floor":2.0,"gold_loss":0.0,"damage_taken":11.0},{"damage_healed":18.0,"max_hp_gain":0.0,"max_hp_loss":0.0,"gold_gain":0.0,"event_name":"The Cleric","player_choice":"Healed","floor":5.0,"gold_loss":35.0,"damage_taken":0.0},{"damage_healed":0.0,"max_hp_gain":0.0,"max_hp_loss":0.0,"gold_gain":50.0,"event_name":"Golden Shrine","player_choice":"Pray","floor":11.0,"gold_loss":0.0,"damage_taken":0.0},{"damage_healed":0.0,"max_hp_gain":0.0,"max_hp_loss":0.0,"gold_gain":0.0,"event_name":"Upgrade Shrine","player_choice":"Upgraded","floor":28.0,"gold_loss":0.0,"damage_taken":0.0,"cards_upgraded":["Fiend Fire"]}],"is_beta":false,"boss_relics":[{"not_picked":["Philosopher\u0027s Stone","Tiny House"],"picked":"Coffee Dripper"}],"items_purged_floors":[],"is_endless":false,"potions_floor_spawned":[1,12,13,14,20,24,27],"killed_by":"Automaton","ascension_level":20}}