{"host":"bg8va46pgqgvtzim","time":1612512796,"event":{"mods":["BaseMod","Minty Spire (QoL Compilation)","Quick Restart","StSLib","SuperFastMode"],"gold_per_floor":[116,116,134,134,148,148,162,187,187,202,127,154,154,154,181,181,193,221,234,234,334,334,345,356,373,373,422,433,462,462,481,150,150,150,161,172,97,109,137,7,20,30,58,58,159,159,176,56,108,108,120,120,120,151,162,162,192,210,222,247,247,258,268,268,268,268,268,268,76,111,111],"floor_reached":72,"language":"ZHS","playtime":2998,"items_purged":["Defend_P","Strike_P","Strike_P","Defend_P"],"score":1848,"play_id":"bad4920c-1723-4aca-94cb-c1340b15b54b","local_time":"20210205161316","is_ascension_mode":true,"campfire_choices":[{"data":"ForeignInfluence","floor":9.0,"key":"SMITH"},{"data":"EmptyMind","floor":14.0,"key":"SMITH"},{"data":"Wallop","floor":16.0,"key":"SMITH"},{"data":"Meditate","floor":20.0,"key":"SMITH"},{"data":"Prostrate","floor":30.0,"key":"SMITH"},{"data":"Pray","floor":44.0,"key":"SMITH"},{"data":"Prostrate","floor":53,"key":"SMITH"},{"floor":64,"key":"RECALL"},{"data":"DevaForm","floor":65,"key":"SMITH"},{"data":"Vault","floor":68,"key":"SMITH"}],"circlet_count":0,"master_deck":["Eruption+1","Vigilance","ForeignInfluence+1","Prostrate+1","Meditate+1","EmptyMind+1","Wallop+1","Establishment","FearNoEvil","DevaForm+1","Prostrate+1","Devotion","Pray+1","Adaptation","MentalFortress","Vault+1","Trip","MentalFortress+1","Indignation","FlurryOfBlows"],"relics":["PureWater","StoneCalendar","Dream Catcher","Ice Cream","Sundial","Calipers","Runic Pyramid","Happy Flower","Medical Kit","InkBottle","Blue Candle","The Courier","CaptainsWheel","VioletLotus","Gremlin Horn","HornCleat","Shuriken","Mercury Hourglass","Ornamental Fan","Toy Ornithopter"],"acts_visited":["Exordium","TheCity","TheBeyond","TheEnding"],"potions_floor_usage":[71],"damage_taken":[{"damage":1.0,"enemies":"Jaw Worm","floor":1.0,"turns":3.0},{"damage":0.0,"enemies":"2 Louse","floor":3.0,"turns":2.0},{"damage":0.0,"enemies":"Cultist","floor":5.0,"turns":2.0},{"damage":0.0,"enemies":"3 Louse","floor":7.0,"turns":3.0},{"damage":9.0,"enemies":"Lagavulin","floor":8.0,"turns":3.0},{"damage":10.0,"enemies":"Blue Slaver","floor":10.0,"turns":3.0},{"damage":0.0,"enemies":"Gremlin Nob","floor":12.0,"turns":4.0},{"damage":5.0,"enemies":"3 Sentries","floor":15.0,"turns":6.0},{"damage":7.0,"enemies":"Large Slime","floor":17.0,"turns":2.0},{"damage":0.0,"enemies":"Gremlin Nob","floor":18.0,"turns":2.0},{"damage":5.0,"enemies":"Exordium Thugs","floor":19.0,"turns":2.0},{"damage":3.0,"enemies":"Hexaghost","floor":21.0,"turns":6.0},{"damage":0.0,"enemies":"Chosen","floor":23.0,"turns":3.0},{"damage":0.0,"enemies":"3 Byrds","floor":24.0,"turns":4.0},{"damage":0.0,"enemies":"Snecko","floor":25.0,"turns":4.0},{"damage":4.0,"enemies":"Centurion and Healer","floor":28.0,"turns":3.0},{"damage":27.0,"enemies":"Gremlin Leader","floor":29.0,"turns":5.0},{"damage":0.0,"enemies":"Snake Plant","floor":31.0,"turns":4.0},{"damage":0.0,"enemies":"Sentry and Sphere","floor":35.0,"turns":3.0},{"damage":0.0,"enemies":"Chosen and Byrds","floor":36.0,"turns":4.0},{"damage":9.0,"enemies":"Snake Plant","floor":38.0,"turns":3.0},{"damage":4.0,"enemies":"Book of Stabbing","floor":39.0,"turns":3.0},{"damage":0.0,"enemies":"3 Cultists","floor":41.0,"turns":3.0},{"damage":5.0,"enemies":"Cultist and Chosen","floor":42.0,"turns":7.0},{"damage":16.0,"enemies":"Slavers","floor":43.0,"turns":3.0},{"damage":0.0,"enemies":"Automaton","floor":45.0,"turns":4.0},{"damage":0.0,"enemies":"3 Shapes","floor":47.0,"turns":5.0},{"damage":0.0,"enemies":"2 Orb Walkers","floor":49.0,"turns":3.0},{"damage":0,"enemies":"Orb Walker","floor":51,"turns":3},{"damage":0,"enemies":"Reptomancer","floor":54,"turns":4},{"damage":0,"enemies":"Spire Growth","floor":55,"turns":3},{"damage":0,"enemies":"Nemesis","floor":57,"turns":4},{"damage":0,"enemies":"Sphere and 2 Shapes","floor":58,"turns":6},{"damage":0,"enemies":"4 Shapes","floor":59,"turns":4},{"damage":0,"enemies":"Giant Head","floor":60,"turns":4},{"damage":0,"enemies":"Spire Growth","floor":62,"turns":3},{"damage":0,"enemies":"3 Darklings","floor":63,"turns":3},{"damage":0,"enemies":"Donu and Deca","floor":66,"turns":4},{"damage":0,"enemies":"Shield and Spear","floor":70,"turns":4},{"damage":0,"enemies":"The Heart","floor":71,"turns":6}],"seed_played":"7504254481685314310","potions_obtained":[{"floor":1.0,"key":"ColorlessPotion"},{"floor":8.0,"key":"Weak Potion"},{"floor":17.0,"key":"Energy Potion"},{"floor":18.0,"key":"FearPotion"},{"floor":25.0,"key":"StancePotion"},{"floor":35.0,"key":"BottledMiracle"},{"floor":39.0,"key":"StancePotion"},{"floor":45.0,"key":"Swift Potion"},{"floor":51,"key":"FairyPotion"},{"floor":52,"key":"Dexterity Potion"},{"floor":54,"key":"SkillPotion"},{"floor":59,"key":"StancePotion"},{"floor":63,"key":"GamblersBrew"}],"is_trial":false,"path_per_floor":["M","?","M","$","M","?","M","E","R","M","$","E","T","R","E","R","M","E","M","R","B",null,"M","M","M","?","T","M","E","R","M","$","T","T","M","M","?","M","E","$","M","M","E","R","B",null,"M","$","?","?","M","?","R","E","M","T","E","M","M","E","?","M","M","R","R","B",null,"R","$","E","B",null],"character_chosen":"WATCHER","items_purchased":["Medical Kit","Adaptation","MentalFortress","Ornamental Fan"],"campfire_rested":0,"item_purchase_floors":[32,32,40,69],"current_hp_per_floor":[71,64,64,64,64,64,64,55,55,45,45,45,45,45,40,40,33,33,28,28,25,72,72,72,72,72,72,68,41,41,41,41,41,41,41,41,41,32,28,28,28,23,7,7,7,72,72,72,72,62,62,62,62,62,62,62,62,62,62,62,62,62,62,62,62,62,72,72,72,72,72],"gold":111,"neow_bonus":"UPGRADE_CARD","is_daily":false,"chose_seed":false,"campfire_upgraded":9,"win_rate":0.0,"timestamp":1612512796,"path_taken":["M","?","M","$","M","?","M","E","R","M","?","E","T","R","E","R","?","E","M","R","BOSS","M","M","M","?","?","M","E","R","M","$","T","T","M","?","?","M","E","$","M","M","E","R","BOSS","M","$","?","?","M","?","R","E","M","T","E","?","M","E","?","?","M","R","R","BOSS","R","$","E","BOSS"],"items_purchased_type":["Relic","Card","Card","Relic"],"build_version":"2020-12-22","purchased_purges":4,"victory":true,"max_hp_per_floor":[72,72,72,72,72,72,72,72,72,72,72,72,72,72,72,72,72,72,72,72,72,72,72,72,72,72,72,72,72,72,72,72,72,72,72,72,72,72,72,72,72,72,72,72,72,72,72,72,72,72,72,72,72,72,72,72,72,72,72,72,72,72,72,72,72,72,72,72,72,72,72],"card_choices":[{"not_picked":["Worship","JustLucky"],"picked":"ForeignInfluence","floor":1.0},{"not_picked":["Weave","CutThroughFate","ClearTheMind"],"picked":"SKIP","floor":3.0},{"not_picked":["JustLucky","Halt"],"picked":"Prostrate","floor":5.0},{"not_picked":["ThirdEye","Weave"],"picked":"Meditate","floor":7.0},{"not_picked":["CutThroughFate","EmptyBody"],"picked":"EmptyMind","floor":8.0},{"not_picked":["EmptyFist","EmptyMind"],"picked":"Wallop","floor":10.0},{"not_picked":["Consecrate","Perseverance","Nirvana"],"picked":"SKIP","floor":12.0},{"not_picked":["EmptyBody","TalkToTheHand"],"picked":"Establishment","floor":15.0},{"not_picked":["WheelKick","EmptyFist"],"picked":"FearNoEvil","floor":17.0},{"not_picked":["PathToVictory","EmptyFist","Weave"],"picked":"SKIP","floor":18.0},{"not_picked":["FlyingSleeves","Nirvana","SignatureMove"],"picked":"SKIP","floor":19.0},{"not_picked":["Brilliance","Vault"],"picked":"DevaForm","floor":21.0},{"not_picked":["SashWhip","EmptyMind"],"picked":"Halt+1","floor":23.0},{"not_picked":["Collect","PathToVictory+1"],"picked":"Prostrate","floor":24.0},{"not_picked":["FlyingSleeves","WaveOfTheHand+1","Prostrate"],"picked":"SKIP","floor":25.0},{"not_picked":["ThirdEye+1","SandsOfTime","Protect"],"picked":"SKIP","floor":28.0},{"not_picked":["FlurryOfBlows","ReachHeaven"],"picked":"Devotion","floor":29.0},{"not_picked":["Sanctity","CrushJoints"],"picked":"Pray","floor":31.0},{"not_picked":["Halt","EmptyBody+1","PathToVictory"],"picked":"SKIP","floor":35.0},{"not_picked":["Weave","CutThroughFate+1","DeceiveReality"],"picked":"SKIP","floor":36.0},{"not_picked":["Blasphemy","Crescendo+1","Consecrate+1"],"picked":"SKIP","floor":38.0},{"not_picked":["Prostrate","Conclude","ClearTheMind"],"picked":"SKIP","floor":39.0},{"not_picked":["WheelKick","Nirvana","FlyingSleeves+1"],"picked":"SKIP","floor":41.0},{"not_picked":["Blasphemy","ClearTheMind+1","BattleHymn+1"],"picked":"SKIP","floor":42.0},{"not_picked":["FollowUp","Worship+1","PathToVictory"],"picked":"SKIP","floor":43.0},{"not_picked":["Brilliance","MasterReality"],"picked":"Vault","floor":45.0},{"not_picked":["FlyingSleeves","Halt","Sanctity"],"picked":"SKIP","floor":47.0},{"not_picked":["Blind","Enlightenment"],"picked":"Trip","floor":50},{"not_picked":["CutThroughFate+1","Crescendo"],"picked":"MentalFortress+1","floor":51},{"not_picked":["BowlingBash+1","Establishment","Crescendo+1"],"picked":"SKIP","floor":54},{"not_picked":["Prostrate","Swivel","CarveReality"],"picked":"SKIP","floor":55},{"not_picked":["BowlingBash","EmptyFist+1"],"picked":"Indignation","floor":57},{"not_picked":["Conclude+1","Protect+1","Nirvana"],"picked":"SKIP","floor":58},{"not_picked":["PathToVictory","Worship+1"],"picked":"FlurryOfBlows","floor":59},{"not_picked":["Crescendo+1","Worship","Swivel"],"picked":"SKIP","floor":60},{"not_picked":["FollowUp","EmptyFist+1","CrushJoints+1"],"picked":"SKIP","floor":62},{"not_picked":["FollowUp","Consecrate+1","ThirdEye+1"],"picked":"SKIP","floor":63},{"not_picked":["Crescendo+1","Evaluate","PathToVictory"],"picked":"SKIP","floor":70}],"player_experience":2390016,"relics_obtained":[{"floor":8.0,"key":"StoneCalendar"},{"floor":12.0,"key":"Dream Catcher"},{"floor":13.0,"key":"Ice Cream"},{"floor":15.0,"key":"Sundial"},{"floor":18.0,"key":"Calipers"},{"floor":29.0,"key":"Happy Flower"},{"floor":33.0,"key":"InkBottle"},{"floor":34.0,"key":"Blue Candle"},{"floor":39.0,"key":"The Courier"},{"floor":43.0,"key":"CaptainsWheel"},{"floor":54,"key":"Gremlin Horn"},{"floor":56,"key":"HornCleat"},{"floor":57,"key":"Shuriken"},{"floor":60,"key":"Mercury Hourglass"},{"floor":70,"key":"Toy Ornithopter"}],"event_choices":[{"cards_removed":["Defend_P"],"damage_healed":0.0,"max_hp_gain":0.0,"max_hp_loss":0.0,"gold_gain":0.0,"event_name":"Golden Wing","player_choice":"Card Removal","floor":2.0,"gold_loss":0.0,"damage_taken":7.0},{"cards_removed":["Defend_P"],"damage_healed":0.0,"max_hp_gain":0.0,"max_hp_loss":0.0,"gold_gain":0.0,"event_name":"Living Wall","player_choice":"Forget","floor":6.0,"gold_loss":0.0,"damage_taken":0.0},{"cards_removed":["Strike_P"],"damage_healed":0.0,"max_hp_gain":0.0,"max_hp_loss":0.0,"gold_gain":0.0,"event_name":"Back to Basics","player_choice":"Elegance","floor":26.0,"gold_loss":0.0,"damage_taken":0.0},{"cards_removed":["Strike_P"],"damage_healed":0.0,"max_hp_gain":0.0,"max_hp_loss":0.0,"gold_gain":0.0,"event_name":"Beggar","player_choice":"Gave Gold","floor":37.0,"gold_loss":75.0,"damage_taken":0.0},{"damage_healed":0.0,"max_hp_gain":0.0,"max_hp_loss":0.0,"gold_gain":0.0,"event_name":"Mysterious Sphere","player_choice":"Fight","floor":49.0,"gold_loss":0.0,"damage_taken":0.0},{"damage_healed":0,"gold_gain":0,"player_choice":"Memory 3","damage_taken":10,"max_hp_gain":0,"max_hp_loss":0,"event_name":"SensoryStone","floor":50,"gold_loss":0},{"damage_healed":0,"gold_gain":0,"player_choice":"Got Potions","damage_taken":0,"max_hp_gain":0,"max_hp_loss":0,"event_name":"Lab","floor":52,"gold_loss":0},{"cards_removed":["Halt"],"damage_healed":0,"gold_gain":0,"player_choice":"Purged","damage_taken":0,"max_hp_gain":0,"max_hp_loss":0,"event_name":"Purifier","floor":61,"gold_loss":0}],"is_beta":false,"boss_relics":[{"not_picked":["Calling Bell","Philosopher\u0027s Stone"],"picked":"Runic Pyramid"},{"not_picked":["Sozu","Coffee Dripper"],"picked":"VioletLotus"}],"items_purged_floors":[11,32,40,48],"is_endless":false,"potions_floor_spawned":[1,8,17,18,19,21,25,35,36,39,42,45,51,54,58,59,60,63],"ascension_level":1}}