{"host":"ml2ro5l6hu6y0pll","time":1612549398,"event":{"mods":["AchievementEnabler","BaseMod","Colored Map","Colored Powertips","Custom Start","Downfall","Googly Eyes","Minty Spire (QoL Compilation)","Quick Restart","Rare Cards Sparkle","Relic Stats","StSLib","everything is the same but u backflip on backflip"],"gold_per_floor":[99,112,112,262,282,300,300,100,112,123,134,134,206,240,268,382,382,282,301,428,446,219,219,219,95,95,108,121,166,166,176,189,293,293,293,80,80,91,104,124,124,140,140,155,167,192,192,70,85,85],"floor_reached":51,"language":"ENG","playtime":3010,"items_purged":["downfall:Malfunctioning","downfall:Icky","champ:Defend"],"score":960,"play_id":"7e465ebe-9cec-4075-9359-dfd1db34f936","local_time":"20210205182318","is_ascension_mode":false,"campfire_choices":[{"floor":1,"key":"RECALL"},{"data":"champ:SwordThrow","floor":8,"key":"SMITH"},{"data":"champ:TornadoPunch","floor":12,"key":"SMITH"},{"data":"champ:SteelEdge","floor":18,"key":"SMITH"},{"data":"J.A.X.","floor":23,"key":"SMITH"},{"data":"champ:CheapShot","floor":26,"key":"SMITH"},{"floor":30,"key":"REST"},{"data":"champ:StanceDance","floor":35,"key":"SMITH"},{"data":"champ:SwordThrow","floor":43,"key":"SMITH"},{"data":"champ:Taunt","floor":47,"key":"SMITH"}],"circlet_count":0,"master_deck":["champ:Strike+1","champ:Strike+1","champ:Defend","champ:Defend","champ:Defend+1","champ:Execute","champ:Taunt+1","champ:SwordThrow+1","champ:GutPunch","champ:TornadoPunch+1","champ:Haymaker","champ:StanceDance+1","champ:FaceSlap+1","champ:FalseCounter","champ:Encircle","champ:SteelEdge+1","champ:FanOfKnives","champ:CheapShot+1","J.A.X.+1","champ:VampiricStrike+1","champ:IronFortress+1","Ghostly","Ghostly","Ghostly","Ghostly","Ghostly","champ:SwordThrow+1"],"relics":["champ:ChampionCrown","downfall:HeartBlessingBlue","downfall:HeartBlessingRed","CeramicFish","PreservedInsect","Sozu","downfall:HeartBlessingGreen","MutagenicStrength","Whetstone","Kunai","Membership Card","Gremlin Horn","Bottled Tornado","SlaversCollar","Lantern","OrangePellets","Sundial","Happy Flower","Ornamental Fan"],"acts_visited":["Exordium","TheCity","TheBeyond","TheEnding"],"potions_floor_usage":[13,13,17,20],"damage_taken":[{"damage":11,"enemies":"Cultist","floor":2,"turns":4},{"damage":13,"enemies":"2 Louse","floor":5,"turns":4},{"damage":10,"enemies":"Jaw Worm","floor":6,"turns":3},{"damage":0,"enemies":"2 Fungi Beasts","floor":9,"turns":3},{"damage":11,"enemies":"Large Slime","floor":10,"turns":6},{"damage":1,"enemies":"3 Louse","floor":11,"turns":2},{"damage":25,"enemies":"Lagavulin Event","floor":13,"turns":4},{"damage":11,"enemies":"Lagavulin","floor":14,"turns":5},{"damage":11,"enemies":"Red Slaver","floor":15,"turns":2},{"damage":36,"enemies":"SI_SHIV_ARCHETYPE","floor":16,"turns":7},{"damage":5,"enemies":"Shell Parasite","floor":19,"turns":3},{"damage":49,"enemies":"downfall:Augmenter","floor":20,"turns":4},{"damage":10,"enemies":"Chosen","floor":21,"turns":4},{"damage":15,"enemies":"downfall:FleeingMerchant","floor":22,"turns":5},{"damage":13,"enemies":"downfall:FleeingMerchant","floor":25,"turns":3},{"damage":20,"enemies":"Centurion and Healer","floor":27,"turns":3},{"damage":18,"enemies":"Snake Plant","floor":28,"turns":3},{"damage":4,"enemies":"3 Cultists","floor":31,"turns":3},{"damage":0,"enemies":"Sentry and Sphere","floor":32,"turns":3},{"damage":18,"enemies":"IC_MUSHROOM_ARCHETYPE","floor":33,"turns":7},{"damage":3,"enemies":"3 Darklings","floor":38,"turns":4},{"damage":11,"enemies":"3 Shapes","floor":39,"turns":5},{"damage":5,"enemies":"Sphere and 2 Shapes","floor":40,"turns":4},{"damage":1,"enemies":"4 Shapes","floor":42,"turns":3},{"damage":2,"enemies":"Transient","floor":44,"turns":5},{"damage":5,"enemies":"Jaw Worm Horde","floor":45,"turns":3},{"damage":3,"enemies":"Giant Head","floor":46,"turns":6},{"damage":11,"enemies":"3 Darklings","floor":49,"turns":4},{"damage":12,"enemies":"WA_ARCHETYPE_DIVINITY","floor":50,"turns":7}],"seed_played":"-1472929579117562394","potions_obtained":[{"floor":6,"key":"champ:CounterPotion"},{"floor":11,"key":"FearPotion"},{"floor":14,"key":"EntropicBrew"}],"is_trial":false,"path_per_floor":["R","M","?","?","M","M","T","R","M","M","M","R","?","E","M","B",null,"R","M","?","M","$","R","T","$","R","M","M","?","R","M","M","B",null,"R","$","?","M","M","M","T","M","R","M","M","E","R","?","M","B",null],"character_chosen":"THE_CHAMP","items_purchased":["Whetstone","Membership Card","Gremlin Horn","Bottled Tornado","Lantern","OrangePellets","Ornamental Fan"],"campfire_rested":1,"item_purchase_floors":[22,25,25,25,36,36,48],"current_hp_per_floor":[90,89,89,89,86,86,86,96,96,85,84,84,59,48,47,36,100,100,100,61,51,51,51,51,48,48,38,20,20,35,41,41,23,50,50,50,50,47,41,46,46,50,50,50,45,42,42,42,41,34],"gold":85,"neow_bonus":"ONE_RANDOM_RARE_CARD","is_daily":false,"chose_seed":false,"campfire_upgraded":8,"win_rate":0.0,"timestamp":1612549398,"path_taken":["R","M","?","?","?","M","T","R","M","M","M","R","?","E","M","BOSS","R","M","?","M","$","R","T","$","R","M","M","?","R","M","M","BOSS","R","$","?","M","M","M","T","M","R","?","M","E","R","?","M","BOSS"],"items_purchased_type":["Relic","Relic","Relic","Relic","Relic","Relic","Relic"],"build_version":"2020-12-22","purchased_purges":3,"victory":true,"max_hp_per_floor":[90,90,90,90,90,90,90,100,100,100,100,100,100,100,100,100,100,100,100,100,100,100,100,100,100,100,100,100,50,50,50,50,50,50,50,50,50,50,50,50,50,50,50,50,50,50,50,50,50,50],"relic_stats":{"Sozu":7,"OrangePellets":[7],"Gremlin Horn":[20,20],"Happy Flower":[3],"counters":[29,119],"Sundial":[0],"Ornamental Fan":[12],"CeramicFish":135,"PreservedInsect":275,"Whetstone":["champ:FaceSlap","champ:VampiricStrike"],"Kunai":[22],"obtain_stats":[{"Lantern":36,"downfall:HeartBlessingRed":8,"Gremlin Horn":25,"Happy Flower":46,"CeramicFish":13,"champ:ChampionCrown":0,"downfall:HeartBlessingGreen":18,"PreservedInsect":14,"Whetstone":22,"Bottled Tornado":25,"Sozu":17,"SlaversCollar":34,"OrangePellets":36,"downfall:HeartBlessingBlue":8,"Sundial":41,"Ornamental Fan":48,"MutagenicStrength":20,"Kunai":24,"Membership Card":25},{"Lantern":20,"downfall:HeartBlessingRed":3,"Gremlin Horn":15,"Happy Flower":27,"CeramicFish":7,"champ:ChampionCrown":0,"downfall:HeartBlessingGreen":10,"PreservedInsect":8,"Whetstone":14,"Bottled Tornado":15,"Sozu":10,"SlaversCollar":20,"OrangePellets":20,"downfall:HeartBlessingBlue":3,"Sundial":23,"Ornamental Fan":27,"MutagenicStrength":12,"Kunai":14,"Membership Card":15},{"Lantern":78,"downfall:HeartBlessingRed":11,"Gremlin Horn":59,"Happy Flower":108,"CeramicFish":26,"champ:ChampionCrown":0,"downfall:HeartBlessingGreen":40,"PreservedInsect":31,"Whetstone":56,"Bottled Tornado":59,"Sozu":40,"SlaversCollar":78,"OrangePellets":78,"downfall:HeartBlessingBlue":11,"Sundial":91,"Ornamental Fan":108,"MutagenicStrength":47,"Kunai":56,"Membership Card":59}]},"card_choices":[{"not_picked":["champ:PreciseThrust","champ:CrookedStrike"],"picked":"champ:GutPunch","floor":2},{"not_picked":["champ:AdrenalArmor","champ:DefensiveShout"],"picked":"champ:TornadoPunch","floor":5},{"not_picked":["champ:TornadoPunch","champ:Shatter","champ:AdrenalArmor"],"picked":"SKIP","floor":6},{"not_picked":["champ:FalseCounter","champ:DefensiveShout"],"picked":"champ:Haymaker","floor":9},{"not_picked":["champ:Shatter","champ:RisingSlash"],"picked":"champ:StanceDance","floor":10},{"not_picked":["champ:Haymaker","champ:CalledShot"],"picked":"champ:FaceSlap","floor":11},{"not_picked":["champ:FlashCut","champ:ArenaPreparation"],"picked":"champ:FalseCounter","floor":13},{"not_picked":["champ:TornadoPunch","champ:PreemptiveStrike","champ:DancingMaster"],"picked":"SKIP","floor":14},{"not_picked":["champ:HeartStrike","champ:AdrenalArmor"],"picked":"champ:Encircle","floor":15},{"not_picked":["champ:DancingMaster","champ:HeavySlash"],"picked":"champ:SteelEdge","floor":16},{"not_picked":["champ:CrownThrow+1","champ:BladeFlurry"],"picked":"champ:FanOfKnives","floor":19},{"not_picked":[],"picked":"J.A.X.","floor":20},{"not_picked":["champ:PreciseThrust+1","champ:GutPunch","champ:Endure"],"picked":"SKIP","floor":21},{"not_picked":["champ:RisingSlash+1","champ:RecklessLeap"],"picked":"champ:VampiricStrike","floor":22},{"not_picked":["champ:Circumvent","champ:TornadoPunch"],"picked":"champ:IronFortress+1","floor":25},{"not_picked":["champ:DefensiveShout","champ:PreciseThrust","champ:AdrenalArmor"],"picked":"SKIP","floor":27},{"not_picked":["champ:HeartStrike+1","champ:PreciseThrust+1","champ:RisingSlash"],"picked":"SKIP","floor":28},{"not_picked":["champ:GladiatorStyle+1","champ:FanOfKnives","champ:CheapShot"],"picked":"SKIP","floor":31},{"not_picked":["champ:CrownThrow","champ:IronFortress","champ:BerserkersShout"],"picked":"SKIP","floor":32},{"not_picked":["champ:StrikeOfGenius","champ:CheapShot"],"picked":"champ:SwordThrow","floor":33},{"not_picked":["champ:Lariat","champ:AdrenalArmor","champ:EnGarde"],"picked":"SKIP","floor":38},{"not_picked":["champ:DeathBlow+1","champ:TornadoPunch","champ:Backstep"],"picked":"SKIP","floor":39},{"not_picked":["champ:Shatter+1","champ:AdrenalArmor+1","champ:PreemptiveStrike+1"],"picked":"SKIP","floor":40},{"not_picked":["champ:BringItOn+1","champ:BerserkersShout+1","champ:BladeFlurry+1"],"picked":"SKIP","floor":42},{"not_picked":["champ:DefensiveShout","champ:UltimateStance","champ:FalseCounter"],"picked":"SKIP","floor":44},{"not_picked":["champ:EnGarde+1","champ:FaceSlap","champ:DefensiveShout"],"picked":"SKIP","floor":45},{"not_picked":["champ:BerserkersShout+1","champ:Shatter+1","champ:SetATrap"],"picked":"SKIP","floor":46},{"not_picked":["champ:RapidStrikes+1","champ:EnGarde+1","champ:FalseCounter"],"picked":"SKIP","floor":49}],"player_experience":969278,"relics_obtained":[{"floor":13,"key":"CeramicFish"},{"floor":14,"key":"PreservedInsect"},{"floor":20,"key":"MutagenicStrength"},{"floor":24,"key":"Kunai"},{"floor":41,"key":"Sundial"},{"floor":46,"key":"Happy Flower"}],"event_choices":[{"damage_healed":0,"gold_gain":0,"player_choice":"Became a Ghost","damage_taken":0,"max_hp_gain":0,"max_hp_loss":50,"event_name":"Ghosts","floor":29,"gold_loss":0,"cards_obtained":["Ghostly","Ghostly","Ghostly","Ghostly","Ghostly"]},{"cards_removed":["champ:CrookedStrike"],"damage_healed":0,"gold_gain":0,"player_choice":"Offered Uncommon","damage_taken":0,"max_hp_gain":0,"max_hp_loss":0,"event_name":"Bonfire Elementals","floor":37,"gold_loss":0}],"is_beta":false,"boss_relics":[{"not_picked":["Snecko Eye","Calling Bell"],"picked":"Sozu"},{"not_picked":["Philosopher\u0027s Stone","champ:ChampionCrownUpgraded"],"picked":"SlaversCollar"}],"items_purged_floors":[22,25,36],"is_endless":false,"potions_floor_spawned":[6,11,14,21,28,32,33,38,40,45],"ascension_level":0}}