{"host":"56xwnffi6e9z5l58","time":1612545795,"event":{"mods":["Aspiration","BaseMod","Better Match","Better Note","Better Sensory Stone","BetterRewards","Colored Map","Colored Powertips","Conspire","Downfall","GifTheSpireLib","Hermit","Highlight Path","Hubris","Infinite Spire","Key Reminder","Minty Spire (QoL Compilation)","Permanent Neow","Quick Restart","Rare Cards Sparkle","Replay The Spire","StSLib","Stuff the Spire","SuperFastMode","Unceasing Turn Reminder"],"gold_per_floor":[99,124,149,175,33,64,138,138,171,171,205,205,205,272,307,307,307],"floor_reached":16,"language":"ENG","playtime":487,"items_purged":["hermit:Strike_Hermit"],"score":109,"play_id":"f668588e-70d9-48e2-aa1d-4d7ff08d7a28","local_time":"20210206012315","is_ascension_mode":true,"campfire_choices":[{"data":"hermit:DeadOrAlive","floor":1,"key":"SMITH"},{"data":"hermit:Maintenance","floor":8,"key":"SMITH"},{"data":"hermit:Snapshot","floor":10,"key":"SMITH"},{"data":"hermit:FlashPowder","floor":13,"key":"SMITH"}],"circlet_count":0,"master_deck":["hermit:Strike_Hermit","hermit:Strike_Hermit","hermit:Strike_Hermit","hermit:Defend_Hermit","hermit:Defend_Hermit","hermit:Defend_Hermit","hermit:Defend_Hermit","hermit:Snapshot+1","hermit:Covet","hermit:DeadOrAlive+1","hermit:Glare","hermit:BigShot","hermit:Maintenance+1","hermit:Virtue+1","hermit:GhostlyPresence","hermit:FlashPowder+1","Panacea","hermit:Strike_Hermit","downfall:Aged","hermit:SprayPray"],"relics":["hermit:Momento","hubris:DeckOfHolding","Replay:WaspNest"],"acts_visited":["Exordium"],"potions_floor_usage":[14,15,16,16],"damage_taken":[{"damage":0,"enemies":"Small Slimes","floor":2,"turns":2},{"damage":0,"enemies":"Cultist","floor":3,"turns":3},{"damage":1,"enemies":"Jaw Worm","floor":4,"turns":3},{"damage":5,"enemies":"downfall:FleeingMerchant","floor":5,"turns":4},{"damage":4,"enemies":"Blue Slaver","floor":6,"turns":4},{"damage":21,"enemies":"Gremlin Gang","floor":9,"turns":5},{"damage":6,"enemies":"Blue Slaver","floor":11,"turns":5},{"damage":25,"enemies":"3 Sentries","floor":14,"turns":8},{"damage":2,"enemies":"Lots of Slimes","floor":15,"turns":5},{"damage":4,"enemies":"SI_SHIV_ARCHETYPE","floor":16,"turns":5}],"seed_played":"-5275428175944572698","potions_obtained":[{"floor":4,"key":"Explosive Potion"},{"floor":6,"key":"PowerPotion"},{"floor":9,"key":"champ:CounterPotion"},{"floor":15,"key":"Block Potion"}],"is_trial":false,"path_per_floor":["R_BF","M","M","M","$","M","T","R","M","R","M","?","R","E","M","B"],"character_chosen":"HERMIT","items_purchased":["hermit:Virtue+1"],"campfire_rested":0,"item_purchase_floors":[5],"current_hp_per_floor":[68,68,68,67,62,58,58,58,37,37,31,31,31,6,4,0,0],"gold":307,"neow_bonus":"THREE_RARE_CARDS","is_daily":false,"chose_seed":false,"campfire_upgraded":4,"win_rate":0.0,"timestamp":1612545795,"path_taken":["R_BF","M","M","M","$","M","T","R","M","R","M","?","R","E","M","BOSS"],"items_purchased_type":["Card"],"build_version":"2020-12-22","purchased_purges":1,"victory":false,"max_hp_per_floor":[68,68,68,68,68,68,68,68,68,68,68,68,68,68,68,68,68],"card_choices":[{"not_picked":["hermit:HeroicBravado","hermit:RoundhouseKick"],"picked":"hermit:DeadOrAlive","floor":0},{"not_picked":["hermit:Desperado","hermit:Midnight","hermit:CalledShot"],"picked":"SKIP","floor":2},{"not_picked":["hermit:Roulette","hermit:Coalescence"],"picked":"hermit:Glare","floor":3},{"not_picked":["hermit:Quickdraw","hermit:Dive"],"picked":"hermit:BigShot","floor":4},{"not_picked":["hermit:Glare","hermit:Ricochet"],"picked":"hermit:Maintenance","floor":5},{"not_picked":["hermit:CalledShot","hermit:Manifest","hermit:TakeCover"],"picked":"SKIP","floor":6},{"not_picked":["hermit:WideOpen","hermit:Dive"],"picked":"hermit:GhostlyPresence","floor":9},{"not_picked":["hermit:Ricochet","hermit:Showdown"],"picked":"hermit:FlashPowder","floor":11},{"not_picked":["hermit:BodyArmor","hermit:DeadMansHand"],"picked":"hermit:SprayPray","floor":14},{"not_picked":["hermit:Desperado","hermit:Manifest","hermit:Quickdraw"],"picked":"SKIP","floor":15}],"player_experience":1016322,"relics_obtained":[{"floor":7,"key":"hubris:DeckOfHolding"},{"floor":14,"key":"Replay:WaspNest"}],"event_choices":[],"is_beta":false,"boss_relics":[],"items_purged_floors":[5],"is_endless":false,"potions_floor_spawned":[4,6,9,15],"killed_by":"SI_SHIV_ARCHETYPE","ascension_level":1}}