{"host":"vrsxkkch9ccrec7k","time":1612553586,"event":{"mods":["Act Like it!","BaseMod","Bestiary","Better Altar","Better Match","Better Note","Better Sensory Stone","Better Skull","Better Third Choice","Better Vampires","Downfall","Minty Spire (QoL Compilation)","Permanent Neow","Relic Stats","Spicy Shops","StSLib"],"gold_per_floor":[199,209,229,245,56,83,83,95,95,113,141,41,61,161,177,177,177,177],"floor_reached":16,"language":"ENG","playtime":1031,"items_purged":["sneckomod:Strike"],"score":181,"play_id":"5676ab21-0fa0-4c0a-aed8-8e13a2762977","local_time":"20210205143306","is_ascension_mode":true,"campfire_choices":[{"data":"sneckomod:TailWhip","floor":1,"key":"SMITH"},{"floor":12,"key":"REST"}],"circlet_count":0,"master_deck":["sneckomod:Strike","sneckomod:Strike","sneckomod:Defend","sneckomod:Defend","sneckomod:Defend","sneckomod:TailWhip+1","sneckomod:SnekBite","sneckomod:Unknown","sneckomod:Unknown","sneckomod:SnakeSap","Sweeping Beam","sneckomod:Rotation","sneckomod:UnknownDexterity","sneckomod:MorePower"],"relics":["sneckomod:SneckoSoul","champ:DuelingGlove","Gremlin Horn","Strawberry","downfall:HeartBlessingGreen"],"acts_visited":["Exordium"],"potions_floor_usage":[6,10,11,16,16,16],"damage_taken":[{"damage":0,"enemies":"2 Louse","floor":2,"turns":2},{"damage":2,"enemies":"Jaw Worm","floor":3,"turns":3},{"damage":0,"enemies":"Cultist","floor":4,"turns":2},{"damage":5,"enemies":"downfall:FleeingMerchant","floor":5,"turns":4},{"damage":0,"enemies":"Lagavulin","floor":6,"turns":5},{"damage":9,"enemies":"Blue Slaver","floor":8,"turns":3},{"damage":0,"enemies":"Exordium Thugs","floor":10,"turns":4},{"damage":49,"enemies":"3 Sentries","floor":11,"turns":10},{"damage":12,"enemies":"Large Slime","floor":13,"turns":3},{"damage":0,"enemies":"Lots of Slimes","floor":15,"turns":1},{"damage":65,"enemies":"IC_STATUS_ARCHETYPE","floor":16,"turns":10}],"seed_played":"8136935718550633118","potions_obtained":[{"floor":2,"key":"SpeedPotion"},{"floor":3,"key":"LiquidBronze"},{"floor":8,"key":"sneckomod:DiceRollPotion"},{"floor":13,"key":"Fire Potion"},{"floor":15,"key":"Fire Potion"}],"is_trial":false,"path_per_floor":["R","M","M","M","$","E","T","M","?","M","E","R","M","?","M","B"],"character_chosen":"THE_SNECKO","items_purchased":["Slimebound:ThreeZeroPotion"],"campfire_rested":1,"item_purchase_floors":[5],"current_hp_per_floor":[81,81,79,79,74,74,74,65,70,70,28,58,46,46,46,0,0,0],"gold":177,"neow_bonus":"HUNDRED_GOLD","is_daily":false,"chose_seed":false,"campfire_upgraded":1,"win_rate":0.0,"timestamp":1612553586,"path_taken":["R","M","M","M","$","E","T","M","?","M","E","R","M","?","M","BOSS"],"items_purchased_type":["Potion"],"build_version":"2020-12-22","purchased_purges":1,"victory":false,"max_hp_per_floor":[90,90,90,90,90,90,90,90,95,95,102,102,102,102,102,102,102,102],"relic_stats":{"Gremlin Horn":[3,3],"counters":[11,47],"obtain_stats":[{"champ:DuelingGlove":6,"Gremlin Horn":7,"Strawberry":11,"downfall:HeartBlessingGreen":12,"sneckomod:SneckoSoul":0},{"champ:DuelingGlove":5,"Gremlin Horn":5,"Strawberry":8,"downfall:HeartBlessingGreen":8,"sneckomod:SneckoSoul":0},{"champ:DuelingGlove":16,"Gremlin Horn":16,"Strawberry":33,"downfall:HeartBlessingGreen":33,"sneckomod:SneckoSoul":0}]},"card_choices":[{"not_picked":["sneckomod:Rotation","sneckomod:UnknownStrength"],"picked":"sneckomod:UnknownCommonAttack","floor":2},{"not_picked":["sneckomod:UnknownUncommonPower","sneckomod:SnekBeam","sneckomod:UnknownClassHEXA_GHOST_PURPLE"],"picked":"SKIP","floor":3},{"not_picked":["sneckomod:UnknownClassHEXA_GHOST_PURPLE","sneckomod:UnknownVulnerable","sneckomod:UnknownCommonAttack"],"picked":"SKIP","floor":4},{"not_picked":["sneckomod:CheapStock","sneckomod:SoulRoll"],"picked":"sneckomod:SnakeSap","floor":5},{"not_picked":["sneckomod:DiceBlock","sneckomod:DiceCrush"],"picked":"sneckomod:Rotation","floor":6},{"not_picked":["sneckomod:UnknownClassTHE_BRONZE_AUTOMATON","sneckomod:DiceCrush"],"picked":"sneckomod:UnknownDexterity","floor":8},{"not_picked":["sneckomod:UnknownColorless","sneckomod:UnknownClassPURPLE","sneckomod:QuickBite"],"picked":"SKIP","floor":10},{"not_picked":["sneckomod:UnknownX","sneckomod:UnknownCommonAttack"],"picked":"sneckomod:MorePower","floor":11},{"not_picked":["sneckomod:UnknownClassGREEN","sneckomod:UnknownClassHEXA_GHOST_PURPLE","sneckomod:UnknownCommonAttack"],"picked":"SKIP","floor":13},{"not_picked":["sneckomod:UnknownClassBLUE","sneckomod:UnknownClassRED","sneckomod:DiceCrush"],"picked":"SKIP","floor":15}],"player_experience":1865716,"relics_obtained":[{"floor":6,"key":"champ:DuelingGlove"},{"floor":7,"key":"Gremlin Horn"},{"floor":11,"key":"Strawberry"}],"event_choices":[{"damage_healed":0,"gold_gain":0,"player_choice":"Donut","damage_taken":0,"max_hp_gain":5,"max_hp_loss":0,"event_name":"Big Fish","floor":9,"gold_loss":0}],"is_beta":false,"boss_relics":[],"items_purged_floors":[5],"is_endless":false,"potions_floor_spawned":[2,3,8,13,15],"killed_by":"IC_STATUS_ARCHETYPE","ascension_level":6}}