{"host":"8is2j71l4wmybkoi","time":1612534910,"event":{"mods":["AchievementEnabler","BaseMod","Colored Map","Minty Spire (QoL Compilation)","Rare Cards Sparkle","StSLib","SuperFastMode"],"gold_per_floor":[114,114,33,46,57,57,86,86,86,116,116,126,151,166,166,242,242,253,263,178,205,130,130,130,130],"floor_reached":24,"language":"KOR","playtime":1003,"items_purged":[],"score":375,"play_id":"6feff4a6-9343-471f-93c6-9e350c42ac66","local_time":"20210205232150","is_ascension_mode":true,"campfire_choices":[{"data":"Zap","floor":6,"key":"SMITH"},{"data":"Dualcast","floor":8,"key":"SMITH"},{"data":"Hologram","floor":15,"key":"SMITH"},{"data":"Ghostly","floor":23,"key":"SMITH"}],"circlet_count":0,"master_deck":["AscendersBane","Strike_B","Defend_B","Defend_B","Defend_B","Defend_B","Zap+1","Dualcast+1","Hologram+1","Skim","Melter","Steam","Self Repair","Meteor Strike","Reboot","Gash","Ball Lightning","Go for the Eyes","Rainbow","FTL+1","Undo","Ghostly+1","Ghostly","Ghostly"],"relics":["Cracked Core","TungstenRod","Meat on the Bone","Kunai","The Courier","Emotion Chip","Coffee Dripper","CeramicFish"],"acts_visited":["Exordium","TheCity"],"potions_floor_usage":[7,13,19],"damage_taken":[{"damage":13,"enemies":"Small Slimes","floor":1,"turns":4},{"damage":0,"enemies":"Cultist","floor":4,"turns":3},{"damage":2,"enemies":"Jaw Worm","floor":5,"turns":3},{"damage":17,"enemies":"Gremlin Nob","floor":7,"turns":3},{"damage":30,"enemies":"3 Sentries","floor":10,"turns":11},{"damage":0,"enemies":"Looter","floor":12,"turns":3},{"damage":11,"enemies":"Lagavulin","floor":13,"turns":5},{"damage":0,"enemies":"Blue Slaver","floor":14,"turns":3},{"damage":5,"enemies":"The Guardian","floor":16,"turns":11},{"damage":0,"enemies":"Spheric Guardian","floor":18,"turns":3},{"damage":15,"enemies":"2 Thieves","floor":19,"turns":4},{"damage":42,"enemies":"Slavers","floor":24,"turns":6}],"seed_played":"-5945786176425247027","potions_obtained":[{"floor":5,"key":"FearPotion"},{"floor":7,"key":"Weak Potion"},{"floor":16,"key":"SkillPotion"}],"is_trial":false,"path_per_floor":["M","?","$","M","M","R","E","R","T","E","?","M","E","M","R","B",null,"M","M","?","?","?","R","E"],"character_chosen":"DEFECT","items_purchased":["Melter"],"campfire_rested":0,"item_purchase_floors":[3],"current_hp_per_floor":[51,51,51,51,49,49,39,39,39,28,24,43,51,58,58,60,68,71,56,56,35,35,35,0,0],"gold":130,"neow_bonus":"REMOVE_CARD","is_daily":false,"chose_seed":false,"campfire_upgraded":4,"win_rate":0.0,"timestamp":1612534910,"path_taken":["M","?","?","M","M","R","E","R","T","E","?","M","E","M","R","BOSS","M","M","?","?","?","R","E"],"items_purchased_type":["Card"],"build_version":"2020-12-22","purchased_purges":0,"victory":false,"max_hp_per_floor":[71,71,71,71,71,71,71,71,71,71,71,71,71,71,71,71,71,71,71,71,35,35,35,35,35],"card_choices":[{"not_picked":["Turbo","Stack"],"picked":"Hologram","floor":1},{"not_picked":["Stack","Redo"],"picked":"Steam","floor":4},{"not_picked":["Beam Cell","Leap"],"picked":"Self Repair","floor":5},{"not_picked":["Skim","Stack"],"picked":"Meteor Strike","floor":7},{"not_picked":["Steam Power","Steam"],"picked":"Reboot","floor":10},{"not_picked":["BootSequence","Hologram"],"picked":"Gash","floor":12},{"not_picked":["Compile Driver","Streamline"],"picked":"Ball Lightning","floor":13},{"not_picked":["Conserve Battery","Force Field"],"picked":"Go for the Eyes","floor":14},{"not_picked":["Buffer","Machine Learning"],"picked":"Rainbow","floor":16},{"not_picked":["Undo","Gash"],"picked":"FTL+1","floor":18},{"not_picked":["Go for the Eyes","Compile Driver"],"picked":"Undo","floor":19}],"player_experience":995447,"relics_obtained":[{"floor":7,"key":"TungstenRod"},{"floor":9,"key":"Meat on the Bone"},{"floor":10,"key":"Kunai"},{"floor":13,"key":"Emotion Chip"}],"event_choices":[{"damage_healed":0,"gold_gain":0,"cards_transformed":["Strike_B"],"player_choice":"Transformed","damage_taken":0,"max_hp_gain":0,"max_hp_loss":0,"event_name":"Transmorgrifier","floor":2,"gold_loss":0,"cards_obtained":["Skim"]},{"damage_healed":0,"gold_gain":0,"player_choice":"Success","damage_taken":5,"relics_obtained":["The Courier"],"max_hp_gain":0,"max_hp_loss":0,"event_name":"Scrap Ooze","floor":11,"gold_loss":0},{"damage_healed":0,"gold_gain":0,"player_choice":"Obtained Relic","damage_taken":0,"relics_obtained":["CeramicFish"],"max_hp_gain":0,"max_hp_loss":0,"event_name":"Addict","floor":20,"gold_loss":85},{"damage_healed":0,"gold_gain":0,"player_choice":"Became a Ghost","damage_taken":0,"max_hp_gain":0,"max_hp_loss":36,"event_name":"Ghosts","floor":21,"gold_loss":0,"cards_obtained":["Ghostly","Ghostly","Ghostly"]},{"cards_removed":["Strike_B"],"damage_healed":0,"gold_gain":0,"player_choice":"Gave Gold","damage_taken":0,"max_hp_gain":0,"max_hp_loss":0,"event_name":"Beggar","floor":22,"gold_loss":75}],"is_beta":false,"boss_relics":[{"not_picked":["Cursed Key","Ectoplasm"],"picked":"Coffee Dripper"}],"items_purged_floors":[],"is_endless":false,"potions_floor_spawned":[5,7,16],"killed_by":"Slavers","ascension_level":15}}