{"host":"xo0glkmxta74xh34","time":1612563027,"event":{"mods":["BaseMod","Downfall","Minty Spire (QoL Compilation)","Replay The Spire","StSLib"],"gold_per_floor":[99,109,123,123,135,135,135,21,46,46,65,65,65,85,101,200,200,200,212,232,245,245,265,265,8,22,22,47,73,85,85,97,196,196,196,214,234,245,51,65,65,65,67,67,97,97,97,97,124,141,160,172],"floor_reached":53,"language":"ENG","playtime":3400,"items_purged":["Slimebound:Defend_Slimebound","Slimebound:Tackle"],"score":840,"play_id":"8f101dd9-c6c4-4547-9b31-dd1ac019d06b","local_time":"20210205161027","is_ascension_mode":true,"campfire_choices":[{"data":"Slimebound:LevelUp","floor":6.0,"key":"SMITH"},{"data":"Slimebound:SplitLeeching","floor":13.0,"key":"SMITH"},{"data":"Slimebound:FirmFortitude","floor":18.0,"key":"SMITH"},{"data":"Slimebound:TagTeam","floor":27.0,"key":"SMITH"},{"data":"Slimebound:FormOfPuddle","floor":44,"key":"SMITH"},{"data":"Slimebound:OozeBath","floor":46,"key":"SMITH"}],"circlet_count":0,"master_deck":["Slimebound:Defend_Slimebound","Slimebound:Defend_Slimebound","Slimebound:Split+1","Slimebound:CorrosiveSpit","Slimebound:LevelUp+1","Slimebound:FormOfPuddle+1","Slimebound:SplitBruiser","Slimebound:SplitLeeching+1","Slimebound:SlimeTap","Slimebound:SplitMire","Slimebound:MegaLick","Slimebound:FirmFortitude+1","Slimebound:SamplingLick+1","Slimebound:Repurpose+1","Replay:Parry+1","Slimebound:TagTeam+1","Slimebound:SplitSpecialist+1","Slimebound:OozeBath+1","Slimebound:GrowthPunch+1","Slimebound:ProtectTheBoss+1","Slimebound:AcidTongue","RitualDagger+1","Slimebound:LeechEnergy+1","Slimebound:DouseInSlime","AbeCurse","Slimebound:Overexert+1","Slimebound:SplitSpecialist+1","Slimebound:LeechLife+1","Slimebound:LeadByExample","Slimebound:ItLooksTasty+1","Slimebound:ItLooksTasty+1","Slimebound:SlimeBarrage+1","Replay:SS_hec_1","Slimebound:SpikyOuterGoop+1","expansioncontent:LastStand","Slimebound:SplitLeeching+1","Slimebound:PressTheAttack+1","Slimebound:SpikyOuterGoop+1"],"relics":["Slimebound:AbsorbEndCombat","Mango","Chameleon Ring","Replay:Bottled Snecko","Ring of Chaos","Mercury Hourglass","Pantograph","Red Mask","Molten Egg 2","Replay:Grab Bag","Abe\u0027s Treasure","ReplayTheSpireMod:Onyx Gauntlets","Astrolabe","Whetstone","Replay:Bottled Flurry","Replay:Bandana"],"acts_visited":["Exordium","TheCity","TheBeyond"],"potions_floor_usage":[28,32,33,33,38,52,52,52],"damage_taken":[{"damage":0.0,"enemies":"Small Slimes","floor":2.0,"turns":4.0},{"damage":8.0,"enemies":"Jaw Worm","floor":3.0,"turns":4.0},{"damage":3.0,"enemies":"2 Louse","floor":5.0,"turns":2.0},{"damage":0.0,"enemies":"downfall:FleeingMerchant","floor":8.0,"turns":4.0},{"damage":11.0,"enemies":"Lagavulin","floor":9.0,"turns":6.0},{"damage":3.0,"enemies":"Blue Slaver","floor":11.0,"turns":3.0},{"damage":10.0,"enemies":"Red Slaver","floor":14.0,"turns":3.0},{"damage":3.0,"enemies":"Exordium Wildlife","floor":15.0,"turns":2.0},{"damage":4.0,"enemies":"SI_SHIV_ARCHETYPE","floor":16.0,"turns":6.0},{"damage":8.0,"enemies":"Spheric Guardian","floor":19.0,"turns":4.0},{"damage":6.0,"enemies":"Centurion and Healer","floor":20.0,"turns":5.0},{"damage":9.0,"enemies":"3 Cultists","floor":21.0,"turns":4.0},{"damage":14.0,"enemies":"Snecko","floor":23.0,"turns":4.0},{"damage":0.0,"enemies":"downfall:FleeingMerchant","floor":25.0,"turns":4.0},{"damage":2.0,"enemies":"Cultist and Chosen","floor":26.0,"turns":4.0},{"damage":15,"enemies":"Masked Bandits","floor":28,"turns":2},{"damage":4,"enemies":"Replay:Snechameleon","floor":29,"turns":4},{"damage":20,"enemies":"Sentry and Sphere","floor":30,"turns":4},{"damage":12,"enemies":"Snake Plant","floor":32,"turns":4},{"damage":11,"enemies":"IC_MUSHROOM_ARCHETYPE","floor":33,"turns":5},{"damage":27,"enemies":"3 Darklings","floor":36,"turns":5},{"damage":1,"enemies":"3 Shapes","floor":37,"turns":3},{"damage":14,"enemies":"Sphere and 2 Shapes","floor":38,"turns":4},{"damage":11,"enemies":"downfall:FleeingMerchant","floor":39,"turns":4},{"damage":0,"enemies":"Jaw Worm Horde","floor":40,"turns":3},{"damage":0,"enemies":"downfall:FleeingMerchant","floor":43,"turns":2},{"damage":1,"enemies":"R_Hoarder","floor":45,"turns":5},{"damage":13,"enemies":"4 Shapes","floor":49,"turns":3},{"damage":0,"enemies":"Writhing Mass","floor":50,"turns":4},{"damage":13,"enemies":"3 Darklings","floor":51,"turns":4},{"damage":60,"enemies":"DF_ARCHETYPE_ORBS","floor":52,"turns":8}],"seed_played":"7162902836409543917","potions_obtained":[{"floor":2.0,"key":"SpeedPotion"},{"floor":9.0,"key":"hexamod:SoulburnPotion"},{"floor":14.0,"key":"Swift Potion"},{"floor":16.0,"key":"Toxic Potion"},{"floor":20.0,"key":"Strength Potion"},{"floor":21.0,"key":"Milkshake"},{"floor":26.0,"key":"Weak Potion"},{"floor":31,"key":"CultistPotion"},{"floor":32,"key":"Slimebound:SlimedPotion"},{"floor":35,"key":"SneckoOil"},{"floor":35,"key":"Dexterity Potion"},{"floor":36,"key":"Block Potion"},{"floor":38,"key":"Venom Potion"}],"is_trial":false,"path_per_floor":["R","M","M","?","M","R","T","$","E","?","M","?","R","M","M","B",null,"R","M","M","M","?","M","T","$","M","R","?","E","M","?","M","B",null,"R","M","M","M","$","M","T","?","$","R","E","R","PTL","PTL","M","M","M","B",null],"character_chosen":"SLIMEBOUND","items_purchased":["Slimebound:SplitLeeching","Pantograph","Slimebound:SlimeBarrage+1","Replay:Bottled Flurry","expansioncontent:LastStand"],"campfire_rested":0,"item_purchase_floors":[8,25,39,43,43],"current_hp_per_floor":[72,74,70,70,71,71,71,73,70,75,72,72,72,66,65,67,84,84,78,80,77,77,67,67,71,77,77,66,64,46,46,40,62,84,84,57,72,66,63,73,73,73,75,75,80,80,80,80,75,84,76,32],"gold":172,"neow_bonus":"UPGRADE_CARD","is_daily":false,"chose_seed":false,"campfire_upgraded":6,"win_rate":0.0,"timestamp":1612563027,"path_taken":["R","M","M","?","M","R","T","$","E","?","?","?","R","M","M","BOSS","R","M","M","M","?","?","T","$","M","R","?","E","M","?","M","BOSS","R","M","M","M","$","M","T","?","$","R","E","R","PTL","PTL","M","M","M","BOSS"],"items_purchased_type":["Card","Relic","Card","Relic","Card"],"build_version":"2020-12-22","purchased_purges":2,"victory":true,"max_hp_per_floor":[79,79,79,79,79,79,79,79,79,84,84,84,84,84,84,84,84,84,84,84,84,84,84,84,84,84,84,84,84,84,84,84,84,84,84,84,84,84,84,84,84,84,84,84,84,84,84,84,84,84,84,84],"card_choices":[{"not_picked":["Slimebound:FinishingTackle","Slimebound:SplitLeeching"],"picked":"Slimebound:LevelUp","floor":2.0},{"not_picked":["Slimebound:DisruptingSlam","Slimebound:ItLooksTasty"],"picked":"Slimebound:FormOfPuddle","floor":3.0},{"not_picked":["Slimebound:RejuvenatingLick","Slimebound:ComboTackle","Slimebound:FinishingTackle"],"picked":"SKIP","floor":5.0},{"not_picked":["Slimebound:Gluttony","Slimebound:LeechEnergy"],"picked":"Slimebound:SplitBruiser","floor":8.0},{"not_picked":["Slimebound:Replication","Slimebound:MegaLick"],"picked":"Slimebound:SlimeTap","floor":9.0},{"not_picked":["Slimebound:WasteNot","Slimebound:Dissolve","Slimebound:HauntingLick"],"picked":"SKIP","floor":11.0},{"not_picked":["Slimebound:FinishingTackle","Slimebound:ItLooksTasty"],"picked":"Slimebound:SplitMire","floor":14.0},{"not_picked":["Slimebound:HauntingLick","Slimebound:FlameTackle"],"picked":"Slimebound:MegaLick","floor":15.0},{"not_picked":["Slimebound:DuplicatedForm","Slimebound:SelfFormingGoo"],"picked":"Slimebound:FirmFortitude","floor":16.0},{"not_picked":["Slimebound:SlimeTap","Slimebound:LeechingTouch"],"picked":"Slimebound:SamplingLick+1","floor":19.0},{"not_picked":["Slimebound:TongueLash+1","Slimebound:BestDefense","Slimebound:LeechEnergy"],"picked":"SKIP","floor":20.0},{"not_picked":["Slimebound:Prepare","Slimebound:LivingWall"],"picked":"Slimebound:Repurpose+1","floor":21.0},{"not_picked":["Slimebound:SamplingLick","Slimebound:ItLooksTasty"],"picked":"Slimebound:SplitSpecialist+1","floor":23.0},{"not_picked":["Slimebound:Equalize","Slimebound:ComboTackle"],"picked":"Slimebound:OozeBath","floor":25.0},{"not_picked":["Slimebound:PressTheAttack","Slimebound:SlimeTap+1"],"picked":"Slimebound:GrowthPunch","floor":26.0},{"not_picked":["Slimebound:PressTheAttack+1","Slimebound:SlimeTap+1"],"picked":"Slimebound:ProtectTheBoss+1","floor":28},{"not_picked":["Slimebound:Dissolve+1","Slimebound:RollThrough+1"],"picked":"Slimebound:AcidTongue","floor":29},{"not_picked":["Slimebound:TongueLash+1","Slimebound:LeechingTouch+1","Slimebound:SplitAcid"],"picked":"SKIP","floor":30},{"not_picked":["Slimebound:ServeAndProtect","Slimebound:Gluttony"],"picked":"Slimebound:LeechEnergy+1","floor":32},{"not_picked":["Slimebound:DuplicatedForm","Slimebound:WasteNot"],"picked":"Slimebound:DouseInSlime","floor":33},{"not_picked":["Slimebound:GoopSpray+1","Slimebound:SplitBruiser+1"],"picked":"Slimebound:LeadByExample","floor":36},{"not_picked":["Slimebound:MegaLick+1","Slimebound:ServeAndProtect+1","Slimebound:GoopTackle+1"],"picked":"SKIP","floor":37},{"not_picked":["Slimebound:Prepare","Slimebound:HauntingLick+1"],"picked":"Slimebound:ItLooksTasty+1","floor":38},{"not_picked":["Slimebound:SplitAcid","Slimebound:CheckThePlaybook"],"picked":"Slimebound:ItLooksTasty+1","floor":39},{"not_picked":["Slimebound:ComboTackle+1","Slimebound:GoopTackle+1","Slimebound:FinishingTackle+1"],"picked":"SKIP","floor":40},{"not_picked":["expansioncontent:Hexaburn","expansioncontent:AwakenDeath"],"picked":"Replay:SS_hec_1","floor":42},{"not_picked":["Slimebound:Equalize+1","Slimebound:SlimeSpikes"],"picked":"Slimebound:SpikyOuterGoop+1","floor":43},{"not_picked":["Slimebound:WasteNot","Slimebound:Equalize+1","Slimebound:SamplingLick"],"picked":"SKIP","floor":45},{"not_picked":["Slimebound:SplitMire","Slimebound:Dissolve"],"picked":"Slimebound:SplitLeeching+1","floor":49},{"not_picked":["Slimebound:HauntingLick+1","Slimebound:ComboTackle+1"],"picked":"Slimebound:PressTheAttack+1","floor":50},{"not_picked":["Slimebound:SplitLeeching+1","Slimebound:Equalize+1"],"picked":"Slimebound:SpikyOuterGoop+1","floor":51}],"player_experience":389053,"relics_obtained":[{"floor":7.0,"key":"Chameleon Ring"},{"floor":9.0,"key":"Replay:Bottled Snecko"},{"floor":24.0,"key":"Mercury Hourglass"},{"floor":28,"key":"Red Mask"},{"floor":29,"key":"Molten Egg 2"},{"floor":41,"key":"Whetstone"},{"floor":45,"key":"Replay:Bandana"}],"event_choices":[{"damage_healed":0.0,"max_hp_gain":0.0,"max_hp_loss":0.0,"gold_gain":0.0,"event_name":"Scrap Ooze","player_choice":"Success","floor":1.0,"gold_loss":0.0,"damage_taken":7.0,"relics_obtained":["Mango"]},{"cards_removed":["Slimebound:Strike_Slimebound"],"damage_healed":0.0,"max_hp_gain":0.0,"max_hp_loss":0.0,"gold_gain":0.0,"event_name":"The Cleric","player_choice":"Card Removal","floor":4.0,"gold_loss":0.0,"damage_taken":0.0},{"damage_healed":0.0,"max_hp_gain":5.0,"max_hp_loss":0.0,"gold_gain":0.0,"event_name":"Big Fish","player_choice":"Donut","floor":10.0,"gold_loss":0.0,"damage_taken":0.0},{"damage_healed":0,"gold_gain":0,"player_choice":"Fought Bandits","damage_taken":0,"max_hp_gain":0,"max_hp_loss":0,"event_name":"Masked Bandits","floor":28,"gold_loss":0}],"is_beta":false,"boss_relics":[{"not_picked":["Empty Cage","Cursed Key"],"picked":"Ring of Chaos"},{"not_picked":["Philosopher\u0027s Stone","Kintsugi"],"picked":"Replay:Grab Bag"},{"not_picked":["ReplayTheSpireMod:DimensionalGlitch","Coffee Dripper"],"picked":"Abe\u0027s Treasure"},{"not_picked":["Sozu","Busted Crown"],"picked":"ReplayTheSpireMod:Onyx Gauntlets"},{"not_picked":["Pandora\u0027s Box","Black Star"],"picked":"Astrolabe"}],"items_purged_floors":[8,39],"is_endless":false,"potions_floor_spawned":[2,9,14,16,20,21,23,26,32,36,38,40],"ascension_level":3}}