{"host":"18ybagvpjbhxblmx","time":1612487441,"event":{"mods":["BaseMod","BetterRewards","Colored Map","Conspire","Friendly Minions","Hubris","Infinite Spire","Koishi","Marisa????????","Minty Spire (QoL Compilation)","Quick Restart","Replay The Spire","StSLib","The Administrix","The Servant 0.9.4"],"gold_per_floor":[111,111,124,135,150,150,150],"floor_reached":6,"language":"ENG","playtime":922,"items_purged":["Defend_S"],"score":40,"play_id":"cff540b4-cd47-4c67-a712-d28a1ee7096a","local_time":"20210205021041","is_ascension_mode":true,"campfire_choices":[],"circlet_count":0,"master_deck":["Strike_S","Strike_S","Strike_S","Strike_S","Defend_S","Defend_S","Defend_S","KidneyShot","Exchange","Hightail","Hightail","StarChef"],"relics":["Uniform","Membership Card","OldScarf","conspire:InfiniteJournal","Gremlin Food","Medical Kit"],"acts_visited":["Exordium"],"potions_floor_usage":[6],"damage_taken":[{"damage":0,"enemies":"2 Louse","floor":1,"turns":5},{"damage":0,"enemies":"Jaw Worm","floor":3,"turns":10},{"damage":1,"enemies":"Cultist","floor":4,"turns":7},{"damage":6,"enemies":"Exordium Wildlife","floor":5,"turns":9},{"damage":29,"enemies":"Gremlin Nob","floor":6,"turns":10}],"seed_played":"-7411472407715417890","potions_obtained":[{"floor":1,"key":"conspire:TimeTravelPotion"}],"is_trial":false,"path_per_floor":["M","?","M","M","M","E"],"character_chosen":"THE_SERVANT","items_purchased":["Membership Card","Hightail","Gremlin Food","Medical Kit","StarChef"],"campfire_rested":0,"item_purchase_floors":[0,0,0,0,0],"current_hp_per_floor":[34,34,34,33,27,1,1],"gold":150,"neow_bonus":"","is_daily":false,"chose_seed":false,"campfire_upgraded":0,"win_rate":0.0,"timestamp":1612487441,"path_taken":["M","?","M","M","M","E"],"items_purchased_type":["Relic","Card","Relic","Relic","Card"],"build_version":"2020-12-22","purchased_purges":1,"victory":false,"max_hp_per_floor":[65,65,65,65,65,65,65],"card_choices":[{"not_picked":["FastForward","Hightail","Rearm"],"picked":"SKIP","floor":1},{"not_picked":["Unruled","SpecialFormula","Starlight"],"picked":"SKIP","floor":3},{"not_picked":["Unruled","SpecialFormula","Starlight"],"picked":"SKIP","floor":3},{"not_picked":["WasteNot","Replace","RealityMarble"],"picked":"SKIP","floor":4},{"not_picked":["SurpressingFire","Replace","TimeWarp"],"picked":"SKIP","floor":5}],"player_experience":195769,"relics_obtained":[],"event_choices":[{"damage_healed":0,"gold_gain":0,"player_choice":"Leave","damage_taken":0,"max_hp_gain":0,"max_hp_loss":0,"event_name":"conspire:Investor","floor":2,"gold_loss":0}],"is_beta":false,"boss_relics":[],"items_purged_floors":[0],"is_endless":false,"potions_floor_spawned":[1],"killed_by":"Gremlin Nob","ascension_level":1}}