{"host":"1c17lcvl7acx821p","time":1612569259,"event":{"mods":["AchievementEnabler","BaseMod","Bestiary","Colored Map","Minty Spire (QoL Compilation)","Quick Restart","Relic Sorter","StSLib","ojb\u0027s Better Paths Mod","ojb\u0027s Info Mod"],"gold_per_floor":[109,126,144,144,159,159,176,188,188,188,188],"floor_reached":10,"language":"ENG","playtime":347,"items_purged":[],"score":124,"play_id":"5af2e9a3-0be4-4931-8f76-13b6ca5b6ff4","local_time":"20210206015419","is_ascension_mode":true,"campfire_choices":[{"data":"Rainbow","floor":6.0,"key":"SMITH"}],"circlet_count":0,"master_deck":["AscendersBane","Strike_B","Strike_B","Strike_B","Strike_B","Defend_B","Defend_B","Defend_B","Defend_B","Zap","Dualcast","Conserve Battery","Streamline","Rainbow+1","Pain","Redo","Recycle","Sunder"],"relics":["Snecko Eye","WarpedTongs","Juzu Bracelet"],"acts_visited":["Exordium"],"potions_floor_usage":[],"damage_taken":[{"damage":13.0,"enemies":"Cultist","floor":1.0,"turns":5.0},{"damage":0.0,"enemies":"2 Louse","floor":2.0,"turns":3.0},{"damage":0.0,"enemies":"Jaw Worm","floor":3.0,"turns":2.0},{"damage":8.0,"enemies":"Large Slime","floor":5.0,"turns":4.0},{"damage":10.0,"enemies":"Looter","floor":7.0,"turns":4.0},{"damage":10.0,"enemies":"Exordium Thugs","floor":8.0,"turns":3.0},{"damage":39,"enemies":"Gremlin Nob","floor":10,"turns":3}],"seed_played":"-7087228205982735071","potions_obtained":[{"floor":2.0,"key":"Fire Potion"},{"floor":3.0,"key":"Energy Potion"},{"floor":7.0,"key":"Swift Potion"}],"is_trial":false,"path_per_floor":["M","M","M","?","M","R","M","M","T","E"],"character_chosen":"DEFECT","items_purchased":[],"campfire_rested":0,"item_purchase_floors":[],"current_hp_per_floor":[51,51,51,51,43,43,33,23,23,0,0],"gold":188,"neow_bonus":"BOSS_RELIC","is_daily":false,"chose_seed":false,"campfire_upgraded":1,"win_rate":0.0,"timestamp":1612569259,"path_taken":["M","M","?","?","?","R","?","M","T","E"],"items_purchased_type":[],"build_version":"2020-12-22","purchased_purges":0,"victory":false,"max_hp_per_floor":[71,71,71,71,71,71,71,71,71,71,71],"card_choices":[{"not_picked":["Coolheaded","Steam"],"picked":"Conserve Battery","floor":1.0},{"not_picked":["Stack","Hello World"],"picked":"Streamline","floor":2.0},{"not_picked":["Conserve Battery","Sweeping Beam"],"picked":"Rainbow","floor":3.0},{"not_picked":["Stack","Heatsinks"],"picked":"Redo","floor":5.0},{"not_picked":["Barrage","Streamline"],"picked":"Recycle","floor":7.0},{"not_picked":["Steam","Double Energy"],"picked":"Sunder","floor":8.0}],"player_experience":287262,"relics_obtained":[{"floor":9.0,"key":"Juzu Bracelet"}],"event_choices":[{"damage_healed":0.0,"max_hp_gain":0.0,"max_hp_loss":0.0,"gold_gain":0.0,"event_name":"Accursed Blacksmith","player_choice":"Rummage","floor":4.0,"gold_loss":0.0,"damage_taken":0.0,"relics_obtained":["WarpedTongs"],"cards_obtained":["Pain"]}],"is_beta":false,"boss_relics":[],"items_purged_floors":[],"is_endless":false,"potions_floor_spawned":[2,3,7],"killed_by":"Gremlin Nob","ascension_level":20}}