{"host":"aapp7ew3jk5k1bvd","time":1612536851,"event":{"mods":["AchievementEnabler","BaseMod","Colored Map","Minty Spire (QoL Compilation)","Permanent Neow","StSLib","SuperFastMode"],"gold_per_floor":[110,126,5,18,18,18,31,47,47,64,84,84,94,111,111,215,215,231,231,131,131,131],"floor_reached":21,"language":"KOR","playtime":421,"items_purged":["Defend_R","Defend_R"],"score":175,"play_id":"3644f1c3-9ead-4dbc-9074-64c7ea59db06","local_time":"20210205235411","is_ascension_mode":false,"campfire_choices":[{"data":"Whirlwind","floor":6,"key":"SMITH"},{"data":"Perfected Strike","floor":12,"key":"SMITH"},{"data":"Shrug It Off","floor":15,"key":"SMITH"}],"circlet_count":0,"master_deck":["Strike_R","Strike_R","Strike_R","Strike_R","Strike_R","Defend_R","Defend_R","Bash","Whirlwind+1","Twin Strike","Shrug It Off+1","Perfected Strike+1"],"relics":["Burning Blood"],"acts_visited":["Exordium","TheCity"],"potions_floor_usage":[11],"damage_taken":[{"damage":5,"enemies":"Jaw Worm","floor":1,"turns":4},{"damage":6,"enemies":"Cultist","floor":2,"turns":3},{"damage":8,"enemies":"Small Slimes","floor":4,"turns":2},{"damage":5,"enemies":"Gremlin Gang","floor":7,"turns":2},{"damage":2,"enemies":"Exordium Thugs","floor":8,"turns":4},{"damage":6,"enemies":"3 Louse","floor":10,"turns":2},{"damage":16,"enemies":"Red Slaver","floor":11,"turns":4},{"damage":9,"enemies":"2 Fungi Beasts","floor":13,"turns":2},{"damage":0,"enemies":"3 Louse","floor":14,"turns":1},{"damage":32,"enemies":"Slime Boss","floor":16,"turns":9},{"damage":26,"enemies":"Chosen","floor":18,"turns":5},{"damage":1,"enemies":"Shell Parasite","floor":21,"turns":2}],"seed_played":"3555396432583370055","potions_obtained":[{"floor":4,"key":"EssenceOfSteel"},{"floor":7,"key":"ElixirPotion"},{"floor":11,"key":"Fruit Juice"},{"floor":13,"key":"EssenceOfSteel"},{"floor":14,"key":"SkillPotion"}],"is_trial":false,"path_per_floor":["M","M","$","M","?","R","M","M","T","M","M","R","M","M","R","B",null,"M","?","$","M"],"character_chosen":"IRONCLAD","items_purchased":["Twin Strike"],"campfire_rested":0,"item_purchase_floors":[3],"current_hp_per_floor":[88,88,88,86,86,86,87,88,88,88,83,83,80,86,86,60,93,73,73,73,72,72],"gold":131,"neow_bonus":"TEN_PERCENT_HP_BONUS","is_daily":false,"chose_seed":false,"campfire_upgraded":3,"win_rate":0.0,"timestamp":1612536851,"path_taken":["M","M","$","M","?","R","M","M","T","?","M","R","M","M","R","BOSS","M","?","$","?"],"items_purchased_type":["Card"],"build_version":"2020-12-22","purchased_purges":2,"victory":false,"max_hp_per_floor":[88,88,88,88,88,88,88,88,88,88,93,93,93,93,93,93,93,93,93,93,93,93],"card_choices":[{"not_picked":["Heavy Blade","True Grit"],"picked":"Whirlwind","floor":1},{"not_picked":["Dropkick","Clothesline","Burning Pact"],"picked":"SKIP","floor":2},{"not_picked":["Intimidate","Uppercut"],"picked":"Shrug It Off","floor":4},{"not_picked":["Clash","Heavy Blade","Cleave"],"picked":"SKIP","floor":7},{"not_picked":["Rampage","Flex","Battle Trance"],"picked":"SKIP","floor":8},{"not_picked":["Rage","Heavy Blade"],"picked":"Perfected Strike","floor":10},{"not_picked":["Uppercut","Rupture","Sword Boomerang"],"picked":"SKIP","floor":11},{"not_picked":["Disarm","Shockwave","Spot Weakness"],"picked":"SKIP","floor":13},{"not_picked":["Seeing Red","Feel No Pain","Sword Boomerang"],"picked":"SKIP","floor":14},{"not_picked":["Armaments","Infernal Blade","Thunderclap+1"],"picked":"SKIP","floor":18}],"player_experience":1324010,"relics_obtained":[],"event_choices":[{"damage_healed":0,"gold_gain":0,"player_choice":"Ignored","damage_taken":0,"max_hp_gain":0,"max_hp_loss":0,"event_name":"WeMeetAgain","floor":5,"gold_loss":0},{"damage_healed":0,"gold_gain":0,"player_choice":"0 cards matched","damage_taken":0,"max_hp_gain":0,"max_hp_loss":0,"event_name":"Match and Keep!","floor":19,"gold_loss":0,"cards_obtained":[]}],"is_beta":false,"boss_relics":[{"not_picked":["Velvet Choker","SacredBark","Empty Cage"]}],"items_purged_floors":[3,20],"is_endless":false,"potions_floor_spawned":[4,7,11,13,14],"killed_by":"Shell Parasite","ascension_level":0}}