{"host":"8kd0mw0b4mjhs7vl","time":1612563401,"event":{"mods":["BaseMod","Bestiary","Colored Map","Conspire","Downfall","Friendly Minions","Minty Spire (QoL Compilation)","Reliquary","Replay The Spire","StSLib","SuperFastMode"],"gold_per_floor":[99,118,293,50,50,65,65,81,112,125,140,173,208,226,236,236,236,236],"floor_reached":16,"language":"ENG","playtime":618,"items_purged":["Doubt"],"score":114,"play_id":"e6b1696a-1f9f-4f10-bda2-7ee998dc774d","local_time":"20210205221641","is_ascension_mode":false,"campfire_choices":[{"data":"hexamod:WildfireWeapon","floor":1,"key":"SMITH"}],"circlet_count":0,"master_deck":["hexamod:Strike","hexamod:Strike","hexamod:Strike","hexamod:Defend","hexamod:Defend","hexamod:Defend","hexamod:Defend","hexamod:Sear","hexamod:Float","hexamod:WildfireWeapon+1","hexamod:SuperheatedStrike","hexamod:GhostLash","hexamod:GhostShield","hexamod:GhostLash","hexamod:DynamicBlow","hexamod:HeatMetal","hexamod:FlamesFromBeyond","hexamod:ExtraCrispy","hexamod:BurningTouch","hexamod:RainOfEmbers","hexamod:HeatShield","hexamod:ThermalTransfer"],"relics":["hexamod:SpiritBrand","Membership Card","Golden Egg","Lantern","Frozen Egg 2","Bag of Preparation"],"acts_visited":[],"potions_floor_usage":[11,13,13,15],"damage_taken":[{"damage":0,"enemies":"2 Louse","floor":2,"turns":3},{"damage":0,"enemies":"downfall:FleeingMerchant","floor":4,"turns":4},{"damage":1,"enemies":"Jaw Worm","floor":6,"turns":3},{"damage":0,"enemies":"conspire:RoseBush","floor":8,"turns":3},{"damage":8,"enemies":"Replay:BlueRogue","floor":9,"turns":4},{"damage":0,"enemies":"3 Louse","floor":10,"turns":2},{"damage":0,"enemies":"Large Slime","floor":11,"turns":3},{"damage":6,"enemies":"Gremlin Nob","floor":12,"turns":3},{"damage":19,"enemies":"conspire:MimicChest","floor":13,"turns":4},{"damage":1,"enemies":"2 Fungi Beasts","floor":14,"turns":3},{"damage":2,"enemies":"Exordium Thugs","floor":15,"turns":4},{"damage":27,"enemies":"WA_ARCHETYPE_RETAIN","floor":16,"turns":4}],"seed_played":"-3882033898530260021","potions_obtained":[{"floor":2,"key":"Guardian:BlockOnCardUsePotion"},{"floor":9,"key":"Fire Potion"},{"floor":10,"key":"SkillPotion"},{"floor":12,"key":"PowerPotion"},{"floor":13,"key":"LiquidBronze"}],"is_trial":false,"path_per_floor":["R","M","?","$","?","M","T","M","E","M","M","E","?","M","M","B"],"character_chosen":"THE_SPIRIT","items_purchased":["Membership Card","hexamod:GhostShield","hexamod:GhostLash"],"campfire_rested":0,"item_purchase_floors":[4,4,4],"current_hp_per_floor":[63,63,63,63,63,62,62,62,54,54,54,48,29,28,26,0,0,0],"gold":236,"neow_bonus":"THREE_RARE_CARDS","is_daily":false,"chose_seed":false,"campfire_upgraded":1,"win_rate":0.0,"timestamp":1612563401,"path_taken":["R","M","?","$","?","M","T","M","E","?","M","E","?","M","M","BOSS"],"items_purchased_type":["Relic","Card","Card"],"build_version":"2020-12-22","purchased_purges":1,"victory":false,"max_hp_per_floor":[63,63,63,63,63,63,63,63,63,63,63,63,63,63,63,63,63,63],"card_choices":[{"not_picked":["hexamod:FifthSeal","hexamod:GhostflameInferno"],"picked":"hexamod:WildfireWeapon","floor":0},{"not_picked":["hexamod:GhostLash","hexamod:NightmareStrike"],"picked":"hexamod:SuperheatedStrike","floor":2},{"not_picked":["hexamod:UnlimitedPower","hexamod:InspiringFlames"],"picked":"hexamod:GhostLash","floor":4},{"not_picked":["hexamod:FirstSeal","hexamod:InspiringFlames"],"picked":"hexamod:HeatMetal","floor":6},{"not_picked":["hexamod:SwordOfDarkness","hexamod:ChargedBarrage"],"picked":"hexamod:FlamesFromBeyond","floor":8},{"not_picked":["hexamod:VolcanoVisage","hexamod:SuperheatedStrike"],"picked":"hexamod:ExtraCrispy","floor":9},{"not_picked":["hexamod:EmpoweredFlame","hexamod:SpectralSpark","hexamod:AdvancingGuard"],"picked":"SKIP","floor":10},{"not_picked":["hexamod:SwordOfDarkness","hexamod:NightmareStrike","hexamod:FlamesFromBeyond"],"picked":"SKIP","floor":11},{"not_picked":["hexamod:GhostShield","hexamod:HeatMetal"],"picked":"hexamod:BurningTouch","floor":12},{"not_picked":["hexamod:Again","hexamod:GhostShield"],"picked":"hexamod:RainOfEmbers","floor":13},{"not_picked":["hexamod:Firestarter","hexamod:CatchUp"],"picked":"hexamod:HeatShield","floor":14},{"not_picked":["hexamod:GhostShield","hexamod:ChargedBarrage"],"picked":"hexamod:ThermalTransfer","floor":15}],"player_experience":312931,"relics_obtained":[{"floor":7,"key":"Golden Egg"},{"floor":9,"key":"Lantern"},{"floor":12,"key":"Frozen Egg 2"},{"floor":13,"key":"Bag of Preparation"}],"event_choices":[],"is_beta":false,"boss_relics":[],"items_purged_floors":[4],"is_endless":false,"potions_floor_spawned":[2,9,10,12,13],"killed_by":"WA_ARCHETYPE_RETAIN","ascension_level":0}}