{"host":"zgdag062zrknap1a","time":1612488468,"event":{"mods":["AchievementEnabler","Act Like it!","Aspiration","Bard","BaseMod","BetterRewards","Colored Map","Colored Powertips","Conspire","Downfall","Gensokyo","Hallownest","Hermit","Highlight Path","Hubris","Infinite Spire","Jorbs\u0027s Wanderer Trilogy","Marisa????????","Minty Spire (QoL Compilation)","Quick Restart","Rare Cards Sparkle","Replay The Spire","Shop Mod","StSLib","The Bug Knight","The Cursed","The Hierophant","The Necromancer","The Runesmith","The Servant 0.9.4"],"gold_per_floor":[118,133,151,151,171,171,171,171,194,194,229,229,229,229],"floor_reached":13,"language":"ENG","playtime":837,"items_purged":["Zap"],"score":83,"play_id":"8c822e14-f9a1-4cc3-8d00-cd5cb7952c6b","local_time":"20210204172748","is_ascension_mode":false,"campfire_choices":[{"floor":6,"key":"RECALL"},{"data":"Doom and Gloom","floor":8,"key":"SMITH"},{"data":"Redo","floor":12,"key":"PURGE"}],"circlet_count":0,"master_deck":["Strike_B","Strike_B","Strike_B","Strike_B","Defend_B","Defend_B","Defend_B","Defend_B","Dualcast","Doom and Gloom+1","ReplayTheSpireMod:Dual Polarity","Conserve Battery","Defragment","Leap","Conserve Battery","Loop+1","Buffer"],"relics":["Cracked Core","Raider\u0027s Mask","MerchantsRug","hubris:Towel","Peace Pipe"],"acts_visited":["Exordium"],"potions_floor_usage":[11,11],"damage_taken":[{"damage":7,"enemies":"Small Slimes","floor":1,"turns":2},{"damage":1,"enemies":"Cultist","floor":2,"turns":3},{"damage":2,"enemies":"Jaw Worm","floor":3,"turns":3},{"damage":6,"enemies":"3 Louse","floor":5,"turns":4},{"damage":14,"enemies":"Lagavulin","floor":11,"turns":5},{"damage":3,"enemies":"Gremlin Nob","floor":13,"turns":2}],"seed_played":"-8907550828636183667","potions_obtained":[{"floor":1,"key":"SkillPotion"},{"floor":3,"key":"AttackPotion"}],"is_trial":false,"path_per_floor":["M","M","M","?","M","R","?","R","T","?","E","R","E"],"character_chosen":"DEFECT","items_purchased":["Doom and Gloom","ReplayTheSpireMod:Dual Polarity","Conserve Battery","Raider\u0027s Mask","Defragment","MerchantsRug"],"campfire_rested":0,"item_purchase_floors":[0,0,0,0,0,0],"current_hp_per_floor":[33,32,30,38,32,32,32,32,32,32,18,18,15,15],"gold":229,"neow_bonus":"","is_daily":false,"chose_seed":false,"campfire_upgraded":1,"win_rate":0.0,"timestamp":1612488468,"path_taken":["M","M","M","?","?","R","?","R","T","?","E","R","E"],"items_purchased_type":["Card","Card","Card","Relic","Card","Relic"],"build_version":"2020-12-22","purchased_purges":1,"victory":false,"max_hp_per_floor":[75,75,75,75,75,75,75,75,75,75,75,75,75,75],"card_choices":[{"not_picked":["Steam","Gash"],"picked":"Leap","floor":1},{"not_picked":["Cold Snap","Go for the Eyes"],"picked":"Conserve Battery","floor":2},{"not_picked":["Glacier","Double Energy"],"picked":"Redo","floor":3},{"not_picked":["Fusion","Coolheaded"],"picked":"Loop","floor":5},{"not_picked":["Redo","FTL"],"picked":"Buffer","floor":11}],"player_experience":402838,"relics_obtained":[{"floor":11,"key":"Peace Pipe"}],"event_choices":[],"is_beta":false,"boss_relics":[],"items_purged_floors":[0],"is_endless":false,"potions_floor_spawned":[1,3],"killed_by":"Gremlin Nob","ascension_level":0}}