{"host":"osk2oboccoevp2u5","time":1612557769,"event":{"mods":["AchievementEnabler","Alarm Clock","BaseMod","Colored Powertips","Disable Question Mark Monsters","Displayed Cursed Tome","Key Reminder","Koishi","Minty Spire (QoL Compilation)","Potion Indicator Mod","Quick Restart","Rare Cards Sparkle","Reorder Act Four","StSLib","Useless Jewels Mod"],"gold_per_floor":[115,115,115,390,2,2,20,55,55,55,67,78,96,106,106,230,230,240,258,258,310,322,322,333,333,358,14,31,45,84,94,94,210,210,223,234,248,300,22,22,0,33,59,109,109,22,22,50,50,50,50,1,1,29,29],"floor_reached":56,"language":"ENG","playtime":8217,"items_purged":["Regret","Koishi:BasicStrike","Koishi:BasicStrike"],"score":1276,"play_id":"f7bb5081-cf1d-46a6-ba77-5498df4b91f4","local_time":"20210205164249","is_ascension_mode":true,"campfire_choices":[{"floor":6.0,"key":"REST"},{"floor":10.0,"key":"REST"},{"data":"Koishi:SprinkleStarAndHeart","floor":15.0,"key":"SMITH"},{"data":"Koishi:SubterraneanRose","floor":23,"key":"SMITH"},{"data":"Koishi:HauntingSlash","floor":25,"key":"SMITH"},{"data":"Koishi:PerfectMindControl","floor":32,"key":"SMITH"},{"floor":40,"key":"REST"},{"floor":45,"key":"RECALL"},{"data":"Koishi:Jaunt","floor":47,"key":"SMITH"},{"data":"Koishi:RorschachInDanmaku","floor":49,"key":"SMITH"},{"data":"Dark Shackles","floor":53,"key":"SMITH"}],"circlet_count":0,"master_deck":["Koishi:BasicStrike","Koishi:BasicDefend","Koishi:BasicDefend","Koishi:BasicDefend","Koishi:BasicDefend","Koishi:Provoke+1","Koishi:HauntingSlash+1","Magnetism","Koishi:Ego","Koishi:RorschachInDanmaku+1","Koishi:SubterraneanRose+1","Koishi:SprinkleStarAndHeart+1","Koishi:PerfectMindControl+1","Koishi:JumpScare","Koishi:Jaunt+1","Magnetism","Koishi:JumpScare","Koishi:JumpScare","Koishi:Untouchable","Koishi:Untouchable","Koishi:MindStellarRelief","Koishi:Untouchable","Koishi:PhantomStrike","Koishi:PhantomStrike","Koishi:PhantomStrike","Dark Shackles+1","Koishi:Bloodlust"],"relics":["Koishi:ImaginaryFriend","Mummified Hand","Matryoshka","Koishi:BloodstainedWhiteRose","Vajra","Koishi:ColorfulDays","Bronze Scales","Lantern","Lee\u0027s Waffle","Philosopher\u0027s Stone","Sling","Red Mask","Incense Burner","Ornamental Fan","Pen Nib"],"acts_visited":["Exordium","TheCity","TheBeyond","TheEnding"],"potions_floor_usage":[22,24,28,29,38,42,55],"damage_taken":[{"damage":8.0,"enemies":"2 Louse","floor":1.0,"turns":5.0},{"damage":0.0,"enemies":"Jaw Worm","floor":7.0,"turns":8.0},{"damage":18.0,"enemies":"3 Sentries","floor":8.0,"turns":10.0},{"damage":5.0,"enemies":"Cultist","floor":11.0,"turns":5.0},{"damage":4.0,"enemies":"Exordium Thugs","floor":12.0,"turns":10.0},{"damage":2.0,"enemies":"Gremlin Gang","floor":13.0,"turns":6.0},{"damage":4.0,"enemies":"Lots of Slimes","floor":14.0,"turns":6.0},{"damage":2.0,"enemies":"The Guardian","floor":16.0,"turns":15.0},{"damage":3,"enemies":"3 Byrds","floor":18,"turns":11},{"damage":1,"enemies":"Chosen","floor":19,"turns":7},{"damage":8,"enemies":"3 Cultists","floor":21,"turns":6},{"damage":11,"enemies":"Cultist and Chosen","floor":22,"turns":10},{"damage":0,"enemies":"Centurion and Healer","floor":24,"turns":8},{"damage":2,"enemies":"Sentry and Sphere","floor":28,"turns":7},{"damage":2,"enemies":"Shelled Parasite and Fungi","floor":29,"turns":7},{"damage":0,"enemies":"Snecko","floor":30,"turns":7},{"damage":6,"enemies":"Centurion and Healer","floor":31,"turns":8},{"damage":7,"enemies":"Collector","floor":33,"turns":11},{"damage":36,"enemies":"3 Darklings","floor":35,"turns":6},{"damage":19,"enemies":"3 Shapes","floor":36,"turns":5},{"damage":4,"enemies":"Jaw Worm Horde","floor":37,"turns":6},{"damage":12,"enemies":"Sphere and 2 Shapes","floor":38,"turns":6},{"damage":26,"enemies":"4 Shapes","floor":42,"turns":7},{"damage":0,"enemies":"Mind Bloom Boss Battle","floor":44,"turns":6},{"damage":14,"enemies":"Reptomancer","floor":48,"turns":9},{"damage":13,"enemies":"Time Eater","floor":50,"turns":12},{"damage":0,"enemies":"Shield and Spear","floor":54,"turns":6},{"damage":53,"enemies":"The Heart","floor":55,"turns":11}],"seed_played":"7009473063559002887","potions_obtained":[{"floor":1.0,"key":"Explosive Potion"},{"floor":11.0,"key":"AttackPotion"},{"floor":12.0,"key":"GamblersBrew"},{"floor":14.0,"key":"Fire Potion"},{"floor":18,"key":"SkillPotion"},{"floor":19,"key":"SneckoOil"},{"floor":24,"key":"SkillPotion"},{"floor":37,"key":"SkillPotion"},{"floor":42,"key":"Fruit Juice"}],"is_trial":false,"path_per_floor":["M","?","?","?","$","R","M","E","T","R","M","M","M","M","R","B",null,"M","M","?","M","M","R","M","R","T","$","M","M","M","M","R","B",null,"M","M","M","M","$","R","?","M","T","?","R","$","R","E","R","B",null,"$","R","E","B",null],"character_chosen":"KOISHI","items_purchased":["Mummified Hand","Dexterity Potion","Lee\u0027s Waffle","Koishi:Untouchable","Weak Potion","Sling","Dark Shackles","Dexterity Potion"],"campfire_rested":3,"item_purchase_floors":[5,5,27,27,27,39,46,52],"current_hp_per_floor":[34,27,27,27,27,45,48,32,32,50,50,54,57,58,58,60,60,60,60,60,57,54,54,60,60,60,67,66,67,67,67,67,67,67,46,38,45,46,46,66,66,58,58,71,71,71,71,70,70,72,72,72,72,72,34],"gold":29,"neow_bonus":"RANDOM_COLORLESS_2","is_daily":false,"chose_seed":false,"campfire_upgraded":7,"win_rate":0.0,"timestamp":1612557769,"path_taken":["M","?","?","?","$","R","M","E","T","R","M","M","M","?","R","BOSS","M","M","?","M","?","R","M","R","T","$","?","?","M","M","R","BOSS","M","M","M","M","$","R","?","M","T","?","R","$","R","E","R","BOSS","$","R","E","BOSS"],"items_purchased_type":["Relic","Potion","Relic","Card","Potion","Relic","Card","Potion"],"build_version":"2020-12-22","purchased_purges":3,"victory":true,"max_hp_per_floor":[60,60,60,60,60,60,60,60,60,60,60,60,60,60,60,60,60,60,60,60,60,60,60,60,60,60,67,67,67,67,67,67,67,67,67,67,67,67,67,67,67,72,72,72,72,72,72,72,72,72,72,72,72,72,72],"card_choices":[{"not_picked":["Secret Weapon","Master of Strategy"],"picked":"Magnetism","floor":0.0},{"not_picked":["Koishi:HeartfeltFancy","Koishi:UnansweredLove","Koishi:DanmakuParanoia"],"picked":"SKIP","floor":1.0},{"not_picked":["Koishi:UnseenTerror","Koishi:Vanish","Koishi:UnconsciousUprising"],"picked":"SKIP","floor":7.0},{"not_picked":["Koishi:SpiritedAway","Koishi:MentalBreakdown"],"picked":"Koishi:Ego","floor":8.0},{"not_picked":["Koishi:PhantomStrike","Koishi:GeneticsOfTheUnconscious"],"picked":"Koishi:RorschachInDanmaku","floor":11.0},{"not_picked":["Koishi:PhantomStrike","Koishi:CatchAndRose","Koishi:StingingMind"],"picked":"SKIP","floor":12.0},{"not_picked":["Koishi:BloodcurdlingScream","Koishi:HeartfeltFancy"],"picked":"Koishi:SubterraneanRose","floor":13.0},{"not_picked":["Koishi:Vanish","Koishi:FleetingPhantom"],"picked":"Koishi:SprinkleStarAndHeart","floor":14.0},{"not_picked":["Koishi:ImGoingToCallYouNow","Koishi:SilentAndRestless"],"picked":"Koishi:PerfectMindControl","floor":16.0},{"not_picked":["Koishi:ParalyzingFear","Koishi:Prune"],"picked":"Koishi:JumpScare","floor":18},{"not_picked":["Koishi:UnconsciousUprising","Koishi:FleetingPhantom+1"],"picked":"Koishi:Jaunt","floor":19},{"not_picked":["Koishi:PhantomBarrier+1","Koishi:Whimsy","Koishi:DreadfulBlow"],"picked":"SKIP","floor":21},{"not_picked":["Koishi:FleetingPhantom+1","Koishi:UnconsciousUprising+1"],"picked":"Koishi:JumpScare","floor":22},{"not_picked":["Koishi:ParalyzingFear","Koishi:SpiritedAway+1"],"picked":"Koishi:JumpScare","floor":24},{"not_picked":["Koishi:CatchAndRose","Koishi:ParalyzingFear","Koishi:ImGoingToCallYouNow"],"picked":"SKIP","floor":28},{"not_picked":["Koishi:HeartfeltFancy","Koishi:RorschachInDanmaku","Koishi:DreadfulBlow"],"picked":"SKIP","floor":29},{"not_picked":["Koishi:BloodcurdlingScream","Koishi:StingingMind+1","Koishi:JumpScare"],"picked":"SKIP","floor":30},{"not_picked":["Koishi:ParalyzingFear","Koishi:UnconsciousUrges"],"picked":"Koishi:Untouchable","floor":31},{"not_picked":["Koishi:PerfectMindControl","Koishi:ImGoingToCallYouNow"],"picked":"Koishi:MindStellarRelief","floor":33},{"not_picked":["Koishi:SubterraneanRose","Koishi:VengefulSpirit"],"picked":"Koishi:Untouchable","floor":35},{"not_picked":["Koishi:DreadfulBlow","Koishi:Vanish"],"picked":"Koishi:PhantomStrike","floor":36},{"not_picked":["Koishi:DreadfulBlow+1","Koishi:SpiritedAway"],"picked":"Koishi:PhantomStrike","floor":37},{"not_picked":["Koishi:Prune+1","Koishi:IdleWhim","Koishi:RuptureMind"],"picked":"SKIP","floor":38},{"not_picked":["Koishi:StingingMind+1","Koishi:IdleWhim"],"picked":"Koishi:PhantomStrike","floor":42},{"not_picked":["Koishi:UnansweredLove+1","Koishi:BramblyRoseGarden","Koishi:ParalyzingFear"],"picked":"SKIP","floor":48},{"not_picked":["Koishi:SubconsciousSweep","Koishi:UnansweredLove"],"picked":"Koishi:Bloodlust","floor":54}],"player_experience":961050,"relics_obtained":[{"floor":8.0,"key":"Matryoshka"},{"floor":9.0,"key":"Koishi:BloodstainedWhiteRose"},{"floor":9.0,"key":"Vajra"},{"floor":26,"key":"Bronze Scales"},{"floor":26,"key":"Lantern"},{"floor":44,"key":"Incense Burner"},{"floor":48,"key":"Ornamental Fan"},{"floor":54,"key":"Pen Nib"}],"event_choices":[{"cards_removed":["Koishi:BasicStrike"],"damage_healed":0.0,"max_hp_gain":0.0,"max_hp_loss":0.0,"gold_gain":0.0,"event_name":"Golden Wing","player_choice":"Card Removal","floor":2.0,"gold_loss":0.0,"damage_taken":7.0},{"damage_healed":0.0,"max_hp_gain":0.0,"max_hp_loss":0.0,"gold_gain":0.0,"event_name":"Living Wall","player_choice":"Grow","floor":3.0,"gold_loss":0.0,"damage_taken":0.0,"cards_upgraded":["Koishi:Provoke"]},{"damage_healed":0.0,"max_hp_gain":0.0,"max_hp_loss":0.0,"gold_gain":275.0,"event_name":"Golden Shrine","player_choice":"Desecrate","floor":4.0,"gold_loss":0.0,"damage_taken":0.0,"cards_obtained":["Regret"]},{"damage_healed":0,"gold_gain":0,"player_choice":"Copied","damage_taken":0,"max_hp_gain":0,"max_hp_loss":0,"event_name":"Duplicator","floor":20,"gold_loss":0,"cards_obtained":["Magnetism"]},{"damage_healed":0,"gold_gain":0,"player_choice":"Paid","damage_taken":0,"relics_obtained":["Red Mask"],"max_hp_gain":0,"max_hp_loss":0,"event_name":"Tomb of Lord Red Mask","floor":41,"gold_loss":22},{"damage_healed":0,"gold_gain":0,"player_choice":"Fight","damage_taken":0,"max_hp_gain":0,"max_hp_loss":0,"event_name":"MindBloom","floor":44,"gold_loss":0}],"is_beta":false,"boss_relics":[{"not_picked":["SacredBark","Pandora\u0027s Box"],"picked":"Koishi:ColorfulDays"},{"not_picked":["Velvet Choker","Black Star"],"picked":"Philosopher\u0027s Stone"}],"items_purged_floors":[5,27,39],"is_endless":false,"potions_floor_spawned":[1,11,12,14,18,19,24,37,42],"ascension_level":2}}