{"host":"gzk4gkgy3zij1c51","time":1612530886,"event":{"mods":["BaseMod","Colored Map","Downfall","Highlight Path","Marked Mod","Minty Spire (QoL Compilation)","Relic Stats","StSLib","everything is the same but u backflip on backflip"],"gold_per_floor":[99,117,117,128,128,28,28,42,53,81,81,81,107,125,145,145,145,145],"floor_reached":16,"language":"ENG","playtime":753,"items_purged":[],"score":226,"play_id":"5c8d887e-8987-45db-99d0-854949d3d399","local_time":"20210205131446","is_ascension_mode":true,"campfire_choices":[{"floor":1,"key":"RECALL"},{"data":"Guardian:StasisEngine","floor":6,"key":"SMITH"},{"data":"Guardian:SentryBeam","floor":11,"key":"SMITH"}],"circlet_count":0,"master_deck":["AscendersBane","Guardian:Strike_Guardian","Guardian:Strike_Guardian","Guardian:Strike_Guardian","Guardian:Defend_Guardian","Guardian:Defend_Guardian","Guardian:Defend_Guardian","Guardian:Defend_Guardian","Guardian:CurlUp","Guardian:TwinSlam","Guardian:StasisEngine+1","Guardian:Reroute","Guardian:TemporalStrike","Pain","Guardian:SentryBeam+1","Guardian:TemporalShield","Guardian:Harden","Guardian:Orbwalk"],"relics":["Guardian:ModeShifter","WarpedTongs","downfall:HeartBlessingRed","HornCleat","Bottled Tornado","bronze:BronzeIdol"],"acts_visited":["Exordium"],"potions_floor_usage":[13,13],"damage_taken":[{"damage":8,"enemies":"Jaw Worm","floor":2,"turns":6},{"damage":11,"enemies":"Cultist","floor":4,"turns":4},{"damage":8,"enemies":"Small Slimes","floor":8,"turns":3},{"damage":11,"enemies":"Red Slaver","floor":9,"turns":4},{"damage":17,"enemies":"3 Sentries","floor":10,"turns":7},{"damage":5,"enemies":"Gremlin Nob","floor":13,"turns":3},{"damage":8,"enemies":"Blue Slaver","floor":14,"turns":4},{"damage":3,"enemies":"3 Louse","floor":15,"turns":4},{"damage":1,"enemies":"SI_SHIV_ARCHETYPE","floor":16,"turns":3}],"seed_played":"6124230948002710454","potions_obtained":[{"floor":9,"key":"DuplicationPotion"},{"floor":10,"key":"PowerPotion"},{"floor":13,"key":"SkillPotion"}],"is_trial":false,"path_per_floor":["R","M","?","M","?","R","T","M","M","E","R","?","E","M","M","B"],"character_chosen":"GUARDIAN","items_purchased":[],"campfire_rested":0,"item_purchase_floors":[],"current_hp_per_floor":[72,64,64,53,53,53,53,45,34,17,17,17,12,4,1,0,0,0],"gold":145,"neow_bonus":"ONE_RANDOM_RARE_CARD","is_daily":false,"chose_seed":false,"campfire_upgraded":2,"win_rate":0.0,"timestamp":1612530886,"path_taken":["R","M","?","M","?","R","T","M","?","E","R","?","E","M","M","BOSS"],"items_purchased_type":[],"build_version":"2020-12-22","purchased_purges":0,"victory":false,"max_hp_per_floor":[80,80,80,80,80,80,80,80,80,80,80,80,80,80,80,80,80,80],"relic_stats":{"counters":[9,38],"obtain_stats":[{"HornCleat":7,"downfall:HeartBlessingRed":6,"Guardian:ModeShifter":0,"Bottled Tornado":10,"WarpedTongs":5,"bronze:BronzeIdol":13},{"HornCleat":2,"downfall:HeartBlessingRed":2,"Guardian:ModeShifter":0,"Bottled Tornado":5,"WarpedTongs":2,"bronze:BronzeIdol":6},{"HornCleat":10,"downfall:HeartBlessingRed":10,"Guardian:ModeShifter":0,"Bottled Tornado":24,"WarpedTongs":10,"bronze:BronzeIdol":27}],"WarpedTongs":[28]},"card_choices":[{"not_picked":["Guardian:ChargeCore","Guardian:Gem_Cyan"],"picked":"Guardian:Reroute","floor":2},{"not_picked":["Guardian:DonusPower","Guardian:PrimingBeam"],"picked":"Guardian:TemporalStrike","floor":4},{"not_picked":["Guardian:TemporalStrike","Guardian:GuardianWhirl"],"picked":"Guardian:SentryBeam","floor":8},{"not_picked":["Guardian:BronzeArmor","Guardian:Incinerate"],"picked":"Guardian:Gem_Fragmented","floor":9},{"not_picked":["Guardian:PrismaticBeam","Guardian:PrismaticBarrier"],"picked":"Guardian:TemporalShield","floor":10},{"not_picked":["Guardian:PolyBeam","Guardian:ShieldSpikes"],"picked":"Guardian:Harden","floor":13},{"not_picked":["Guardian:PrismaticBeam","Guardian:PrimingBeam","Guardian:Gem_Crimson"],"picked":"SKIP","floor":14},{"not_picked":["Guardian:Gem_Fragmented","Guardian:Suspension"],"picked":"Guardian:Orbwalk","floor":15}],"player_experience":1149611,"relics_obtained":[{"floor":7,"key":"HornCleat"},{"floor":10,"key":"Bottled Tornado"},{"floor":13,"key":"bronze:BronzeIdol"}],"event_choices":[{"damage_healed":0,"gold_gain":0,"player_choice":"Leave","damage_taken":0,"max_hp_gain":0,"max_hp_loss":0,"event_name":"FaceTrader","floor":12,"gold_loss":0}],"is_beta":false,"boss_relics":[],"items_purged_floors":[],"is_endless":false,"potions_floor_spawned":[9,10,13],"killed_by":"SI_SHIV_ARCHETYPE","ascension_level":13}}