{"host":"ds3v42j7tpaaz1mg","time":1612504785,"event":{"mods":["AchievementEnabler","Aspiration","BaseMod","Bestiary","Better Altar","Better Note","Better Sensory Stone","BetterRewards","Block Reminder","Colored Powertips","Conspire","Downfall","Energized Spire","Halation","Hermit","Highlight Path","Hubris","Infinite Spire","Jorbs\u0027s Wanderer Trilogy","Minty Spire (QoL Compilation)","Relic Stats","Replay The Spire","StSLib","The Elementalist","The Servant 0.9.4"],"gold_per_floor":[99,111,123,398,8,33,33,61,46,56,56,73,73,223,235,336,336,336,351,426,426,50,150,150,197,197,197,197,207,207,207,221,323,323,323,338,338,355,375,375,375,395,395,248,260,260,277,277,290,290],"floor_reached":51,"language":"ENG","playtime":2825,"items_purged":["Regret","downfall:Icky","Injury"],"score":805,"play_id":"a09b0664-466f-4679-9b92-3602cfdedfe2","local_time":"20210205005945","is_ascension_mode":false,"campfire_choices":[{"data":"bronze:CutThrough","floor":1,"key":"SMITH"},{"floor":13,"key":"REST"},{"data":"bronze:Assembly","floor":18,"key":"SMITH"},{"data":"bronze:DonuBeam","floor":26,"key":"SMITH"},{"data":"bronze:Repair","floor":28,"key":"SMITH"},{"data":"bronze:Overload","floor":30,"key":"SMITH"},{"floor":43,"key":"REST"},{"floor":46,"key":"REST"}],"circlet_count":0,"master_deck":["bronze:Defend+1","bronze:Defend","bronze:Defend","bronze:Replicate","bronze:Goto+1","bronze:Repair+1","bronze:CutThrough+1","bronze:WildBeam","bronze:OilSpill","bronze:BugBarrage","bronze:Overheat","bronze:NullPointer","bronze:Assembly+1","bronze:Return+1","bronze:Frontload+1","stsjorbsmod:Withering","bronze:Verify+1","bronze:DonuBeam+1","bronze:DecaBeam","bronze:Overload+1","bronze:CleanCode+1","Swift Strike","Parasite"],"relics":["bronze:BronzeCore","Sling","halation:AfternoonTea","infinitespire:Satchel","infinitespire:Broken Mirror","Pocketwatch","Frozen Egg 2","Astrolabe","War Paint","TheAbacus","Art of War","Bronze Scales","Centennial Puzzle","halation:Sosunser","energizedSpire:OgreHead","Empty Cage","aspiration:FaultyCoupler","Turnip","bronze:BottledCode"],"acts_visited":["Exordium","TheCity","TheBeyond"],"potions_floor_usage":[16,23,23,33,33,38,39,45,47],"damage_taken":[{"damage":0,"enemies":"Small Slimes","floor":2,"turns":3},{"damage":2,"enemies":"Cultist","floor":3,"turns":3},{"damage":11,"enemies":"downfall:FleeingMerchant","floor":5,"turns":4},{"damage":10,"enemies":"Lagavulin","floor":6,"turns":4},{"damage":6,"enemies":"Replay:BlueRogue","floor":8,"turns":3},{"damage":15,"enemies":"downfall:FleeingMerchant","floor":9,"turns":4},{"damage":11,"enemies":"Jaw Worm","floor":10,"turns":2},{"damage":0,"enemies":"2 Fungi Beasts","floor":12,"turns":2},{"damage":2,"enemies":"Blue Slaver","floor":15,"turns":2},{"damage":0,"enemies":"IC_STATUS_ARCHETYPE","floor":16,"turns":5},{"damage":0,"enemies":"Shell Parasite","floor":19,"turns":4},{"damage":0,"enemies":"downfall:FleeingMerchant","floor":22,"turns":4},{"damage":17,"enemies":"downfall:FleeingMerchant","floor":23,"turns":6},{"damage":2,"enemies":"Chosen","floor":29,"turns":2},{"damage":7,"enemies":"conspire:HollyBat","floor":32,"turns":4},{"damage":10,"enemies":"SI_MIRROR_ARCHETYPE","floor":33,"turns":7},{"damage":0,"enemies":"Orb Walker","floor":36,"turns":3},{"damage":28,"enemies":"3 Darklings","floor":38,"turns":4},{"damage":4,"enemies":"Jaw Worm Horde","floor":39,"turns":5},{"damage":53,"enemies":"4 Shapes","floor":42,"turns":5},{"damage":0,"enemies":"Maw","floor":45,"turns":6},{"damage":1,"enemies":"Writhing Mass","floor":47,"turns":4},{"damage":0,"enemies":"Sphere and 2 Shapes","floor":49,"turns":4},{"damage":6,"enemies":"WA_ARCHETYPE_DIVINITY","floor":50,"turns":13}],"seed_played":"7772787662739199203","potions_obtained":[{"floor":3,"key":"Guardian:BlockOnCardUsePotion"},{"floor":6,"key":"Venom Potion"},{"floor":15,"key":"BlessingOfTheForge"},{"floor":20,"key":"downfall:CursedFountainPotion"},{"floor":23,"key":"Block Potion"},{"floor":29,"key":"Dexterity Potion"},{"floor":33,"key":"LiquidMemories"},{"floor":36,"key":"BlessingOfTheForge"},{"floor":39,"key":"bronze:CleanCodePotion"}],"is_trial":false,"path_per_floor":["R","M","M","?","$","E","T","E","$","M","?","M","R","?","M","B",null,"R","M","?","?","$","?","T","T","R","AVR","R","M","R","?","M","B",null,"R","M","AVR","M","M","?","T","M","R","$","M","R","M","?","M","B",null],"character_chosen":"THE_AUTOMATON","items_purchased":["Sling","halation:AfternoonTea","bronze:Verify+1","War Paint","TheAbacus","Art of War","Explosive Potion","Swift Strike"],"campfire_rested":3,"item_purchase_floors":[5,5,22,22,22,22,44,44],"current_hp_per_floor":[70,70,68,68,62,59,59,53,45,41,41,48,69,69,70,70,70,70,70,70,70,70,60,60,60,60,60,60,58,58,65,68,60,70,70,70,70,42,48,48,48,5,26,26,41,62,70,60,60,54],"gold":290,"neow_bonus":"TRANSFORM_TWO_CARDS","is_daily":false,"chose_seed":false,"campfire_upgraded":5,"win_rate":0.0,"timestamp":1612504785,"path_taken":["R","M","M","?","?","E","T","E","$","?","?","M","R","?","M","BOSS","R","M","?","?","$","?","T","?","R","AVR","R","?","R","?","M","BOSS","R","M","AVR","M","M","?","T","M","R","?","M","R","M","?","M","BOSS"],"items_purchased_type":["Relic","Relic","Card","Relic","Relic","Relic","Potion","Card"],"build_version":"2020-12-22","purchased_purges":3,"victory":true,"max_hp_per_floor":[70,70,70,70,70,70,70,70,70,70,70,70,70,70,70,70,70,70,70,70,70,70,70,70,70,70,70,70,70,70,70,70,70,70,70,70,70,70,70,70,70,70,70,70,70,70,70,60,60,60],"relic_stats":{"Centennial Puzzle":[24],"TheAbacus":[144],"counters":[24,103],"Astrolabe":["bronze:Return","bronze:Frontload","stsjorbsmod:Withering"],"Bronze Scales":[131],"Turnip":[8],"Art of War":[5],"War Paint":["bronze:Defend","bronze:Goto"],"obtain_stats":[{"bronze:BronzeCore":0,"halation:Sosunser":27,"Astrolabe":17,"energizedSpire:OgreHead":27,"Frozen Egg 2":11,"War Paint":22,"Sling":5,"Empty Cage":34,"bronze:BottledCode":48,"Centennial Puzzle":25,"TheAbacus":22,"infinitespire:Broken Mirror":7,"Bronze Scales":24,"infinitespire:Satchel":6,"Turnip":41,"Art of War":22,"halation:AfternoonTea":5,"Pocketwatch":8,"aspiration:FaultyCoupler":37},{"bronze:BronzeCore":0,"halation:Sosunser":13,"Astrolabe":10,"energizedSpire:OgreHead":13,"Frozen Egg 2":7,"War Paint":12,"Sling":3,"Empty Cage":16,"bronze:BottledCode":22,"Centennial Puzzle":13,"TheAbacus":12,"infinitespire:Broken Mirror":4,"Bronze Scales":13,"infinitespire:Satchel":4,"Turnip":19,"Art of War":12,"halation:AfternoonTea":3,"Pocketwatch":5,"aspiration:FaultyCoupler":17},{"bronze:BronzeCore":0,"halation:Sosunser":46,"Astrolabe":32,"energizedSpire:OgreHead":46,"Frozen Egg 2":23,"War Paint":40,"Sling":10,"Empty Cage":59,"bronze:BottledCode":86,"Centennial Puzzle":46,"TheAbacus":40,"infinitespire:Broken Mirror":14,"Bronze Scales":46,"infinitespire:Satchel":14,"Turnip":71,"Art of War":40,"halation:AfternoonTea":10,"Pocketwatch":17,"aspiration:FaultyCoupler":62}],"Pocketwatch":[85]},"card_choices":[{"not_picked":["bronze:BugBarrage","bronze:NullPointer","bronze:BuggyMess"],"picked":"SKIP","floor":2},{"not_picked":["bronze:DelayedGuard","bronze:Philosophize"],"picked":"bronze:WildBeam","floor":3},{"not_picked":["bronze:ForLoop","bronze:Shell","bronze:CloningBeam"],"picked":"SKIP","floor":5},{"not_picked":["bronze:ThunderWave","bronze:ForceShield"],"picked":"bronze:OilSpill","floor":6},{"not_picked":["bronze:ChildClass","bronze:Boost"],"picked":"bronze:BugBarrage","floor":8},{"not_picked":["bronze:CutThrough","bronze:BugBarrage"],"picked":"bronze:Overheat","floor":9},{"not_picked":["bronze:DelayedGuard","bronze:WildBeam"],"picked":"bronze:NullPointer","floor":10},{"not_picked":["bronze:Backtrace","bronze:NullPointer","bronze:Boost"],"picked":"SKIP","floor":12},{"not_picked":["bronze:Fortify","bronze:Deprecate","bronze:Turbo"],"picked":"SKIP","floor":15},{"not_picked":["bronze:HyperBeam","bronze:Format"],"picked":"bronze:Assembly","floor":16},{"not_picked":["bronze:Invalidate","bronze:Shield","bronze:Fortify"],"picked":"SKIP","floor":19},{"not_picked":["bronze:Boost+1","bronze:Iterate","bronze:CloningBeam+1"],"picked":"SKIP","floor":22},{"not_picked":[],"picked":"bronze:DonuBeam","floor":23},{"not_picked":[],"picked":"bronze:DecaBeam","floor":23},{"not_picked":["bronze:DelayedSlice","bronze:WhirlingStrike"],"picked":"bronze:Iterate","floor":23},{"not_picked":["bronze:FineTuning","bronze:DelayedSlice"],"picked":"bronze:Overload","floor":29},{"not_picked":["bronze:Assembly","bronze:Iterate","bronze:Branch"],"picked":"SKIP","floor":32},{"not_picked":["bronze:HyperBeam","bronze:SpaghettiCode"],"picked":"bronze:CleanCode+1","floor":33},{"not_picked":["bronze:Optimize+1","bronze:Invalidate+1","bronze:Deprecate"],"picked":"SKIP","floor":36},{"not_picked":["bronze:Deprecate","bronze:DelayedGuard+1","bronze:Shield"],"picked":"SKIP","floor":38},{"not_picked":["bronze:Backtrace","bronze:Overheat+1","bronze:MaxOutput+1"],"picked":"SKIP","floor":39},{"not_picked":["bronze:Overheat","bronze:WildBeam+1","bronze:Frontload+1"],"picked":"SKIP","floor":42},{"not_picked":["bronze:Invalidate+1","bronze:Branch+1","bronze:Turbo+1"],"picked":"SKIP","floor":45},{"not_picked":["bronze:Invalidate","bronze:Turbo+1","bronze:Break"],"picked":"SKIP","floor":47},{"not_picked":["bronze:OilSpill+1","bronze:ItsAFeature+1","bronze:Shell+1"],"picked":"SKIP","floor":49}],"player_experience":680596,"relics_obtained":[{"floor":6,"key":"infinitespire:Satchel"},{"floor":7,"key":"infinitespire:Broken Mirror"},{"floor":8,"key":"Pocketwatch"},{"floor":24,"key":"Bronze Scales"},{"floor":25,"key":"Centennial Puzzle"},{"floor":41,"key":"Turnip"}],"event_choices":[{"damage_healed":0,"gold_gain":0,"player_choice":"Ignored","damage_taken":0,"max_hp_gain":0,"max_hp_loss":0,"event_name":"betterNote:BetterNote","floor":21,"gold_loss":0,"cards_obtained":["sneckomod:Transmogrify"]}],"is_beta":false,"boss_relics":[{"not_picked":["aspiration:ServantSkillbook","Velvet Choker"],"picked":"Astrolabe"},{"not_picked":["Pandora\u0027s Box","halation:MonkeysPaw"],"picked":"Empty Cage"}],"items_purged_floors":[5,22,27],"is_endless":false,"potions_floor_spawned":[3,6,15,23,29,33,36,39],"ascension_level":0}}