{"host":"0tiuc76yumknr6qf","time":1612485760,"event":{"mods":["BaseMod","Bestiary","Colored Map","DeckTracker","Highlight Path","Jedi Mod","Minty Spire (QoL Compilation)","StSLib"],"gold_per_floor":[111,129,147,112,122,142,160,160,160],"floor_reached":8,"language":"ENG","playtime":360,"items_purged":[],"score":104,"play_id":"8ce409e7-36dc-4d2d-a6a1-5299b92ed9e9","local_time":"20210204184240","is_ascension_mode":true,"campfire_choices":[],"circlet_count":0,"master_deck":["AscendersBane","Strike_B","Strike_B","Strike_B","Strike_B","Defend_B","Defend_B","Defend_B","Defend_B","Zap","Dualcast","Biased Cognition","Genetic Algorithm","Compile Driver","jedi:locknload","jedi:overflow","jedi:BurstLightning","White Noise"],"relics":["Cracked Core"],"acts_visited":["Exordium"],"potions_floor_usage":[7,8],"damage_taken":[{"damage":1,"enemies":"Small Slimes","floor":1,"turns":3},{"damage":2,"enemies":"Jaw Worm","floor":2,"turns":3},{"damage":4,"enemies":"2 Louse","floor":3,"turns":2},{"damage":4,"enemies":"Red Slaver","floor":5,"turns":3},{"damage":12,"enemies":"Looter","floor":6,"turns":3},{"damage":16,"enemies":"2 Fungi Beasts","floor":7,"turns":4},{"damage":35,"enemies":"Lagavulin","floor":8,"turns":4}],"seed_played":"-3705507786003534472","potions_obtained":[{"floor":1,"key":"ColorlessPotion"},{"floor":6,"key":"GamblersBrew"},{"floor":7,"key":"CultistPotion"}],"is_trial":false,"path_per_floor":["M","M","M","?","M","M","M","E"],"character_chosen":"DEFECT","items_purchased":[],"campfire_rested":0,"item_purchase_floors":[],"current_hp_per_floor":[45,43,39,56,52,40,24,0,0],"gold":160,"neow_bonus":"THREE_RARE_CARDS","is_daily":false,"chose_seed":false,"campfire_upgraded":0,"win_rate":0.0,"timestamp":1612485760,"path_taken":["M","M","M","?","M","M","M","E"],"items_purchased_type":[],"build_version":"2020-12-22","purchased_purges":0,"victory":false,"max_hp_per_floor":[71,71,71,71,71,71,71,71,71],"card_choices":[{"not_picked":["Amplify","Machine Learning"],"picked":"Biased Cognition","floor":0},{"not_picked":["Conserve Battery","Go for the Eyes"],"picked":"Genetic Algorithm","floor":1},{"not_picked":["Rebound","White Noise"],"picked":"Compile Driver","floor":2},{"not_picked":["Rip and Tear","jedi:reiji"],"picked":"jedi:locknload","floor":3},{"not_picked":["Hologram","Streamline"],"picked":"jedi:overflow","floor":5},{"not_picked":["Static Discharge","Go for the Eyes"],"picked":"jedi:BurstLightning","floor":6},{"not_picked":["Turbo","Go for the Eyes"],"picked":"White Noise","floor":7}],"player_experience":1938958,"relics_obtained":[],"event_choices":[{"damage_healed":17,"gold_gain":0,"player_choice":"Healed","damage_taken":0,"max_hp_gain":0,"max_hp_loss":0,"event_name":"The Cleric","floor":4,"gold_loss":35}],"is_beta":false,"boss_relics":[],"items_purged_floors":[],"is_endless":false,"potions_floor_spawned":[1,6,7],"killed_by":"Lagavulin","ascension_level":20}}