{"host":"qxt9611uhnemh1bn","time":1612495450,"event":{"mods":["AchievementEnabler","BaseMod","Minty Spire (QoL Compilation)","StSLib"],"gold_per_floor":[112,77,96,110,110,137,137,156,156,156,187,203,217,19,19,114,114,130,130,52,52,32,32,32,32,32,32,32,63,63,83,83,187,187,203,203,203,21,67,67,84,84,133,133,0,13,13,13],"floor_reached":47,"language":"ENG","playtime":2454,"items_purged":["Strike_P"],"score":474,"play_id":"620621d9-dfc6-4536-8e2d-a617f5c282cc","local_time":"20210204212410","is_ascension_mode":false,"campfire_choices":[{"floor":7.0,"key":"REST"},{"floor":10.0,"key":"REST"},{"data":"CutThroughFate","floor":15.0,"key":"SMITH"},{"data":"ClearTheMind","floor":23.0,"key":"SMITH"},{"data":"ClearTheMind","floor":27.0,"key":"SMITH"},{"floor":30.0,"key":"REST"},{"floor":32.0,"key":"REST"},{"floor":40,"key":"REST"},{"data":"MasterReality","floor":42,"key":"SMITH"},{"data":"LikeWater","floor":44,"key":"SMITH"}],"circlet_count":0,"master_deck":["Strike_P","Strike_P","Defend_P","Defend_P","Defend_P","Defend_P","Eruption","Vigilance","DeusExMachina","TalkToTheHand","CutThroughFate+1","Pray","Devotion","Vengeance","Nirvana","Halt","FlyingSleeves","ClearTheMind+1","Consecrate","Protect","Brilliance","ClearTheMind+1","Crescendo","WaveOfTheHand","MasterReality+1","CurseOfTheBell","LikeWater+1"],"relics":["HolyWater","Darkstone Periapt","Thread and Needle","TungstenRod","Bottled Lightning","MutagenicStrength","Meat on the Bone","Letter Opener","Calling Bell","Omamori","Singing Bowl","GoldenEye","Membership Card","Ice Cream","Bag of Marbles","Red Mask"],"acts_visited":["Exordium","TheCity","TheBeyond"],"potions_floor_usage":[33,35,39,46,46],"damage_taken":[{"damage":12.0,"enemies":"Jaw Worm","floor":1.0,"turns":2.0},{"damage":0.0,"enemies":"Small Slimes","floor":3.0,"turns":3.0},{"damage":0.0,"enemies":"2 Louse","floor":4.0,"turns":2.0},{"damage":56.0,"enemies":"3 Sentries","floor":6.0,"turns":13.0},{"damage":7.0,"enemies":"Large Slime","floor":8.0,"turns":7.0},{"damage":5.0,"enemies":"Gremlin Nob","floor":11.0,"turns":3.0},{"damage":0.0,"enemies":"Blue Slaver","floor":12.0,"turns":2.0},{"damage":0.0,"enemies":"3 Louse","floor":13.0,"turns":3.0},{"damage":30.0,"enemies":"The Guardian","floor":16.0,"turns":12.0},{"damage":0.0,"enemies":"Shell Parasite","floor":18.0,"turns":2.0},{"damage":9.0,"enemies":"2 Thieves","floor":22.0,"turns":4.0},{"damage":46.0,"enemies":"Slavers","floor":29.0,"turns":8.0},{"damage":11.0,"enemies":"Centurion and Healer","floor":31.0,"turns":6.0},{"damage":28,"enemies":"Automaton","floor":33,"turns":9},{"damage":13,"enemies":"3 Shapes","floor":35,"turns":6},{"damage":57,"enemies":"2 Orb Walkers","floor":39,"turns":6},{"damage":10,"enemies":"3 Darklings","floor":41,"turns":8},{"damage":47,"enemies":"Writhing Mass","floor":46,"turns":7},{"damage":13,"enemies":"Spire Growth","floor":47,"turns":5}],"seed_played":"179215091251442200","potions_obtained":[{"floor":1.0,"key":"Dexterity Potion"},{"floor":11.0,"key":"GamblersBrew"},{"floor":16.0,"key":"Energy Potion"},{"floor":18.0,"key":"BlessingOfTheForge"},{"floor":31.0,"key":"Explosive Potion"},{"floor":35,"key":"GamblersBrew"}],"is_trial":false,"path_per_floor":["M","?","M","M","?","E","R","M","T","R","E","M","M","$","R","B",null,"M","?","$","?","M","R","$","?","T","R","$","E","R","M","R","B",null,"M","?","?","$","?","R","M","R","T","R","?","M","M"],"character_chosen":"WATCHER","items_purchased":["ClearTheMind","Consecrate","Protect","StancePotion","Membership Card","DistilledChaos"],"campfire_rested":5,"item_purchase_floors":[14,14,14,20,38,38],"current_hp_per_floor":[60,72,72,72,65,9,30,23,23,44,39,39,39,39,39,9,72,72,72,72,72,63,63,63,63,63,63,63,29,50,39,60,44,78,65,65,67,67,24,48,52,52,52,52,52,19,6,6],"gold":13,"neow_bonus":"ONE_RANDOM_RARE_CARD","is_daily":false,"chose_seed":false,"campfire_upgraded":5,"win_rate":0.0,"timestamp":1612495450,"path_taken":["M","?","M","M","?","E","R","M","T","R","E","M","M","$","R","BOSS","M","?","$","?","?","R","$","?","T","R","$","E","R","M","R","BOSS","M","?","?","$","?","R","M","R","T","R","?","M","M"],"items_purchased_type":["Card","Card","Card","Potion","Relic","Potion"],"build_version":"2020-12-22","purchased_purges":1,"victory":false,"max_hp_per_floor":[72,72,72,72,72,72,72,72,72,72,72,72,72,72,72,72,72,72,72,72,72,72,72,72,72,72,72,72,72,72,72,72,72,78,78,78,80,80,82,82,84,84,84,84,84,86,86,86],"card_choices":[{"not_picked":["Crescendo","EmptyFist"],"picked":"TalkToTheHand","floor":1.0},{"not_picked":["JustLucky","Protect"],"picked":"CutThroughFate","floor":3.0},{"not_picked":["JustLucky","BattleHymn"],"picked":"Pray","floor":4.0},{"not_picked":["Indignation","Crescendo"],"picked":"Devotion","floor":6.0},{"not_picked":["Vengeance","CutThroughFate","FlurryOfBlows"],"picked":"SKIP","floor":8.0},{"not_picked":["CutThroughFate","FlurryOfBlows"],"picked":"Vengeance","floor":8.0},{"not_picked":["Scrawl","ConjureBlade"],"picked":"Nirvana","floor":11.0},{"not_picked":["Meditate","Study"],"picked":"Halt","floor":12.0},{"not_picked":["CrushJoints","Weave"],"picked":"FlyingSleeves","floor":13.0},{"not_picked":["Devotion","DevaForm"],"picked":"Brilliance","floor":16.0},{"not_picked":["FearNoEvil+1","SashWhip+1"],"picked":"ClearTheMind","floor":18.0},{"not_picked":["EmptyFist","CrushJoints"],"picked":"Crescendo","floor":22.0},{"not_picked":["Evaluate+1","PathToVictory+1","SignatureMove"],"picked":"SKIP","floor":29.0},{"not_picked":["Vengeance","WheelKick"],"picked":"WaveOfTheHand","floor":31.0},{"not_picked":["Establishment","Judgement"],"picked":"MasterReality","floor":33},{"not_picked":["EmptyBody+1","Evaluate"],"picked":"LikeWater","floor":35},{"not_picked":["Finesse","Chrysalis","Secret Technique"],"picked":"Singing Bowl","floor":37},{"not_picked":["Protect","WreathOfFlame+1","SignatureMove+1"],"picked":"Singing Bowl","floor":39},{"not_picked":["Pray+1","Consecrate+1","FollowUp"],"picked":"Singing Bowl","floor":41},{"not_picked":["FlyingSleeves+1","Halt","EmptyBody+1"],"picked":"Singing Bowl","floor":46}],"player_experience":233945,"relics_obtained":[{"floor":6.0,"key":"Thread and Needle"},{"floor":9.0,"key":"TungstenRod"},{"floor":11.0,"key":"Bottled Lightning"},{"floor":26.0,"key":"Meat on the Bone"},{"floor":29.0,"key":"Letter Opener"},{"floor":34,"key":"Omamori"},{"floor":34,"key":"Singing Bowl"},{"floor":34,"key":"GoldenEye"},{"floor":39,"key":"Ice Cream"},{"floor":43,"key":"Bag of Marbles"}],"event_choices":[{"damage_healed":18.0,"max_hp_gain":0.0,"max_hp_loss":0.0,"gold_gain":0.0,"event_name":"The Cleric","player_choice":"Healed","floor":2.0,"gold_loss":35.0,"damage_taken":0.0},{"damage_healed":0.0,"max_hp_gain":0.0,"max_hp_loss":0.0,"gold_gain":0.0,"event_name":"Scrap Ooze","player_choice":"Success","floor":5.0,"gold_loss":0.0,"damage_taken":7.0,"relics_obtained":["Darkstone Periapt"]},{"damage_healed":0.0,"max_hp_gain":0.0,"max_hp_loss":0.0,"gold_gain":0.0,"event_name":"Drug Dealer","player_choice":"Inject Mutagens","floor":19.0,"gold_loss":0.0,"damage_taken":0.0,"relics_obtained":["MutagenicStrength"]},{"damage_healed":0.0,"max_hp_gain":0.0,"max_hp_loss":0.0,"gold_gain":0.0,"event_name":"Ghosts","player_choice":"Ignored","floor":21.0,"gold_loss":0.0,"damage_taken":0.0},{"damage_healed":0.0,"max_hp_gain":0.0,"max_hp_loss":0.0,"gold_gain":0.0,"event_name":"Vampires","player_choice":"Ignored","floor":25.0,"gold_loss":0.0,"damage_taken":0.0},{"cards_removed":["Strike_P"],"damage_healed":0,"gold_gain":0,"player_choice":"Removed Attack","damage_taken":0,"max_hp_gain":0,"max_hp_loss":0,"event_name":"Falling","floor":36,"gold_loss":0},{"damage_healed":0,"gold_gain":0,"player_choice":"Memory 1","damage_taken":0,"max_hp_gain":0,"max_hp_loss":0,"event_name":"SensoryStone","floor":37,"gold_loss":0},{"damage_healed":0,"gold_gain":0,"player_choice":"Fight","damage_taken":0,"max_hp_gain":0,"max_hp_loss":0,"event_name":"Mysterious Sphere","floor":39,"gold_loss":0},{"damage_healed":0,"gold_gain":0,"player_choice":"Paid","damage_taken":0,"relics_obtained":["Red Mask"],"max_hp_gain":0,"max_hp_loss":0,"event_name":"Tomb of Lord Red Mask","floor":45,"gold_loss":133}],"is_beta":false,"boss_relics":[{"not_picked":["Cursed Key","Velvet Choker"],"picked":"HolyWater"},{"not_picked":["Coffee Dripper","Runic Pyramid"],"picked":"Calling Bell"}],"items_purged_floors":[14],"is_endless":false,"potions_floor_spawned":[1,11,16,18,22,31,35],"killed_by":"Spire Growth","ascension_level":0}}