{"host":"61ejhfsushs0xmcl","time":1612515738,"event":{"mods":["ATMod(阿瑾Mod)","Act Like it!","Arknights","BaseMod","Colored Map","Gold Saver","Minty Spire (QoL Compilation)","MostiFishMod","Reliquary","Spicy Shops","StSLib","TestMod","【遗物卡牌】REMEMod","篝火指南"],"gold_per_floor":[1841,1853,1864,1383,1400,1435,1445,1056,1056,1069,1098,1112,1167,1180,1180,1276,1276,1292,1316,1113,1130,1155,1155,1194,1219,1219,1619,1644,1644,1664,1139,317,445,445,470,484,259,278,302,302,350,221,270,270,47,64,107,107,107,124,124,124,124,167,200],"floor_reached":56,"language":"ZHS","playtime":2635,"items_purged":["ats:Defend","ats:Strike C","ats:Strike V","ats:Strike G","ats:Armor Crushing Shot","ats:Strike S","ats:Defend"],"score":1455,"play_id":"63652e9b-90e4-45b4-9934-02aa53adfd2b","local_time":"20210205170218","is_ascension_mode":false,"campfire_choices":[{"data":"ats:Healing Strengthening","floor":15.0,"key":"SMITH"},{"data":"ats:Part Time Job","floor":23.0,"key":"SMITH"},{"floor":29.0,"key":"RECALL"},{"data":"ats:Composite Medical Shells","floor":40.0,"key":"SMITH"},{"data":"ats:Nebulous Foxfire","floor":49.0,"key":"SMITH"}],"circlet_count":0,"master_deck":["ats:Defend","ats:Defend+1","ats:Emotion Absorption+1","AT_EssenceShift","ats:Healing Strengthening+1","ats:Closed Bolt Burst Fire","Clumsy","ats:Composite Medical Shells+1","ats:Collapsing Strike+1","ats:Magnetic Hammer+1","ats:Part Time Job+1","ats:Calcification","ats:Wolf Pack+1","ats:Assault Order+1","ats:Closed Bolt Burst Fire+1","ats:Volcano+1","ats:True Silver Slash+1","ats:Dogmatic Field","ats:Shadow Raid+1","ats:Wolf Pack+1","ats:Nebulous Foxfire+1","ats:Disruption Kick+1"],"relics":["ats:Sanity","testmod-TestBox","AT_ATBox","REME_ComplimentaryCards","NeowsBlessing","testmod-IndustrialRevolution","HollowDreamFlower","SynthV:TestCard","Molten Egg 2","War Paint","Centennial Puzzle","ats:Originium","MealTicket","Sundial","testmod-Muramasa","Pear","testmod-DeterminationOfClimber","TimeFreeze","ats:Industrial Water Cannon","ats:Lavender","ats:Cure","AT_SpeedBoots","Dodecahedron","ClockworkSouvenir","RhineFirstAidKit","StrikeDummy","ats:Bonebreaker","Oddly Smooth Stone","Medical Kit","reliquary:TuningFork","HornCleat"],"acts_visited":["Exordium","TheCity","TheBeyond","TheEnding"],"potions_floor_usage":[55,55,55],"damage_taken":[{"damage":0.0,"enemies":"Cultist","floor":1.0,"turns":1.0},{"damage":0.0,"enemies":"Jaw Worm","floor":2.0,"turns":1.0},{"damage":0.0,"enemies":"Small Slimes","floor":3.0,"turns":2.0},{"damage":7.0,"enemies":"2 Fungi Beasts","floor":5.0,"turns":3.0},{"damage":54.0,"enemies":"3 Sentries","floor":6.0,"turns":9.0},{"damage":0.0,"enemies":"3 Louse","floor":7.0,"turns":2.0},{"damage":11.0,"enemies":"Blue Slaver","floor":10.0,"turns":4.0},{"damage":14.0,"enemies":"Gremlin Nob","floor":11.0,"turns":4.0},{"damage":1.0,"enemies":"Looter","floor":12.0,"turns":4.0},{"damage":27.0,"enemies":"3 Sentries","floor":13.0,"turns":9.0},{"damage":0.0,"enemies":"Exordium Thugs","floor":14.0,"turns":5.0},{"damage":21.0,"enemies":"Slime Boss","floor":16.0,"turns":8.0},{"damage":10.0,"enemies":"2 Thieves","floor":18.0,"turns":3.0},{"damage":0.0,"enemies":"Chosen","floor":19.0,"turns":4.0},{"damage":27.0,"enemies":"Shelled Parasite and Fungi","floor":21.0,"turns":5.0},{"damage":0.0,"enemies":"Snake Plant","floor":22.0,"turns":4.0},{"damage":0.0,"enemies":"Gremlin Leader","floor":24.0,"turns":5.0},{"damage":0.0,"enemies":"Chosen and Byrds","floor":25.0,"turns":5.0},{"damage":0.0,"enemies":"Centurion and Healer","floor":28.0,"turns":3.0},{"damage":18.0,"enemies":"Shelled Parasite and Fungi","floor":30.0,"turns":3.0},{"damage":4.0,"enemies":"Champ","floor":33.0,"turns":2.0},{"damage":4.0,"enemies":"Orb Walker","floor":35.0,"turns":2.0},{"damage":0.0,"enemies":"3 Shapes","floor":36.0,"turns":2.0},{"damage":0.0,"enemies":"3 Darklings","floor":38.0,"turns":2.0},{"damage":0.0,"enemies":"Writhing Mass","floor":39.0,"turns":3.0},{"damage":0.0,"enemies":"Reptomancer","floor":41.0,"turns":2.0},{"damage":9.0,"enemies":"Sphere and 2 Shapes","floor":46.0,"turns":3.0},{"damage":0.0,"enemies":"Nemesis","floor":47.0,"turns":2.0},{"damage":0.0,"enemies":"Donu and Deca","floor":50.0,"turns":3.0},{"damage":1.0,"enemies":"Shield and Spear","floor":54.0,"turns":2.0},{"damage":3,"enemies":"The Heart","floor":55,"turns":2}],"seed_played":"-6750968595592876169","potions_obtained":[{"floor":1.0,"key":"SmokeBomb"},{"floor":5.0,"key":"ats:Top Emergency Sanity Potion"},{"floor":10.0,"key":"ats:Top Emergency Sanity Potion"},{"floor":12.0,"key":"REME_GoldPotion"},{"floor":13.0,"key":"SneckoOil"},{"floor":16.0,"key":"Block Potion"},{"floor":18.0,"key":"GamblersBrew"},{"floor":21.0,"key":"Swift Potion"},{"floor":28.0,"key":"AttackPotion"},{"floor":33.0,"key":"CultistPotion"},{"floor":54.0,"key":"Explosive Potion"}],"is_trial":false,"path_per_floor":["M","M","M","$","M","E","M","R","T","M","E","M","E","M","R","B",null,"M","M","$","M","M","R","E","M","T","?","M","R","M","$","R","B",null,"M","M","$","M","M","R","E","R","T","?","R","M","E","?","R","B",null,"R","$","E","B",null],"character_chosen":"DOCTOR_CLASS","items_purchased":["Molten Egg 2","War Paint","Centennial Puzzle","ats:Part Time Job","MealTicket","Strength Potion","TimeFreeze","ats:Cure","ats:Volcano+1","AT_SpeedBoots","Dodecahedron","ats:True Silver Slash+1","ClockworkSouvenir","ats:Bonebreaker","Oddly Smooth Stone","Medical Kit"],"campfire_rested":0,"item_purchase_floors":[4,4,4,8,8,8,20,31,31,31,32,32,32,42,45,45],"current_hp_per_floor":[72,72,72,72,65,15,19,19,19,19,15,25,28,38,38,40,82,75,82,82,66,82,82,82,82,82,82,82,82,77,82,82,82,82,82,82,82,82,82,82,82,82,82,82,82,82,82,78,78,78,78,78,78,78,78],"gold":200,"neow_bonus":"THREE_ENEMY_KILL","is_daily":false,"chose_seed":false,"campfire_upgraded":4,"win_rate":0.0,"timestamp":1612515738,"path_taken":["M","?","M","$","M","E","M","R","T","?","E","M","E","M","R","BOSS","M","M","$","M","M","R","E","M","T","?","M","R","M","$","R","BOSS","M","M","$","M","M","R","E","R","T","?","R","M","E","?","R","BOSS","R","$","E","BOSS"],"items_purchased_type":["Relic","Relic","Relic","Card","Relic","Potion","Relic","Relic","Card","Relic","Relic","Card","Relic","Relic","Relic","Relic"],"build_version":"2020-12-22","purchased_purges":7,"victory":true,"max_hp_per_floor":[72,72,72,72,72,72,72,72,72,72,72,72,82,82,82,82,82,82,82,82,82,82,82,82,82,82,82,82,82,82,82,82,82,82,82,82,82,82,82,82,82,82,82,82,82,82,82,78,78,78,78,78,78,78,78],"card_choices":[{"not_picked":["ats:Ignite","ats:Sunburst","ats:Consecutive Shot Auto"],"picked":"SKIP","floor":1.0},{"not_picked":["ats:Leaping Hammer","ats:Powerful Strike","ats:Ignite","ats:Assault Order","ats:Guard Mode"],"picked":"SKIP","floor":2.0},{"not_picked":["ats:Shadow Raid","ats:LN2 Cannon","ats:Very Hot Blade","ats:Rat Pack"],"picked":"ats:Closed Bolt Burst Fire","floor":3.0},{"not_picked":["ats:Consecutive Shot Auto+1","ats:Cat Scratch+1","ats:Powerful Strike+1","ats:Thorns"],"picked":"ats:Composite Medical Shells","floor":5.0},{"not_picked":["ats:Very Hot Blade+1","ats:Powerful Strike+1","ats:Burning Ground","ats:Assault Order"],"picked":"ats:Collapsing Strike+1","floor":6.0},{"not_picked":["ats:Consecutive Shot Auto+1","ats:Directed Diagnosis","ats:Soul Absorption","ats:Closed Bolt Burst Fire+1"],"picked":"ats:Magnetic Hammer+1","floor":7.0},{"not_picked":["ats:Literary Storm","ats:Leaping Hammer+1","ats:Collapsing Strike+1","ats:Serious Mode","ats:Blood Oath+1"],"picked":"SKIP","floor":10.0},{"not_picked":["ats:Curse Doll","ats:Defend Order","ats:Steam Pump","ats:Apocalypse"],"picked":"ats:Calcification","floor":11.0},{"not_picked":["ats:Encircling Forest","ats:Poison Spread+1","ats:Composite Medical Shells","ats:Support Order","ats:Absolute Focus"],"picked":"SKIP","floor":12.0},{"not_picked":["ats:Curse Doll","ats:Counter Healing Mode","ats:Poison Spread+1","ats:Absolute Focus","ats:Song Of Battle"],"picked":"SKIP","floor":13.0},{"not_picked":["ats:Neurotoxin","ats:Cat Scratch+1","ats:Apocalypse","ats:Absolute Focus","ats:Shell Defense"],"picked":"SKIP","floor":14.0},{"not_picked":["ats:Fractured Body","ats:Soul Rend","ats:Dogmatic Field","ats:Disruption Kick+1"],"picked":"ats:Wolf Pack+1","floor":16.0},{"not_picked":["ats:Part Time Job","ats:Powerful Strike+1","ats:Apocalypse","ats:Closed Bolt Burst Fire+1","ats:Steam Pump"],"picked":"SKIP","floor":18.0},{"not_picked":["ats:Serious Mode","ats:Explosion Area Strengthen+1","ats:Thorns","ats:Closed Bolt Burst Fire+1","ats:Neurotoxin"],"picked":"SKIP","floor":19.0},{"not_picked":["ats:Blood Oath+1","ats:Automatic Cover+1","ats:Flexible Camouflage","ats:Curse Doll","ats:Ignite+1"],"picked":"SKIP","floor":21.0},{"not_picked":["ats:Closed Bolt Burst Fire+1","ats:Flexible Camouflage","ats:Counter Healing Mode+1","ats:Curse Doll","ats:Explosion Area Strengthen+1"],"picked":"SKIP","floor":22.0},{"not_picked":["ats:Song Of Battle","ats:Magnetic Hammer+1","ats:Thermite Blade+1","ats:Explosion Area Strengthen+1","ats:Ignite+1"],"picked":"SKIP","floor":24.0},{"not_picked":["ats:Chain Hook+1","ats:Healing Strengthening","ats:Mental Burst+1","ats:Collapsing Strike+1"],"picked":"ats:Assault Order+1","floor":25.0},{"not_picked":["ats:Calcification","ats:Mental Burst+1","ats:Guard Mode","ats:Shell Defense"],"picked":"ats:Closed Bolt Burst Fire+1","floor":28.0},{"not_picked":["ats:Hook Shot+1","ats:Poison Spread+1","ats:Leaping Hammer+1","ats:Flexible Camouflage","ats:Absolute Focus+1"],"picked":"SKIP","floor":30.0},{"not_picked":["ats:Ambush","ats:Calcification","ats:Roar Of Ursus","ats:Soul Rend"],"picked":"ats:Dogmatic Field","floor":33.0},{"not_picked":["ats:Rapid Magazine+1","ats:Shell Defense+1","ats:Cat Scratch+1","ats:Counter Healing Mode"],"picked":"ats:Shadow Raid+1","floor":35.0},{"not_picked":["ats:Revitalization+1","ats:Phantom","ats:Explosion Area Strengthen+1","ats:Flexible Camouflage+1","ats:Sword Rain+1"],"picked":"SKIP","floor":36.0},{"not_picked":["ats:Flexible Camouflage","ats:Blood Oath+1","ats:Hammer On+1","ats:Apocalypse+1"],"picked":"ats:Wolf Pack+1","floor":38.0},{"not_picked":["ats:Ignite+1","ats:Red Shift+1","ats:Poison Spread+1","ats:Hammer On+1","ats:Flexible Camouflage"],"picked":"SKIP","floor":39.0},{"not_picked":["ats:Blood Oath+1","ats:Literary Storm","ats:Shell Defense","ats:Leaping Hammer+1","ats:Automatic Cover"],"picked":"SKIP","floor":41.0},{"not_picked":["ats:Revitalization+1","ats:Closed Bolt Burst Fire+1","ats:Red Shift+1","ats:Blood Oath+1"],"picked":"ats:Nebulous Foxfire","floor":46.0},{"not_picked":["ats:LN2 Cannon+1","ats:Powerful Strike+1","ats:Revitalization+1","ats:Consecutive Shot Auto+1","ats:Guard Mode"],"picked":"SKIP","floor":47.0},{"not_picked":["ats:Consecutive Shot Auto+1","ats:Leaping Hammer+1","ats:Thermite Blade+1","ats:Chain Hook+1"],"picked":"ats:Disruption Kick+1","floor":54.0}],"player_experience":852331,"relics_obtained":[{"floor":1.0,"key":"SynthV:TestCard"},{"floor":6.0,"key":"ats:Originium"},{"floor":9.0,"key":"Sundial"},{"floor":11.0,"key":"ats:Originium"},{"floor":11.0,"key":"testmod-Muramasa"},{"floor":13.0,"key":"ats:Originium"},{"floor":13.0,"key":"Pear"},{"floor":24.0,"key":"ats:Originium"},{"floor":24.0,"key":"ats:Industrial Water Cannon"},{"floor":26.0,"key":"ats:Lavender"},{"floor":41.0,"key":"StrikeDummy"},{"floor":47.0,"key":"reliquary:TuningFork"},{"floor":54.0,"key":"HornCleat"}],"event_choices":[{"damage_healed":0.0,"max_hp_gain":0.0,"max_hp_loss":0.0,"gold_gain":400.0,"event_name":"恩洛斯的盘子","player_choice":"Sell","floor":27.0,"relics_lost":["DaveBox"],"gold_loss":0.0,"damage_taken":0.0},{"damage_healed":0.0,"max_hp_gain":0.0,"max_hp_loss":0.0,"gold_gain":0.0,"event_name":"给自己的盒子","player_choice":"Ignored","floor":44.0,"gold_loss":0.0,"damage_taken":0.0},{"damage_healed":0.0,"max_hp_gain":0.0,"max_hp_loss":4.0,"gold_gain":0.0,"event_name":"Winding Halls","player_choice":"Max HP","floor":48.0,"gold_loss":0.0,"damage_taken":0.0}],"is_beta":false,"boss_relics":[{"not_picked":["Calling Bell","reliquary:WritOfMandamus"],"picked":"testmod-DeterminationOfClimber"},{"not_picked":["HereWithMe","FeatherPendant"],"picked":"RhineFirstAidKit"}],"items_purged_floors":[4,8,20,31,32,32,37],"is_endless":false,"potions_floor_spawned":[1,5,10,12,13,16,18,21,28,30,33,36,38,54],"ascension_level":0}}