{"host":"lktusdb9orijgc6z","time":1612554946,"event":{"mods":["BaseMod","Bestiary","Colored Map","Colored Powertips","Minty Spire (QoL Compilation)","Permanent Neow","Quick Restart","Relic Stats","StSLib","everything is the same but u backflip on backflip","slay the spire mod where everything is the same but ironclad has a cowboy hat"],"gold_per_floor":[111,121,138,11,11,11,11,37,60,85,105,119,119,119,119,119,119],"floor_reached":16,"language":"ENG","playtime":471,"items_purged":[],"score":187,"play_id":"58795bf8-7202-4629-9e2c-f9d7a0123bc6","local_time":"20210205205546","is_ascension_mode":true,"campfire_choices":[{"data":"Metallicize","floor":6,"key":"SMITH"},{"data":"Flex","floor":13,"key":"SMITH"},{"floor":15,"key":"REST"}],"circlet_count":0,"master_deck":["AscendersBane","Strike_R","Strike_R","Strike_R","Strike_R","Defend_R","Defend_R","Defend_R","Defend_R","Bash","Limit Break","Flame Barrier","Thunderclap","Thunderclap","Cleave","Metallicize+1","Flex+1","Seeing Red","Heavy Blade","Clothesline"],"relics":["Burning Blood","Oddly Smooth Stone","MealTicket","Gremlin Horn","Golden Idol"],"acts_visited":["Exordium"],"potions_floor_usage":[8,10,12],"damage_taken":[{"damage":4,"enemies":"Small Slimes","floor":1,"turns":4},{"damage":8,"enemies":"2 Louse","floor":2,"turns":3},{"damage":18,"enemies":"Jaw Worm","floor":3,"turns":4},{"damage":32,"enemies":"Gremlin Nob","floor":8,"turns":5},{"damage":23,"enemies":"Lagavulin","floor":10,"turns":8},{"damage":0,"enemies":"Lots of Slimes","floor":11,"turns":1},{"damage":13,"enemies":"Exordium Thugs","floor":12,"turns":5},{"damage":34,"enemies":"Hexaghost","floor":16,"turns":10}],"seed_played":"3824413998826558987","potions_obtained":[{"floor":1,"key":"AttackPotion"},{"floor":3,"key":"GamblersBrew"},{"floor":8,"key":"FearPotion"}],"is_trial":false,"path_per_floor":["M","M","M","$","?","R","?","E","T","E","M","M","R","?","R","B"],"character_chosen":"IRONCLAD","items_purchased":["Cleave","Metallicize"],"campfire_rested":1,"item_purchase_floors":[4,4],"current_hp_per_floor":[70,68,56,56,49,49,54,28,28,11,17,10,10,10,32,0,0],"gold":119,"neow_bonus":"ONE_RANDOM_RARE_CARD","is_daily":false,"chose_seed":false,"campfire_upgraded":2,"win_rate":0.0,"timestamp":1612554946,"path_taken":["M","M","M","$","?","R","?","E","T","E","M","M","R","?","R","BOSS"],"items_purchased_type":["Card","Card"],"build_version":"2020-12-22","purchased_purges":0,"victory":false,"max_hp_per_floor":[75,75,75,75,75,75,80,80,80,80,80,80,80,74,74,74,74],"relic_stats":{"Gremlin Horn":[3,3],"counters":[8,40],"Golden Idol":0,"MealTicket":0,"obtain_stats":[{"Gremlin Horn":10,"Golden Idol":14,"Oddly Smooth Stone":8,"MealTicket":9,"Burning Blood":0},{"Gremlin Horn":5,"Golden Idol":7,"Oddly Smooth Stone":4,"MealTicket":4,"Burning Blood":0},{"Gremlin Horn":24,"Golden Idol":30,"Oddly Smooth Stone":16,"MealTicket":16,"Burning Blood":0}],"Burning Blood":42},"card_choices":[{"not_picked":["Bloodletting","Headbutt"],"picked":"Flame Barrier","floor":1},{"not_picked":["Anger","Infernal Blade"],"picked":"Thunderclap","floor":2},{"not_picked":["Searing Blow","Clash"],"picked":"Thunderclap","floor":3},{"not_picked":["Body Slam","Sentinel"],"picked":"Flex","floor":8},{"not_picked":["Iron Wave","Sever Soul"],"picked":"Seeing Red","floor":10},{"not_picked":["Burning Pact","True Grit"],"picked":"Heavy Blade","floor":11},{"not_picked":["Cleave","Armaments"],"picked":"Clothesline","floor":12}],"player_experience":767319,"relics_obtained":[{"floor":8,"key":"Oddly Smooth Stone"},{"floor":9,"key":"MealTicket"},{"floor":10,"key":"Gremlin Horn"}],"event_choices":[{"cards_removed":["Strike_R"],"damage_healed":0,"gold_gain":0,"player_choice":"Card Removal","damage_taken":7,"max_hp_gain":0,"max_hp_loss":0,"event_name":"Golden Wing","floor":5,"gold_loss":0},{"damage_healed":0,"gold_gain":0,"player_choice":"Donut","damage_taken":0,"max_hp_gain":5,"max_hp_loss":0,"event_name":"Big Fish","floor":7,"gold_loss":0},{"damage_healed":0,"gold_gain":0,"player_choice":"Lose Max HP","damage_taken":0,"relics_obtained":["Golden Idol"],"max_hp_gain":0,"max_hp_loss":6,"event_name":"Golden Idol","floor":14,"gold_loss":0}],"is_beta":false,"boss_relics":[],"items_purged_floors":[],"is_endless":false,"potions_floor_spawned":[1,3,8],"killed_by":"Hexaghost","ascension_level":14}}