{"host":"omgphoea13lnyb7y","time":1612528005,"event":{"mods":["Aspiration","BaseMod","Better Note","BetterRewards","Colored Map","DeckTracker","Hubris","Minty Spire (QoL Compilation)","StSLib","The Construct","The Cursed","The Jungle","The Necromancer"],"gold_per_floor":[362,362,62,82,59,59,89,99,99,99,116,116,132,162,162,264,264,279,101,101,118,118,148,158,158,158,59,77,77,77],"floor_reached":29,"language":"ENG","playtime":1124,"items_purged":["Strike_G","Strike_G","Strike_G"],"score":278,"play_id":"41fa69f9-9242-46d7-a0df-8946f8a3829f","local_time":"20210205042645","is_ascension_mode":true,"campfire_choices":[{"floor":10,"key":"REST"},{"floor":15,"key":"REST"}],"circlet_count":0,"master_deck":["Strike_G","Defend_G","Defend_G","Defend_G","Defend_G","Survivor","Neutralize","Dagger Spray","Noxious Fumes+1","Backflip","Quick Slash","Deadly Poison","Dagger Spray","Bane","Burst","Bane","Noxious Fumes","Prepared","Deadly Poison","Bouncing Flask+1","Bouncing Flask+1","Catalyst"],"relics":["Ring of the Snake","hubris:Reverence","Omamori","hubris:Icosahedron","Potion Belt","Meat on the Bone","hubris:DeckOfHolding","Cursed Key","aspiration:AnachronicSnailShell","Smiling Mask"],"acts_visited":["Exordium","TheCity"],"potions_floor_usage":[7,16,16,23,28,28],"damage_taken":[{"damage":0,"enemies":"Small Slimes","floor":1,"turns":5},{"damage":0,"enemies":"Cultist","floor":4,"turns":4},{"damage":28,"enemies":"Gremlin Nob","floor":7,"turns":5},{"damage":1,"enemies":"Jaw Worm","floor":8,"turns":5},{"damage":15,"enemies":"2 Fungi Beasts","floor":11,"turns":4},{"damage":6,"enemies":"Exordium Wildlife","floor":13,"turns":4},{"damage":22,"enemies":"3 Sentries","floor":14,"turns":5},{"damage":19,"enemies":"The Guardian","floor":16,"turns":11},{"damage":1,"enemies":"3 Byrds","floor":18,"turns":6},{"damage":8,"enemies":"Shell Parasite","floor":21,"turns":5},{"damage":55,"enemies":"Book of Stabbing","floor":23,"turns":6},{"damage":28,"enemies":"Centurion and Healer","floor":24,"turns":5},{"damage":12,"enemies":"Chosen and Byrds","floor":28,"turns":5},{"damage":24,"enemies":"Snake Plant","floor":29,"turns":3}],"seed_played":"548885057539752756","potions_obtained":[{"floor":4,"key":"PowerPotion"},{"floor":11,"key":"Weak Potion"},{"floor":14,"key":"Swift Potion"},{"floor":16,"key":"PowerPotion"},{"floor":23,"key":"FairyPotion"},{"floor":24,"key":"LiquidMemories"}],"is_trial":false,"path_per_floor":["M","?","$","M","$","?","E","M","T","R","M","?","M","E","R","B",null,"M","$","?","M","?","E","M","?","T","$","M","M"],"character_chosen":"THE_SILENT","items_purchased":["Omamori","Noxious Fumes","Backflip","Noxious Fumes","AttackPotion"],"campfire_rested":2,"item_purchase_floors":[3,3,5,19,27],"current_hp_per_floor":[49,37,37,37,37,37,9,8,8,29,26,26,32,22,43,36,70,69,69,69,61,61,18,24,24,24,24,24,0,0],"gold":77,"neow_bonus":"TWO_FIFTY_GOLD","is_daily":false,"chose_seed":false,"campfire_upgraded":0,"win_rate":0.0,"timestamp":1612528005,"path_taken":["M","?","$","M","$","?","E","M","T","R","M","?","?","E","R","BOSS","M","?","?","M","?","E","?","?","T","$","?","M"],"items_purchased_type":["Relic","Card","Card","Card","Potion"],"build_version":"2020-12-22","purchased_purges":3,"victory":false,"max_hp_per_floor":[70,70,70,70,70,70,70,70,70,70,70,70,70,70,70,70,70,70,70,70,70,70,70,70,70,70,70,70,70,70],"card_choices":[{"not_picked":["Cloak And Dagger","Outmaneuver"],"picked":"Dagger Spray","floor":1},{"not_picked":["Dodge and Roll","Prepared","PiercingWail"],"picked":"SKIP","floor":4},{"not_picked":["Setup","Accuracy","A Thousand Cuts"],"picked":"SKIP","floor":7},{"not_picked":["Setup","Blade Dance"],"picked":"Quick Slash","floor":8},{"not_picked":["Tactician","Deflect"],"picked":"Deadly Poison","floor":11},{"not_picked":["Acrobatics","Tools of the Trade"],"picked":"Dagger Spray","floor":13},{"not_picked":["hubris:Sniper","Catalyst"],"picked":"Bane","floor":14},{"not_picked":["After Image","Glass Knife"],"picked":"Burst","floor":16},{"not_picked":["Outmaneuver","Dagger Throw"],"picked":"Bane","floor":18},{"not_picked":["Deflect","Underhanded Strike","Cloak And Dagger+1"],"picked":"SKIP","floor":21},{"not_picked":["Eviscerate","Cloak And Dagger+1"],"picked":"Bouncing Flask+1","floor":23},{"not_picked":["Acrobatics+1","Finisher+1","Slice"],"picked":"SKIP","floor":24},{"not_picked":["Cloak And Dagger","Footwork"],"picked":"Catalyst","floor":28}],"player_experience":69471,"relics_obtained":[{"floor":7,"key":"Potion Belt"},{"floor":9,"key":"Meat on the Bone"},{"floor":14,"key":"hubris:DeckOfHolding"},{"floor":23,"key":"aspiration:AnachronicSnailShell"},{"floor":26,"key":"Smiling Mask"}],"event_choices":[{"damage_healed":0,"gold_gain":0,"player_choice":"Success","damage_taken":12,"relics_obtained":["hubris:Reverence"],"max_hp_gain":0,"max_hp_loss":0,"event_name":"Scrap Ooze","floor":2,"gold_loss":0},{"damage_healed":0,"gold_gain":0,"player_choice":"Forge","damage_taken":0,"max_hp_gain":0,"max_hp_loss":0,"event_name":"Accursed Blacksmith","floor":12,"gold_loss":0,"cards_upgraded":["Noxious Fumes"]},{"damage_healed":0,"gold_gain":0,"player_choice":"Ignored","damage_taken":0,"max_hp_gain":0,"max_hp_loss":0,"event_name":"Ghosts","floor":20,"gold_loss":0},{"damage_healed":0,"gold_gain":0,"cards_transformed":["Defend_G","Strike_G"],"player_choice":"Became Test Subject","damage_taken":0,"max_hp_gain":0,"max_hp_loss":0,"event_name":"Drug Dealer","floor":22,"gold_loss":0,"cards_obtained":["Prepared","Deadly Poison"]},{"damage_healed":0,"gold_gain":0,"player_choice":"Copied","damage_taken":0,"max_hp_gain":0,"max_hp_loss":0,"event_name":"Duplicator","floor":25,"gold_loss":0,"cards_obtained":["Bouncing Flask"]}],"is_beta":false,"boss_relics":[{"not_picked":["Pandora\u0027s Box","hubris:CrackedHourglass"],"picked":"Cursed Key"}],"items_purged_floors":[3,19,27],"is_endless":false,"potions_floor_spawned":[4,11,14,16,23,24],"killed_by":"Snake Plant","ascension_level":2}}