{"host":"fdq5pmhluajjrf8d","time":1612484007,"event":{"mods":["BaseMod","Minty Spire (QoL Compilation)"],"gold_per_floor":[114,114,130,144,144,144,177,193,193,33,52,52,52,70,70,70,70],"floor_reached":16,"language":"ENG","playtime":634,"items_purged":[],"score":204,"play_id":"0b4e1062-5822-4c83-9672-9be665a58893","local_time":"20210204191327","is_ascension_mode":true,"campfire_choices":[{"data":"Sword Boomerang","floor":6,"key":"SMITH"},{"floor":12,"key":"REST"},{"floor":15,"key":"REST"}],"circlet_count":0,"master_deck":["AscendersBane","Strike_R","Strike_R","Strike_R","Strike_R","Strike_R","Defend_R+1","Defend_R+1","Defend_R","Defend_R+1","Bash","Hemokinesis","Sword Boomerang+1","Injury","Battle Trance","Exhume+1"],"relics":["Burning Blood","Golden Idol","Regal Pillow","Blue Candle","War Paint","Bird Faced Urn"],"acts_visited":["Exordium"],"potions_floor_usage":[7],"damage_taken":[{"damage":2,"enemies":"2 Louse","floor":1,"turns":2},{"damage":10,"enemies":"Small Slimes","floor":3,"turns":4},{"damage":6,"enemies":"Jaw Worm","floor":4,"turns":3},{"damage":38,"enemies":"Lagavulin","floor":7,"turns":5},{"damage":6,"enemies":"Red Slaver","floor":8,"turns":3},{"damage":12,"enemies":"3 Louse","floor":11,"turns":4},{"damage":17,"enemies":"Blue Slaver","floor":14,"turns":3},{"damage":103,"enemies":"Slime Boss","floor":16,"turns":9}],"seed_played":"8077764511183572005","potions_obtained":[{"floor":4,"key":"PowerPotion"},{"floor":7,"key":"FairyPotion"},{"floor":8,"key":"Ancient Potion"}],"is_trial":false,"path_per_floor":["M","?","M","M","?","R","E","M","T","$","M","R","?","M","R","B"],"character_chosen":"IRONCLAD","items_purchased":["War Paint"],"campfire_rested":2,"item_purchase_floors":[10],"current_hp_per_floor":[79,54,50,50,50,50,18,18,18,18,12,51,33,22,61,0,0],"gold":70,"neow_bonus":"TEN_PERCENT_HP_BONUS","is_daily":false,"chose_seed":false,"campfire_upgraded":1,"win_rate":0.0,"timestamp":1612484007,"path_taken":["M","?","M","M","?","R","E","M","T","$","M","R","?","M","R","BOSS"],"items_purchased_type":["Relic"],"build_version":"2020-12-22","purchased_purges":0,"victory":false,"max_hp_per_floor":[82,82,82,82,82,82,82,82,82,82,82,82,82,82,82,82,82],"card_choices":[{"not_picked":["Armaments","True Grit"],"picked":"Hemokinesis","floor":1},{"not_picked":["Flex","Headbutt","Rampage"],"picked":"SKIP","floor":3},{"not_picked":["Power Through","Twin Strike"],"picked":"Sword Boomerang","floor":4},{"not_picked":["Iron Wave","Uppercut"],"picked":"Battle Trance","floor":7},{"not_picked":["Dropkick","Disarm"],"picked":"Exhume","floor":8},{"not_picked":["Body Slam","Twin Strike","Cleave"],"picked":"SKIP","floor":11},{"not_picked":["Metallicize","Seeing Red","Clash"],"picked":"SKIP","floor":14}],"player_experience":1972064,"relics_obtained":[{"floor":7,"key":"Regal Pillow"},{"floor":9,"key":"Blue Candle"}],"event_choices":[{"damage_healed":0,"gold_gain":0,"player_choice":"Entered Light","damage_taken":25,"max_hp_gain":0,"max_hp_loss":0,"event_name":"Shining Light","floor":2,"gold_loss":0,"cards_upgraded":["Defend_R","Defend_R"]},{"damage_healed":0,"gold_gain":0,"player_choice":"Take Wound","damage_taken":0,"relics_obtained":["Golden Idol"],"max_hp_gain":0,"max_hp_loss":0,"event_name":"Golden Idol","floor":5,"gold_loss":0,"cards_obtained":["Injury"]},{"damage_healed":0,"gold_gain":0,"player_choice":"Success","damage_taken":18,"relics_obtained":["Bird Faced Urn"],"max_hp_gain":0,"max_hp_loss":0,"event_name":"Scrap Ooze","floor":13,"gold_loss":0}],"is_beta":false,"boss_relics":[],"items_purged_floors":[],"is_endless":false,"potions_floor_spawned":[4,7,8,14],"killed_by":"Slime Boss","ascension_level":20}}