{"host":"la6t950uoatqs0xt","time":1612501780,"event":{"mods":["AchievementEnabler","BaseMod","Colored Powertips","Minty Spire (QoL Compilation)","Quick Restart","Rare Cards Sparkle"],"gold_per_floor":[111,111,111,111,111,138,63,98,98,113,113,113,130,130,130,130,130],"floor_reached":16,"language":"ENG","playtime":479,"items_purged":["Defend_G"],"score":151,"play_id":"01fa7a02-0637-472c-b16c-cd72f49b3fbc","local_time":"20210205000940","is_ascension_mode":true,"campfire_choices":[{"floor":12,"key":"REST"},{"floor":15,"key":"REST"}],"circlet_count":0,"master_deck":["Strike_G","Strike_G","Strike_G","Strike_G","Strike_G","Defend_G","Defend_G","Defend_G","Defend_G","Survivor","Neutralize+1","Poisoned Stab","Flying Knee","After Image"],"relics":["Ring of the Snake","HornCleat","Kunai","Shuriken","Matryoshka","Omamori","Letter Opener"],"acts_visited":["Exordium"],"potions_floor_usage":[8,8,8],"damage_taken":[{"damage":12,"enemies":"Small Slimes","floor":1,"turns":6},{"damage":54,"enemies":"Gremlin Nob","floor":6,"turns":6},{"damage":0,"enemies":"3 Sentries","floor":8,"turns":7},{"damage":0,"enemies":"2 Louse","floor":10,"turns":2},{"damage":0,"enemies":"Cultist","floor":13,"turns":3},{"damage":66,"enemies":"Slime Boss","floor":16,"turns":11}],"seed_played":"-4506655014295851532","potions_obtained":[{"floor":6,"key":"EntropicBrew"},{"floor":10,"key":"SpeedPotion"}],"is_trial":false,"path_per_floor":["M","?","?","?","T","E","$","E","T","M","?","R","M","$","R","B"],"character_chosen":"THE_SILENT","items_purchased":[],"campfire_rested":2,"item_purchase_floors":[],"current_hp_per_floor":[58,46,46,69,69,15,15,15,15,15,15,36,36,36,57,0,0],"gold":130,"neow_bonus":"UPGRADE_CARD","is_daily":false,"chose_seed":false,"campfire_upgraded":0,"win_rate":0.0,"timestamp":1612501780,"path_taken":["M","?","?","?","?","E","$","E","T","M","?","R","M","?","R","BOSS"],"items_purchased_type":[],"build_version":"2020-12-22","purchased_purges":1,"victory":false,"max_hp_per_floor":[70,70,70,70,70,70,70,70,70,70,70,70,70,70,70,70,70],"card_choices":[{"not_picked":["Dodge and Roll","Endless Agony"],"picked":"Poisoned Stab","floor":1},{"not_picked":["Setup","Infinite Blades"],"picked":"Flying Knee","floor":6},{"not_picked":["Dagger Spray","Acrobatics"],"picked":"After Image","floor":8},{"not_picked":["Sucker Punch","Expertise","Dash"],"picked":"SKIP","floor":10},{"not_picked":["Quick Slash","Slice","Cloak And Dagger"],"picked":"SKIP","floor":13}],"player_experience":280257,"relics_obtained":[{"floor":5,"key":"Kunai"},{"floor":6,"key":"Shuriken"},{"floor":8,"key":"Matryoshka"},{"floor":9,"key":"Omamori"},{"floor":9,"key":"Letter Opener"}],"event_choices":[{"damage_healed":0,"gold_gain":0,"player_choice":"Success","damage_taken":12,"relics_obtained":["HornCleat"],"max_hp_gain":0,"max_hp_loss":0,"event_name":"Scrap Ooze","floor":2,"gold_loss":0},{"damage_healed":0,"gold_gain":0,"player_choice":"Ignored","damage_taken":0,"max_hp_gain":0,"max_hp_loss":0,"event_name":"Golden Idol","floor":3,"gold_loss":0},{"damage_healed":23,"gold_gain":0,"player_choice":"Banana","damage_taken":0,"max_hp_gain":0,"max_hp_loss":0,"event_name":"Big Fish","floor":4,"gold_loss":0},{"damage_healed":0,"gold_gain":0,"player_choice":"Ignored","damage_taken":0,"max_hp_gain":0,"max_hp_loss":0,"event_name":"Liars Game","floor":11,"gold_loss":0}],"is_beta":false,"boss_relics":[],"items_purged_floors":[7],"is_endless":false,"potions_floor_spawned":[6,10],"killed_by":"Slime Boss","ascension_level":3}}