{"host":"ijtyqc57s6c9mbij","time":1612505978,"event":{"mods":["BaseMod","Colored Map","Downfall","Minty Spire (QoL Compilation)","StSLib"],"gold_per_floor":[99,119,135,585,190,208,280,280,297,324,324,346,246,277,294,389,389,289,301,301,301,301,201,201,39,39,49,68,68,88,121,139,243,243,243,253,264,281,176,203,229,229,242,242,242,92,109,129,143,143,143,143],"floor_reached":50,"language":"ENG","playtime":3675,"items_purged":["Normality"],"score":710,"play_id":"81eca909-c61f-475d-9f6f-3a3a598d1048","local_time":"20210204221938","is_ascension_mode":true,"campfire_choices":[{"floor":1,"key":"RECALL"},{"data":"bronze:BugBarrage","floor":13,"key":"SMITH"},{"data":"bronze:Verify","floor":18,"key":"SMITH"},{"data":"bronze:Allocate","floor":23,"key":"SMITH"},{"data":"bronze:BugBarrage","floor":26,"key":"SMITH"},{"data":"bronze:SpaghettiCode","floor":35,"key":"SMITH"},{"data":"expansioncontent:Chronoboost","floor":45,"key":"SMITH"}],"circlet_count":0,"master_deck":["bronze:Strike+1","bronze:Strike+1","bronze:Strike+1","bronze:Strike+1","bronze:Defend+1","bronze:Defend+1","bronze:Defend+1","bronze:Defend+1","bronze:Replicate+1","bronze:Goto+1","bronze:FineTuning","bronze:Allocate+1","bronze:WildBeam+1","bronze:Repulsor","bronze:Repair+1","bronze:Repair","bronze:GetLatest","bronze:BugBarrage+1","bronze:Break+1","bronze:BitShift","bronze:Verify+1","bronze:BugBarrage+1","bronze:OilSpill+1","bronze:Safeguard+1","bronze:Constructor","bronze:BuggyMess","bronze:SpaghettiCode+1","bronze:Refactor+1","bronze:HyperBeam+1","bronze:Turbo+1","bronze:ForceShield+1","bronze:Terminator+1","bronze:FindAndReplace","bronze:InfiniteBeams","bronze:BitShift","expansioncontent:Chronoboost+1","bronze:BronzeArmor","expansioncontent:InvincibleStrength","expansioncontent:InvincibleStrength+1","expansioncontent:AwakenDeath","bronze:Turbo","bronze:Iterate+1","bronze:InfiniteLoop+1","bronze:Constructor"],"relics":["bronze:BronzeCore","bronze:AnalyticalCore","champ:Barbells","Happy Flower","InkBottle","Slimebound:StickyStick","hexamod:CandleOfCauterizing","Odd Mushroom","downfall:HeartBlessingRed","Letter Opener","bronze:ElectromagneticCoil","downfall:HeartBlessingGreen","downfall:HeartBlessingBlue","Molten Egg 2","Anchor","Bronze Scales","Philosopher\u0027s Stone","Membership Card","bronze:BronzeIdol","Whetstone","Ice Cream","Orichalcum"],"acts_visited":["Exordium","TheCity","TheBeyond"],"potions_floor_usage":[12,14,14,16,50,50],"damage_taken":[{"damage":0,"enemies":"Cultist","floor":2,"turns":2},{"damage":0,"enemies":"2 Louse","floor":3,"turns":2},{"damage":0,"enemies":"downfall:FleeingMerchant","floor":5,"turns":4},{"damage":0,"enemies":"Small Slimes","floor":6,"turns":2},{"damage":7,"enemies":"Exordium Wildlife","floor":9,"turns":3},{"damage":12,"enemies":"Lagavulin","floor":10,"turns":7},{"damage":11,"enemies":"The Mushroom Lair","floor":12,"turns":3},{"damage":0,"enemies":"3 Sentries","floor":14,"turns":3},{"damage":0,"enemies":"Large Slime","floor":15,"turns":1},{"damage":28,"enemies":"DF_ARCHETYPE_STREAMLINE","floor":16,"turns":6},{"damage":1,"enemies":"3 Byrds","floor":19,"turns":5},{"damage":0,"enemies":"downfall:FleeingMerchant","floor":25,"turns":4},{"damage":0,"enemies":"Spheric Guardian","floor":27,"turns":4},{"damage":5,"enemies":"Cultist and Chosen","floor":28,"turns":6},{"damage":13,"enemies":"Centurion and Healer","floor":30,"turns":2},{"damage":33,"enemies":"Slavers","floor":31,"turns":5},{"damage":9,"enemies":"Chosen and Byrds","floor":32,"turns":5},{"damage":11,"enemies":"SI_MIRROR_ARCHETYPE","floor":33,"turns":8},{"damage":0,"enemies":"3 Shapes","floor":36,"turns":2},{"damage":0,"enemies":"Orb Walker","floor":37,"turns":1},{"damage":18,"enemies":"3 Darklings","floor":38,"turns":4},{"damage":0,"enemies":"downfall:FleeingMerchant","floor":39,"turns":2},{"damage":4,"enemies":"Nemesis","floor":40,"turns":3},{"damage":9,"enemies":"4 Shapes","floor":43,"turns":3},{"damage":18,"enemies":"Jaw Worm Horde","floor":47,"turns":2},{"damage":10,"enemies":"Spire Growth","floor":48,"turns":4},{"damage":7,"enemies":"Writhing Mass","floor":49,"turns":4},{"damage":92,"enemies":"WA_ARCHETYPE_DIVINITY","floor":50,"turns":5}],"seed_played":"-1199830363059851714","potions_obtained":[{"floor":3,"key":"GamblersBrew"},{"floor":6,"key":"hexamod:SoulburnPotion"},{"floor":10,"key":"BlessingOfTheForge"},{"floor":14,"key":"Weak Potion"},{"floor":27,"key":"hexamod:SoulburnPotion"},{"floor":29,"key":"CultistPotion"},{"floor":30,"key":"hexamod:SoulburnPotion"}],"is_trial":true,"path_per_floor":["R","M","M","?","$","M","T","?","M","E","?","?","R","E","M","B",null,"R","M","?","T","?","R","T","$","R","M","M","?","M","E","M","B",null,"R","M","M","M","$","E","T","?","M","?","R","?","M","M","M","B"],"character_chosen":"THE_AUTOMATON","items_purchased":["champ:Barbells","Happy Flower","bronze:Repulsor","Anchor","Membership Card","bronze:BronzeIdol","Whetstone","bronze:InfiniteBeams","bronze:BitShift","expansioncontent:Chronoboost"],"campfire_rested":0,"item_purchase_floors":[5,5,5,25,39,39,39,39,39,39],"current_hp_per_floor":[70,70,70,70,70,70,70,45,45,47,52,41,41,51,51,30,75,75,75,75,75,75,85,85,85,85,85,85,85,79,60,58,62,85,85,85,85,85,85,85,85,75,76,76,76,95,77,67,70,0,0,0],"gold":143,"neow_bonus":"","is_daily":false,"chose_seed":false,"campfire_upgraded":6,"win_rate":0.0,"timestamp":1612505978,"path_taken":["R","M","M","?","$","M","T","?","M","E","?","?","R","E","M","BOSS","R","M","?","?","?","R","T","$","R","?","M","?","M","E","M","BOSS","R","M","M","M","$","E","T","?","M","?","R","?","?","M","M","BOSS"],"items_purchased_type":["Relic","Relic","Card","Relic","Relic","Relic","Relic","Card","Card","Card"],"build_version":"2020-12-22","purchased_purges":1,"victory":false,"max_hp_per_floor":[70,70,70,70,70,70,70,70,70,70,75,75,75,75,75,75,75,75,75,75,75,75,85,85,85,85,85,85,85,85,85,85,85,85,85,85,85,85,85,85,85,85,85,85,85,95,95,95,95,95,95,95],"card_choices":[{"not_picked":["bronze:Overheat","bronze:DelayedGuard"],"picked":"bronze:FineTuning","floor":2},{"not_picked":["bronze:Deprecate","bronze:Shield"],"picked":"bronze:Allocate","floor":3},{"not_picked":["bronze:NullPointer","bronze:Iterate"],"picked":"bronze:WildBeam","floor":5},{"not_picked":["bronze:NullPointer","bronze:FineTuning"],"picked":"bronze:Repair","floor":6},{"not_picked":["bronze:DelayedSlice","bronze:Iterate"],"picked":"bronze:Repair","floor":9},{"not_picked":["bronze:HardenedForm","bronze:Iterate"],"picked":"bronze:GetLatest","floor":10},{"not_picked":["bronze:FollowUp","bronze:Refactor"],"picked":"bronze:BugBarrage","floor":12},{"not_picked":["bronze:Invalidate","bronze:WhirlingStrike"],"picked":"bronze:Break","floor":14},{"not_picked":["bronze:WhirlingStrike","bronze:Constructor"],"picked":"bronze:BitShift","floor":15},{"not_picked":["bronze:Assembly","bronze:Virus"],"picked":"bronze:Verify","floor":16},{"not_picked":["bronze:OilSpill","bronze:DelayedGuard+1"],"picked":"bronze:BugBarrage","floor":19},{"not_picked":["bronze:Invalidate","bronze:Constructor"],"picked":"bronze:OilSpill+1","floor":25},{"not_picked":["bronze:DarkDash+1","bronze:WildBeam+1"],"picked":"bronze:Safeguard+1","floor":27},{"not_picked":["bronze:GetLatest","bronze:Safeguard+1"],"picked":"bronze:Constructor","floor":28},{"not_picked":["bronze:Return","bronze:NullPointer+1"],"picked":"bronze:BuggyMess","floor":30},{"not_picked":["bronze:DarkDash+1","bronze:Boost"],"picked":"bronze:SpaghettiCode","floor":31},{"not_picked":["bronze:Separator+1","bronze:FollowUp+1"],"picked":"bronze:Refactor+1","floor":32},{"not_picked":["bronze:HardenedForm","bronze:ThunderWave+1"],"picked":"bronze:HyperBeam+1","floor":33},{"not_picked":["bronze:Deprecate","bronze:DelayedSlice+1"],"picked":"bronze:Turbo+1","floor":36},{"not_picked":["bronze:Shield+1","bronze:WildBeam+1"],"picked":"bronze:ForceShield+1","floor":37},{"not_picked":["bronze:ChosenStrike+1","bronze:Safeguard"],"picked":"bronze:Terminator+1","floor":38},{"not_picked":["bronze:BuggyMess","bronze:Turbo+1"],"picked":"bronze:FindAndReplace","floor":39},{"not_picked":["bronze:BitShift+1","bronze:OilSpill+1"],"picked":"bronze:BronzeArmor","floor":40},{"not_picked":["expansioncontent:Hexaburn","expansioncontent:PolyBeam"],"picked":"expansioncontent:InvincibleStrength","floor":42},{"not_picked":["expansioncontent:AwakenDeath","expansioncontent:PrepareCrush"],"picked":"expansioncontent:InvincibleStrength","floor":42},{"not_picked":["expansioncontent:LastStand","expansioncontent:GuardianWhirl"],"picked":"expansioncontent:AwakenDeath","floor":42},{"not_picked":["bronze:Shield","bronze:GetLatest"],"picked":"bronze:Turbo","floor":43},{"not_picked":["bronze:Overheat+1","bronze:ForceShield"],"picked":"bronze:Iterate+1","floor":47},{"not_picked":["bronze:FineTuning","bronze:Fortify+1"],"picked":"bronze:InfiniteLoop+1","floor":48},{"not_picked":["bronze:BitShift","bronze:Shield"],"picked":"bronze:Constructor","floor":49}],"player_experience":966734,"relics_obtained":[{"floor":7,"key":"InkBottle"},{"floor":10,"key":"hexamod:CandleOfCauterizing"},{"floor":12,"key":"Odd Mushroom"},{"floor":14,"key":"Letter Opener"},{"floor":24,"key":"Molten Egg 2"},{"floor":31,"key":"Bronze Scales"},{"floor":40,"key":"Ice Cream"},{"floor":41,"key":"Orichalcum"}],"event_choices":[{"damage_healed":0,"gold_gain":0,"player_choice":"Success","damage_taken":25,"relics_obtained":["Slimebound:StickyStick"],"max_hp_gain":0,"max_hp_loss":0,"event_name":"Scrap Ooze","floor":8,"gold_loss":0},{"damage_healed":0,"gold_gain":0,"player_choice":"Donut","damage_taken":0,"max_hp_gain":5,"max_hp_loss":0,"event_name":"Big Fish","floor":11,"gold_loss":0},{"damage_healed":0,"gold_gain":0,"player_choice":"Fought Mushrooms","damage_taken":0,"max_hp_gain":0,"max_hp_loss":0,"event_name":"Mushrooms","floor":12,"gold_loss":0}],"is_beta":false,"boss_relics":[{"not_picked":["Empty Cage","Snecko Eye"],"picked":"bronze:ElectromagneticCoil"},{"not_picked":["SlaversCollar","Calling Bell"],"picked":"Philosopher\u0027s Stone"}],"items_purged_floors":[39],"is_endless":false,"potions_floor_spawned":[3,6,10,14,27,30,31,33,38,40,47,48,49],"killed_by":"WA_ARCHETYPE_DIVINITY","ascension_level":4}}