{"host":"s21r9c1cdih2g0le","time":1612525090,"event":{"mods":["Aspiration","BaseMod","BetterRewards","Colored Map","Conspire","Downfall","Energized Spire","Friendly Minions","GifTheSpireLib","Hubris","Infinite Spire","Ironclad Rager","Jorbs\u0027s Wanderer Trilogy","Mimic Mod","Minty Spire (QoL Compilation)","Replay The Spire","StSLib","Stuff the Spire","SuperFastMode","The Mystic","Wandering Minibosses"],"gold_per_floor":[99,113,133,133,146,62,95,95,115,130,130,195,195,228,240,339,339,239,252,270,20,33,52,52,52,85,103,119,19,53,63,80,181,181,81,99,99,99,111,126,126,153,163,163,175,209,228,228,228,228,228],"floor_reached":49,"language":"ENG","playtime":2906,"items_purged":[],"score":630,"play_id":"e71529a5-83b0-4595-9519-ff3f9fea7f37","local_time":"20210205123810","is_ascension_mode":false,"campfire_choices":[{"data":"expansioncontent:StudyTheSpire","floor":1,"key":"SMITH"},{"data":"bronze:Repair","floor":8,"key":"SMITH"},{"floor":13,"key":"RECALL"},{"data":"bronze:AlphaBuild","floor":18,"key":"SMITH"},{"floor":29,"key":"REST"},{"data":"GremboGang","floor":35,"key":"SMITH"},{"floor":44,"key":"REST"}],"circlet_count":0,"master_deck":["expansioncontent:StudyTheSpire+1","bronze:Strike","bronze:Strike","bronze:Strike","bronze:Strike","bronze:Defend","bronze:Defend","bronze:Defend","bronze:Defend","bronze:Replicate","bronze:Overheat","bronze:NullPointer","bronze:Repair+1","bronze:DelayedSlice","bronze:BuggyMess","bronze:HardenedForm","bronze:AlphaBuild+1","bronze:Boost","bronze:CutThrough+1","GremboGang+1","bronze:Turbo+1","bronze:Repair","Necronomicurse","bronze:Flail","bronze:ForLoop","bronze:DigitalCarnage","bronze:ItsAFeature","bronze:ItsAFeature+1","bronze:CleanCode","bronze:DelayedGuard+1","StuffTheSpire:CuriosityCurse","bronze:DarkDash+1","bronze:OilSpill+1","bronze:Flail+1","bronze:Return+1"],"relics":["bronze:BronzeCore","Slimebound:PreparedRelic","Orichalcum","Sundial","infinitespire:CheckeredPen","Replay:Bronze Core","downfall:HeartBlessingRed","Necronomicon","StuffTheSpire:Barrel","downfall:HeartBlessingBlue","Tiny Chest","energizedSpire:NeverEndingSparkler","downfall:HeartBlessingGreen","hubris:SlimyHat","Blue Candle","infinitespire:WardingShard","hubris:BundleOfHerbs","StuffTheSpire:HeavyRock"],"acts_visited":["Exordium","TheCity","TheBeyond"],"potions_floor_usage":[6,12,16,19,33,42],"damage_taken":[{"damage":8,"enemies":"Cultist","floor":2,"turns":5},{"damage":5,"enemies":"Small Slimes","floor":3,"turns":5},{"damage":0,"enemies":"conspire:RoseBush","floor":5,"turns":4},{"damage":0,"enemies":"downfall:FleeingMerchant","floor":6,"turns":4},{"damage":9,"enemies":"Large Slime","floor":7,"turns":9},{"damage":1,"enemies":"Large Slime","floor":9,"turns":4},{"damage":13,"enemies":"Gremlin Gang","floor":10,"turns":4},{"damage":4,"enemies":"3 Sentries","floor":12,"turns":5},{"damage":12,"enemies":"Gremlin Nob","floor":14,"turns":4},{"damage":0,"enemies":"3 Louse","floor":15,"turns":2},{"damage":34,"enemies":"DF_ARCHETYPE_STREAMLINE","floor":16,"turns":7},{"damage":1,"enemies":"3 Byrds","floor":19,"turns":3},{"damage":16,"enemies":"Shell Parasite","floor":20,"turns":5},{"damage":0,"enemies":"conspire:HollyBat","floor":22,"turns":8},{"damage":8,"enemies":"Snake Plant","floor":23,"turns":3},{"damage":35,"enemies":"Book of Stabbing","floor":26,"turns":7},{"damage":29,"enemies":"Sentry and Sphere","floor":27,"turns":6},{"damage":7,"enemies":"conspire:HollyBat","floor":28,"turns":6},{"damage":4,"enemies":"Replay:Snechameleon","floor":30,"turns":4},{"damage":18,"enemies":"Snake Plant","floor":31,"turns":3},{"damage":14,"enemies":"Centurion and Healer","floor":32,"turns":4},{"damage":92,"enemies":"IC_MUSHROOM_ARCHETYPE","floor":33,"turns":7},{"damage":0,"enemies":"3 Darklings","floor":36,"turns":4},{"damage":9,"enemies":"Orb Walker","floor":39,"turns":4},{"damage":22,"enemies":"Spire Growth","floor":40,"turns":5},{"damage":35,"enemies":"Reptomancer","floor":42,"turns":6},{"damage":16,"enemies":"4 Shapes","floor":43,"turns":3},{"damage":0,"enemies":"3 Darklings","floor":45,"turns":2},{"damage":60,"enemies":"Nemesis","floor":46,"turns":6},{"damage":10,"enemies":"Spire Growth","floor":47,"turns":3},{"damage":4,"enemies":"Sphere and 2 Shapes","floor":49,"turns":1}],"seed_played":"-2865640896669381009","potions_obtained":[{"floor":5,"key":"Weak Potion"},{"floor":10,"key":"ColorlessPotion"},{"floor":12,"key":"Strength Potion"},{"floor":15,"key":"Energy Potion"},{"floor":16,"key":"Swift Potion"},{"floor":19,"key":"Strength Potion"},{"floor":23,"key":"sneckomod:MuddlingPotion"},{"floor":26,"key":"Death Potion"},{"floor":31,"key":"Energy Potion"},{"floor":33,"key":"Weak Potion"},{"floor":40,"key":"Fire Potion"},{"floor":43,"key":"FearPotion"}],"is_trial":false,"path_per_floor":["R","M","M","?","M","$","MIM","R","M","M","?","E","R","E","M","B",null,"R","M","M","?","M","M","T","?","E","M","M","R","E","M","M","B",null,"R","M","?","?","M","M","T","E","M","R","M","E","M","T","M"],"character_chosen":"THE_AUTOMATON","items_purchased":["bronze:Repair"],"campfire_rested":2,"item_purchase_floors":[6],"current_hp_per_floor":[77,69,64,64,64,64,62,62,61,58,58,64,64,52,52,28,77,77,76,68,68,77,69,69,53,35,23,26,62,83,69,85,10,87,87,87,87,87,87,65,65,37,28,54,64,14,4,4,0,0,0],"gold":228,"neow_bonus":"TEN_PERCENT_HP_BONUS","is_daily":false,"chose_seed":false,"campfire_upgraded":4,"win_rate":0.0,"timestamp":1612525090,"path_taken":["R","M","?","?","M","$","MIM","R","M","M","?","E","R","E","M","BOSS","R","M","?","?","M","M","T","?","E","M","M","R","E","M","M","BOSS","R","M","?","?","M","M","T","E","M","R","M","E","?","?","M"],"items_purchased_type":["Card"],"build_version":"2020-12-22","purchased_purges":0,"victory":false,"max_hp_per_floor":[77,77,77,77,77,77,77,77,77,77,77,77,77,77,77,77,77,77,77,77,77,77,77,77,77,77,77,77,87,87,87,87,87,87,87,87,87,87,87,87,87,87,87,87,87,87,87,87,87,87,87],"card_choices":[{"not_picked":["bronze:Deprecate","bronze:Frontload","bronze:DarkDash"],"picked":"SKIP","floor":2},{"not_picked":["bronze:DarkDash","bronze:BronzeArmor","bronze:BitShift"],"picked":"SKIP","floor":3},{"not_picked":["bronze:Constructor","bronze:ClassDefault"],"picked":"bronze:Overheat","floor":5},{"not_picked":["bronze:ForLoop","bronze:WhirlingStrike"],"picked":"bronze:NullPointer","floor":6},{"not_picked":["bronze:ChildClass","bronze:Frontload"],"picked":"bronze:DelayedSlice","floor":7},{"not_picked":["bronze:Overheat","bronze:Overload","bronze:Invalidate"],"picked":"SKIP","floor":9},{"not_picked":["bronze:WhirlingStrike","bronze:Invalidate"],"picked":"bronze:BuggyMess","floor":10},{"not_picked":["bronze:Iterate","bronze:Repulsor"],"picked":"bronze:HardenedForm","floor":12},{"not_picked":["bronze:Overload","bronze:Frontload","bronze:Boost"],"picked":"SKIP","floor":14},{"not_picked":["bronze:Invalidate","bronze:BitShift","bronze:ForceShield"],"picked":"SKIP","floor":15},{"not_picked":["bronze:ShipIt","bronze:Break"],"picked":"bronze:AlphaBuild","floor":16},{"not_picked":["bronze:Overheat","bronze:ChildClass"],"picked":"bronze:Boost","floor":19},{"not_picked":["bronze:Overheat","bronze:Shield"],"picked":"bronze:CutThrough+1","floor":20},{"not_picked":["bronze:Deprecate","bronze:BugBarrage"],"picked":"bronze:Turbo+1","floor":22},{"not_picked":["bronze:BronzeArmor","bronze:ChildClass+1"],"picked":"bronze:Repair","floor":23},{"not_picked":["bronze:HyperBeam","bronze:CutThrough+1"],"picked":"bronze:Flail","floor":26},{"not_picked":["bronze:CutThrough+1","bronze:Frontload"],"picked":"bronze:ForLoop","floor":27},{"not_picked":["bronze:MaxOutput","bronze:CutThrough","bronze:Shell"],"picked":"SKIP","floor":28},{"not_picked":["bronze:Branch","bronze:Turbo"],"picked":"bronze:DigitalCarnage","floor":30},{"not_picked":["bronze:Turbo","bronze:Constructor"],"picked":"bronze:ItsAFeature","floor":31},{"not_picked":["bronze:DarkDash+1","bronze:WildBeam"],"picked":"bronze:ItsAFeature+1","floor":32},{"not_picked":["bronze:FindAndReplace","bronze:ThunderWave"],"picked":"bronze:CleanCode","floor":33},{"not_picked":["bronze:DelayedSlice+1","bronze:ForceShield+1"],"picked":"bronze:DelayedGuard+1","floor":36},{"not_picked":["bronze:Repulsor","bronze:FineTuning"],"picked":"bronze:DarkDash+1","floor":39},{"not_picked":["bronze:ChildClass","bronze:Shield+1"],"picked":"bronze:OilSpill+1","floor":40},{"not_picked":["bronze:Branch+1","bronze:Format"],"picked":"bronze:Flail+1","floor":42},{"not_picked":["bronze:Separator","bronze:NullPointer"],"picked":"bronze:Return+1","floor":43},{"not_picked":["bronze:Constructor+1","bronze:Overheat","bronze:Boost+1"],"picked":"SKIP","floor":45},{"not_picked":["bronze:DelayedSlice+1","bronze:Turbo","bronze:Branch+1"],"picked":"SKIP","floor":46},{"not_picked":["bronze:GetLatest+1","bronze:WhirlingStrike+1","bronze:Overheat"],"picked":"SKIP","floor":47}],"player_experience":341464,"relics_obtained":[{"floor":4,"key":"Slimebound:PreparedRelic"},{"floor":7,"key":"Orichalcum"},{"floor":12,"key":"Sundial"},{"floor":14,"key":"infinitespire:CheckeredPen"},{"floor":25,"key":"Necronomicon"},{"floor":26,"key":"StuffTheSpire:Barrel"},{"floor":30,"key":"Tiny Chest"},{"floor":41,"key":"Blue Candle"},{"floor":42,"key":"infinitespire:WardingShard"},{"floor":46,"key":"hubris:BundleOfHerbs"},{"floor":48,"key":"StuffTheSpire:HeavyRock"}],"event_choices":[{"cards_removed":["bronze:Goto"],"damage_healed":0,"gold_gain":0,"player_choice":"Offered Basic","damage_taken":0,"max_hp_gain":0,"max_hp_loss":0,"event_name":"Bonfire Elementals","floor":11,"gold_loss":0},{"damage_healed":0,"gold_gain":0,"player_choice":"Ignored","damage_taken":0,"max_hp_gain":0,"max_hp_loss":0,"event_name":"NoteForYourself","floor":38,"gold_loss":0}],"is_beta":false,"boss_relics":[{"not_picked":["energizedSpire:HugeHouse","hubris:BlackHole"],"picked":"Replay:Bronze Core"},{"not_picked":["energizedSpire:StickyHand","Velvet Choker"],"picked":"energizedSpire:NeverEndingSparkler"}],"items_purged_floors":[],"is_endless":false,"potions_floor_spawned":[5,10,12,15,16,19,23,26,27,31,33,36,40,43,46],"killed_by":"Sphere and 2 Shapes","ascension_level":0}}