{"host":"fhyqvp7txwl2j5aw","time":1612500239,"event":{"mods":["BaseMod","Better Third Choice","Card Forge","Colored Map","Colored Powertips","Highlight Path","HololiveMod","Minty Spire (QoL Compilation)","Rare Cards Sparkle","StSLib"],"gold_per_floor":[78,99,99,112,135,163,129,129,155,155,155,172,101,101,101,207,207,231,247,247,17,38,74,91,134,134,166,166,166,194,209,209,313,313,340,407,442,489,516,569,511,524,524,560,586,639,639,701,701,855,855,884,959,1059,1092,1092,1092],"floor_reached":56,"language":"JPN","playtime":5082,"items_purged":["Hololive_FlyingPonyTail+1"],"score":1181,"play_id":"50294fe2-10a0-493a-a961-1dd570701ed1","local_time":"20210205134359","daily_mods":["Draft","Heirloom"],"is_ascension_mode":false,"campfire_choices":[{"data":"Hololive_CallSpadeEcho","floor":8.0,"key":"SMITH"},{"data":"Hololive_FlyingPonyTail","floor":10.0,"key":"SMITH"},{"data":"Hololive_CallAmaneKanata","floor":15.0,"key":"SMITH"},{"data":"Hololive_CallDoris","floor":32.0,"key":"SMITH"},{"data":"1","floor":49.0,"key":"LIFT"}],"circlet_count":0,"master_deck":["Wraith Form v2+1","Echo Form+1","DevaForm+1","Hololive_CallTokinoSora+1","Hololive_CallNekomataOkayu+1","Hololive_CallAmaneKanata+1","Hololive_CallRosalyn+1","Hololive_Trident+1","Hololive_CallOkamiMio+1","Hololive_OvertimeWork+1","Hololive_CallAyundaRisu+1","Hololive_CallNakiriAyame+1","Hololive_DevilCharm+1","Hololive_CallArtia+1","Hololive_CallSpadeEcho+1","Hololive_CallOmaruPolka+1","Hololive_MaximGun+1","Hololive_CallUruhaRushia+1","Hololive_CallCivia+1","Hololive_CallShiroganeNoel+1","Hololive_StrengthChampion+6","Hololive_CallYogiri+1","Hololive_CallAkaiHaato+1","Hololive_IdolExercise+1","Hololive_CallYuzukiChoco+1","Hololive_CallMinatoAqua+1","Hololive_Psychosis+1","Hololive_CallDoris+1","Hololive_CallUsadaPekora+1","Hololive_CallHoushouMarine+1","Hololive_DDD+1","Hololive_CallFriendA+1","Hololive_CallSakuraMiko+1","Hololive_SummonFox+1","Hololive_CallMomosuzuNene+5","Hololive_CallShishiroBotan","Hololive_OpenUp","Hololive_Nanodesu"],"relics":["Hololive_TheStar","Hammer of Thor","Seething Fire","Anvil of the Gods","Girya","War Paint","Orichalcum","Strawberry","SacredBark","Membership Card","Bag of Preparation","Oddly Smooth Stone","Letter Opener","Ginger","Red Mask","Hololive_ChaosS","Bird Faced Urn","Du-Vu Doll","PreservedInsect","Bottled Tornado","Frozen Egg 2","Akabeko","Juzu Bracelet","Fusion Hammer","Tiny Chest","Smiling Mask"],"acts_visited":["TheCity","TheBeyond"],"potions_floor_usage":[],"damage_taken":[{"damage":0.0,"enemies":"Small Slimes","floor":1.0,"turns":3.0},{"damage":0.0,"enemies":"Cultist","floor":2.0,"turns":3.0},{"damage":0.0,"enemies":"Jaw Worm","floor":4.0,"turns":4.0},{"damage":14.0,"enemies":"Lots of Slimes","floor":5.0,"turns":5.0},{"damage":0.0,"enemies":"Gremlin Nob","floor":6.0,"turns":4.0},{"damage":0.0,"enemies":"Red Slaver","floor":12.0,"turns":3.0},{"damage":0.0,"enemies":"Hexaghost","floor":16.0,"turns":6.0},{"damage":0.0,"enemies":"Chosen","floor":18.0,"turns":4.0},{"damage":0.0,"enemies":"2 Thieves","floor":19.0,"turns":4.0},{"damage":0.0,"enemies":"Centurion and Healer","floor":22.0,"turns":5.0},{"damage":13.0,"enemies":"Slavers","floor":23.0,"turns":7.0},{"damage":0.0,"enemies":"Snake Plant","floor":24.0,"turns":2.0},{"damage":26.0,"enemies":"Gremlin Leader","floor":25.0,"turns":10.0},{"damage":0.0,"enemies":"Masked Bandits","floor":27.0,"turns":4.0},{"damage":0.0,"enemies":"Cultist and Chosen","floor":30.0,"turns":5.0},{"damage":0.0,"enemies":"Chosen and Byrds","floor":31.0,"turns":5.0},{"damage":0.0,"enemies":"Automaton","floor":33.0,"turns":8.0},{"damage":0.0,"enemies":"Orb Walker","floor":35.0,"turns":3.0},{"damage":0.0,"enemies":"Mind Bloom Boss Battle","floor":36.0,"turns":7.0},{"damage":0.0,"enemies":"3 Shapes","floor":37.0,"turns":4.0},{"damage":0.0,"enemies":"2 Orb Walkers","floor":38.0,"turns":4.0},{"damage":9.0,"enemies":"Spire Growth","floor":39.0,"turns":6.0},{"damage":0.0,"enemies":"Giant Head","floor":40.0,"turns":8.0},{"damage":0.0,"enemies":"3 Darklings","floor":42.0,"turns":3.0},{"damage":0.0,"enemies":"Reptomancer","floor":44.0,"turns":3.0},{"damage":0.0,"enemies":"Nemesis","floor":46.0,"turns":3.0},{"damage":0.0,"enemies":"Transient","floor":48.0,"turns":5.0},{"damage":0.0,"enemies":"Donu and Deca","floor":50.0,"turns":7.0},{"damage":0,"enemies":"2 Louse","floor":52,"turns":2},{"damage":0,"enemies":"Lagavulin Event","floor":53,"turns":3},{"damage":0,"enemies":"Small Slimes","floor":55,"turns":2}],"seed_played":"3614238901427958361","potions_obtained":[{"floor":1.0,"key":"DistilledChaos"},{"floor":4.0,"key":"Fire Potion"},{"floor":6.0,"key":"Regen Potion"},{"floor":12.0,"key":"LiquidBronze"},{"floor":25.0,"key":"EssenceOfSteel"},{"floor":27.0,"key":"SpeedPotion"},{"floor":30.0,"key":"DistilledChaos"},{"floor":38.0,"key":"ColorlessPotion"},{"floor":40.0,"key":"Strength Potion"},{"floor":42.0,"key":"DistilledChaos"}],"is_trial":true,"path_per_floor":["M","M","?","M","M","E","$","R","T","R","?","M","$","?","R","B",null,"M","M","?","$","M","E","M","E","T","?","?","?","M","M","R","B",null,"M","?","M","?","M","E","$","M","T","E","T","E","?","M","R","B",null,"M","?","?","M","?"],"character_chosen":"Hololive_HololiveCharacter","items_purchased":["Hololive_CallShiroganeNoel","Hololive_CallYogiri","Membership Card","Bag of Preparation","Hololive_CallShishiroBotan"],"campfire_rested":0,"item_purchase_floors":[7,13,21,21,41],"current_hp_per_floor":[35,35,35,35,21,21,21,21,28,28,28,28,28,28,28,28,42,42,42,42,42,42,29,29,3,3,22,22,22,22,22,22,22,42,42,42,42,42,42,42,42,42,42,42,42,42,42,42,42,42,42,42,42,42,42,0,0],"gold":1092,"neow_bonus":"","is_daily":false,"chose_seed":false,"campfire_upgraded":4,"win_rate":0.0,"timestamp":1612500239,"path_taken":["M","M","?","?","M","E","?","R","T","R","?","?","?","?","R","BOSS","M","M","?","$","?","E","M","E","T","?","?","?","M","M","R","BOSS","M","?","M","?","M","E","?","M","T","E","?","E","?","M","R","BOSS","M","?","?","M","?"],"items_purchased_type":["Card","Card","Relic","Relic","Card"],"build_version":"2020-12-22","purchased_purges":1,"victory":false,"max_hp_per_floor":[35,35,35,35,35,35,35,35,42,42,42,42,42,42,42,42,42,42,42,42,42,42,42,42,42,42,42,42,42,42,42,42,42,42,42,42,42,42,42,42,42,42,42,42,42,42,42,42,42,42,42,42,42,42,42,42,42],"card_choices":[{"not_picked":["Hololive_Psychosis","Hololive_SummonFox"],"picked":"Hololive_CallTokinoSora","floor":0.0},{"not_picked":["Hololive_Sequa","Hololive_CocoNews"],"picked":"Hololive_CallNekomataOkayu","floor":0.0},{"not_picked":["Hololive_StrengthChampion","Hololive_CandyCastle"],"picked":"Hololive_CallAmaneKanata","floor":0.0},{"not_picked":["Hololive_OvertimeWork","Hololive_CallSpadeEcho"],"picked":"Hololive_CallRosalyn","floor":0.0},{"not_picked":["Hololive_HuntDinosaur","Hololive_LuckPotion"],"picked":"Hololive_FlyingPonyTail","floor":0.0},{"not_picked":["Hololive_Sequa","Hololive_Breathe"],"picked":"Hololive_Trident","floor":0.0},{"not_picked":["Hololive_CallCivia","Hololive_Drill"],"picked":"Hololive_CallOkamiMio","floor":0.0},{"not_picked":["Hololive_RevenueBasedLive","Hololive_Drill"],"picked":"Hololive_OvertimeWork","floor":0.0},{"not_picked":["Hololive_CallAkiRosenthal","Hololive_Yoholoon"],"picked":"Hololive_CallAyundaRisu","floor":0.0},{"not_picked":["Hololive_FlyingPonyTail","Hololive_CallMomosuzuNene"],"picked":"Hololive_CallNakiriAyame","floor":0.0},{"not_picked":["Hololive_Psychosis","Hololive_OvertimeWork"],"picked":"Hololive_Trident","floor":0.0},{"not_picked":["Hololive_Sequa","Hololive_Trident"],"picked":"Hololive_DevilCharm","floor":0.0},{"not_picked":["Hololive_Rebound","Hololive_ManjiGathering"],"picked":"Hololive_CallArtia","floor":0.0},{"not_picked":["Hololive_CallMomosuzuNene","Hololive_BringToTrial"],"picked":"Hololive_CallSpadeEcho","floor":0.0},{"not_picked":["Hololive_StrengthChampion","Hololive_CandyCastle"],"picked":"Hololive_FlyingPonyTail","floor":0.0},{"not_picked":["Hololive_Trident","Hololive_Breathe","Hololive_Teleport"],"picked":"Hololive_CocoNews","floor":1.0},{"not_picked":["Hololive_Rebound","Hololive_Trident","Hololive_Psychosis"],"picked":"Hololive_CallOmaruPolka","floor":2.0},{"not_picked":["Hololive_RevenueBasedLive","Hololive_Rebound","Hololive_Drill"],"picked":"Hololive_MaximGun","floor":4.0},{"not_picked":["Hololive_RevenueBasedLive","Hololive_Breathe","Hololive_HighAtkLowDef"],"picked":"Hololive_CallUruhaRushia","floor":5.0},{"not_picked":["Hololive_LuckPotion","Hololive_Rebound","Hololive_OvertimeWork"],"picked":"Hololive_CallCivia","floor":6.0},{"not_picked":["Hololive_Trident","Hololive_CallOmaruPolka","Hololive_CallTokinoSora"],"picked":"Hololive_StrengthChampion","floor":12.0},{"not_picked":["Hololive_DurableLive","Hololive_WolfAndLamb","Hololive_DiamondStrike"],"picked":"Hololive_IdolExercise","floor":16.0},{"not_picked":["Hololive_CallCivia","Hololive_Trident","Hololive_CocoNews"],"picked":"Hololive_CallYuzukiChoco","floor":18.0},{"not_picked":["Hololive_Breathe","Hololive_FlyingPonyTail","Hololive_Rebound","Hololive_CocoNews"],"picked":"SKIP","floor":19.0},{"not_picked":["Hololive_HuntDinosaur","Hololive_Rebound+1","Hololive_CallArtia","Hololive_StrengthChampion"],"picked":"SKIP","floor":22.0},{"not_picked":["Hololive_FlyingPonyTail","Hololive_Rebound+1","Hololive_RevenueBasedLive","Hololive_Sequa"],"picked":"SKIP","floor":23.0},{"not_picked":["Hololive_Breathe+1","Hololive_CallSpadeEcho+1","Hololive_HuntDinosaur","Hololive_MaximGun"],"picked":"SKIP","floor":24.0},{"not_picked":["Hololive_DiamondStrike","Hololive_ASMR","Hololive_FlareMind"],"picked":"Hololive_CallMinatoAqua","floor":25.0},{"not_picked":["Hololive_CocoNews","Hololive_Trident","Hololive_CallNekomataOkayu"],"picked":"Hololive_Psychosis+1","floor":27.0},{"not_picked":["Hololive_FlyingPonyTail","Hololive_Rebound","Hololive_CallAZKi+1"],"picked":"Hololive_CallUsadaPekora+1","floor":30.0},{"not_picked":["Hololive_CallManoAloe+1","Hololive_Yoholoon","Hololive_CallShiranuiFlare"],"picked":"Hololive_CallHoushouMarine+1","floor":31.0},{"not_picked":["Hololive_Thief","Hololive_Recruit","Hololive_ASMR"],"picked":"Hololive_DDD","floor":33.0},{"not_picked":["Hololive_StrengthChampion","Hololive_CocoNews","Hololive_FlyingPonyTail+1"],"picked":"Hololive_CallFriendA","floor":35.0},{"not_picked":["Hololive_MaximGun","Hololive_OvertimeWork","Hololive_Psychosis+1","Hololive_Rebound"],"picked":"SKIP","floor":37.0},{"not_picked":["Hololive_StrengthChampion+1","Hololive_LuckPotion+1","Hololive_CallDoris+1"],"picked":"Hololive_CallSakuraMiko","floor":38.0},{"not_picked":["Hololive_CocoNews+1","Hololive_Trident+1","Hololive_Rebound+1"],"picked":"Hololive_SummonFox+1","floor":39.0},{"not_picked":["Hololive_RevenueBasedLive+1","Hololive_CocoNews+1","Hololive_WolfAndLamb"],"picked":"Hololive_CallMomosuzuNene","floor":40.0},{"not_picked":["Hololive_RevenueBasedLive+1","Hololive_Psychosis+1","Hololive_CallRosalyn","Hololive_CallAmaneKanata+1"],"picked":"SKIP","floor":42.0},{"not_picked":["Hololive_Drill+1","Hololive_CallShiroganeNoel+1","Hololive_LuckPotion","Hololive_CallShiranuiFlare+1"],"picked":"SKIP","floor":44.0},{"not_picked":["Hololive_CallNekomataOkayu+1","Hololive_StrengthChampion+1","Hololive_LuckPotion+1"],"picked":"Hololive_OpenUp","floor":46.0},{"not_picked":["Hololive_Psychosis","Hololive_StrengthChampion+1","Hololive_Trident","Hololive_CallOmaruPolka+1"],"picked":"SKIP","floor":48.0},{"not_picked":["Hololive_OpenUp","Hololive_MaximGun","Hololive_DiamondStrike"],"picked":"Hololive_Nanodesu","floor":50.0},{"not_picked":["Hololive_CallOzoraSubaru+1","Hololive_Sequa","Hololive_ILoveYou","Hololive_CocoNews"],"picked":"SKIP","floor":52},{"not_picked":["Hololive_Drill","Hololive_Watashimo","Hololive_Breathe","Hololive_CallMinatoAqua+1"],"picked":"SKIP","floor":55}],"player_experience":4555,"relics_obtained":[{"floor":6.0,"key":"Orichalcum"},{"floor":9.0,"key":"Strawberry"},{"floor":23.0,"key":"Oddly Smooth Stone"},{"floor":25.0,"key":"Letter Opener"},{"floor":26.0,"key":"Ginger"},{"floor":27.0,"key":"Red Mask"},{"floor":36.0,"key":"Bird Faced Urn"},{"floor":38.0,"key":"Du-Vu Doll"},{"floor":40.0,"key":"PreservedInsect"},{"floor":43.0,"key":"Bottled Tornado"},{"floor":44.0,"key":"Frozen Egg 2"},{"floor":45.0,"key":"Akabeko"},{"floor":46.0,"key":"Juzu Bracelet"},{"floor":53,"key":"Tiny Chest"}],"event_choices":[{"damage_healed":0.0,"max_hp_gain":0.0,"max_hp_loss":0.0,"gold_gain":0.0,"event_name":"WeMeetAgain","player_choice":"Gave Potion","floor":3.0,"gold_loss":0.0,"damage_taken":0.0,"relics_obtained":["War Paint"]},{"damage_healed":0.0,"max_hp_gain":0.0,"max_hp_loss":0.0,"gold_gain":0.0,"event_name":"Upgrade Shrine","player_choice":"Upgraded","floor":11.0,"gold_loss":0.0,"damage_taken":0.0,"cards_upgraded":["Hololive_OvertimeWork"]},{"damage_healed":0.0,"max_hp_gain":0.0,"max_hp_loss":0.0,"gold_gain":0.0,"cards_transformed":["Hololive_Trident"],"event_name":"Living Wall","player_choice":"Change","floor":14.0,"gold_loss":0.0,"damage_taken":0.0,"cards_obtained":["Hololive_CallAkaiHaato"]},{"damage_healed":0.0,"max_hp_gain":0.0,"max_hp_loss":0.0,"gold_gain":0.0,"event_name":"N\u0027loth","player_choice":"Ignored","floor":20.0,"gold_loss":0.0,"damage_taken":0.0},{"damage_healed":0.0,"max_hp_gain":0.0,"max_hp_loss":0.0,"gold_gain":0.0,"event_name":"Masked Bandits","player_choice":"Fought Bandits","floor":27.0,"gold_loss":0.0,"damage_taken":0.0},{"damage_healed":0.0,"max_hp_gain":0.0,"max_hp_loss":0.0,"gold_gain":0.0,"event_name":"The Library","player_choice":"Read","floor":28.0,"gold_loss":0.0,"damage_taken":0.0,"cards_obtained":["Hololive_CallDoris"]},{"cards_removed":["Demon Form"],"damage_healed":0.0,"max_hp_gain":0.0,"max_hp_loss":0.0,"gold_gain":0.0,"event_name":"betterThird:BetterWriting","player_choice":"Elegance","floor":29.0,"gold_loss":0.0,"damage_taken":0.0},{"damage_healed":0.0,"max_hp_gain":0.0,"max_hp_loss":0.0,"gold_gain":0.0,"event_name":"MindBloom","player_choice":"Fight","floor":36.0,"gold_loss":0.0,"damage_taken":0.0},{"damage_healed":0.0,"max_hp_gain":0.0,"max_hp_loss":0.0,"gold_gain":0.0,"event_name":"Mysterious Sphere","player_choice":"Fight","floor":38.0,"gold_loss":0.0,"damage_taken":0.0},{"cards_removed":["Hololive_CocoNews"],"damage_healed":0.0,"max_hp_gain":0.0,"max_hp_loss":0.0,"gold_gain":0.0,"event_name":"Falling","player_choice":"Removed Attack","floor":47.0,"gold_loss":0.0,"damage_taken":0.0},{"damage_healed":0,"gold_gain":30,"player_choice":"Searched \u00272\u0027 times","damage_taken":0,"max_hp_gain":0,"max_hp_loss":0,"event_name":"Dead Adventurer","floor":53,"gold_loss":0},{"damage_healed":0,"gold_gain":100,"player_choice":"Pray","damage_taken":0,"max_hp_gain":0,"max_hp_loss":0,"event_name":"Golden Shrine","floor":54,"gold_loss":0}],"is_beta":false,"boss_relics":[{"not_picked":["Busted Crown","Runic Dome"],"picked":"SacredBark"},{"not_picked":["Velvet Choker","Black Star"],"picked":"Hololive_ChaosS"},{"not_picked":["Hololive_TopUpMoneyS","Philosopher\u0027s Stone"],"picked":"Fusion Hammer"}],"items_purged_floors":[41],"is_endless":true,"potions_floor_spawned":[1,4,6,12,16,18,25,27,30,33,38,40,42,44,46,52],"ascension_level":0}}