{"host":"7jl4uf745pjtflnx","time":1612563677,"event":{"mods":["BaseMod","BetterRewards","Hubris","Minty Spire (QoL Compilation)","Reliquary","Replay The Spire","StSLib","SuperFastMode","The Construct"],"gold_per_floor":[112,22,22,38,62,97,97,117,117,137,212,245,245,261,261,361,361,372,383,26,38,38,57,89,105,129,129,140,167,3,34,34,138,138,152,152,2,14,14,40,40,40,40,40,58,58,93,93,93,93,93,93,2,31,31],"floor_reached":56,"language":"ENG","playtime":1688,"items_purged":["Languid","Strike_B","Strike_B","Defend_B"],"score":1423,"play_id":"f7fd191b-df5d-4c6d-860a-f7878dc29ec3","local_time":"20210205172116","is_ascension_mode":false,"campfire_choices":[{"data":"Defragment","floor":13,"key":"SMITH"},{"floor":15,"key":"REST"},{"data":"Limit Break","floor":27,"key":"SMITH"},{"data":"ReplayTheSpireMod:Fabricate Wheel","floor":32,"key":"SMITH"},{"floor":41,"key":"RECALL"},{"data":"Defragment","floor":44,"key":"SMITH"},{"data":"Enlightenment","floor":49,"key":"SMITH"},{"data":"Heavy Blade","floor":52,"key":"SMITH"}],"circlet_count":0,"master_deck":["Defend_B","Defend_B","Defend_B","Leap","Defragment+1","Dramatic Entrance","Bash","Fire Breathing","Defragment+1","Seeing Red","Iron Wave","Heavy Blade+1","Coolheaded","Limit Break+1","Coolheaded","Ball Lightning","FIFO Queue","Conserve Battery","FTL","Streamline","Coolheaded+1","hubris:PowerSurge","Coolheaded","Ball Lightning","ReplayTheSpireMod:Calculation Training+1","Storm","Conserve Battery","Biased Cognition","Auto Shields+1","Hello World+1","Reinforced Body+1","Enlightenment+1","Buffer","Barrage+1","hubris:PowerSurge","Defragment+1","Parasite","Chill","Finesse","Double Energy+1"],"relics":["NeowsBlessing","ReplayTheSpireMod:CursedCoin","Iron Core","Unceasing Top","reliquary:LoveEmittingDiode","reliquary:SilkGlove","hubris:Backtick","Mummified Hand","BargainBundle","Strawberry","Mango","Replay:Antivirus Software","Calipers","Bottled Tornado","Astrolabe","Prayer Wheel","Replay:Mystery Machine","Blue Doll","Solar Panel","Carrot"],"acts_visited":["Exordium","TheCity","TheBeyond","TheEnding"],"potions_floor_usage":[18,18,21,21,24,24,31,33,55,55],"damage_taken":[{"damage":0,"enemies":"Jaw Worm","floor":1,"turns":1},{"damage":0,"enemies":"2 Louse","floor":4,"turns":1},{"damage":0,"enemies":"Lagavulin","floor":6,"turns":1},{"damage":6,"enemies":"Cultist","floor":8,"turns":3},{"damage":2,"enemies":"Blue Slaver","floor":10,"turns":5},{"damage":9,"enemies":"Gremlin Nob","floor":12,"turns":3},{"damage":9,"enemies":"Large Slime","floor":14,"turns":4},{"damage":22,"enemies":"Fading Forest","floor":16,"turns":11},{"damage":0,"enemies":"2 Thieves","floor":18,"turns":2},{"damage":8,"enemies":"Spheric Guardian","floor":19,"turns":4},{"damage":0,"enemies":"Snake Plant","floor":21,"turns":1},{"damage":11,"enemies":"Centurion and Healer","floor":23,"turns":5},{"damage":18,"enemies":"Book of Stabbing","floor":24,"turns":5},{"damage":1,"enemies":"Cultist and Chosen","floor":25,"turns":5},{"damage":0,"enemies":"Sentry and Sphere","floor":28,"turns":4},{"damage":15,"enemies":"Replay:Snechameleon","floor":29,"turns":5},{"damage":6,"enemies":"Book of Stabbing","floor":31,"turns":4},{"damage":25,"enemies":"Collector","floor":33,"turns":6},{"damage":0,"enemies":"Orb Walker","floor":35,"turns":3},{"damage":9,"enemies":"3 Darklings","floor":38,"turns":3},{"damage":0,"enemies":"Reptomancer","floor":40,"turns":4},{"damage":0,"enemies":"Writhing Mass","floor":45,"turns":3},{"damage":0,"enemies":"Nemesis","floor":47,"turns":3},{"damage":1,"enemies":"hubris:GrandSnecko","floor":50,"turns":5},{"damage":33,"enemies":"Shield and Spear","floor":54,"turns":5},{"damage":14,"enemies":"The Heart","floor":55,"turns":6}],"seed_played":"4365533960485651608","potions_obtained":[{"floor":1,"key":"DistilledChaos"},{"floor":6,"key":"SkillPotion"},{"floor":12,"key":"FearPotion"},{"floor":14,"key":"EssenceOfSteel"},{"floor":19,"key":"AttackPotion"},{"floor":21,"key":"Toxic Potion"},{"floor":29,"key":"Regen Potion"},{"floor":31,"key":"Energy Potion"},{"floor":33,"key":"Flashbang"},{"floor":38,"key":"Fruit Juice"},{"floor":40,"key":"Toxic Potion"},{"floor":45,"key":"SkillPotion"}],"is_trial":false,"path_per_floor":["M","$","?","M","T","E","?","M","T","M","?","E","R","M","R","B",null,"M","M","$","M","?","M","E","M","T","R","M","E","$","E","R","B",null,"M","?","$","M","$","E","R","?","T","R","M","?","E","?","R","B",null,"R","$","E","B",null],"character_chosen":"DEFECT","items_purchased":["ReplayTheSpireMod:CursedCoin","Defragment","Dramatic Entrance","BargainBundle","FIFO Queue","Conserve Battery","FTL","Energy Potion","Strawberry","Streamline","Storm","Finesse"],"campfire_rested":1,"item_purchase_floors":[2,2,2,20,20,20,20,20,20,20,30,53],"current_hp_per_floor":[75,75,75,75,75,75,75,69,69,67,56,47,47,38,60,48,75,75,67,74,74,74,63,59,58,58,58,58,43,43,46,46,21,96,96,96,96,87,87,87,87,87,87,87,87,87,87,87,87,88,96,96,96,63,55],"gold":31,"neow_bonus":"THREE_ENEMY_KILL","is_daily":false,"chose_seed":false,"campfire_upgraded":6,"win_rate":0.0,"timestamp":1612563676,"path_taken":["M","$","?","M","?","E","?","M","T","?","?","E","R","M","R","BOSS","M","M","$","M","?","M","E","M","T","R","M","E","$","E","R","BOSS","M","?","$","M","$","E","R","?","T","R","?","?","E","?","R","BOSS","R","$","E","BOSS"],"items_purchased_type":["Relic","Card","Card","Relic","Card","Card","Card","Potion","Relic","Card","Card","Card"],"build_version":"2020-12-22","purchased_purges":4,"victory":true,"max_hp_per_floor":[75,75,75,75,75,75,75,75,75,75,75,75,75,75,75,75,75,75,75,82,82,82,82,96,96,96,96,96,96,96,96,96,96,96,96,96,96,96,96,96,96,96,96,96,96,96,96,96,96,96,96,96,96,96,96],"card_choices":[{"not_picked":["ReplayTheSpireMod:Repulse","Gash"],"picked":"Leap","floor":1},{"not_picked":["Headbutt","Streamline"],"picked":"Fire Breathing","floor":4},{"not_picked":["Dual Wield","Reprogram"],"picked":"Defragment","floor":6},{"not_picked":["Fire Breathing","Go for the Eyes"],"picked":"Seeing Red","floor":8},{"not_picked":["Body Slam","Static Discharge"],"picked":"Iron Wave","floor":10},{"not_picked":["BasicCrystalCard","WeaponsOverheat"],"picked":"Heavy Blade","floor":12},{"not_picked":["Machine Learning","ReplayTheSpireMod:Muscle Training"],"picked":"Coolheaded","floor":14},{"not_picked":["Double Tap","Thunder Strike"],"picked":"Limit Break","floor":16},{"not_picked":["Go for the Eyes","Beam Cell"],"picked":"Coolheaded","floor":18},{"not_picked":["Steam","Sweeping Beam"],"picked":"Ball Lightning","floor":19},{"not_picked":["Redo","Reprogram"],"picked":"Coolheaded+1","floor":21},{"not_picked":["ReplayTheSpireMod:System Scan","Compile Driver+1"],"picked":"ReplayTheSpireMod:Fabricate Wheel","floor":23},{"not_picked":["Glacier","Aggregate"],"picked":"hubris:PowerSurge","floor":24},{"not_picked":["Hologram","Sunder"],"picked":"Coolheaded","floor":25},{"not_picked":["Stack","Compile Driver"],"picked":"Ball Lightning","floor":28},{"not_picked":["Beam Cell","BootSequence+1"],"picked":"ReplayTheSpireMod:Calculation Training+1","floor":29},{"not_picked":["Gash","Reinforced Body+1"],"picked":"Conserve Battery","floor":31},{"not_picked":["Hyperbeam","hubris:SpecializedCircuitry"],"picked":"Biased Cognition","floor":33},{"not_picked":["Steam","Beam Cell+1","Conserve Battery"],"picked":"SKIP","floor":35},{"not_picked":["Purity","Crow Ritual"],"picked":"Enlightenment","floor":36},{"not_picked":["Rebound+1","Coolheaded+1"],"picked":"Barrage+1","floor":38},{"not_picked":["Gash","Ball Lightning+1","Blizzard"],"picked":"SKIP","floor":38},{"not_picked":["Lockon+1","Redo+1"],"picked":"hubris:PowerSurge","floor":40},{"not_picked":["hubris:DoWhile","Stack"],"picked":"Chill","floor":45},{"not_picked":["Time Bomb","Rebound+1","Leap"],"picked":"SKIP","floor":45},{"not_picked":["Panic Button","Go for the Eyes","Rebound+1"],"picked":"SKIP","floor":47},{"not_picked":["Stack","Rebound"],"picked":"Double Energy+1","floor":54}],"player_experience":768798,"relics_obtained":[{"floor":6,"key":"Unceasing Top"},{"floor":9,"key":"reliquary:LoveEmittingDiode"},{"floor":12,"key":"reliquary:SilkGlove"},{"floor":24,"key":"Mango"},{"floor":26,"key":"Replay:Antivirus Software"},{"floor":29,"key":"Calipers"},{"floor":31,"key":"Bottled Tornado"},{"floor":40,"key":"Replay:Mystery Machine"},{"floor":43,"key":"Blue Doll"},{"floor":47,"key":"Solar Panel"},{"floor":54,"key":"Carrot"}],"event_choices":[{"damage_healed":0,"gold_gain":0,"player_choice":"Forge","damage_taken":0,"max_hp_gain":0,"max_hp_loss":0,"event_name":"Accursed Blacksmith","floor":7,"gold_loss":0,"cards_upgraded":["Defragment"]},{"damage_healed":0,"gold_gain":75,"player_choice":"Gather Gold","damage_taken":11,"max_hp_gain":0,"max_hp_loss":0,"event_name":"World of Goop","floor":11,"gold_loss":0},{"damage_healed":0,"gold_gain":0,"player_choice":"Memory 1","damage_taken":0,"max_hp_gain":0,"max_hp_loss":0,"event_name":"SensoryStone","floor":36,"gold_loss":0}],"is_beta":false,"boss_relics":[{"not_picked":["reliquary:RedPaperclip","SacredBark"],"picked":"hubris:Backtick"},{"not_picked":["hubris:HollowSoul","Honey Jar"],"picked":"Astrolabe"}],"items_purged_floors":[2,20,30,37],"is_endless":false,"potions_floor_spawned":[1,6,12,14,16,19,21,29,31,33,38,40,45],"ascension_level":0}}