{"host":"uv5ws9rdk87e8i5k","time":1612499072,"event":{"mods":["AchievementEnabler","BaseMod","Colored Map","Minty Spire (QoL Compilation)","Permanent Neow","Quick Restart","StSLib","SuperFastMode","The Necromancer"],"gold_per_floor":[116,135,153,171,171,202,42,76,145,176,248,248,248,275,275,275,275],"floor_reached":16,"language":"ENG","playtime":314,"items_purged":["Clumsy"],"score":275,"play_id":"5e388fba-8a3e-4855-995f-654468e2ac69","local_time":"20210204222432","is_ascension_mode":true,"campfire_choices":[{"floor":15,"key":"REST"}],"circlet_count":0,"master_deck":["AscendersBane","Strike_W","Strike_W","Strike_W","Strike_W","Defend_W+1","Defend_W","Defend_W+1","Defend_W","Negative_Energy_Arrows","Bone_Wall","Hellfire","Negative_Energy_Burst+1","Spectral_Armor","Life_Drain","Life_Drain","Necrotic_Claws","Requiem"],"relics":["Vampire_Amulet","Dream Catcher","Calipers","Singing Bowl","Juzu Bracelet","Eternal Feather","War Paint"],"acts_visited":["Exordium"],"potions_floor_usage":[],"damage_taken":[{"damage":2.0,"enemies":"2 Louse","floor":1.0,"turns":3.0},{"damage":7.0,"enemies":"Jaw Worm","floor":2.0,"turns":4.0},{"damage":0.0,"enemies":"Small Slimes","floor":3.0,"turns":2.0},{"damage":3.0,"enemies":"3 Louse","floor":4.0,"turns":3.0},{"damage":30.0,"enemies":"3 Sentries","floor":6.0,"turns":8.0},{"damage":25.0,"enemies":"Gremlin Nob","floor":8.0,"turns":5.0},{"damage":0.0,"enemies":"3 Sentries","floor":10.0,"turns":2.0},{"damage":16,"enemies":"Gremlin Nob","floor":14,"turns":3},{"damage":4,"enemies":"The Guardian","floor":16,"turns":5}],"seed_played":"8042112327419937608","potions_obtained":[{"floor":1.0,"key":"SpeedPotion"},{"floor":6.0,"key":"DuplicationPotion"}],"is_trial":false,"path_per_floor":["M","M","M","M","?","E","$","E","T","E","?","?","?","E","R","B"],"character_chosen":"NECROMANCER","items_purchased":["Life_Drain"],"campfire_rested":1,"item_purchase_floors":[7],"current_hp_per_floor":[66,61,65,68,68,44,44,37,37,49,49,49,23,15,47,63,63],"gold":275,"neow_bonus":"THREE_RARE_CARDS","is_daily":false,"chose_seed":false,"campfire_upgraded":0,"win_rate":0.0,"timestamp":1612499072,"path_taken":["M","M","M","M","?","E","$","E","T","E","?","?","?","E","R","BOSS"],"items_purchased_type":["Card"],"build_version":"2020-12-22","purchased_purges":1,"victory":false,"max_hp_per_floor":[71,71,71,71,71,71,71,71,71,71,71,71,71,71,73,73,73],"card_choices":[{"not_picked":["Blood_Magic","Reap_The_Weak"],"picked":"Hellfire","floor":0.0},{"not_picked":["Consume_Illness","Bone_Armory","Blood_Curse"],"picked":"SKIP","floor":1.0},{"not_picked":["Negative_Energy_Sphere","Negative_Energy_Mist"],"picked":"Negative_Energy_Burst","floor":2.0},{"not_picked":["Negative_Energy_Shield","Consume_Illness","Negative_Energy_Mist"],"picked":"SKIP","floor":3.0},{"not_picked":["Acid_Javelin","Scare"],"picked":"Spectral_Armor","floor":4.0},{"not_picked":["Blood_Whip","Bone_Prison"],"picked":"Life_Drain","floor":6.0},{"not_picked":["Bone_Bullets","Shackles_Of_Pain","Blood_Curse"],"picked":"SKIP","floor":8.0},{"not_picked":["Negative_Energy_Burst","Blood_Curse"],"picked":"Necrotic_Claws","floor":10.0},{"not_picked":["Life_Tap","Bone_Armor"],"picked":"Requiem","floor":14},{"not_picked":["Bones_to_Steel","Bone_Bullets","Blood_Whip"],"picked":"Singing Bowl","floor":15}],"player_experience":232856,"relics_obtained":[{"floor":6.0,"key":"Dream Catcher"},{"floor":8.0,"key":"Calipers"},{"floor":9.0,"key":"Singing Bowl"},{"floor":10.0,"key":"Juzu Bracelet"},{"floor":14,"key":"War Paint"}],"event_choices":[{"damage_healed":0.0,"max_hp_gain":0.0,"max_hp_loss":0.0,"gold_gain":0.0,"event_name":"Living Wall","player_choice":"Grow","floor":5.0,"gold_loss":0.0,"damage_taken":0.0,"cards_upgraded":["Negative_Energy_Burst"]},{"damage_healed":0.0,"max_hp_gain":0.0,"max_hp_loss":0.0,"gold_gain":72.0,"event_name":"Golden Wing","player_choice":"Gained Gold","floor":11.0,"gold_loss":0.0,"damage_taken":0.0},{"damage_healed":0.0,"max_hp_gain":0.0,"max_hp_loss":0.0,"gold_gain":0.0,"event_name":"Liars Game","player_choice":"Ignored","floor":12.0,"gold_loss":0.0,"damage_taken":0.0},{"damage_healed":0.0,"max_hp_gain":0.0,"max_hp_loss":0.0,"gold_gain":0.0,"event_name":"Scrap Ooze","player_choice":"Success","floor":13.0,"gold_loss":0.0,"damage_taken":26.0,"relics_obtained":["Eternal Feather"]}],"is_beta":false,"boss_relics":[],"items_purged_floors":[7],"is_endless":false,"potions_floor_spawned":[1,6],"killed_by":"The Guardian","ascension_level":16}}