{"host":"uzcks4yhskks9i02","time":1612486134,"event":{"mods":["BaseMod","Minty Spire (QoL Compilation)","Quick Restart"],"gold_per_floor":[360,371,390,405,421,421,448,116,170,199,199,229,245,277,277,350,350,362,376,392,442,452,480,480,405,405,74,101,101,133,153,153,225,275,291,306,323,338,353,353,387,387,387,387,397,25,50,63,63,63,63],"floor_reached":50,"language":"ENG","playtime":3115,"items_purged":[],"score":1193,"play_id":"1fb32c6e-5a9e-403b-bb4c-c12d9c78c5dd","local_time":"20210204174854","is_ascension_mode":true,"campfire_choices":[{"floor":6.0,"key":"REST"},{"floor":11.0,"key":"REST"},{"data":"Bandage Up","floor":15.0,"key":"SMITH"},{"floor":24.0,"key":"REST"},{"data":"Perfected Strike","floor":29.0,"key":"SMITH"},{"data":"Perfected Strike","floor":32.0,"key":"SMITH"},{"data":"Perfected Strike","floor":40,"key":"SMITH"},{"floor":42,"key":"REST"},{"data":"Night Terror","floor":44,"key":"SMITH"},{"floor":49,"key":"REST"}],"circlet_count":0,"master_deck":["AscendersBane","Strike_R","Strike_R","Strike_R","Strike_R","Strike_R","Defend_R","Defend_R","Defend_R","Bash","Rage","Perfected Strike+1","Perfected Strike+1","Wild Strike","True Grit","Wild Strike","Twin Strike","Sadistic Nature","Bandage Up+1","Amplify","Night Terror+1","Sword Boomerang+1","Coolheaded+1","Perfected Strike+1","Purity","Steam","Perfected Strike+1","Cold Snap","Double Tap","PiercingWail+1","PiercingWail+1","Flame Barrier","Undo+1","Scrawl","Leap+1"],"relics":["Burning Blood","Eternal Feather","PrismaticShard","Red Skull","Bag of Preparation","StrikeDummy","Toy Ornithopter","Bottled Lightning","Philosopher\u0027s Stone","Tiny Chest","Letter Opener","Matryoshka","Happy Flower","Blue Candle","Tiny House","Charon\u0027s Ashes","Akabeko","CaptainsWheel","Sling","PreservedInsect"],"acts_visited":["Exordium","TheCity","TheBeyond"],"potions_floor_usage":[33,33,41,50,50],"damage_taken":[{"damage":1.0,"enemies":"Cultist","floor":1.0,"turns":3.0},{"damage":8.0,"enemies":"Jaw Worm","floor":2.0,"turns":5.0},{"damage":5.0,"enemies":"2 Louse","floor":3.0,"turns":2.0},{"damage":7.0,"enemies":"Looter","floor":4.0,"turns":3.0},{"damage":26.0,"enemies":"Exordium Thugs","floor":5.0,"turns":5.0},{"damage":49.0,"enemies":"Lagavulin","floor":7.0,"turns":9.0},{"damage":3.0,"enemies":"3 Sentries","floor":10.0,"turns":5.0},{"damage":0.0,"enemies":"Gremlin Nob","floor":12.0,"turns":2.0},{"damage":10.0,"enemies":"Lots of Slimes","floor":13.0,"turns":4.0},{"damage":12.0,"enemies":"3 Sentries","floor":14.0,"turns":5.0},{"damage":58.0,"enemies":"The Guardian","floor":16.0,"turns":10.0},{"damage":14.0,"enemies":"Chosen","floor":18.0,"turns":3.0},{"damage":9.0,"enemies":"Shell Parasite","floor":19.0,"turns":3.0},{"damage":29.0,"enemies":"Sentry and Sphere","floor":20.0,"turns":4.0},{"damage":15.0,"enemies":"Cultist and Chosen","floor":22.0,"turns":4.0},{"damage":35.0,"enemies":"Book of Stabbing","floor":23.0,"turns":4.0},{"damage":37.0,"enemies":"Gremlin Leader","floor":28.0,"turns":7.0},{"damage":37.0,"enemies":"Slavers","floor":30.0,"turns":4.0},{"damage":1.0,"enemies":"3 Cultists","floor":31.0,"turns":3.0},{"damage":57,"enemies":"Collector","floor":33,"turns":7},{"damage":5,"enemies":"Orb Walker","floor":35,"turns":2},{"damage":18,"enemies":"3 Shapes","floor":36,"turns":4},{"damage":26,"enemies":"3 Darklings","floor":37,"turns":6},{"damage":27,"enemies":"Transient","floor":38,"turns":5},{"damage":4,"enemies":"Sphere and 2 Shapes","floor":39,"turns":3},{"damage":75,"enemies":"Nemesis","floor":41,"turns":7},{"damage":10,"enemies":"4 Shapes","floor":45,"turns":6},{"damage":56,"enemies":"Reptomancer","floor":47,"turns":5},{"damage":17,"enemies":"Spire Growth","floor":48,"turns":4},{"damage":80,"enemies":"Awakened One","floor":50,"turns":4}],"seed_played":"-4477169932992956952","potions_obtained":[{"floor":3.0,"key":"SpeedPotion"},{"floor":7.0,"key":"DuplicationPotion"},{"floor":12.0,"key":"FearPotion"},{"floor":13.0,"key":"BlessingOfTheForge"},{"floor":16.0,"key":"DuplicationPotion"},{"floor":23.0,"key":"SpeedPotion"},{"floor":28.0,"key":"HeartOfIron"},{"floor":33,"key":"Strength Potion"},{"floor":34,"key":"BloodPotion"}],"is_trial":false,"path_per_floor":["M","M","M","M","M","R","E","$","T","E","R","E","M","E","R","B",null,"M","M","M","?","M","E","R","?","T","$","E","R","E","M","R","B",null,"M","M","M","M","M","R","E","R","T","R","M","$","E","M","R","B"],"character_chosen":"IRONCLAD","items_purchased":["PrismaticShard","Red Skull","Perfected Strike","Matryoshka","Sling","CultistPotion","CultistPotion"],"campfire_rested":5,"item_purchase_floors":[8,8,27,27,46,46,46],"current_hp_per_floor":[55,53,54,53,33,55,12,12,12,15,46,52,48,46,58,17,61,59,62,45,45,42,24,61,61,61,61,36,51,26,37,52,17,66,73,67,53,38,46,64,11,53,53,71,73,73,29,24,69,0,0],"gold":63,"neow_bonus":"TWO_FIFTY_GOLD","is_daily":false,"chose_seed":false,"campfire_upgraded":5,"win_rate":0.0,"timestamp":1612486134,"path_taken":["M","M","M","?","M","R","E","$","T","E","R","E","M","E","R","BOSS","M","?","M","?","M","E","R","?","T","$","E","R","E","M","R","BOSS","M","M","M","M","M","R","E","R","T","R","M","$","E","M","R","BOSS"],"items_purchased_type":["Relic","Relic","Card","Relic","Relic","Potion","Potion"],"build_version":"2020-12-22","purchased_purges":0,"victory":false,"max_hp_per_floor":[75,75,75,75,75,75,75,75,75,75,75,75,75,75,75,75,75,75,75,75,75,75,75,75,75,75,75,75,75,75,75,75,75,80,80,80,80,80,80,80,80,80,80,80,80,80,80,80,80,80,80],"card_choices":[{"not_picked":["Armaments","Twin Strike"],"picked":"Rage","floor":1.0},{"not_picked":["Wild Strike","True Grit"],"picked":"Perfected Strike","floor":2.0},{"not_picked":["Havoc","Body Slam"],"picked":"Perfected Strike","floor":3.0},{"not_picked":["Bloodletting","Shrug It Off"],"picked":"Wild Strike","floor":4.0},{"not_picked":["Bloodletting","Body Slam"],"picked":"True Grit","floor":5.0},{"not_picked":["Barricade","Clothesline"],"picked":"Wild Strike","floor":7.0},{"not_picked":["Rupture","Flying Knee"],"picked":"Twin Strike","floor":10.0},{"not_picked":["Pommel Strike","Flex"],"picked":"Sadistic Nature","floor":12.0},{"not_picked":["Cloak And Dagger","Evaluate"],"picked":"Bandage Up","floor":13.0},{"not_picked":["Bloodletting","Hologram"],"picked":"Amplify","floor":14.0},{"not_picked":["Exhume","Thunder Strike"],"picked":"Night Terror","floor":16.0},{"not_picked":["Pummel","Compile Driver"],"picked":"Sword Boomerang+1","floor":18.0},{"not_picked":["ClearTheMind","PanicButton"],"picked":"Coolheaded+1","floor":19.0},{"not_picked":["EmptyBody","Armaments"],"picked":"Perfected Strike","floor":20.0},{"not_picked":["Finesse","Sweeping Beam"],"picked":"Purity","floor":22.0},{"not_picked":["Dodge and Roll","Gash"],"picked":"Steam","floor":23.0},{"not_picked":["Sweeping Beam","Mind Blast"],"picked":"Cold Snap","floor":28.0},{"not_picked":["Cloak And Dagger","CrushJoints","LikeWater"],"picked":"SKIP","floor":30.0},{"not_picked":["Outmaneuver","Poisoned Stab","Setup"],"picked":"SKIP","floor":31.0},{"not_picked":["Brilliance","Unload"],"picked":"Double Tap","floor":33},{"not_picked":["Gash","Capacitor","Dagger Throw"],"picked":"SKIP","floor":35},{"not_picked":["Turbo","Dagger Spray","Evaluate"],"picked":"SKIP","floor":36},{"not_picked":["BowlingBash","Thunderclap+1"],"picked":"PiercingWail+1","floor":37},{"not_picked":["Leap","Expertise"],"picked":"PiercingWail+1","floor":38},{"not_picked":["Crippling Poison","Feel No Pain","Sucker Punch"],"picked":"SKIP","floor":39},{"not_picked":["CutThroughFate","Wild Strike"],"picked":"Flame Barrier","floor":41},{"not_picked":["Dagger Spray+1","Thunderclap"],"picked":"Undo+1","floor":45},{"not_picked":["Wallop","JustLucky+1"],"picked":"Scrawl","floor":47},{"not_picked":["Steam","Choke"],"picked":"Leap+1","floor":48}],"player_experience":559869,"relics_obtained":[{"floor":7.0,"key":"Eternal Feather"},{"floor":9.0,"key":"Bag of Preparation"},{"floor":10.0,"key":"StrikeDummy"},{"floor":12.0,"key":"Toy Ornithopter"},{"floor":14.0,"key":"Bottled Lightning"},{"floor":23.0,"key":"Tiny Chest"},{"floor":26.0,"key":"Letter Opener"},{"floor":28.0,"key":"Happy Flower"},{"floor":30.0,"key":"Blue Candle"},{"floor":41,"key":"Charon\u0027s Ashes"},{"floor":43,"key":"Akabeko"},{"floor":43,"key":"CaptainsWheel"},{"floor":47,"key":"PreservedInsect"}],"event_choices":[{"damage_healed":0.0,"max_hp_gain":0.0,"max_hp_loss":0.0,"gold_gain":50.0,"event_name":"Nest","player_choice":"Stole From Cult","floor":21.0,"gold_loss":0.0,"damage_taken":0.0},{"cards_removed":["Defend_R"],"damage_healed":0.0,"max_hp_gain":0.0,"max_hp_loss":0.0,"gold_gain":0.0,"event_name":"Beggar","player_choice":"Gave Gold","floor":25.0,"gold_loss":75.0,"damage_taken":0.0}],"is_beta":false,"boss_relics":[{"not_picked":["Cursed Key","Mark of Pain"],"picked":"Philosopher\u0027s Stone"},{"not_picked":["SlaversCollar","Pandora\u0027s Box"],"picked":"Tiny House"}],"items_purged_floors":[],"is_endless":false,"potions_floor_spawned":[3,7,12,13,16,20,23,28,33,37,39,47,48],"killed_by":"Awakened One","ascension_level":16}}