{"host":"w8xisjf5mgmfjvmt","time":1612516421,"event":{"mods":["BaseMod","BetterRewards","Challenge The Spire","Conspire","Energized Spire","Filter the Spire","Minty Spire (QoL Compilation)","Quarter Circle Forward PUNCH!","Quick Restart","Relic Filter Mod","Relic Stats","Reliquary","Replay The Spire","Shop Mod","Spicy Shops","StSLib","Thieving Mod","¡¾ÒÅÎï¿¨ÅÆ¡¿REMEMod","óô»ðÖ¸ÄÏ"],"gold_per_floor":[110,171,1,12,27,54,54,68,68,101,165,194,194,207,207,284,284,302,227,40,9,29,62,81,116,164,180,194,194,119,131,89,164,164,175,6,22,22,42,42,77,77,77,112,127,127,152,166,166,166,166,166,166,34,61,61],"floor_reached":57,"language":"ZHS","playtime":2838,"items_purged":["Normality","Writhe","Clumsy","Spot Weakness","Shockwave"],"score":3554,"play_id":"f081d615-76ae-4a21-ae27-a7c48b0025ed","local_time":"20210205171341","is_ascension_mode":true,"campfire_choices":[{"data":"Armaments","floor":7.0,"key":"SMITH"},{"data":"Barricade","floor":13.0,"key":"SMITH"},{"data":"Uppercut","floor":15.0,"key":"SMITH"},{"floor":29.0,"key":"REST"},{"data":"Abandon","floor":40.0,"key":"SMITH"},{"data":"Body Slam","floor":42.0,"key":"SMITH"},{"floor":49.0,"key":"RECALL"},{"floor":53.0,"key":"REST"}],"circlet_count":0,"master_deck":["AscendersBane","Defend_R","Defend_R","Barricade+1","Armaments+1","Ghostly Armor","Body Slam+1","True Grit","Shrug It Off","ReplayTheSpireMod:Stacked","Demonic Infusion+1","Master of Strategy+1","Evolve+1","Second Wind+1","Defy Death+1","Feel No Pain","Abandon+1","Parasite","Corruption","REME_ACTH","Exhume","Impervious","Discovery"],"relics":["REME_ComplimentaryCards","Runic Dome","Membership Card","Charon\u0027s Ashes","Pondfish Scales","ReplayFunnel","InkBottle","ReplayTheSpireMod:CursedCoin","reliquary:QuartzCube","Replay:PocketPolymizer","qcfpunch:Wild_Herbs_Ointment","reliquary:Stiletto","Tiny Chest","MerchantsRug","energizedSpire:NeverEndingSparkler","Guide Book","Pet Ghost","reliquary:HotPoker","ReplayTheSpireMod:Lightbulb","Strange Spoon","reliquary:TuningFork"],"acts_visited":["Exordium","TheCity","TheBeyond","TheEnding"],"potions_floor_usage":[56,56],"damage_taken":[{"damage":1.0,"enemies":"Cultist","floor":1.0,"turns":3.0},{"damage":5.0,"enemies":"2 Louse","floor":4.0,"turns":3.0},{"damage":2.0,"enemies":"Jaw Worm","floor":5.0,"turns":4.0},{"damage":15.0,"enemies":"Lagavulin","floor":6.0,"turns":8.0},{"damage":0.0,"enemies":"Exordium Wildlife","floor":8.0,"turns":4.0},{"damage":16.0,"enemies":"Gremlin Nob","floor":10.0,"turns":4.0},{"damage":1.0,"enemies":"3 Sentries","floor":11.0,"turns":7.0},{"damage":0.0,"enemies":"Lagavulin","floor":12.0,"turns":5.0},{"damage":4.0,"enemies":"Exordium Thugs","floor":14.0,"turns":5.0},{"damage":0.0,"enemies":"The Guardian","floor":16.0,"turns":8.0},{"damage":0.0,"enemies":"conspire:FuzzyDice","floor":18.0,"turns":7.0},{"damage":22.0,"enemies":"2 Thieves","floor":22.0,"turns":4.0},{"damage":3.0,"enemies":"Replay:Snechameleon","floor":23.0,"turns":7.0},{"damage":0.0,"enemies":"conspire:HollyBat","floor":24.0,"turns":8.0},{"damage":12.0,"enemies":"REME_1_Revenger","floor":25.0,"turns":7.0},{"damage":0.0,"enemies":"Cultist and Chosen","floor":27.0,"turns":6.0},{"damage":23.0,"enemies":"Snake Plant","floor":28.0,"turns":5.0},{"damage":2.0,"enemies":"Snecko","floor":31.0,"turns":5.0},{"damage":1.0,"enemies":"Champ","floor":33.0,"turns":7.0},{"damage":0.0,"enemies":"3 Shapes","floor":35.0,"turns":4.0},{"damage":0.0,"enemies":"3 Darklings","floor":37.0,"turns":4.0},{"damage":0.0,"enemies":"Writhing Mass","floor":39.0,"turns":5.0},{"damage":0.0,"enemies":"R_Hoarder","floor":41.0,"turns":8.0},{"damage":0.0,"enemies":"Nemesis","floor":44.0,"turns":3.0},{"damage":0.0,"enemies":"Spire Growth","floor":45.0,"turns":3.0},{"damage":0.0,"enemies":"R_Hoarder","floor":47.0,"turns":5.0},{"damage":0.0,"enemies":"Maw","floor":48.0,"turns":4.0},{"damage":0.0,"enemies":"Awakened One","floor":50.0,"turns":5.0},{"damage":0.0,"enemies":"Donu and Deca","floor":51.0,"turns":4.0},{"damage":7,"enemies":"Shield and Spear","floor":55,"turns":2},{"damage":10,"enemies":"The Heart","floor":56,"turns":5}],"seed_played":"7757680299817692582","potions_obtained":[{"floor":2.0,"key":"Ancient Potion"},{"floor":2.0,"key":"Strength Potion"},{"floor":2.0,"key":"conspire:TimeTravelPotion"},{"floor":6.0,"key":"BloodPotion"},{"floor":10.0,"key":"LifebloodPotion"},{"floor":11.0,"key":"Strength Potion"},{"floor":25.0,"key":"Venom Potion"},{"floor":27.0,"key":"LifebloodPotion"},{"floor":33.0,"key":"DistilledChaos"}],"is_trial":false,"path_per_floor":["M","?","$","M","M","E","R","M","T","E","?","E","R","M","R","B",null,"M","?","$","$","M","E","M","E","T","M","M","R","?","M","R","B",null,"M","$","M","?","M","R","E","R","T","E","M","?","E","M","R","B","B",null,"R","$","E","B",null],"character_chosen":"IRONCLAD","items_purchased":["Membership Card","Armaments","Ghostly Armor","Master of Strategy","reliquary:BrokenClock","ReplayTheSpireMod:CursedCoin","reliquary:QuartzCube","MerchantsRug","Feel No Pain","Guide Book","Strange Spoon","Discovery"],"campfire_rested":2,"item_purchase_floors":[3,3,3,20,20,21,21,32,32,36,54,54],"current_hp_per_floor":[67,37,37,32,30,30,30,30,30,29,28,28,28,24,24,24,62,62,62,62,62,40,37,37,25,25,25,6,29,29,27,27,26,66,66,66,66,66,66,66,66,66,66,66,66,66,70,70,70,70,70,77,79,79,72,70],"gold":61,"neow_bonus":"BOSS_RELIC","is_daily":false,"chose_seed":false,"campfire_upgraded":5,"win_rate":0.0,"timestamp":1612516421,"path_taken":["M","?","$","M","M","E","R","M","T","E","?","E","R","M","R","BOSS","M","?","?","$","M","E","?","E","T","?","M","R","?","M","R","BOSS","M","$","?","?","M","R","E","R","T","E","M","?","E","M","R","BOSS","BOSS","R","$","E","BOSS"],"items_purchased_type":["Relic","Card","Card","Card","Relic","Relic","Relic","Relic","Card","Relic","Relic","Card"],"build_version":"2020-12-22","purchased_purges":5,"victory":true,"max_hp_per_floor":[75,75,75,75,75,75,75,75,75,75,75,75,75,75,75,75,75,75,75,75,75,75,75,75,75,75,75,79,79,79,79,79,79,79,79,79,79,79,79,79,79,79,79,79,79,79,79,79,79,79,79,79,79,79,79,87],"relic_stats":{"Strange Spoon":[23],"counters":[35,175],"Tiny Chest":0,"Charon\u0027s Ashes":[1159],"obtain_stats":[{"ReplayFunnel":11,"reliquary:FeatherDuster":6,"Replay:PocketPolymizer":23,"reliquary:QuartzCube":21,"Burning Blood":0,"Pet Ghost":41,"qcfpunch:Wild_Herbs_Ointment":25,"reliquary:HotPoker":44,"Tiny Chest":30,"qcfpunch:Chain_With_Nametags":4,"InkBottle":12,"MerchantsRug":32,"ReplayTheSpireMod:CursedCoin":21,"Guide Book":36,"Charon\u0027s Ashes":9,"Runic Dome":0,"Strange Spoon":54,"Pondfish Scales":10,"energizedSpire:NeverEndingSparkler":34,"reliquary:Stiletto":26,"reliquary:BrokenClock":20,"reliquary:TuningFork":55,"Membership Card":3,"Kintsugi":17,"ReplayTheSpireMod:Lightbulb":47,"REME_ComplimentaryCards":0},{"ReplayFunnel":11,"reliquary:FeatherDuster":8,"Replay:PocketPolymizer":17,"reliquary:QuartzCube":15,"Burning Blood":0,"Pet Ghost":27,"qcfpunch:Wild_Herbs_Ointment":19,"reliquary:HotPoker":28,"Tiny Chest":21,"qcfpunch:Chain_With_Nametags":2,"InkBottle":12,"MerchantsRug":22,"ReplayTheSpireMod:CursedCoin":15,"Guide Book":24,"Charon\u0027s Ashes":9,"Runic Dome":4,"Strange Spoon":33,"Pondfish Scales":10,"energizedSpire:NeverEndingSparkler":23,"reliquary:Stiletto":19,"reliquary:BrokenClock":15,"reliquary:TuningFork":34,"Membership Card":5,"Kintsugi":14,"ReplayTheSpireMod:Lightbulb":30,"REME_ComplimentaryCards":0},{"ReplayFunnel":49,"reliquary:FeatherDuster":34,"Replay:PocketPolymizer":85,"reliquary:QuartzCube":74,"Burning Blood":0,"Pet Ghost":144,"qcfpunch:Wild_Herbs_Ointment":100,"reliquary:HotPoker":147,"Tiny Chest":111,"qcfpunch:Chain_With_Nametags":7,"InkBottle":54,"MerchantsRug":116,"ReplayTheSpireMod:CursedCoin":74,"Guide Book":127,"Charon\u0027s Ashes":38,"Runic Dome":16,"Strange Spoon":168,"Pondfish Scales":42,"energizedSpire:NeverEndingSparkler":123,"reliquary:Stiletto":100,"reliquary:BrokenClock":74,"reliquary:TuningFork":170,"Membership Card":19,"Kintsugi":67,"ReplayTheSpireMod:Lightbulb":155,"REME_ComplimentaryCards":0}],"InkBottle":[57]},"card_choices":[{"not_picked":["Flex","REME_Scribble"],"picked":"Uppercut","floor":1.0},{"not_picked":["Shrug It Off","Iron Wave"],"picked":"Spot Weakness","floor":2.0},{"not_picked":["Inflame","Reckless Charge"],"picked":"Body Slam","floor":4.0},{"not_picked":["Flex","Disarm"],"picked":"True Grit","floor":5.0},{"not_picked":["Perfected Strike","Corruption"],"picked":"Shrug It Off","floor":6.0},{"not_picked":["Cleave","True Grit","Run Through"],"picked":"SKIP","floor":8.0},{"not_picked":["Twin Strike","Thunderclap"],"picked":"Shockwave","floor":10.0},{"not_picked":["Twin Strike","conspire:Charge"],"picked":"ReplayTheSpireMod:Stacked","floor":11.0},{"not_picked":["Run Through","Pommel Strike","Perfected Strike"],"picked":"SKIP","floor":12.0},{"not_picked":["Heavy Blade","Warcry","Flex"],"picked":"SKIP","floor":14.0},{"not_picked":["Heavy Blade","Flex"],"picked":"Warcry","floor":14.0},{"not_picked":["Feed","Immolate"],"picked":"Demonic Infusion","floor":16.0},{"not_picked":["Sword Boomerang","Iron Wave"],"picked":"Body Slam","floor":18.0},{"not_picked":["Sword Boomerang","conspire:ExplosiveBarrier","Pummel+1"],"picked":"SKIP","floor":22.0},{"not_picked":["Thunderclap","Rupture","Searing Blow"],"picked":"SKIP","floor":23.0},{"not_picked":["Thunderclap","Whirlwind+1"],"picked":"Evolve","floor":24.0},{"not_picked":["Flex+1","Iron Wave"],"picked":"Second Wind+1","floor":25.0},{"not_picked":["Sword Boomerang","Body Slam","Armaments"],"picked":"SKIP","floor":27.0},{"not_picked":["Flex","Body Slam","REME_Cut"],"picked":"SKIP","floor":28.0},{"not_picked":["Intimidate","Anger"],"picked":"Defy Death+1","floor":31.0},{"not_picked":["Anger+1","Pommel Strike","Sword Boomerang"],"picked":"SKIP","floor":35.0},{"not_picked":["Hemokinesis+1","Shockwave"],"picked":"Abandon","floor":37.0},{"not_picked":["Clash","Body Slam","Flame Barrier"],"picked":"SKIP","floor":39.0},{"not_picked":["Clothesline","REME_Cut","Havoc+1"],"picked":"SKIP","floor":41.0},{"not_picked":["Perfected Strike","Abandon","Bludgeon"],"picked":"SKIP","floor":44.0},{"not_picked":["True Grit","Sword Boomerang","Havoc"],"picked":"SKIP","floor":45.0},{"not_picked":["Hemogenesis","Cleave","Run Through"],"picked":"SKIP","floor":47.0},{"not_picked":["Dropkick","Hemokinesis","Fire Breathing"],"picked":"SKIP","floor":48.0},{"not_picked":["Armaments","conspire:Purge","True Grit"],"picked":"SKIP","floor":55}],"player_experience":1273689,"relics_obtained":[{"floor":6.0,"key":"reliquary:FeatherDuster"},{"floor":9.0,"key":"Charon\u0027s Ashes"},{"floor":10.0,"key":"Pondfish Scales"},{"floor":11.0,"key":"ReplayFunnel"},{"floor":12.0,"key":"InkBottle"},{"floor":23.0,"key":"Replay:PocketPolymizer"},{"floor":25.0,"key":"qcfpunch:Wild_Herbs_Ointment"},{"floor":26.0,"key":"reliquary:Stiletto"},{"floor":41.0,"key":"Pet Ghost"},{"floor":44.0,"key":"reliquary:HotPoker"},{"floor":47.0,"key":"ReplayTheSpireMod:Lightbulb"},{"floor":55,"key":"reliquary:TuningFork"}],"event_choices":[{"damage_healed":0.0,"max_hp_gain":0.0,"max_hp_loss":0.0,"gold_gain":0.0,"event_name":"Dead Adventurer","player_choice":"Searched \u00271\u0027 times","floor":11.0,"gold_loss":0.0,"damage_taken":0.0},{"cards_removed":["Decay"],"damage_healed":0.0,"max_hp_gain":0.0,"max_hp_loss":0.0,"gold_gain":0.0,"event_name":"Beggar","player_choice":"Gave Gold","floor":19.0,"gold_loss":75.0,"damage_taken":0.0},{"damage_healed":0.0,"max_hp_gain":0.0,"max_hp_loss":0.0,"gold_gain":0.0,"event_name":"WeMeetAgain","player_choice":"Paid Gold","floor":30.0,"gold_loss":75.0,"damage_taken":0.0,"relics_obtained":["Tiny Chest"]},{"cards_removed":["Uppercut"],"damage_healed":0.0,"max_hp_gain":0.0,"max_hp_loss":0.0,"gold_gain":0.0,"event_name":"Falling","player_choice":"Removed Attack","floor":38.0,"gold_loss":0.0,"damage_taken":0.0},{"damage_healed":0.0,"max_hp_gain":0.0,"max_hp_loss":0.0,"gold_gain":0.0,"event_name":"Upgrade Shrine","player_choice":"Upgraded","floor":46.0,"gold_loss":0.0,"damage_taken":0.0,"cards_upgraded":["Evolve"]}],"is_beta":false,"boss_relics":[{"not_picked":["SlaversCollar","Sozu"],"picked":"Kintsugi"},{"not_picked":["qcfpunch:Killian_Engine_Alpha","Replay:Drink Me"],"picked":"energizedSpire:NeverEndingSparkler"}],"items_purged_floors":[3,21,32,32,36],"is_endless":false,"potions_floor_spawned":[4,6,10,11,18,25,27,33,35,39,47,48,55],"ascension_level":20}}