{"host":"q9718omregw4er46","time":1612556493,"event":{"mods":["BaseMod","Bestiary","Minty Spire (QoL Compilation)","Quick Restart","Relic Stats"],"gold_per_floor":[19,19,34,34,52,91,91,134,134,157,181,181,181],"floor_reached":12,"language":"ENG","playtime":432,"items_purged":[],"score":230,"play_id":"a26682f6-fdf8-4f21-a350-851f33a19bf7","local_time":"20210206012133","is_ascension_mode":true,"campfire_choices":[{"data":"Wish","floor":7,"key":"SMITH"}],"circlet_count":0,"master_deck":["AscendersBane","Strike_P+1","Strike_P","Strike_P","Strike_P+1","Defend_P","Defend_P+1","Defend_P+1","Defend_P+1","Eruption+1","Vigilance","LessonLearned","CrushJoints","SashWhip+1","Pain","FlyingSleeves+1","Wish+1","EmptyFist"],"relics":["PureWater","Golden Idol","WarpedTongs","StrikeDummy","Smiling Mask","Ornamental Fan"],"acts_visited":["Exordium"],"potions_floor_usage":[6],"damage_taken":[{"damage":0,"enemies":"Cultist","floor":1,"turns":3},{"damage":7,"enemies":"2 Louse","floor":3,"turns":4},{"damage":7,"enemies":"Small Slimes","floor":5,"turns":3},{"damage":19,"enemies":"3 Sentries","floor":6,"turns":8},{"damage":1,"enemies":"Gremlin Nob","floor":8,"turns":2},{"damage":18,"enemies":"3 Louse","floor":10,"turns":4},{"damage":16,"enemies":"Exordium Thugs","floor":11,"turns":6},{"damage":8,"enemies":"3 Sentries","floor":12,"turns":2}],"seed_played":"-8108804910114978790","potions_obtained":[{"floor":5,"key":"Regen Potion"},{"floor":6,"key":"BlessingOfTheForge"},{"floor":10,"key":"SteroidPotion"}],"is_trial":false,"path_per_floor":["M","?","M","?","M","E","R","E","T","M","M","E"],"character_chosen":"WATCHER","items_purchased":[],"campfire_rested":0,"item_purchase_floors":[],"current_hp_per_floor":[61,61,54,54,47,43,43,42,42,24,8,0,0],"gold":181,"neow_bonus":"THREE_RARE_CARDS","is_daily":false,"chose_seed":true,"campfire_upgraded":1,"win_rate":0.0,"timestamp":1612556493,"path_taken":["M","?","M","?","M","E","R","E","T","M","M","E"],"items_purchased_type":[],"build_version":"2020-12-22","purchased_purges":0,"victory":false,"max_hp_per_floor":[68,62,62,62,62,62,62,62,62,62,62,62,62],"relic_stats":{"counters":[8,32],"Golden Idol":34,"Ornamental Fan":[0],"Smiling Mask":0,"obtain_stats":[{"Golden Idol":2,"Ornamental Fan":9,"PureWater":0,"StrikeDummy":6,"Smiling Mask":8,"WarpedTongs":4},{"Golden Idol":1,"Ornamental Fan":5,"PureWater":0,"StrikeDummy":4,"Smiling Mask":5,"WarpedTongs":2},{"Golden Idol":3,"Ornamental Fan":20,"PureWater":0,"StrikeDummy":18,"Smiling Mask":20,"WarpedTongs":7}],"WarpedTongs":[24]},"card_choices":[{"not_picked":["Establishment","Omniscience"],"picked":"LessonLearned","floor":0},{"not_picked":["Consecrate","Evaluate"],"picked":"CrushJoints","floor":1},{"not_picked":["Halt","Swivel"],"picked":"SashWhip","floor":3},{"not_picked":["Nirvana","Crescendo"],"picked":"FlyingSleeves","floor":5},{"not_picked":["Protect","ThirdEye"],"picked":"Wish","floor":6},{"not_picked":["InnerPeace","WindmillStrike","PathToVictory"],"picked":"SKIP","floor":8},{"not_picked":["JustLucky","EmptyBody","PathToVictory"],"picked":"SKIP","floor":10},{"not_picked":["Perseverance","Prostrate"],"picked":"EmptyFist","floor":11}],"player_experience":780838,"relics_obtained":[{"floor":6,"key":"StrikeDummy"},{"floor":8,"key":"Smiling Mask"},{"floor":9,"key":"Ornamental Fan"}],"event_choices":[{"damage_healed":0,"gold_gain":0,"player_choice":"Lose Max HP","damage_taken":0,"relics_obtained":["Golden Idol"],"max_hp_gain":0,"max_hp_loss":6,"event_name":"Golden Idol","floor":2,"gold_loss":0},{"damage_healed":0,"gold_gain":0,"player_choice":"Rummage","damage_taken":0,"relics_obtained":["WarpedTongs"],"max_hp_gain":0,"max_hp_loss":0,"event_name":"Accursed Blacksmith","floor":4,"gold_loss":0,"cards_obtained":["Pain"]}],"is_beta":false,"boss_relics":[],"items_purged_floors":[],"is_endless":false,"potions_floor_spawned":[5,6,10],"killed_by":"3 Sentries","ascension_level":20}}