{"host":"6qo42zgaknezulyg","time":1612528409,"event":{"mods":["2.2 Compatiblity","Arknights","BaseMod","Faster Ascension Climbing","Keyboard Shortcuts","Minty Spire (QoL Compilation)","Permanent Neow","Quick Restart","StSLib","SuperFastMode"],"gold_per_floor":[20,20,20,20,41,41,84,84,138,156,180,196,217,257,257,352,352,375,390,415,415,105,145,145,145,194,26,26,26,49,73,73,169,169,193,240,255,255,92,92,107,150,197,221,221,235,118,138,138,138,138,138],"floor_reached":51,"language":"ENG","playtime":2583,"items_purged":["ats:Strike G","Writhe","ats:Emotion Absorption"],"score":1318,"play_id":"ebde5117-2cdf-43d9-a395-57e7f405c859","local_time":"20210205213329","is_ascension_mode":true,"campfire_choices":[{"data":"1","floor":6.0,"key":"LIFT"},{"floor":8.0,"key":"REST"},{"data":"2","floor":15.0,"key":"LIFT"},{"data":"3","floor":24.0,"key":"LIFT"},{"floor":28.0,"key":"REST"},{"data":"ats:Serious Mode","floor":32.0,"key":"SMITH"},{"floor":40.0,"key":"REST"},{"floor":45.0,"key":"REST"},{"floor":49.0,"key":"REST"}],"circlet_count":0,"master_deck":["AscendersBane","ats:Strike C+1","ats:Armor Crushing Shot","ats:Defend","ats:Defend","ats:Defend","ats:Defend","ats:Magnetic Hammer","ats:Overload","ats:Shell Defense","ats:Part Time Job","ats:Thermite Blade","ats:Serious Mode+1","ats:Fractured Body","ats:Nebulous Foxfire","ats:Demon Strength","ats:Calcification","ats:Closed Bolt Burst Fire","ats:Guard Mode","ats:Durian","ats:True Silver Slash+1","CurseOfTheBell","ats:Closed Bolt Burst Fire+1","ats:Flexible Camouflage+1"],"relics":["ats:Sanity","Girya","Golden Idol","ats:Originium","Tiny Chest","PreservedInsect","Du-Vu Doll","Velvet Choker","ats:Spiritual Recovery","Smiling Mask","Blood Vial","HandDrill","Calling Bell","Dream Catcher","Mercury Hourglass","ats:Emergency Defibrillator","Whetstone","ats:Lavender","The Courier","ats:Ability Aura"],"acts_visited":["Exordium","TheCity","TheBeyond"],"potions_floor_usage":[51],"damage_taken":[{"damage":8.0,"enemies":"Small Slimes","floor":1.0,"turns":4.0},{"damage":13.0,"enemies":"Jaw Worm","floor":5.0,"turns":7.0},{"damage":30.0,"enemies":"3 Sentries","floor":7.0,"turns":11.0},{"damage":0.0,"enemies":"Cultist","floor":10.0,"turns":3.0},{"damage":3.0,"enemies":"Blue Slaver","floor":11.0,"turns":4.0},{"damage":0.0,"enemies":"2 Fungi Beasts","floor":12.0,"turns":4.0},{"damage":0.0,"enemies":"3 Louse","floor":13.0,"turns":4.0},{"damage":8.0,"enemies":"Gremlin Nob","floor":14.0,"turns":3.0},{"damage":27.0,"enemies":"Hexaghost","floor":16.0,"turns":7.0},{"damage":20.0,"enemies":"3 Byrds","floor":18.0,"turns":5.0},{"damage":19.0,"enemies":"Spheric Guardian","floor":19.0,"turns":4.0},{"damage":15.0,"enemies":"Snecko","floor":20.0,"turns":5.0},{"damage":10.0,"enemies":"Gremlin Leader","floor":23.0,"turns":3.0},{"damage":10.0,"enemies":"Snake Plant","floor":30.0,"turns":2.0},{"damage":11.0,"enemies":"Centurion and Healer","floor":31.0,"turns":2.0},{"damage":54.0,"enemies":"Collector","floor":33.0,"turns":5.0},{"damage":17.0,"enemies":"3 Darklings","floor":35.0,"turns":2.0},{"damage":0.0,"enemies":"Orb Walker","floor":37.0,"turns":2.0},{"damage":44.0,"enemies":"Transient","floor":41.0,"turns":6.0},{"damage":28.0,"enemies":"Giant Head","floor":42.0,"turns":4.0},{"damage":5.0,"enemies":"3 Darklings","floor":44.0,"turns":2.0},{"damage":29.0,"enemies":"Maw","floor":46.0,"turns":6.0},{"damage":12.0,"enemies":"Writhing Mass","floor":48.0,"turns":3.0},{"damage":69.0,"enemies":"Awakened One","floor":50.0,"turns":6.0},{"damage":8,"enemies":"Time Eater","floor":51,"turns":1}],"seed_played":"6739659343407942906","potions_obtained":[{"floor":7.0,"key":"ats:Top Emergency Sanity Potion"},{"floor":11.0,"key":"Regen Potion"},{"floor":13.0,"key":"PowerPotion"},{"floor":18.0,"key":"Explosive Potion"},{"floor":20.0,"key":"AttackPotion"},{"floor":42.0,"key":"SpeedPotion"},{"floor":44.0,"key":"SkillPotion"}],"is_trial":false,"path_per_floor":["M","?","?","?","M","R","E","R","T","M","M","M","M","E","R","B",null,"M","M","M","?","$","E","R","?","T","$","R","$","M","M","R","B",null,"M","T","M","T","$","R","M","E","T","M","R","M","$","M","R","B","B"],"character_chosen":"DOCTOR_CLASS","items_purchased":["ats:Calcification","ats:Closed Bolt Burst Fire","HandDrill","CultistPotion","LiquidMemories"],"campfire_rested":5,"item_purchase_floors":[22,22,27,39,47],"current_hp_per_floor":[57,57,50,50,37,37,7,26,26,26,23,23,29,24,24,3,50,56,46,43,43,43,33,33,33,33,33,52,52,50,44,44,1,49,35,35,37,37,37,56,65,40,40,38,57,41,41,38,57,1,0,0],"gold":138,"neow_bonus":"ONE_RARE_RELIC","is_daily":false,"chose_seed":false,"campfire_upgraded":1,"win_rate":0.0,"timestamp":1612528409,"path_taken":["M","?","?","?","M","R","E","R","T","M","?","M","M","E","R","BOSS","M","M","M","?","$","E","R","?","T","$","R","$","M","M","R","BOSS","M","?","M","?","$","R","M","E","T","M","R","M","$","M","R","BOSS","BOSS"],"items_purchased_type":["Card","Card","Relic","Potion","Potion"],"build_version":"2020-12-22","purchased_purges":3,"victory":false,"max_hp_per_floor":[72,65,65,65,65,65,65,65,65,65,65,65,65,65,65,65,65,65,65,65,65,65,65,65,65,65,65,65,65,65,65,65,65,65,65,65,65,65,65,65,65,65,65,65,65,65,65,65,65,65,65,65],"card_choices":[{"not_picked":["ats:Assault Order","ats:Absolute Focus"],"picked":"ats:Magnetic Hammer","floor":1.0},{"not_picked":["ats:Guard Mode","ats:Explosion Area Strengthen"],"picked":"ats:Overload","floor":5.0},{"not_picked":["ats:Assault Order","ats:Curse Doll","ats:Defend Order"],"picked":"SKIP","floor":7.0},{"not_picked":["ats:Sword Rain","ats:Composite Medical Shells"],"picked":"ats:Shell Defense","floor":10.0},{"not_picked":["ats:Explosion Area Strengthen","ats:Collapsing Strike"],"picked":"ats:Part Time Job","floor":11.0},{"not_picked":["ats:Explosion Area Strengthen","ats:Counter Healing Mode"],"picked":"ats:Thermite Blade","floor":12.0},{"not_picked":["ats:Automatic Cover","ats:Literary Storm"],"picked":"ats:Serious Mode","floor":13.0},{"not_picked":["ats:Poison Spread","ats:Assault Order"],"picked":"ats:Fractured Body","floor":14.0},{"not_picked":["ats:Fractured Body","ats:Echo Reverb"],"picked":"ats:Nebulous Foxfire","floor":16.0},{"not_picked":["ats:Sashimi Platter","ats:Hammer On","ats:Sunburst"],"picked":"SKIP","floor":18.0},{"not_picked":["ats:Shell Defense","ats:Thermite Blade","ats:Apocalypse"],"picked":"SKIP","floor":19.0},{"not_picked":["ats:Curse Doll","ats:Closed Bolt Burst Fire"],"picked":"ats:Demon Strength","floor":20.0},{"not_picked":["ats:Guardian Obelisk","ats:Consecutive Shot Auto"],"picked":"ats:Guard Mode","floor":23.0},{"not_picked":["ats:Burning Ground","ats:Explosion Area Strengthen","ats:Song Of Battle"],"picked":"SKIP","floor":30.0},{"not_picked":["ats:Chain Hook","ats:Assault Order+1"],"picked":"ats:Durian","floor":31.0},{"not_picked":["ats:Ambush","ats:Nebulous Foxfire"],"picked":"ats:True Silver Slash","floor":33.0},{"not_picked":["ats:Apocalypse","ats:Flexible Camouflage","ats:Explosion Area Strengthen"],"picked":"SKIP","floor":35.0},{"not_picked":["ats:Revitalization","ats:Absolute Focus","ats:Explosion Area Strengthen"],"picked":"SKIP","floor":37.0},{"not_picked":["ats:Cat Scratch","ats:Beaten Up"],"picked":"ats:Closed Bolt Burst Fire+1","floor":40.0},{"not_picked":["ats:Thorns+1","ats:Assault Order","ats:Hammer On"],"picked":"SKIP","floor":41.0},{"not_picked":["ats:Guard Mode","ats:Shadow Raid"],"picked":"ats:Flexible Camouflage+1","floor":42.0},{"not_picked":["ats:Cat Scratch","ats:Roar Of Ursus","ats:Poison Spread+1"],"picked":"SKIP","floor":44.0},{"not_picked":["ats:Charging Defense","ats:Guard Mode","ats:Ignite+1"],"picked":"SKIP","floor":46.0},{"not_picked":["ats:Composite Medical Shells+1","ats:Overload+1","ats:Consecutive Shot Auto"],"picked":"SKIP","floor":48.0}],"player_experience":730781,"relics_obtained":[{"floor":7.0,"key":"ats:Originium"},{"floor":7.0,"key":"Tiny Chest"},{"floor":9.0,"key":"PreservedInsect"},{"floor":14.0,"key":"ats:Originium"},{"floor":14.0,"key":"Du-Vu Doll"},{"floor":23.0,"key":"ats:Originium"},{"floor":23.0,"key":"ats:Spiritual Recovery"},{"floor":26.0,"key":"Blood Vial"},{"floor":34.0,"key":"Dream Catcher"},{"floor":34.0,"key":"Mercury Hourglass"},{"floor":34.0,"key":"ats:Emergency Defibrillator"},{"floor":36.0,"key":"Whetstone"},{"floor":38.0,"key":"ats:Lavender"},{"floor":42.0,"key":"ats:Originium"},{"floor":42.0,"key":"The Courier"},{"floor":43.0,"key":"ats:Ability Aura"}],"event_choices":[{"damage_healed":0.0,"max_hp_gain":0.0,"max_hp_loss":7.0,"gold_gain":0.0,"event_name":"Golden Idol","player_choice":"Lose Max HP","floor":2.0,"gold_loss":0.0,"damage_taken":0.0,"relics_obtained":["Golden Idol"]},{"cards_removed":["ats:Strike V"],"damage_healed":0.0,"max_hp_gain":0.0,"max_hp_loss":0.0,"gold_gain":0.0,"event_name":"Golden Wing","player_choice":"Card Removal","floor":3.0,"gold_loss":0.0,"damage_taken":7.0},{"cards_removed":["ats:Strike S"],"damage_healed":0.0,"max_hp_gain":0.0,"max_hp_loss":0.0,"gold_gain":0.0,"event_name":"Bonfire Elementals","player_choice":"Offered Basic","floor":4.0,"gold_loss":0.0,"damage_taken":0.0},{"damage_healed":0.0,"max_hp_gain":0.0,"max_hp_loss":0.0,"gold_gain":0.0,"event_name":"Cursed Tome","player_choice":"Ignored","floor":21.0,"gold_loss":0.0,"damage_taken":0.0},{"damage_healed":0.0,"max_hp_gain":0.0,"max_hp_loss":0.0,"gold_gain":0.0,"event_name":"The Mausoleum","player_choice":"Opened","floor":25.0,"gold_loss":0.0,"damage_taken":0.0,"relics_obtained":["Smiling Mask"],"cards_obtained":["Writhe"]}],"is_beta":false,"boss_relics":[{"not_picked":["Empty Cage","Tiny House"],"picked":"Velvet Choker"},{"not_picked":["ats:Sanity Plus","Snecko Eye"],"picked":"Calling Bell"}],"items_purged_floors":[22,39,47],"is_endless":false,"potions_floor_spawned":[7,11,13,16,18,20,30,42,44,46],"killed_by":"Time Eater","ascension_level":20}}