{"host":"fj5i6t4nkss7815d","time":1612485285,"event":{"mods":["AchievementEnabler","BaseMod","Minty Spire (QoL Compilation)","Quick Restart","Relic Stats"],"gold_per_floor":[17,35,50,15,26,26,61,61,61,73,104,104,104,104],"floor_reached":13,"language":"ENG","playtime":623,"items_purged":[],"score":181,"play_id":"020b645d-9af3-4632-8358-eb69e37ede9a","local_time":"20210204163445","is_ascension_mode":true,"campfire_choices":[{"data":"Mayhem","floor":6.0,"key":"SMITH"},{"floor":12.0,"key":"REST"}],"circlet_count":0,"master_deck":["AscendersBane","Strike_G","Strike_G","Strike_G","Strike_G","Strike_G","Defend_G","Defend_G","Defend_G","Defend_G","Defend_G","Survivor","Neutralize","Mayhem+1","Caltrops+1","Dagger Spray","Terror","Prepared","Leg Sweep","All Out Attack"],"relics":["Ring of the Snake","Turnip","The Specimen","White Beast Statue"],"acts_visited":["Exordium"],"potions_floor_usage":[],"damage_taken":[{"damage":2.0,"enemies":"Small Slimes","floor":1.0,"turns":7.0},{"damage":1.0,"enemies":"Cultist","floor":2.0,"turns":4.0},{"damage":7.0,"enemies":"Jaw Worm","floor":3.0,"turns":5.0},{"damage":4.0,"enemies":"Blue Slaver","floor":5.0,"turns":5.0},{"damage":4.0,"enemies":"Lagavulin","floor":7.0,"turns":6.0},{"damage":8.0,"enemies":"Red Slaver","floor":10.0,"turns":6.0},{"damage":48.0,"enemies":"Gremlin Nob","floor":11.0,"turns":4.0},{"damage":17,"enemies":"3 Sentries","floor":13,"turns":4}],"seed_played":"-341679974243926197","potions_obtained":[{"floor":1.0,"key":"SteroidPotion"},{"floor":2.0,"key":"Swift Potion"}],"is_trial":false,"path_per_floor":["M","M","M","?","M","R","E","?","T","M","E","R","E"],"character_chosen":"THE_SILENT","items_purchased":[],"campfire_rested":1,"item_purchase_floors":[],"current_hp_per_floor":[57,56,49,65,61,61,57,57,57,49,1,20,3,3],"gold":104,"neow_bonus":"RANDOM_COLORLESS_2","is_daily":false,"chose_seed":false,"campfire_upgraded":1,"win_rate":0.0,"timestamp":1612485285,"path_taken":["M","M","M","?","M","R","E","?","T","M","E","R","E"],"items_purchased_type":[],"build_version":"2020-12-22","purchased_purges":0,"victory":false,"max_hp_per_floor":[66,66,66,66,66,66,66,66,66,66,66,66,66,66],"relic_stats":{"counters":[8,41],"Turnip":[0],"obtain_stats":[{"The Specimen":9,"Turnip":7,"White Beast Statue":11,"Ring of the Snake":0},{"The Specimen":5,"Turnip":5,"White Beast Statue":7,"Ring of the Snake":0},{"The Specimen":27,"Turnip":27,"White Beast Statue":37,"Ring of the Snake":0}],"Ring of the Snake":[16]},"card_choices":[{"not_picked":["Secret Weapon","Chrysalis"],"picked":"Mayhem","floor":0.0},{"not_picked":["Eviscerate","Deflect"],"picked":"Caltrops","floor":1.0},{"not_picked":["Deadly Poison","Calculated Gamble"],"picked":"Dagger Spray","floor":2.0},{"not_picked":["Underhanded Strike","Catalyst"],"picked":"Terror","floor":3.0},{"not_picked":["Expertise","Flechettes"],"picked":"Prepared","floor":5.0},{"not_picked":["Blade Dance","Deadly Poison"],"picked":"Leg Sweep","floor":7.0},{"not_picked":["Cloak And Dagger","Deadly Poison"],"picked":"All Out Attack","floor":10.0},{"not_picked":["Cloak And Dagger","Doppelganger","Finisher"],"picked":"SKIP","floor":11.0}],"player_experience":1018721,"relics_obtained":[{"floor":7.0,"key":"Turnip"},{"floor":9.0,"key":"The Specimen"},{"floor":11.0,"key":"White Beast Statue"}],"event_choices":[{"damage_healed":16.0,"max_hp_gain":0.0,"max_hp_loss":0.0,"gold_gain":0.0,"event_name":"The Cleric","player_choice":"Healed","floor":4.0,"gold_loss":35.0,"damage_taken":0.0},{"damage_healed":0.0,"max_hp_gain":0.0,"max_hp_loss":0.0,"gold_gain":0.0,"event_name":"Accursed Blacksmith","player_choice":"Forge","floor":8.0,"gold_loss":0.0,"damage_taken":0.0,"cards_upgraded":["Caltrops"]}],"is_beta":false,"boss_relics":[],"items_purged_floors":[],"is_endless":false,"potions_floor_spawned":[1,2,5],"killed_by":"3 Sentries","ascension_level":18}}