{"host":"m1hsm1cztz438mir","time":1612491745,"event":{"mods":["2.2 Compatiblity","AchievementEnabler","Act Like it!","Aspiration","BaseMod","Colored Map","Curses Come First","HololiveMod","Minty Spire (QoL Compilation)","Relic Stats","Replay The Spire","Robot Space Explorer","Shop Mod","StSLib","The Marked"],"gold_per_floor":[78,78,98,112,129,161,175,175,175,175,175,185,219,19,19,122,122,136,50,50,50,79,114,114,133,133,160,160,185,34,44,44,141,141,159,209,248,263,289,318,348,386,386,412,412,442,463,488,488,522],"floor_reached":51,"language":"ENG","playtime":5870,"items_purged":["Hololive_Strike+1","Hololive_Defend","Shame"],"score":1363,"play_id":"700dc1ba-0314-4326-aa90-abb846a84dbd","local_time":"20210205022224","is_ascension_mode":false,"campfire_choices":[{"data":"Hololive_Rebirth","floor":8,"key":"SMITH"},{"data":"Hololive_CallMoonaHoshinova","floor":11,"key":"SMITH"},{"data":"Hololive_CallUsadaPekora","floor":15,"key":"SMITH"},{"data":"Hololive_CallCivia","floor":24,"key":"SMITH"},{"data":"Hololive_IdolExercise","floor":28,"key":"SMITH"},{"floor":32,"key":"RECALL"}],"circlet_count":0,"master_deck":["Hololive_Defend","Hololive_OvertimeWork","Hololive_CallTokoyamiTowa+1","Hololive_CallMoonaHoshinova+1","Hololive_CallAkaiHaato","Hololive_CallNakiriAyame","Hololive_CallShiranuiFlare","Hololive_Spy+1","Hololive_CallOkamiMio","Hololive_CocoNews","Hololive_Rebirth+1","Hololive_StarCraft","Hololive_CallUsadaPekora+1","Hololive_DurableLive","CurseOfTheBell","Hololive_CallTokinoSora","Hololive_Spy","Hololive_CallCivia+1","Hololive_IdolExercise+1","ReplayTheSpireMod:Splinters","Hololive_Rebirth+1","ReplayTheSpireMod:Private Reserves+1","Hololive_SummonFox+1","Hololive_Nanodesu","Hololive_CallShiroganeNoel+1","Hololive_RevenueBasedLive+1","Hololive_Spy+1","Hololive_IdolExercise+1","Pot Of Greed+1","Pot Of Greed+1","Hololive_Spy+1","Hololive_DiamondStrike","Hololive_CallYogiri","Hololive_FlyingPonyTail+1"],"relics":["Hololive_TheStar","NeowsBlessing","Replay:Baseball","Replay:Accelerometer","Bottled Tornado","Membership Card","Replay:Grab Bag","Philosopher\u0027s Stone","Replay:Bronze Core","Calling Bell","Happy Flower","Quantum Egg","Dead Branch","Hololive_LightStick","Red Mask","aspiration:Stabinomicon","Lantern","ReplayTheSpireMod:CursedCoin","Toxic Egg 2","SlaversCollar","Torii","Eternal Feather","Grinning Jar","ReplayTheSpireMod:Ninjato"],"acts_visited":["Exordium","TheCity","TheBeyond","TheEnding"],"potions_floor_usage":[22,36,44],"damage_taken":[{"damage":0,"enemies":"Jaw Worm","floor":1,"turns":1},{"damage":0,"enemies":"Small Slimes","floor":3,"turns":2},{"damage":0,"enemies":"2 Louse","floor":4,"turns":1},{"damage":5,"enemies":"Exordium Thugs","floor":5,"turns":4},{"damage":0,"enemies":"Replay:BlueRogue","floor":6,"turns":6},{"damage":7,"enemies":"2 Fungi Beasts","floor":7,"turns":4},{"damage":0,"enemies":"Lots of Slimes","floor":12,"turns":4},{"damage":0,"enemies":"Lagavulin","floor":13,"turns":6},{"damage":0,"enemies":"Hexaghost","floor":16,"turns":8},{"damage":0,"enemies":"Spheric Guardian","floor":18,"turns":3},{"damage":0,"enemies":"Masked Bandits","floor":22,"turns":4},{"damage":0,"enemies":"Book of Stabbing","floor":23,"turns":5},{"damage":0,"enemies":"2 Thieves","floor":25,"turns":4},{"damage":0,"enemies":"Replay:Snechameleon","floor":27,"turns":4},{"damage":0,"enemies":"Snecko","floor":29,"turns":3},{"damage":0,"enemies":"Centurion and Healer","floor":31,"turns":6},{"damage":0,"enemies":"Collector","floor":33,"turns":6},{"damage":0,"enemies":"Orb Walker","floor":35,"turns":3},{"damage":0,"enemies":"Mind Bloom Boss Battle","floor":36,"turns":4},{"damage":0,"enemies":"3 Darklings","floor":37,"turns":5},{"damage":0,"enemies":"Writhing Mass","floor":38,"turns":4},{"damage":0,"enemies":"Spire Growth","floor":39,"turns":3},{"damage":0,"enemies":"R_Hoarder","floor":40,"turns":4},{"damage":0,"enemies":"Transient","floor":41,"turns":5},{"damage":0,"enemies":"Nemesis","floor":42,"turns":5},{"damage":0,"enemies":"Jaw Worm Horde","floor":44,"turns":4},{"damage":0,"enemies":"3 Darklings","floor":46,"turns":4},{"damage":0,"enemies":"Spire Growth","floor":47,"turns":4},{"damage":0,"enemies":"Writhing Mass","floor":48,"turns":5},{"damage":0,"enemies":"Time Eater","floor":50,"turns":6}],"seed_played":"-6403303656692716945","potions_obtained":[{"floor":5,"key":"PowerPotion"},{"floor":6,"key":"DuplicationPotion"},{"floor":12,"key":"Weak Potion"},{"floor":25,"key":"FearPotion"},{"floor":27,"key":"Energy Potion"},{"floor":36,"key":"Fruit Juice"},{"floor":39,"key":"PowerPotion"},{"floor":46,"key":"FairyPotion"},{"floor":48,"key":"BlessingOfTheForge"}],"is_trial":false,"path_per_floor":["M","?","M","M","M","E","M","R","T","?","R","M","E","$","R","B",null,"M","$","?","$","?","E","R","M","T","E","R","M","$","M","R","B",null,"M","?","M","M","M","E","M","E","T","M","?","M","M","M","R_BF","B",null],"character_chosen":"Hololive_HololiveCharacter","items_purchased":["Membership Card","Hololive_CallUsadaPekora","Hololive_Spy","ReplayTheSpireMod:CursedCoin","Toxic Egg 2","Hololive_Rebirth+1","ReplayTheSpireMod:Private Reserves+1"],"campfire_rested":0,"item_purchase_floors":[14,14,19,30,30,30,30],"current_hp_per_floor":[35,28,28,28,30,30,23,23,23,23,23,23,23,23,23,23,35,35,35,35,35,35,35,35,35,35,35,35,35,35,35,35,35,35,35,40,40,40,40,40,40,40,40,40,40,40,40,40,40,40],"gold":522,"neow_bonus":"THREE_ENEMY_KILL","is_daily":false,"chose_seed":false,"campfire_upgraded":5,"win_rate":0.0,"timestamp":1612491744,"path_taken":["M","?","M","M","M","E","M","R","T","?","R","M","E","$","R","BOSS","M","$","?","?","?","E","R","M","T","E","R","M","$","M","R","BOSS","M","?","M","M","M","E","M","E","T","M","?","M","M","M","R_BF","BOSS"],"items_purchased_type":["Relic","Card","Card","Relic","Relic","Card","Card"],"build_version":"2020-12-22","purchased_purges":3,"victory":true,"max_hp_per_floor":[35,35,35,35,35,35,35,35,35,35,35,35,35,35,35,35,35,35,35,35,35,35,35,35,35,35,35,35,35,35,35,35,35,35,35,40,40,40,40,40,40,40,40,40,40,40,40,40,40,40],"relic_stats":{"Happy Flower":[30],"Torii":0,"counters":[30,127],"Dead Branch":[159],"Eternal Feather":0,"obtain_stats":[{"Replay:Accelerometer":9,"Lantern":27,"ReplayTheSpireMod:Ninjato":43,"NeowsBlessing":0,"Happy Flower":17,"Torii":36,"ReplayTheSpireMod:CursedCoin":30,"Replay:Grab Bag":17,"Quantum Egg":17,"Dead Branch":17,"Eternal Feather":40,"aspiration:Stabinomicon":23,"Bottled Tornado":13,"Calling Bell":17,"SlaversCollar":34,"Replay:Baseball":6,"Hololive_LightStick":20,"Replay:Bronze Core":17,"Hololive_TheStar":0,"Philosopher\u0027s Stone":17,"Red Mask":22,"Membership Card":14,"Toxic Egg 2":30,"Grinning Jar":42},{"Replay:Accelerometer":6,"Lantern":14,"ReplayTheSpireMod:Ninjato":25,"NeowsBlessing":0,"Happy Flower":9,"Torii":19,"ReplayTheSpireMod:CursedCoin":15,"Replay:Grab Bag":9,"Quantum Egg":9,"Dead Branch":9,"Eternal Feather":23,"aspiration:Stabinomicon":12,"Bottled Tornado":8,"Calling Bell":9,"SlaversCollar":17,"Replay:Baseball":5,"Hololive_LightStick":10,"Replay:Bronze Core":9,"Hololive_TheStar":0,"Philosopher\u0027s Stone":9,"Red Mask":11,"Membership Card":8,"Toxic Egg 2":15,"Grinning Jar":25},{"Replay:Accelerometer":18,"Lantern":56,"ReplayTheSpireMod:Ninjato":104,"NeowsBlessing":0,"Happy Flower":36,"Torii":78,"ReplayTheSpireMod:CursedCoin":59,"Replay:Grab Bag":36,"Quantum Egg":36,"Dead Branch":36,"Eternal Feather":94,"aspiration:Stabinomicon":48,"Bottled Tornado":28,"Calling Bell":36,"SlaversCollar":71,"Replay:Baseball":14,"Hololive_LightStick":39,"Replay:Bronze Core":36,"Hololive_TheStar":0,"Philosopher\u0027s Stone":36,"Red Mask":43,"Membership Card":28,"Toxic Egg 2":59,"Grinning Jar":104}]},"card_choices":[{"not_picked":["Hololive_OvertimeWork","Hololive_StrengthChampion","Hololive_HuntDinosaur"],"picked":"Hololive_Spy","floor":1},{"not_picked":["Hololive_Breathe","Hololive_Trident","Hololive_Drill"],"picked":"Hololive_CallOkamiMio","floor":3},{"not_picked":["Hololive_CallYozoraMel","Hololive_StrengthChampion","Hololive_Sequa"],"picked":"Hololive_CocoNews","floor":4},{"not_picked":["Hololive_RevenueBasedLive","Hololive_Breathe","Hololive_CocoNews"],"picked":"Hololive_Rebirth","floor":5},{"not_picked":["Hololive_CallAmaneKanata","Hololive_CallShiranuiFlare","Hololive_Sequa"],"picked":"Hololive_StarCraft","floor":6},{"not_picked":["Hololive_CallFriendA","Hololive_Rebound","Hololive_Psychosis","Hololive_HuntDinosaur"],"picked":"SKIP","floor":7},{"not_picked":["Hololive_FlyingPonyTail","Hololive_Sequa","Hololive_RevenueBasedLive","Hololive_StrengthChampion"],"picked":"SKIP","floor":12},{"not_picked":["Hololive_Watashimo","Hololive_CallMurasakiShion","Hololive_LuckPotion","Hololive_Rebound"],"picked":"SKIP","floor":13},{"not_picked":["Hololive_Recruit","Hololive_ASMR","Hololive_AWSL"],"picked":"Hololive_DurableLive","floor":16},{"not_picked":["Hololive_FlyingPonyTail","Hololive_Sequa+1","Hololive_Drill"],"picked":"Hololive_CallTokinoSora","floor":18},{"not_picked":["Hololive_Drill+1","Hololive_FlyingPonyTail+1","Hololive_Recruit"],"picked":"Hololive_CallCivia","floor":23},{"not_picked":["Hololive_Drill","Hololive_OvertimeWork","Hololive_Sequa","Hololive_CallUsadaPekora"],"picked":"SKIP","floor":25},{"not_picked":["Hololive_StrengthChampion+1","Hololive_RevenueBasedLive","Hololive_Yoholoon"],"picked":"Hololive_IdolExercise","floor":27},{"not_picked":["Hololive_Drill","Hololive_Sequa","Hololive_CallMoonaHoshinova","Hololive_CallHoshimachiSuisei"],"picked":"SKIP","floor":29},{"not_picked":["Hololive_Psychosis","Hololive_LuckPotion+1","Hololive_RevenueBasedLive+1"],"picked":"Hololive_SummonFox+1","floor":31},{"not_picked":["Hololive_FlareMind+1","Hololive_ASMR","Hololive_Rebirth+1"],"picked":"Hololive_Nanodesu","floor":33},{"not_picked":["Hololive_CallNatsuiroMatsuri+1","Hololive_HuntDinosaur+1","Hololive_LuckPotion+1"],"picked":"Hololive_CallShiroganeNoel+1","floor":35},{"not_picked":["Hololive_StrengthChampion+1","Hololive_Breathe+1","Hololive_FlyingPonyTail+1"],"picked":"Hololive_RevenueBasedLive+1","floor":36},{"not_picked":["Hololive_DevilCharm+1","Hololive_CallHoushouMarine+1","Hololive_Breathe+1"],"picked":"Hololive_Spy+1","floor":37},{"not_picked":["Hololive_StrengthChampion+1","Hololive_HuntDinosaur+1","Hololive_Sequa+1","Hololive_OvertimeWork+1"],"picked":"SKIP","floor":38},{"not_picked":["Hololive_CallSakuraMiko","Hololive_RevenueBasedLive+1","Hololive_HuntDinosaur+1","Hololive_Drill+1"],"picked":"SKIP","floor":39},{"not_picked":["Hololive_StrengthChampion","Hololive_HuntDinosaur+1","Hololive_CallTsunomakiWatame"],"picked":"Hololive_IdolExercise+1","floor":40},{"not_picked":["Hololive_LuckPotion+1","Hololive_CallMomosuzuNene","Hololive_StrengthChampion+1","Hololive_CallYukihanaLamy"],"picked":"SKIP","floor":41},{"not_picked":["Hololive_Sequa","Hololive_OvertimeWork","Hololive_CallTokinoSora","Hololive_HuntDinosaur+1"],"picked":"SKIP","floor":42},{"not_picked":["Hololive_CallOkamiMio","Hololive_CandyCastle+1","Hololive_Psychosis+1"],"picked":"Hololive_Spy+1","floor":44},{"not_picked":["Hololive_Breathe+1","Hololive_CallAkaiHaato","Hololive_Drill+1"],"picked":"Hololive_DiamondStrike","floor":46},{"not_picked":["Hololive_Drill+1","Hololive_Trident","Hololive_Sequa+1"],"picked":"Hololive_CallYogiri","floor":47},{"not_picked":["Hololive_CallOkamiMio+1","Hololive_OvertimeWork","Hololive_Trident+1"],"picked":"Hololive_FlyingPonyTail+1","floor":48}],"player_experience":288678,"relics_obtained":[{"floor":6,"key":"Replay:Baseball"},{"floor":9,"key":"Replay:Accelerometer"},{"floor":13,"key":"Bottled Tornado"},{"floor":17,"key":"Happy Flower"},{"floor":17,"key":"Quantum Egg"},{"floor":17,"key":"Dead Branch"},{"floor":22,"key":"Red Mask"},{"floor":23,"key":"aspiration:Stabinomicon"},{"floor":27,"key":"Lantern"},{"floor":36,"key":"Torii"},{"floor":40,"key":"Eternal Feather"},{"floor":42,"key":"Grinning Jar"},{"floor":43,"key":"ReplayTheSpireMod:Ninjato"}],"event_choices":[{"damage_healed":0,"gold_gain":0,"player_choice":"Entered Light","damage_taken":7,"max_hp_gain":0,"max_hp_loss":0,"event_name":"Shining Light","floor":2,"gold_loss":0,"cards_upgraded":["Hololive_Strike","Hololive_CallTokoyamiTowa"]},{"cards_removed":["Hololive_Strike"],"damage_healed":0,"gold_gain":0,"player_choice":"Forget","damage_taken":0,"max_hp_gain":0,"max_hp_loss":0,"event_name":"Living Wall","floor":10,"gold_loss":0},{"damage_healed":0,"gold_gain":0,"player_choice":"Stole Relic","damage_taken":0,"relics_obtained":["Hololive_LightStick"],"max_hp_gain":0,"max_hp_loss":0,"event_name":"Addict","floor":20,"gold_loss":0,"cards_obtained":["Shame"]},{"damage_healed":0,"gold_gain":0,"player_choice":"Fought Bandits","damage_taken":0,"max_hp_gain":0,"max_hp_loss":0,"event_name":"Masked Bandits","floor":22,"gold_loss":0},{"damage_healed":0,"gold_gain":0,"player_choice":"Fight","damage_taken":0,"max_hp_gain":0,"max_hp_loss":0,"event_name":"MindBloom","floor":36,"gold_loss":0},{"cards_removed":["Pot Of Greed"],"damage_healed":0,"gold_gain":0,"player_choice":"Removed Skill","damage_taken":0,"max_hp_gain":0,"max_hp_loss":0,"event_name":"Falling","floor":45,"gold_loss":0}],"is_beta":false,"boss_relics":[{"not_picked":["Runic Dome","Replay:Ancient Bell"],"picked":"Replay:Grab Bag"},{"not_picked":["ReplayTheSpireMod:DimensionalGlitch","Busted Crown"],"picked":"Philosopher\u0027s Stone"},{"not_picked":["Velvet Choker","Abe\u0027s Treasure"],"picked":"Replay:Bronze Core"},{"not_picked":["Kintsugi","Snecko Heart"],"picked":"Calling Bell"},{"not_picked":["Black Star","Ring of Chaos"],"picked":"SlaversCollar"}],"items_purged_floors":[14,19,30],"is_endless":false,"potions_floor_spawned":[5,6,12,16,25,27,31,33,36,39,41,46,47,48],"ascension_level":0}}